3912 6154
292 306 387 366 θυι

1119 307 1208 365 DE
1243 305 1583 363 DlVlSlONE
1619 302 1969 363 NATL'RAE.
2008 335 2075 345 —
2108 300 2311 359 LIBER
2350 298 2732 361 SECUNDUS.

3442 269 3547 359 ea:

280 416 451 490 atque
482 421 803 487 altitudinis,
834 429 1027 478 neuter
1061 429 1243 478 tamen
1282 437 1312 476 a
1357 420 1625 476 catholica
1667 418 1874 490 profes-
1904 433 1946 485 Α
1977 428 2370 489 expavescere;
2402 432 2506 484 aqu
2533 417 2677 470 enim
2710 414 2819 481 ille,
2840 409 2932 485 qui
2960 411 3262 486 quaeritur,
3288 430 3560 486 quaeren-

284 516 439 571 sione
479 511 701 568 recedit.
735 512 877 569 MAG.
922 509 1039 566 Non
1077 514 1133 565 id
1183 515 1359 582 ipsum
1390 512 1559 580 igitur
1577 509 1727 591 Patri.
1752 508 1875 562 est‘

282 606 605 660 naturaliter
636 606 952 667 subsistere,
983 613 1034 659 et
1059 603 1179 659 Filii
1217 605 1299 658 sui
1328 618 1547 659 causam
1581 617 1722 657 esse.
1760 600 1875 655 Non

280 704 428 752 enim
469 704 661 750 natura
698 694 873 749 Patris
922 708 1086 750 causa
1115 703 1201 749 est
1246 693 1401 759 Filii;
1450 708 1556 747 una
1609 691 1875 761 siquidem

279 788 582 854 eademque
607 794 692 840 est
721 784 898 840 Patris
943 795 997 840 et
1044 785 1164 841 Filii
1212 793 1430 849 natura,
1472 784 1599 853 quia
1637 798 1743 836 una
1780 798 1874 836 ea-

280 878 514 946 demque
544 878 565 907 ²
606 884 689 931 est
736 877 1014 930 amborum
1059 876 1318 931 essentia.
1377 876 1456 929 Ac
1514 888 1612 943 per
1671 873 1775 926 hoc
1823 872 1874 926 id

281 968 457 1038 ipsum
486 977 575 1021 est
610 966 759 1021 Patri
794 966 1009 1021 Patrem
1053 981 1176 1021 esse
1212 973 1268 1021 et
1311 978 1531 1020 causam
1560 964 1719 1028 Filii;
1750 977 1873 1017 nam

279 1058 580 1113 secundum
626 1068 899 1119 naturam,
942 1064 1080 1128 quae
1120 1072 1226 1111 una
1276 1068 1439 1127 atque
1479 1057 1667 1111 eadem
1687 1060 1793 1111 est.
1821 1057 1874 1110 in

276 1148 445 1203 Patre
471 1157 527 1202 et
555 1146 709 1204 Filio.
741 1147 856 1202 Non
884 1150 1028 1203 enim
1058 1148 1213 1216 juxta
1244 1158 1495 1202 naturam
1528 1148 1664 1203 haec
1690 1147 1873 1201 omnia

279 1241 346 1295 de
413 1239 577 1294 Patre
639 1241 1021 1310 praedicantur
1095 1249 1150 1295 ct
1216 1238 1352 1295 Filio
1393 1240 1449 1305 ',
1514 1240 1607 1295 sed
1676 1248 1874 1302 secun-

281 1332 406 1385 dum
439 1332 682 1386 habitum
704 1333 974 1402 gignenlis
994 1332 1059 1387 ad
1084 1334 1342 1401 genitum,
1368 1341 1421 1387 et
1436 1342 1632 1388 causae
1652 1338 1878 1402 praeac-

279 1420 461 1476 dentis
514 1422 583 1475 ad
643 1436 863 1476 causam
905 1431 1365 1491 consequentem:
1420 1422 1873 1491 quemadmodum

279 1525 384 1565 non
442 1510 738 1566 secundum
804 1519 1049 1566 naturam
1092 1514 1158 1567 de
1226 1512 1363 1567 Filio
1431 1513 1629 1567 dicitur
1669 1511 1867 1576 Filius,

282 1610 371 1654 aut
428 1610 593 1657 causa
656 1603 881 1671 genita,
945 1603 1040 1657 sed
1104 1603 1404 1658 secundum
1455 1603 1697 1659 habitum
1750 1603 1872 1658 Filii

283 1691 348 1745 ad
400 1691 657 1758 Patrem,
706 1703 761 1748 et
830 1706 1037 1749 causae.
1085 1678 1297 1767 genitae
1359 1696 1427 1750 ad
1501 1704 1721 1751 causam
1789 1698 1871 1768 gi-

1981 512 2059 563 tes
2087 522 2147 563 se
2187 508 2412 571 deserit,
2452 521 2553 561 nec
2594 506 2898 561 inveniendi
2943 520 3003 561 se
3039 506 3449 575 possibilitatem
3477 507 3564 575 pie

1975 612 2039 651 ac
2068 598 2343 652 humiliter
2370 596 2816 666 investiganlilms
2842 595 3090 665 denegat.
3136 595 3252 664 Ipse
3297 596 3562 665 siquidem

1977 690 2091 742 ait:
2126 687 2306 750 Petita,
2355 698 2400 740 et
2448 690 2709 757 accipietis
2749 688 2827 751 ¹⁰;
2864 689 3119 757 quaerite,
3167 695 3213 741 et
3259 687 3562 747 invenietis;
3588 733 3612 757 Α.

1974 779 2199 849 pulsate,
2232 788 2277 833 et
2306 780 2566 847 aperieinr
2590 779 2759 833 vobis.
2786 778 2968 832 Omnis
2992 779 3150 841 enim,
3179 778 3270 848 qui
3294 780 3438 847 petit,
3471 792 3564 831 ac-
3582 778 3596 800 ί

1976 870 2131 938 cipit,
2167 878 2215 923 et
2251 872 2340 939 qui
2387 875 2609 939 quaerit,
2641 872 2865 933 invenit,
2912 878 2959 922 et
2998 868 3230 937 pulsanti
3276 870 3575 938 aperietur..

1974 958 2117 1013 MAG.
2148 957 2333 1012 Primo
2381 959 2541 1027 igitur
2567 959 2633 1011 de
2673 959 2778 1021 his,
2810 972 2949 1026 quae
2992 958 3046 1011 in
3098 960 3199 1012 bac
3243 958 3564 1027 quaestione

1981 1051 2201 1105 sibimet
2250 1050 2501 1104 videntur
2539 1050 2932 1112 contradicere,
2955 1049 3239 1103 dicendum
3307 1049 3559 1103 arbitror.

1977 1139 2120 1195 Dtsc.
2146 1139 2255 1193 Nec
2277 1139 2381 1193 alia
2415 1140 2498 1193 via
2527 1140 2817 1208 quaerendi
2842 1147 2926 1194 est
2947 1156 2961 1205 ;
2986 1154 3145 1193 nemo
3164 1142 3309 1195 enim
3337 1148 3563 1194 concur-

1975 1231 2157 1286 dantia
2198 1232 2490 1301 eopulabit,
2528 1232 2630 1286 nisi
2683 1233 2832 1302 prius
2874 1232 3237 1286 discordantia
3277 1232 3439 1286 dividi
3469 1247 3562 1286 ca-

1973 1321 2115 1375 verit
2146 1320 2208 1374 “.
2242 1320 2380 1375 MAG.
2424 1320 2539 1375 Non
2576 1322 2619 1353 “
2650 1322 2741 1376 tibi
2778 1322 2986 1375 videtur
3016 1330 3195 1375 rectae
3221 1320 3342 1375 ﬁ‘dei
3371 1334 3566 1378 conve-

1974 1411 2131 1475 nire,
2179 1419 2241 1464 ut;
2286 1413 2604 1477 credamus,
2648 1412 2844 1467 Filium
2894 1429 2961 1467 ex
3008 1427 3115 1466 una
3166 1426 3357 1475 causa,
3401 1412 3566 1468 Patre

1973 1501 2243 1567 videlicet,
2274 1505 2443 1568 nasci,
2485 1510 2732 1559 sanetum
2772 1521 2901 1560 vero
2946 1503 3207 1575 Spiritum
3238 1514 3303 1558 ex
3333 1504 3564 1568 duabus,

1974 1592 2135 1650 Patre
2157 1595 2361 1650 scilicet
2388 1611 2451 1650 ac
2480 1595 2617 1651 Filio
2640 1598 2975 1667 precedere?
3000 1598 3075 1650 Ex
3105 1597 3310 1651 duabus
3332 1602 3567 1666 namque

1975 1690 2153 1745 causis
2200 1705 2360 1743 unam
2399 1706 2619 1744 causam
2666 1690 2956 1756 conﬂuere,
3009 1692 3204 1745 rationi
3251 1709 3356 1744 non
3407 1692 3566 1746 facile

281 1793 553 1852 gum-“cm,
609 1785 755 1840 υιεο,
807 1782 952 1842 Haec
997 1788 1110 1856 jam
1166 1789 1329 1843 etiam
1384 1789 1436 1843 ίη
1498 1790 1665 1860 priori
1736 1790 1873 1844 mm)
1904 1773 2236 1845 Boccurrit,
2262 1781 2581 1849 praesertim
2627 1782 2680 1834 in
2703 1782 2931 1851 simplici
2962 1792 3172 1845 natura,
3202 1793 3256 1837 et
3283 1784 3565 1853 plusquam

280 1889 439 1928 suasa
494 1884 640 1941 sunt,
708 1885 765 1931 et
825 1884 967 1933 nunc
1023 1878 1218 1933 iterum
1276 1896 1382 1935 nou
1430 1880 1875 1937 irrationabiliter

280 1964 530 2030 repetita.
562 1964 699 2020 MAG.
732 1964 906 2021 Causa
934 1967 1116 2036 itaque
1147 1967 1267 2023 Filii
1316 1969 1477 2026 Pater
1514 1980 1615 2036 est,
1648 1981 1704 2027 et
1752 1970 1874 2041 Spi-

280 2053 418 2107 ritus
455 2057 661 2121 sancti;
700 2055 871 2111 Filius
906 2073 1034 2113 vero
1062 2060 1227 2114 causa
1257 2070 1339 2115 est
1372 2061 1697 2117 conditionis
1725 2062 1873 2132 prin-

277 2144 523 2214 cipaliter
577 2158 907 2214 causarum;
988 2152 1284 2206 earundem
1351 2156 1530 2207 autem
1582 2168 1869 2209 causarum

280 2233 678 2291 distributionis
708 2235 942 2306 Spiritus
971 2250 1192 2296 sanctus
1221 2256 1380 2305 causa
1406 2251 1508 2297 est.
1541 2232 1687 2299 Dtsc.
1737 2242 1871 2298 Illud

278 2326 440 2380 etiam
474 2326 655 2393 fateri,
683 2343 712 2382 a
744 2332 971 2385 veritate
999 2345 1105 2386 non
1136 2331 1431 2388 abhorrere
1455 2335 1739 2404 perspicio.

344 2415 438 2469 δι.
494 2410 601 2470 Sed
636 2417 769 2472 mihi
823 2418 950 2474 talia
999 2422 1254 2492 cegitanti
1301 2410 1482 2492 atque‘
1509 2425 1751 2479 credenti
1801 2424 1870 2481 de

279 2505 419 2562 trina
442 2508 686 2563 omnium
729 2524 891 2565 causa
931 2510 1038 2565 alia
1079 2512 1254 2583 caligo
1278 2515 1537 2569 occurrit.
1580 2514 1696 2570 Non
1722 2517 1868 2572 enim

276 2596 425 2653 clare
451 2599 759 2666 considero,
796 2611 976 2657 utrum
1006 2602 1152 2659 solus
1176 2603 1339 2661 Pater
1359 2618 1521 2662 causa
1567 2617 1653 2662 est
1692 2607 1867 2677 Spiri-

280 2692 578 2756 tussaucti,
592 2707 661 2746 an
675 2693 747 2748 Pa
756 2704 837 2750 ter
847 2704 902 2751 et
921 2695 1114 2763 Filius,
1130 2706 1188 2752 nt
1200 2697 1243 2763 ⁵,
1269 2700 1719 2768 quemadmodum
1735 2701 1870 2757 ﬁdes

276 2780 478 2837 fatetur
522 2784 810 2850 catholica,
857 2801 889 2841 a
919 2786 1081 2844 Patre
1124 2800 1180 2845 et
1208 2790 1346 2847 Filio
1388 2808 1513 2847 eum
1551 2794 1866 2862 procedere,

277 2870 350 2926 ita
375 2874 544 2926 etiam
576 2877 883 2942 credamus,
910 2877 1045 2932 duas
1093 2896 1223 2937 suae
1248 2882 1651 2952 processionis'
1675 2899 1868 2939 causas

278 2962 579 3030 possidere.
601 2962 657 3018 Si
676 2966 819 3020 enim
849 2976 915 3021 ex
941 2968 1146 3035 duabus
1173 2973 1443 3040 personis,
1459 2988 1576 3039 seu,
1596 2983 1653 3028 ut
1673 2973 1866 3031 Graeci

279 3052 484 3116 dicunt,
518 3071 585 3109 ex
613 3057 823 3114 duabus
865 3060 1185 3117 substantiis
1216 3063 1450 3135 Spiritus
1493 3074 1712 3123 sanctus
1737 3082 1865 3139 pro-

1977 1871 2223 1939 simplici,
2266 1878 2321 1924 et
2363 1879 2423 1925 ut
2464 1872 2645 1925 verius
2683 1872 2923 1937 dicatur,
2970 1874 3021 1925 in
3062 1874 3174 1942 ipsa
3221 1874 3567 1942 simplicitate

1974 1960 2119 2015 omni
2149 1960 2411 2014 divisione
2430 1968 2487 2015 et
2517 1962 2905 2015 numerositate
2933 1972 3187 2027 carcntc;
3218 1963 3285 2016 ab
3326 1978 3432 2016 una
3471 1978 3567 2016 au-

1973 2059 2081 2105 tem
2106 2060 2270 2105 causa
2295 2051 2494 2105 multas
2532 2066 2725 2106 causas
2747 2068 3051 2122 erumpere,
3084 2053 3265 2108 multis
3304 2055 3567 2124 exemplis

1971 2149 2149 2211 potest
2184 2141 2494 2211 approbari.
2541 2138 2806 2197 Omnibus
2850 2158 3080 2214 namque
3132 2154 3279 2200 recte
3331 2145 3567 2215 philoso-

1971 2233 2266 2304 phantibus
2313 2234 2595 2303 perSpicuc
2640 2243 2826 2305 patet,
2880 2248 2948 2289 ex
2997 2251 3104 2289 uno
3133 2250 3330 2305 genere
3370 2238 3567 2293 multas

1971 2326 2174 2382 formas
2202 2328 2384 2393 nasci;
2423 2343 2490 2382 ex
2539 2328 2768 2382 monade
2802 2328 3000 2383 multos
3022 2341 3307 2394 numeros;
3335 2345 3401 2383 ex
3428 2338 3568 2399 pun-

1970 2425 2059 2472 cto
2115 2417 2157 2448 ⁸³
2198 2416 2394 2472 multas
2439 2417 2629 2473 lineas.
2690 2417 2922 2472 Formae
2957 2419 3151 2472 iterum
3203 2418 3247 2449 ίδ
3297 2419 3564 2485 diversae,

1971 2522 2111 2579 quae
2144 2522 2211 2562 ex
2260 2523 2370 2562 uno
2394 2523 2592 2578 genere
2621 2516 2935 2573 nascuntur,
2981 2520 3178 2563 causae
3199 2509 3245 2540 "
3274 2510 3410 2564 ﬁunt
3438 2524 3565 2579 spe-

1971 2601 2175 2657 cierum
2204 2600 2621 2664 individuarum,
2652 2615 2720 2655 ex
2749 2602 2945 2670 quibus
2983 2609 3036 2655 et
3061 2601 3111 2654 in
3145 2601 3341 2670 quibus
3377 2601 3565 2656 multi-

1971 2690 2206 2754 tudines,
2237 2690 2697 2759 quantitatesque,
2717 2688 3003 2759 qualitates
3030 2690 3096 2755 “,
3125 2689 3568 2761 diﬁ‘erentiaeque

1971 2788 2293 2837 nascuntur.
2335 2780 2557 2836 Numeri
2596 2796 2663 2836 ex
2695 2783 2922 2838 monadc
2951 2784 3302 2854 procedentes
3327 2785 3567 2839 diversa-

1969 2887 2089 2928 rum
2117 2873 2524 2944 proportionum
2551 2874 2595 2906 ¹⁷
2623 2890 2820 2929 causae
2848 2885 3002 2941 sunt;
3034 2878 3411 2946 proportiones
3440 2893 3568 2933 vero

1968 2965 2536 3037 proportionalitatum
2569 3005 2585 3030 ,
2657 2968 3191 3036 proportionalitates
3260 2968 3568 3025 harmonia-

1971 3074 2087 3113 rum
2108 3057 2387 3113 “.Lineae
2411 3074 2478 3114 ex
2503 3066 2690 3113 centro
2720 3058 2764 3090 ¹⁹
2795 3061 3148 3129 procedentes
3174 3062 3491 3134 angulorum
3512 3072 3570 3119 et

280 3145 444 3209 cedit,
475 3146 603 3215 quid
643 3149 864 3215 mirum,
900 3160 993 3205 aut
1027 3168 1187 3207 verae
1215 3116 1458 3227 religioni
1500 3116 1855 3225 contrarilum,
1890 3116 1935 3180 Β
1966 3142 2532 3213 laterum,latitudiuis
2553 3158 2608 3201 et
2630 3148 2927 3203 altitudinis
2942 3152 3564 3227 causaedignoscuntur,

282 3248 345 3287 ex
374 3235 584 3292 duabus
630 3241 810 3294 causis
849 3241 1021 3310 ipsum
1065 3247 1357 3315 procedere
1389 3246 1583 3305 fateri?
1606 3252 1675 3306 Et
1718 3252 1860 3307 hanc

282 3324 569 3394 caliginem
613 3329 742 3383 mihi
788 3347 1022 3399 reseras,
1064 3334 1268 3406 ﬁagito.
1306 3337 1448 3395 MAG.
1490 3340 1629 3396 Vere
1660 3358 1787 3398 vere
1816 3343 1857 3397 ⁸.

281 3412 613 3471 Densissima
645 3419 821 3490 caligo
848 3431 948 3488 est,
979 3437 1034 3479 et
1062 3442 1168 3481 non
1206 3427 1379 3484 solum
1413 3438 1484 3497 te,
1514 3431 1609 3487 sed
1656 3441 1710 3487 et
1731 3434 1749 3465 ⁷
1778 3450 1865 3490 me

284 3502 455 3572 ipsum
486 3506 727 3564 involvit.
756 3511 824 3566 Et
845 3513 945 3568 nisi
974 3516 1086 3584 ipsa
1113 3517 1203 3572 lux
1231 3521 1493 3575 mentium
1521 3524 1677 3578 nobis
1707 3541 1864 3581 reve-

283 3591 496 3660 laverit,
539 3610 760 3655 nostrae
800 3604 1225 3663 ratioeinationis
1264 3612 1500 3667 studium
1531 3614 1596 3667 ad
1622 3631 1741 3670 eam
1777 3632 1865 3672 re-

285 3687 567 3743 velandam
598 3692 673 3745 nil
709 3694 972 3763 proﬁciet.
1015 3699 1095 3752 Ad
1132 3702 1404 3757 cumulum
1435 3720 1649 3774 quoque
1676 3708 1869 3762 obscu-

285 3777 460 3836 ritatis
495 3786 743 3853 augetur,
772 3787 914 3855 quod
950 3790 1250 3859 symbolum
1284 3795 1580 3852 catholicae
1600 3797 1621 3829 ⁸
1646 3796 1765 3853 fidei
1788 3814 1874 3853 se-

252 3914 261 3919 .
287 3872 520 3928 cundum
545 3873 810 3943 Graecos,
826 3894 855 3933 a
878 3876 1113 3936 Nicaena
1135 3885 1340 3954 synodo
1356 3888 1630 3953 traditum,
1655 3907 1687 3944 a
1712 3886 1874 3945 Patre

284 3962 624 4021 Solummodo
664 3966 923 4039 Spiritum
949 3982 1190 4028 sanctum
1226 3978 1504 4045 procedere
1532 3979 1873 4050 proﬁteatur,

285 4061 426 4110 teste
450 4052 753 4127 Epiphanio
775 4059 938 4133 Cypri
959 4063 1216 4136 episcopo
1242 4066 1297 4121 in
1330 4067 1472 4124 libro
1500 4085 1598 4126 suo
1619 4073 1682 4126 de
1719 4069 1875 4139 Fide,

289 4142 438 4199 iuxta
478 4160 610 4202 vero
644 4145 905 4217 Latinos,
942 4167 976 4205 α
1015 4151 1178 4208 Patre
1213 4164 1265 4210 et
1298 4153 1479 4224 Filio;
1527 4161 1774 4230 quamvis
1821 4162 1878 4218 in

287 4236 615 4305 quibusdam
641 4238 973 4298 Graecorum
1001 4246 1433 4314 expositionibus
1456 4250 1683 4307 eundem
1708 4250 1881 4323 Spiri-

287 4330 404 4379 tum
435 4339 466 4379 a
498 4324 655 4382 Patre
679 4345 774 4400 per
801 4328 998 4387 Filium
1027 4335 1322 4403 procedere
1352 4338 1705 4407 reperiamus.
1732 4339 1881 4397 ideo-

1963 3253 2101 3308 quae
2114 3238 2307 3292 iterum
2322 3240 2769 3311 geometricorum
2784 3255 3070 3310 corporum
3084 3244 3394 3298 occasiones
3410 3245 3566 3300 liunl-

1965 3328 2103 3396 Quid
2132 3329 2305 3384 dicam
2333 3330 2401 3383 de
2428 3330 2586 3400 igneo
2628 3330 2931 3385 elemento?
2956 3332 3108 3398 Quod
3139 3342 3261 3388 cum
3298 3334 3368 3389 sit
3403 3348 3568 3389 unum

1965 3425 2130 3488 atque
2170 3418 2418 3488 simplex,
2474 3420 2527 3473 in
2575 3420 2751 3489 seipse
2775 3430 2831 3475 et
2876 3437 2972 3491 per
3007 3423 3240 3492 seipsum
3264 3426 3570 3481 considera-

1969 3516 2102 3574 tum,
2134 3508 2330 3563 caloris
2352 3510 2512 3563 simul
2540 3520 2594 3564 et
2612 3509 2748 3565 lucis
2775 3518 2936 3565 causa
2961 3518 3076 3578 eSt;
3106 3515 3250 3568 calor
3276 3522 3458 3569 autem
3483 3518 3569 3570 ar;

1968 3599 2219 3655 dentibus
2240 3601 2460 3655 ardendi
2483 3616 2645 3655 causa
2674 3603 2850 3669 est”;
2881 3602 2969 3656 lux
2987 3603 3580 3675 similitersplendenti-

1968 3690 2071 3747 bus
2084 3708 2249 3748 causa
2265 3692 2635 3762 splendendi"
2653 3695 3030 3763 constituitur;
3049 3696 3302 3766 splendor
3327 3698 3572 3753 diversus

1971 3785 2144 3857 gignit
2183 3783 2410 3841 colores.
2448 3786 2605 3842 Aeris
2649 3787 2973 3843 elementum
3010 3789 3344 3845 diversarum
3376 3790 3572 3846 vocum

1979 3876 2227 3943 occasio;
2261 3876 2507 3933 diversae
2537 3892 2699 3934 voces
2737 3877 3073 3934 diversorum
3118 3888 3369 3934 tonorum
3399 3879 3569 3950 origi-

1977 3981 2076 4022 nes
2103 3966 2258 4023 ﬁunt.
2287 3966 2475 4038 Aquae
2500 3968 2830 4024 elementum
2852 4008 2868 4033 ,
2901 3984 3021 4024 cum
3050 3970 3121 4025 sit
3155 3971 3208 4025 in
3253 3985 3312 4026 se
3339 3970 3570 4040 simplex

1977 4069 2032 4114 et
2055 4073 2247 4123 unum,
2268 4059 2558 4114 humorum
2582 4058 2918 4114 diversorum
2940 4073 3102 4114 causa
3124 4070 3226 4125 est,
3251 4060 3342 4130 qui
3371 4060 3571 4114 iterum

1978 4163 2043 4205 ex
2065 4164 2125 4205 se
2144 4150 2385 4205 diversas
2403 4148 2692 4220 qualitates
2712 4149 2962 4215 odorum,
2991 4160 3243 4219 saporum
3261 4190 3277 4216 ,
3323 4149 3572 4206 viridita-

1983 4250 2095 4296 tum
2114 4241 2389 4297 emittunt.
2408 4240 2487 4296 Ex
2503 4257 2608 4297 una
2627 4239 2852 4298 materia
2869 4244 2915 4274 "
2932 4243 3263 4298 diversorum
3286 4250 3568 4313 corporum

1983 4331 2226 4388 diversae
2272 4332 2604 4404 quantitates
2633 4344 2932 4391 nascuntur
2973 4354 2985 4389 :
3019 4335 3380 4405 quantitatem
3430 4351 3572 4394 nunc

290 4430 396 4486 que
435 4420 741 4487 praesentis
786 4426 1121 4492 quaestionis
1171 4428 1488 4485 diﬁicultate
1538 4432 1877 4501 reperculsus

1984 4425 2105 4480 dico
2160 4440 2264 4479 non
2312 4426 2483 4495 ipsam
2540 4422 2948 4496 incorpoream,
2991 4427 3085 4483 sed
3134 4428 3308 4499 ipsam
3352 4429 3565 4495 molem,

290 4513 584 4567 contrariis
632 4516 1017 4589 cogitationum
1065 4518 1317 4577 ﬂuctibus
1358 4522 1569 4578 allidor.
1632 4524 1876 4579 Delibero

291 4598 458 4663 enim,
493 4602 621 4668 quid
649 4603 778 4657 mihi
802 4605 867 4659 de
897 4606 999 4661 hac
1027 4608 1099 4662 sit
1124 4611 1392 4678 agendum
1415 4651 1428 4674 ,
1464 4621 1644 4664 utrmn
1666 4611 1878 4667 silentio

293 4702 414 4743 eam
463 4684 914 4761 honoriﬁcemus,
961 4695 1090 4751 dum
1119 4699 1262 4753 vires
1311 4700 1625 4755 intentionis
1668 4710 1886 4757 nostrae

294 4789 533 4849 superat,
562 4796 631 4835 an
690 4776 1107 4853 quodammodo,
1135 4796 1294 4857 prout
1342 4789 1558 4844 divinus
1610 4791 1792 4845 radius
1832 4791 1886 4845 in

297 4872 479 4925 animo
512 4872 801 4940 refulserit,
841 4876 1159 4931 eonabimur
1182 4879 1456 4948 quippiam
1502 4880 1645 4934 inter
1685 4894 1784 4934 nos
1821 4880 1888 4935 de

294 4957 415 5032 ipsa
452 4961 475 4993 ⁹
528 4978 637 5019 non
691 4973 895 5021 temere
938 4966 1221 5022 deﬁnitum
1277 4968 1518 5024 intueri?
1565 4970 1712 5025 DISC.
1770 4967 1888 5024 Noli

1985 4530 2148 4585 quam
2172 4515 2507 4569 diversarum
2539 4516 2770 4584 partium
2794 4518 3240 4587 compositionem
3264 4520 3383 4575 esbe
3410 4532 3570 4576 nemo

1988 4606 2232 4676 ambigit,
2255 4613 2311 4659 et
2337 4614 2519 4660 cetera
2546 4607 2597 4662 id
2622 4624 2811 4679 genus.
2837 4608 3037 4665 Eadem
3065 4612 3275 4667 ratione
3304 4611 3356 4667 iu
3384 4621 3576 4668 natura

1990 4712 2170 4751 rerum
2199 4696 2312 4751 sive
2346 4696 2637 4751 visibilium
2673 4700 2786 4752 sive
2827 4700 3173 4755 invisibilium
3214 4703 3459 4774 exempla
3494 4719 3579 4758 re-

1988 4786 2154 4858 periri
2184 4796 2268 4842 est
2306 4784 2641 4842 facillimum.
2675 4790 2818 4845 Dtsc.
2847 4789 3042 4845 Filium
3070 4808 3135 4846 ex
3166 4810 3270 4847 una
3302 4809 3484 4857 causa,
3523 4794 3577 4849 id

1990 4883 2169 4930 estex
2201 4875 2365 4930 Patre
2401 4891 2499 4932 suo
2525 4877 2590 4941 ³³,
2635 4880 2782 4933 nasci
2831 4879 3008 4936 nullus
3053 4881 3288 4938 fideliqu
3332 4884 3571 4949 dubitat;

1994 4965 2256 5036 Spiritum
2284 4968 2416 5023 vero
2456 4970 2705 5024 'sanctum
2732 4980 2912 5027 utrum
2939 4987 3003 5027 ex
3052 4990 3158 5029 una
3190 4986 3374 5041 causa,
3416 4976 3578 5029 Patre

1596 5145 1849 5203 VARIAE
1885 5144 2285 5202 LECTIONES.

374 5303 391 5333 '
414 5310 491 5357 est
524 5316 633 5356 om.
664 5301 723 5359 C.
802 5305 823 5333 ²
850 5312 926 5357 est
945 5305 1179 5376 patriset
1210 5305 1310 5375 filii
1332 5337 1403 5347 —
1425 5306 1704 5376 eademque
1737 5318 1846 5376 om.
1875 5304 1938 5361 (ε.
2017 5305 2038 5338 ³
2072 5305 2163 5362 Sic
2182 5306 2259 5372 C;
2289 5308 2332 5361 A
2371 5324 2586 5363 causam
2610 5308 2758 5364 Filii.
2790 5311 2913 5366 Non
2938 5312 3075 5365 enim
3096 5309 3379 5364 secundum
3418 5319 3576 5363 natu-

300 5386 438 5435 ram,
492 5389 626 5446 quae
667 5388 776 5428 una
824 5383 982 5445 atgue
1027 5375 1209 5429 eadem
1245 5386 1321 5431 est
1371 5378 1427 5431 in
1483 5375 1631 5446 patre
1683 5384 1731 5428 et
1765 5375 1878 5445 ﬁlio
1933 5376 2059 5446 haec
2125 5378 2333 5431 nomine
2386 5381 2776 5446 praedicantur.

301 5456 424 5514 eam
464 5444 600 5514 duas
647 5459 775 5498 suae
815 5445 1161 5514 processimtis
1208 5444 1491 5500 credamus
1526 5460 1720 5500 causas
1772 5454 1876 5499 cet.

302 5510 419 5581 '7de
467 5513 580 5581 ipsa
621 5528 731 5567 om.
786 5510 851 5568 Ᾱ.
958 5515 999 5546 ¹⁰
1026 5514 1196 5571 Petite
1257 5526 1306 5569 et
1369 5516 1584 5569 dabitur
1638 5515 1801 5570 vobis.

305 5580 352 5651 ε’
375 5582 419 5635 C
445 5580 510 5636 ex
535 5594 731 5636 centro.
790 5602 793 5605 λ
844 5584 887 5615 ³⁸
919 5584 1010 5640 Sic
1038 5586 1079 5640 C
1103 5602 1118 5651 ;
1148 5585 1195 5640 A
1222 5602 1417 5640 rerum.
1532 5585 1576 5617 ⁸⁵
1612 5586 1653 5640 Α
1678 5602 1858 5639 causa.

305 5650 457 5703 lium.
537 5651 581 5681 ¹⁸
608 5650 1519 5722 ρνορονιὶοηαιὶιηιείΙιανηιοηίανιυη
1542 5672 1653 5710 om.
1686 5656 1747 5711 Ο.

307 5736 492 5775 causa.
567 5722 610 5754 "
639 5723 683 5777 A
710 5723 1015 5794 splendendi
1038 5742 1218 5780 causa.
1297 5728 1342 5759 ¹¹
1378 5727 1423 5780 Α
1459 5736 1618 5781 terra.

1911 5514 1953 5546 “
1986 5530 2134 5569 nemo
2160 5519 2295 5571 enim
2317 5547 2388 5557 —
2412 5522 2604 5573 caverit
2634 5536 2743 5574 om.
2802 5519 2906 5574 BC.

1719 5657 1766 5757 ξ,
1802 5655 1896 5780 w‘;
2045 5655 2125 5780 C
2143 5652 2193 5711 ’Δ
2227 5652 2516 5715 Ιιὶηθαθέω
2535 5676 2641 5714 uno
2659 5669 2852 5731 puncto
2882 5652 3257 5730 procedentes.

2868 5382 2889 5412 ⁸
2928 5382 2970 5434 Α
2995 5382 3067 5435 ita
3097 5390 3175 5435 ut.
3279 5380 3299 5411 ⁸
3326 5381 3370 5433 Α
3425 5383 3493 5435 ita
3524 5391 3578 5435 (ιι

2556 5451 2578 5482 ⁷
2609 5461 2658 5505 et
2700 5467 2809 5505 om.
2838 5451 2901 5505 A.
2980 5451 3002 5481 ⁸
3026 5449 3311 5505 catholicae
3361 5466 3470 5504 om.
3501 5456 3574 5514 Α.

3008 5521 3050 5551 ¹¹
3102 5520 3191 5575 Sic
3247 5521 3287 5576 (ἶ
3313 5539 3327 5588 ;
3355 5521 3399 5576 Α
3429 5535 3575 5575 num.

2645 5591 2686 5623 ¹⁷
2719 5590 2808 5645 Sic
2832 5590 2874 5644 C
2901 5606 2917 5655 ;
2958 5588 2997 5643 Α
3030 5604 3171 5644 corr.
3208 5593 3578 5664 proportionu-

2660 5669 2852 5717 νηησιο
2882 5665 3257 5717 procedentes.
3359 5662 3404 5695 "
3442 5663 3482 5717 C
3504 5669 3580 5716 est

1991 5444 2011 5475 ⁶
2059 5463 2174 5500 vere
2228 5463 2338 5501 om.
2378 5444 2445 5503 Α.

1975 5585 2017 5658 _“
2042 5585 2087 5658 ᾼ
2131 5586 2528 5658 qualitatesqne.
