3884 6158
346 270 470 332 603

1710 266 1993 327 JGANNIS
2032 268 2228 328 SCOTl

3511 272 3618 330 ωι

361 383 629 448 videlicet,
657 398 724 439 an
753 398 821 440 ex
848 382 1074 446 duabus,
1105 381 1210 437 hoc
1248 388 1364 446 est,
1398 394 1467 455 ex
1497 379 1659 436 Patre
1700 390 1758 437 et
1798 379 1935 437 Filio
1960 383 2010 443 Α
2038 382 2305 437 humanae
2344 391 2571 438 naturae
2618 365 2906 454 superficie
2945 379 3202 437 reﬂuunt.
3252 377 3447 441 Merito
3488 401 3617 453 ergo

356 475 609 545 procedat
642 475 683 539 ⁸,
712 490 813 529 nec
839 471 1129 536 afﬁrmare,
1152 486 1253 527 nec
1278 486 1477 541 negare
1503 482 1708 529 temere
1735 474 1929 529 ausim.

2037 469 2271 541 Spiritus
2316 483 2538 528 sanctus
2581 488 2678 530 seu
2722 489 2754 528 a
2787 474 2948 529 Patre
2991 476 3130 537 solo,
3162 488 3256 529 seu
3292 490 3325 529 a
3364 475 3525 531 Patre
3562 490 3615 532 et

354 568 434 620 Ac
462 581 558 635 per
579 566 680 620 hoc
712 573 888 618 rectae
910 562 1029 617 fidei
1061 560 1484 633 professionibus
1506 578 1614 619 non
1643 565 1933 619 convenire
2034 559 2170 615 Filio
2197 559 2365 617 ﬂuere
2391 562 2607 628 dicitur,
2653 562 2780 633 quia
2808 562 2931 617 fons
2971 570 3027 617 et
3063 562 3217 634 origo
3261 572 3347 619 est
3375 562 3611 619 omnium

355 670 462 709 non
494 654 626 708 satis
666 653 856 718 video,
894 667 1016 707 cum
1067 652 1329 723 Spiritum
1372 662 1622 709 sanctum
1665 653 1842 710 Patris
1876 662 1934 709 ct

351 746 476 802 Filii
527 746 785 814 Spiritum
841 745 943 801 dici
976 744 1412 815 frequentissime
1458 745 1777 801 invenerim.
1833 745 1931 801 Est

348 838 494 892 enim
530 836 763 905 Spiritus
787 835 1068 889 amborum
1087 874 1102 898 ,
1150 835 1406 904 quoniam
1428 849 1496 889 ex
1530 833 1693 889 Patre
1714 848 1813 903 per
1834 833 1928 889 Fi-

348 924 479 979 lium
501 924 763 994 procedit,
787 934 841 980 et
874 926 896 956 ¹
925 935 1009 980 est
1035 925 1235 981 donum
1260 922 1561 992 utriusque,
1580 923 1838 993 quoniam
1859 938 1929 979 ex

347 1013 510 1086 Patre
539 1031 636 1086 per
670 1016 864 1070 Filium
895 1016 1161 1080 donatur,
1186 1023 1273 1069 -et
1312 1022 1392 1069 est
1435 1028 1590 1067 amor
1625 1013 1926 1083 utriusque,

346 1084 561 1159 Patrem
610 1115 666 1160 et
708 1104 902 1160 Filium
942 1103 1252 1174 jungeus',
1302 1112 1362 1157 ut
1412 1112 1632 1159 sanctus
1677 1103 1868 1158 edocet
1904 1101 1926 1134 ⁸

344 1198 678 1265 Augustinus
705 1200 757 1252 in
790 1197 964 1260 libris,
984 1211 1122 1266 quos
1145 1195 1211 1249 de
1232 1209 1441 1249 summa
1475 1208 1539 1248 ac
1561 1201 1748 1248 sancta
1771 1192 1794 1225 ⁸
1812 1194 1928 1248 edi-

342 1288 424 1341 dit
456 1287 721 1343 Trinitate
741 1288 787 1349 ⁶,
811 1287 979 1357 ipsius
1002 1286 1289 1357 imaginem
1314 1285 1366 1339 in
1411 1284 1642 1338 humana
1692 1283 1921 1338 natura'

345 1377 583 1433 mirabili
636 1378 981 1448 indagatione
1030 1390 1337 1446 quaerens,
1392 1373 1925 1444 luculentissimaque

349 1466 660 1522 inventione
707 1468 1043 1531 ostendens,
1089 1464 1365 1521 interioris
1408 1473 1627 1519 nostrae
1671 1472 1922 1528 naturae,

341 1560 450 1616 hoc
477 1569 559 1615 est
590 1560 927 1615 rationabilis
950 1560 1182 1622 animae,
1216 1557 1508 1612 trinitatem
1536 1555 1603 1610 ad
1630 1552 1922 1626 imaginem

341 1648 437 1703 Dei
464 1649 739 1703 conditam
769 1648 1073 1718 approbans
1100 1661 1221 1701 esse
1251 1653 1486 1700 mentem
1513 1684 1528 1708 ,
1570 1641 1918 1713 principalem

2030 649 2287 704 virtutum
2307 690 2324 716 ,
2355 660 2411 706 et
2443 651 2497 706 in
2524 652 2697 722 ipsum
2743 650 3000 707 ineﬂ‘abili
3046 662 3224 707 meatu
3255 667 3355 721 per
3376 660 3616 711 OCCtIIKS

2029 747 2254 794 naturae
2282 749 2497 796 nostrae
2524 757 2689 811 peros
2716 742 2959 797 redeunt.
2990 740 3129 797 Mac.
3158 740 3328 798 Recte
3358 740 3616 816 intelligis

2028 827 2095 883 de
2124 826 2493 898 spiritualibus
2529 829 2764 887 fluentis.
2811 828 2916 887 Sed
2960 831 3111 887 dicas
3136 873 3151 898 ,
3193 847 3440 902 quaeso,
3484 834 3613 904 quid

2029 919 2124 975 tibi
2154 921 2367 987 obstat,
2414 938 2481 976 ue
2515 924 2798 993 perspicue
2844 923 3146 994 intelligas,
3191 924 3335 994 quod
3382 940 3414 979 a
3459 926 3614 984 nobis

2026 1010 2226 1065 dictum
2252 1022 2355 1077 est,
2386 1012 2486 1070 hoc
2513 1016 2596 1070 est
2623 1016 2691 1079 ⁸⁷,
2717 1031 2877 1069 uuam
2908 1030 3126 1071 causam
3150 1031 3218 1070 ex
3248 1018 3460 1072 duabus
3487 1034 3613 1073 cau-

2026 1099 2101 1155 sis
2138 1100 2305 1156 ﬂuere
2348 1102 2542 1158 rationi
2589 1086 2696 1158 non
2748 1102 2909 1159 facile
2955 1103 3216 1159 occurrit.
3256 1104 3406 1160 Dtsc.
3447 1105 3608 1161 “ulta

2025 1191 2270 1260 exempla
2301 1192 2430 1246 mihi
2462 1193 2682 1248 obstare
2706 1194 2885 1249 video.
2927 1192 3059 1248 Nam
3092 1203 3145 1249 et
3174 1196 3445 1266 exempla,
3470 1210 3611 1267 quae

2024 1299 2093 1338 ex
2123 1291 2379 1353 quattuor
2407 1285 2592 1340 mundi
2635 1285 2915 1342 elementis
2946 1287 3292 1342 introduxisti
3313 1329 3328 1354 ,
3359 1288 3523 1351 satis,
3551 1296 3610 1345 ut

2025 1374 2280 1441 arbitror,
2310 1377 2536 1432 edocent
2561 1377 2626 1441 ¹⁸,
2656 1393 2814 1433 unam
2840 1393 3060 1433 causam
3091 1391 3160 1434 ex
3190 1378 3404 1437 duabus
3428 1382 3607 1436 causis

2024 1461 2143 1518 ﬂeri
2163 1479 2345 1535 posse
2373 1464 2518 1536 Ignis
2541 1467 2807 1537 siquidem
2834 1467 2960 1522 dum
2990 1469 3061 1523 sit
3086 1468 3286 1523 caleris
3309 1479 3363 1524 et
3390 1469 3607 1526 luminis

2022 1553 2166 1618 fons,
2186 1571 2255 1611 ex
2274 1555 2483 1613 duabus
2501 1558 2680 1613 causis
2703 1559 2851 1613 nasci
2876 1559 3107 1614 videtur.
3129 1558 3347 1629 lgneum
3374 1576 3606 1632 namque

2022 1644 2347 1702 elementum
2373 1661 2441 1702 ex
2470 1647 2743 1704 caliditate
2768 1658 2824 1703 et
2861 1649 3107 1704 siccitate
3132 1650 3438 1713 conficitur,
3467 1664 3607 1720 quae

338 1738 553 1793 scilicet
576 1738 791 1791 animae
818 1744 1051 1805 partem,
1070 1744 1126 1790 et
1152 1734 1397 1788 notitiam
1423 1731 1528 1796 sui,
1551 1747 1655 1800 qua
1685 1733 1920 1800 seipsam
1949 1720 1995 1779 Β
2023 1736 2160 1793 duae
2205 1736 2493 1807 qualitates
2515 1778 2531 1802 ,
2573 1737 2741 1794 veluti
2790 1738 2931 1795 duae
2972 1755 3191 1805 causae,
3221 1755 3384 1794 unam
3428 1755 3498 1795 ex
3547 1756 3607 1795 se

340 1826 640 1897 cognoscit,
665 1834 721 1880 et
748 1840 1008 1889 amorem,
1035 1839 1142 1894 quo
1176 1823 1409 1894 seipsam
1455 1823 1646 1893 suique
1674 1822 1922 1876 notitiam

339 1914 636 1985 coniungit.
679 1913 921 1970 Humana
964 1914 1230 1984 siquidem
1268 1926 1418 1968 mens
1444 1910 1690 1966 notitiam
1733 1926 1920 1974 suam,

337 2019 444 2073 qua
486 2004 718 2073 seipsam
760 2003 1056 2074 cognoscit,
1092 2002 1253 2056 veluti
1283 2001 1551 2071 quandam
1592 2000 1798 2071 prolem
1837 2001 1920 2056 sui

337 2099 407 2150 de
453 2095 627 2166 seipsa
676 2096 867 2165 gignit.
908 2094 973 2148 Et
1025 2102 1111 2148 est
1161 2093 1247 2149 sui
1299 2092 1488 2148 notitia
1524 2092 1768 2162 aequalis
1795 2091 1918 2157 sibi,

335 2184 461 2254 quia
485 2184 507 2216 ⁸
535 2184 766 2254 seipsam
801 2193 965 2238 totam
997 2183 1146 2239 novit
1171 2182 1237 2237 ad
1270 2180 1676 2237 similitudinem
1703 2180 1797 2235 Dei
1824 2182 1919 2234 et‘

335 2271 545 2339 Patris,
574 2274 667 2344 qui
695 2274 761 2329 de
789 2273 969 2343 seipse
996 2272 1190 2327 Filium
1222 2288 1401 2336 suum,
1428 2271 1518 2341 qui
1546 2278 1632 2325 est
1658 2269 1920 2341 sapientia

337 2380 460 2430 sua,
491 2365 695 2437 gignit,
728 2379 834 2435 qua
864 2365 1101 2434 seipsum
1145 2364 1314 2433 sapit;
1344 2372 1400 2416 et
1444 2361 1684 2432 aequalis
1730 2360 1780 2416 ei
1813 2369 1916 2425 est,

314 2453 464 2523 quia
490 2453 727 2523 seipsum
761 2463 931 2509 totum
959 2452 1230 2522 intelligit,
1258 2461 1314 2506 et
1338 2449 1707 2507 coessentialis
1735 2449 1783 2505 ei
1812 2458 1917 2516 est,

334 2543 461 2613 quia
502 2543 570 2599 de
606 2545 784 2615 seipse
823 2543 1030 2616 gignit,
1071 2558 1231 2613 quem
1272 2542 1443 2614 gignit
1471 2542 1534 2595 ιθ.
1574 2540 1650 2596 Ex
1684 2540 1917 2596 humana

334 2644 517 2691 mente
540 2635 786 2707 procedit
805 2636 1079 2705 appetitus
1099 2633 1342 2704 quidam,
1361 2648 1468 2701 quo
1494 2630 1726 2701 seipsam
1751 2645 1919 2700 quae-

222 2786 239 2801 '
332 2724 428 2789 rit,
451 2732 510 2779 ut
537 2739 690 2778 suam
715 2723 962 2778 notitiam
986 2722 1182 2792 pariat.
1207 2719 1309 2787 Qui
1336 2719 1606 2788 appetitus
1630 2717 1713 2772 vel
1741 2716 1917 2787 inqui-

332 2813 481 2878 sitio,
500 2816 635 2869 ilum
661 2815 726 2869 ad
758 2813 1120 2869 inventionem
1150 2810 1374 2867 notitiae
1397 2809 1691 2880 perfectam
1720 2823 1911 2879 perve-

329 2906 432 2971 nit,
461 2920 614 2961 amor
634 2903 880 2970 efficitur,
904 2905 995 2975 qui
1028 2912 1262 2959 mentem
1292 2903 1649 2972 notitiamque
1677 2900 1759 2955 sui
1784 2916 1914 2957 con-

323 2994 519 3066 jungit.
571 2995 640 3051 Et
674 3006 759 3052 est
794 2995 1035 3065 aequalis
1077 2994 1274 3058 menti,
1319 2991 1621 3063 mentisque
1664 2992 1906 3059 notitiae,

329 3064 586 3157 quoniam
617 3095 784 3144 totam
823 3103 884 3143 se
927 3094 1113 3152 amat,
1154 3093 1427 3154 totamque
1456 3082 1702 3137 nctitiam
1731 3097 1904 3137 suam.
1934 3064 1980 3128 C

329 3179 399 3235 Et
424 3191 508 3236 est
536 3179 906 3236 coessentialis
946 3178 1113 3234 menti
1160 3186 1323 3246 atque
1360 3174 1619 3240 notitiae,
1654 3174 1911 3244 quoniam

327 3272 444 3341 ipse
486 3287 670 3337 amor,
701 3272 792 3341 qui
826 3281 1061 3326 mentem
1090 3268 1446 3338 notitiamque
1471 3267 1589 3337 ejus
1611 3266 1652 3298 ¹¹
1676 3264 1909 3335 copulat,

330 3375 439 3416 non
464 3360 702 3423 aliunde,
728 3360 830 3414 nisi
860 3361 925 3414 de
956 3360 1068 3429 ipsa
1100 3366 1282 3412 mente
1305 3365 1350 3398 ιι
1370 3354 1617 3427 procedit
1635 3353 1702 3417 ad
1724 3353 1913 3424 imagi-

326 3464 450 3504 nem
471 3451 644 3504 sancti
672 3448 926 3520 Spiritus,
950 3448 1061 3516 qui,
1085 3446 1150 3502 de
1172 3445 1334 3500 Patre
1357 3444 1673 3516 procedens,
1696 3444 1911 3499 Patrem

325 3551 383 3598 et
406 3540 600 3596 Filium
629 3539 883 3596 ineffabili
919 3539 1167 3594 caritatis
1195 3536 1406 3591 vinculo
1433 3533 1729 3605 coniungit.
1759 3532 1911 3601 Quod

325 3642 507 3687 autem
532 3632 738 3697 dixisti,
764 3647 832 3687 ex
859 3632 1068 3687 duabus
1101 3629 1279 3685 causis
1308 3643 1470 3683 unam
1502 3641 1719 3682 causam
1744 3624 1911 3683 fluere

324 3720 409 3776 vel
441 3721 733 3791 procedere
768 3720 965 3775 rationi
1012 3736 1117 3775 non
1158 3718 1319 3774 facile
1355 3718 1623 3783 occurrit,
1659 3733 1766 3773 non
1795 3717 1906 3789 jam

322 3815 482 3888 plane
514 3817 690 3872 video.
721 3813 954 3872 Verbum
999 3824 1179 3869 autem
1220 3812 1363 3883 quod
1396 3819 1481 3868 est
1512 3810 1711 3877 ﬂuere,
1741 3825 1909 3880 quare

323 3908 551 3979 posuisti
583 3923 681 3980 pro
704 3923 794 3975 eo,
823 3908 965 3978 quod
993 3913 1079 3962 est
1102 3905 1417 3977 procedere,
1447 3918 1580 3972 pure
1599 3941 1615 3967 ,
1644 3901 1697 3956 ni
1729 3900 1905 3969 fallor,

324 4000 615 4072 perspicio.
647 3999 781 4055 Nam
810 4008 865 4054 et
893 3998 1128 4068 Spiritus
1167 4003 1387 4051 sanctus
1427 3990 1625 4047 ﬂumen
1654 3991 1709 4046 in
1738 3990 1909 4046 sacris

324 4089 625 4161 appellatur
649 4086 947 4158 Scripturis
968 4085 1034 4152 ⁸⁸,
1061 4094 1117 4140 et
1143 4099 1303 4154 aqua.
1331 4080 1485 4137 Unde
1510 4089 1566 4134 et
1592 4080 1704 4151 ipse
1728 4078 1908 4135 Domi-

325 4198 428 4238 nus
454 4184 531 4238 ait
561 4202 575 4240 :
607 4182 710 4250 Qui
737 4182 900 4237 credit
936 4179 993 4234 in
1020 4195 1101 4233 me
1119 4218 1135 4244 ,
1162 4178 1295 4232 sicut
1331 4174 1455 4229 dicit
1484 4171 1777 4244 Scriptura,
1799 4170 1904 4242 [Iu-

322 4279 467 4333 mina
490 4278 555 4332 de
579 4286 750 4332 ventre
784 4273 898 4345 ejus
928 4273 1089 4342 ﬂuent
1121 4284 1289 4340 aquae
1314 4267 1475 4333 vivae,
1502 4266 1565 4320 de
1593 4281 1698 4336 qua
1723 4265 1768 4318 si
1789 4263 1907 4335 quis

324 4369 506 4425 biberit
531 4369 597 4433 “,
630 4383 735 4422 non
768 4365 905 4420 sitiet
933 4363 989 4418 in
1017 4371 1285 4416 aeternam
1305 4398 1322 4424 ,
1354 4357 1495 4412 sicut
1532 4354 1906 4410 Samaritanae

325 4458 535 4513 mulieri
571 4459 772 4513 dictum
809 4464 911 4510 est.
957 4452 1075 4524 Ipse
1104 4465 1321 4521 quoque
1347 4447 1469 4503 fons
1502 4445 1746 4502 Paradisi
1766 4486 1781 4511 ,
1810 4444 1904 4514 qui

324 4548 380 4602 in
403 4555 659 4617 quattuor
678 4543 997 4616 principalia
1017 4540 1236 4597 ﬂumina
1261 4539 1540 4603 dividitur,
1573 4537 1699 4593 dum
1730 4535 1905 4608 typice

324 4640 717 4703 consideratur,
775 4636 1034 4706 Spiritum
1089 4642 1336 4690 sanctum
1389 4628 1696 4701 significare
1744 4642 1904 4684 nemo

324 4730 627 4800 sapientum
684 4730 934 4798 denegat.
995 4727 1075 4781 Ex
1129 4741 1237 4795 quo
1290 4723 1456 4779 veluti
1512 4721 1794 4793 principali
1847 4728 1903 4775 et

324 4821 488 4875 unico
529 4830 585 4874 et
630 4820 676 4853 “
722 4820 1042 4875 inexhausto
1087 4816 1237 4873 fonte
1278 4824 1537 4886 quattuor
1578 4812 1903 4885 principales

322 4909 554 4965 virtutes
600 4909 655 4964 in
703 4908 963 4964 Paradiso
1007 4904 1341 4962 rationabilis
1388 4904 1604 4958 animae
1655 4912 1900 4969 manant,

320 5002 662 5072 prudentiam
705 5002 861 5067 dico,
906 4998 1351 5071 temperantiam,
1401 4994 1793 5060 fortitudinem,
1844 5003 1901 5050 et

313 5090 600 5162 justitiam.
625 5092 707 5148 Ex
731 5091 927 5164 quibus
952 5091 1145 5146 iterum
1167 5086 1349 5145 omnia
1373 5085 1614 5142 omnium
1640 5086 1897 5142 virtutum

317 5182 520 5241 ﬂuenta
560 5180 835 5255 proﬂuunt
864 5181 930 5248 ³⁸,
958 5190 1014 5237 et
1042 5180 1096 5235 in
1129 5180 1211 5236 eis
1251 5178 1473 5250 irrigata
1512 5186 1568 5234 et
1608 5175 1895 5232 fecundata

1932 4414 1983 4473 D

2021 1826 2268 1897 gignunt.
2302 1825 2567 1882 Similiter
2597 1835 2653 1883 et
2678 1828 2743 1884 de
2772 1830 2971 1892 ceteris
2992 1829 3279 1887 elementis
3310 1839 3399 1887 est
3423 1830 3608 1886 dicen-

2022 1916 2167 1970 dum.
2215 1914 2348 1972 Nam
2391 1917 2516 1973 dum
2563 1916 2675 1974 sint
2707 1934 2926 1974 suorum
2950 1918 3235 1975 eﬂ‘ectuum
3266 1936 3503 1986 causae,
3537 1935 3606 1979 ex

2022 1994 2394 2077 superioribus
2441 2023 2500 2064 se
2547 2008 2728 2064 causis
2778 2009 3079 2081 duplicibus
3129 2011 3278 2067 nasci
3335 2014 3609 2083 sapientes

2020 2103 2206 2158 mundi
2246 2104 2518 2159 dixerunt.
2568 2102 2722 2160 Sicut
2760 2105 2929 2171 enim,
2954 2112 3013 2159 ut
3040 2105 3429 2175 praediximus,
3467 2105 3605 2177 ignis

2019 2206 2087 2246 ex
2108 2192 2283 2247 calido
2303 2203 2359 2249 et
2387 2194 2568 2260 sicco;
2603 2195 2678 2250 ita
2707 2209 2803 2251 aer
2823 2209 2889 2249 ex
2912 2194 3087 2250 calido
3111 2205 3167 2250 et
3193 2195 3437 2262 humido,
3466 2212 3602 2267 aqua

2018 2308 2083 2348 ex
2132 2294 2352 2349 humido
2392 2306 2450 2350 et
2487 2294 2701 2367 frigido,
2751 2306 2896 2352 terra
2938 2311 3153 2367 quoque
3198 2311 3267 2352 ex
3314 2297 3511 2369 frigido
3548 2306 3606 2354 et

2018 2391 2166 2448 sicco
2190 2392 2553 2464 componitur.
2578 2394 2715 2462 Quid
2739 2394 2936 2466 igitur?
2955 2393 3071 2451 Non
3098 2394 3142 2427 “'
3168 2397 3475 2465 negandum
3495 2405 3598 2463 est,

2020 2507 2180 2548 unam
2201 2508 2422 2549 causam
2442 2508 2511 2549 ex
2534 2495 2743 2550 duabus
2765 2495 2948 2551 causis
2974 2494 3273 2577 conﬂuere,
3301 2496 3427 2551 dum
3448 2510 3600 2566 prae-

2014 2584 2161 2652 dicta
2204 2598 2474 2668 exempla,
2502 2607 2563 2654 ut
2595 2600 2664 2655 de
2690 2600 2887 2656 ceteris
2910 2600 3122 2666 sileam,
3152 2602 3220 2657 ad
3268 2602 3374 2658 hoc
3403 2617 3602 2674 appre-

2014 2698 2248 2754 bandum
2286 2698 2590 2757 sufficiunt?
2613 2700 2662 2734 ⁸⁸
2691 2700 2832 2756 Mtc.
2865 2701 3010 2757 Satis
3038 2701 3239 2763 miror,
3272 2711 3330 2758 et
3358 2703 3597 2758 admira-

2014 2803 2162 2859 tione
2187 2802 2428 2874 dignum,
2457 2820 2573 2869 cur,
2601 2819 2723 2859 cum
2759 2814 2938 2860 cetera
2967 2806 3013 2838 ’ί
3042 2815 3200 2861 acute
3224 2814 3282 2861 et
3306 2803 3600 2876 probabili-

2014 2909 2099 2958 ter
2123 2901 2329 2969 videas,
2362 2903 2415 2959 in
2455 2905 2541 2960 his
2571 2903 2774 2961 falleris
2810 2904 3089 2977 exemplis.
3134 2904 3283 2962 Dtsc.
3330 2905 3428 2961 Dic
3450 2945 3468 2969 ,
3506 2905 3602 2961 de-

2011 3016 2226 3073 precor,
2263 3004 2314 3057 in
2344 3018 2452 3074 quo
2478 3012 2533 3060 et
2555 3005 2829 3075 quomodo
2852 3003 3114 3075 decipior.
3152 3003 3295 3060 Mss.
3327 3002 3466 3059 Num
3503 3003 3600 3067 tibi

2013 3108 2044 3147 a
2093 3092 2422 3165 philosophis
2471 3109 2691 3149 suasum
2733 3104 2852 3160 est,
2896 3093 3154 3150 mundum
3204 3093 3368 3149 istum
3409 3093 3600 3150 visibi—

2014 3181 2118 3237 lem
2174 3182 2537 3254 "'qualluor
2590 3183 2981 3240 universalibus
3042 3192 3203 3248 atque
3264 3183 3600 3255 simplicibus

2012 3282 2263 3329 constare
2306 3274 2612 3339 elementis,
2661 3275 2782 3346 igne
2830 3274 3102 3339 videlicet,
3149 3288 3296 3338 aere,
3345 3289 3508 3344 aqua,
3544 3283 3602 3328 et

2015 3374 2177 3431 terra,
2201 3380 2430 3435 quorum
2452 3366 2870 3436 unumquodque
2896 3365 3167 3436 propriam
3188 3373 3244 3421 et
3270 3363 3599 3436 singularem

2011 3455 2094 3510 sui
2144 3455 2457 3525 qualitatem
2505 3455 2779 3526 possidet?
2822 3456 2919 3511 Est
2963 3456 3106 3509 enim
3159 3455 3297 3527 ignis
3330 3454 3599 3520 caliditas,

2011 3545 2154 3601 aeris
2208 3546 2529 3610 humiditas,
2582 3560 2755 3616 aquae
2798 3545 3087 3617 frigiditas,
3134 3554 3316 3601 terrae
3359 3546 3596 3601 siccitas.

2011 3636 2155 3693 Dtsc.
2203 3636 2350 3693 Haec
2399 3637 2530 3693 mihi
2578 3636 2694 3695 fere
2740 3639 2809 3693 ab
2859 3637 3085 3693 infantia
3121 3636 3403 3692 notissima
3452 3646 3598 3692 sunt.

2014 3726 2154 3782 MAG.
2186 3727 2284 3783 Dic
2329 3728 2545 3798 itaque,
2582 3729 2705 3798 quis
2729 3737 2814 3784 est
2854 3728 2943 3784 ille
2972 3727 3017 3760 ”
3053 3729 3214 3801 ignis,
3252 3737 3313 3783 ut
3349 3743 3459 3784 uno
3484 3735 3604 3783 ula-

2009 3834 2133 3874 mur
2156 3818 2424 3890 exemplo,
2456 3820 2546 3887 qui
2576 3818 2738 3874 veluti
2766 3835 2871 3874 una
2897 3835 3059 3875 causa
3086 3833 3156 3874 ex
3180 3816 3390 3873 duabus
3415 3818 3598 3873 causis

2009 3916 2215 3973 manat,
2254 3915 2313 3963 ut
2340 3907 2460 3962 ais?
2495 3907 2658 3964 llleue
2681 3949 2696 3973 ,
2738 3909 2829 3980 qui
2870 3906 3098 3981 simplex
3132 3917 3190 3963 et
3212 3907 3522 3973 invisibilis,
3548 3916 3604 3962 et

2006 4014 2104 4070 per
2135 3999 2368 4069 seipsum
2400 3999 2963 4071 incomprehensibilis
2982 4041 2997 4064 ,
3029 3999 3211 4055 omnia
3235 3997 3473 4053 visibilia
3499 4014 3597 4069 pe-

2008 4095 2189 4142 netrat
2235 4096 2400 4157 atque
2445 4097 2660 4154 movet,
2689 4103 2756 4141 an
2788 4087 2879 4143 ille
2905 4086 3134 4142 visibilis
3180 4094 3236 4140 et
3280 4086 3599 4156 corporalis,

2010 4178 2412 4251 tangibilisque,
2452 4188 2505 4236 et
2544 4179 2899 4235 materialiter
2939 4177 3214 4234 nutritus?
3251 4177 3400 4233 Disc.
3443 4176 3598 4233 Illum

2008 4272 2305 4343 simplicem
2331 4281 2387 4328 et
2422 4270 3021 4342 incomprehensibilem
3042 4311 3059 4337 ,
3083 4269 3265 4325 omnia
3295 4283 3526 4341 corpora
3550 4268 3597 4301 “

2011 4363 2320 4433 implentem
2358 4372 2414 4419 et
2460 4362 2818 4428 efficientem,
2848 4378 2955 4417 non
2995 4362 3246 4417 dixerim.
3285 4359 3421 4415 Nam
3466 4369 3525 4415 et
3548 4360 3598 4393 ”

2007 4452 2371 4524 primordialis
2398 4462 2483 4509 est
2507 4451 2863 4518 sensibilium,
2890 4460 2947 4507 et
2975 4459 3167 4521 quarta
3201 4450 3444 4506 omnium
3472 4465 3598 4505 cor-

2006 4556 2197 4612 porum
2227 4555 2421 4607 causa;
2458 4540 2561 4597 iéte
2596 4556 2731 4597 vero
2773 4540 3048 4596 sensibilis
3093 4548 3150 4595 et
3192 4538 3495 4593 materialis
3527 4552 3596 4593 ex

2005 4630 2282 4688 caliditate
2325 4640 2382 4688 et
2425 4632 2671 4687 siccitate
2711 4634 3034 4703 procedere,
3061 4631 3227 4686 veluti
3276 4646 3344 4685 ex
3386 4629 3597 4685 duabus

2007 4722 2207 4787 causis,
2238 4722 2368 4776 mihi
2398 4722 2633 4777 videtur.
2666 4721 2806 4779 MAG.
2834 4721 2972 4777 Num
3002 4723 3055 4777 in
3079 4721 3351 4794 prioribus
3375 4720 3592 4785 dedisti,

2006 4811 2333 4868 caliditatem
2349 4828 2453 4867 non
2473 4812 2698 4868 alterius
2718 4812 2966 4868 elementi
2989 4812 3262 4884 prepriam
3280 4811 3595 4881 qualitatem

2004 4917 2146 4968 esse,
2174 4902 2277 4959 nisi
2306 4903 2471 4958 solius
2520 4902 2658 4973 ignis
2684 4943 2700 4968 ,
2753 4902 3052 4958 siccitatem
3095 4917 3227 4959 vero
3248 4901 3469 4967 nullius,
3490 4900 3592 4957 nisi

2010 5003 2186 5049 terrae
2225 4992 2431 5049 solius?
2474 4992 2696 5062 Singula
2739 4993 2883 5047 enim
2911 4992 3137 5064 singulis
3178 4993 3398 5058 dantur,
3427 4992 3482 5047 id
3512 5001 3598 5046 est

2004 5086 2255 5155 propriae
2282 5084 2572 5154 qualitates
2600 5085 2714 5139 suis
2752 5083 2982 5155 singulis
3010 5081 3458 5137 substantialibus
3486 5080 3596 5137 ele-

2004 5177 2220 5232 mentis.
2237 5177 2383 5232 Dtsc.
2398 5174 2518 5231 Jam
2531 5174 2650 5231 dedi
2669 5191 2685 5242 ;
2701 5174 2858 5230 aliter
2876 5189 3112 5245 namque
3122 5173 3171 5207 “
3188 5171 3493 5244 philosophi
3508 5186 3595 5227 me

1599 5290 1858 5350 VARIAE
1893 5288 2297 5347 LECTIONES.

1129 5383 1151 5417 ³
1188 5381 1280 5440 Sic
1337 5382 1417 5450 C;
1456 5383 1497 5438 Α
1535 5381 1875 5453 τοηῙιυιρεηε.

391 5394 409 5424 ³
447 5390 491 5447 C
520 5390 772 5462 procedit.
846 5387 1034 5443 'Aut.
1129 5387 1151 5417 ³
1188 5387 1280 5440 Sic
1337 5387 1417 5450 C;
1456 5402 1470 5438 ι

391 5463 414 5510 t
454 5472 692 5510 naturae.
794 5458 818 5491 ⁸
852 5459 894 5510 (1
928 5472 1053 5510 (tua.
1147 5457 1169 5489 ⁵
1203 5465 1252 5510 et
1283 5469 1393 5510 om.
1432 5454 1470 5508 Α

312 5461 335 5494 ⁷
370 5463 414 5517 A
454 5458 692 5517 naturae.
794 5458 818 5491 ⁸
852 5459 894 5513 (1
928 5472 1053 5528 qua.

314 5532 360 5565 “
396 5532 441 5586 A
476 5532 766 5601 Scripturis
794 5522 1108 5599 appellatur.
1188 5523 1233 5557 “
1265 5525 1318 5581 Α
1347 5524 1490 5580 bibit.
1569 5522 1617 5556 "
1645 5531 1693 5576 et
1726 5522 1835 5576 om.
1872 5523 1938 5575 Α.
2018 5523 2033 5554 ³

314 5603 357 5636 ’⁸
395 5601 488 5651 Sic
512 5601 588 5651 αι
623 5602 669 5651 Δ
695 5616 840 5651 num.
941 5597 988 5632 ’θ
1021 5597 1066 5651 Α
1101 5597 1380 5651 sufficiunt.
1515 5595 1557 5627 ²¹
1596 5593 1645 5651 Δ
1678 5593 1730 5647 iu
1760 5593 1961 5648 cereris.

313 5603 357 5636 "
395 5601 488 5655 Sic
512 5597 669 5664 C;'A
695 5597 870 5654 ηιηηζ⁷
941 5597 1066 5669 ’θνΑ
1101 5597 1380 5669 stt/lirium.

310 5671 359 5703 “
393 5681 440 5726 et
479 5684 587 5726 om.
620 5669 685 5724 Α.
763 5670 810 5702 ’⁸
851 5668 895 5723 Α
929 5668 1085 5725 enim.

1593 5451 1923 5554 119.33.“?
1957 5451 2422 5554 “.9“f"‘..“i€'.'.li:

2454 5380 2478 5414 '
2510 5378 2553 5435 C
2600 5393 2665 5435 ac
2697 5395 2841 5435 rem.
2939 5371 2963 5404 ⁸
3002 5378 3047 5431 Α
3096 5375 3352 5432 Triuitate
3406 5375 3591 5430 edidit.

2522 5450 2565 5483 “
2602 5450 2647 5505 Α
2681 5451 2751 5504 ei.
2850 5449 2895 5481 “
2931 5449 2974 5505 tl
3007 5449 3074 5502 de
3118 5464 3173 5501 ee
3223 5448 3336 5513 ipsa
3391 5455 3590 5501 mente.

2101 5522 2147 5575 Α
2182 5516 2539 5591 ιε”ρῖ-οῦιιιιιιι
2613 5521 2656 5553 ³⁷
2684 5519 2791 5591 Altae
2827 5527 2903 5573 est
2939 5518 3149 5591 om._C.
3228 5517 3271 5549 ⁸⁸
3304 5516 3349 5570 Δ
3383 5516 3592 5591 docent.

2654 5589 2702 5623 ³³
2740 5591 2782 5644 Α
2819 5590 2934 5645 iste.
3031 5588 3087 5661 fi
3120 5602 3341 5657 corpora
3374 5600 3486 5641 om.
3526 5583 3590 5639 Δ.

1993 5379 2018 5414 ⁸
2068 5379 2111 5437 C
2167 5381 2338 5437 docet.

2088 5594 2133 5626 "
2167 5594 2213 5647 Α
2241 5591 2553 5648 semibifem.
