3912 6154
332 239 438 301 ινοό

1151 236 1242 295 ΒΕ
1281 235 1620 294 l‘lVlSlONE
1657 233 2011 294 NATURAE.
2049 265 2120 276 —
2158 234 2358 290 LIBER
2401 236 2786 295 SECUNDUS.

3500 247 3608 306 606

324 373 438 411 non
467 356 656 411 sinunt
683 355 1002 425 intelligere.
1033 353 1174 408 Msa.
1205 349 1301 408 Dic
1325 353 1531 424 itaque,
1563 361 1746 406 utrum
1776 350 1918 406 aliud
1949 357 1996 414 Α
2024 350 2207 404 omnia
2268 365 2494 419 corpora
2553 351 2848 420 composita
2904 351 3231 408 ciliciuntur.
3291 355 3397 413 Sed
3444 377 3609 418 unum

320 461 406 505 est
441 449 602 518 ignis,
637 456 694 502 et
721 447 864 501 aliud
902 446 1182 509 caliditas,
1213 463 1280 500 an
1312 461 1477 499 unum
1523 453 1688 514 atque
1735 444 1918 498 idem?

320 541 478 595 lusu.
512 541 632 595 Duo
666 540 924 609 quaedam
956 539 975 571 ¹
1013 555 1136 594 esse
1174 539 1306 593 mihi
1357 539 1629 592 videnlur.
1667 538 1810 609 Ignis
1848 540 1921 593 si-

317 629 550 700 quidem
582 631 886 684 substantia
915 639 1020 692 est,
1052 629 1302 684 caliditas
1324 643 1453 683 vero
1476 630 1642 697 ipsius
1669 629 1920 683 substan-

319 721 437 776 tiae
463 721 718 790 qualitas,
743 729 798 776 et
819 721 1039 792 propria
1067 721 1320 791 qualitas.
1354 721 1491 776 MAG.
1517 721 1653 788 Quid
1701 737 1832 790 ergo
1862 722 1920 776 '1’

315 811 466 868 Num
515 813 819 867 substantia
871 827 1032 867 causa
1080 821 1165 867 est
1211 813 1518 881 qualitatis,
1567 828 1636 866 an
1687 814 1920 884 qualitas

314 919 488 960 causa
518 903 874 969 substantiae,
910 919 978 958 an
1013 917 1187 973 neque
1220 903 1455 973 qualitas
1484 919 1645 958 causa
1677 913 1759 958 est
1787 904 1919 958 sub-

312 1003 585 1060 stantiae,
629 1009 804 1063 neque
853 993 1153 1048 substantia
1201 993 1504 1062 qualitatis,
1550 995 1806 1062 quoniam
1850 1009 1918 1048 ex

312 1085 516 1138 eodem
553 1099 753 1154 genere
793 1100 898 1138 non
931 1084 1092 1138 sunt?
1135 1084 1279 1139 Disc.
1326 1083 1478 1150 Quod
1525 1084 1772 1138 ultimum
1819 1099 1917 1154 po-

313 1178 481 1232 suisti
516 1179 774 1247 approbo.
806 1177 1063 1244 Quamvis
1095 1178 1236 1232 enim
1266 1177 1496 1245 qualitas
1524 1178 1577 1231 in
1617 1176 1916 1231 substantia

313 1268 692 1333 contineatur,
724 1268 868 1322 nulla
899 1269 1162 1337 siquidem
1186 1268 1417 1336 qualitas
1447 1283 1542 1337 per
1562 1283 1620 1322 se
1648 1268 1916 1334 subsistit,

311 1372 425 1412 non
465 1368 649 1413 tamen
681 1374 900 1414 causam
926 1358 1202 1429 qualitatis
1228 1359 1584 1412 substantiam
1615 1373 1738 1412 esse
1761 1357 1914 1412 dixe-

311 1449 421 1502 rim
453 1449 497 1502 ³.
543 1450 755 1504 Etenim
807 1451 983 1505 omnis
1016 1449 1224 1519 species
1255 1465 1409 1503 suum
1442 1443 1609 1517 gcn'us
1650 1449 1914 1517 sequitur,

307 1541 683 1609 quomodo‘a
717 1557 815 1596 suo
845 1555 1040 1612 genere
1067 1541 1398 1604 nascitur,et
1425 1539 1478 1592 in
1507 1553 1572 1592 eo
1603 1539 1913 1592 immutabi-

310 1634 444 1688 liter
473 1635 796 1690 custoditur.
824 1635 900 1687 Ac
935 1648 1033 1703 per
1058 1635 1159 1688 hoc
1188 1633 1364 1687 omnis
1397 1632 1698 1686 substantia
1728 1647 1794 1686 ex
1825 1647 1916 1701 ge-

2024 440 2201 496 adhuc
2232 451 2418 506 restat,
2450 457 2556 512 quo
2586 443 2638 496 in
2666 445 2854 497 eadem
2882 459 3000 498 mea
3031 447 3316 512 sententia,
3341 463 3444 518 qua
3476 453 3610 516 dixi,

2021 545 2182 586 unam
2213 549 2433 588 causam
2477 549 2544 587 ex
2585 533 2767 587 multis
2807 532 3008 600 ﬂuere,
3051 538 3183 591 mihi
3227 539 3410 594 videor
3453 556 3612 610 posse

2019 638 2358 694 permanere.
2385 623 2524 678 MAG.
2543 625 2680 691 Quid
2704 639 2787 681 est
2810 628 2938 682 illud
2966 645 3155 697 unum,
3181 633 3339 687 velim
3366 635 3607 704 detegas.

2021 713 2172 768 Disc.
2196 713 2332 767 Num
2363 729 2552 769 omnes
2581 717 2884 786 philosophi
2922 720 2989 774 de
3017 722 3216 776 mundo
3255 723 3358 776 isto
3393 725 3435 754 ³⁰
3468 734 3612 780 trac-

2019 814 2199 860 tantes
2224 807 2550 860 unanimiter
2573 806 2834 872 suadent,
2868 818 2922 863 et
2946 811 3011 864 ad
3041 826 3232 880 purum
3271 814 3538 870 deducere
3565 813 3610 847 “

2019 895 2292 959 videntur,
2319 897 2499 949 omnia
2527 912 2754 966 corpora
2784 901 3080 970 composita
3112 917 3176 955 ex
3203 912 3458 971 quattuor
3479 905 3612 961 sim-

2017 990 2248 1060 plicibus
2297 989 2578 1044 elementis
2631 1005 2928 1060 eorumque
2953 994 3209 1062 \propriis
3260 995 3612 1063 qualitatibus

2017 1091 2275 1150 quattuor
2301 1082 2586 1150 componi?
2617 1082 2683 1135 Et
2713 1082 2754 1135 si
2789 1083 2860 1135 ita
2887 1092 2988 1147 est,
3020 1101 3126 1138 non
3171 1085 3342 1139 solum
3387 1101 3452 1142 ex
3479 1089 3609 1142 dua-

2015 1173 2138 1236 bus,
2166 1187 2350 1226 verum
2383 1173 2545 1226 etiam
2577 1187 2642 1226 ex
2688 1173 2870 1226 multis
2911 1175 3090 1229 causis
3127 1176 3458 1246 singulorum
3487 1193 3608 1233 cor-

2018 1279 2206 1334 porum
2263 1263 2494 1317 etiicitur
2540 1265 2877 1332 compositio.
2940 1264 3080 1320 MAG.
3135 1265 3289 1320 Hunc
3341 1269 3384 1298 ¹¹
3432 1267 3608 1324 locum

2016 1351 2253 1420 fugiendi
2284 1351 2532 1405 fortassis
2559 1352 2760 1405 habere
2787 1353 3074 1421 potuisses,
3098 1355 3142 1408 si
3171 1355 3336 1410 moles
3364 1357 3457 1412 bas
3482 1375 3609 1414 cor-

2015 1459 2205 1512 porum
2237 1445 2563 1514 compositas
2590 1454 2644 1498 et
2679 1446 3056 1513 corruptibiles
3082 1457 3136 1501 et
3164 1449 3416 1505 solutioni
3449 1453 3610 1508 liabl-

2013 1533 2092 1587 les
2126 1534 2353 1587 aliorum
2401 1533 2690 1588 ell‘ectuum
2739 1535 2876 1590 infra
2929 1552 2986 1590 se
3038 1542 3374 1608 sequentium
3419 1557 3609 1600 causas

2016 1641 2135 1682 esse
2181 1642 2309 1682 vera
2361 1629 2571 1684 ratione
2622 1645 2918 1684 assereres.
2969 1628 3087 1684 Iam
3137 1649 3307 1700 vero,
3355 1637 3606 1705 quoniam

309 1723 495 1780 nerali
525 1726 760 1780 essentia
789 1725 992 1790 deﬂuit,
1031 1724 1207 1778 omnis
1245 1736 1424 1778 autem
1455 1723 1688 1792 qualitas
1713 1739 1776 1778 ex
1823 1738 1915 1793 ge.-
1942 1711 1988 1770 B
2018 1717 2150 1770 nihil
2184 1717 2410 1773 inferius
2437 1728 2520 1772 est
2547 1735 2776 1788 corpore
2805 1723 3126 1791 composito,
3157 1725 3355 1780 nullius
3380 1742 3610 1796 sequen-

309 1813 493 1868 nerali
526 1813 804 1885 qualitate.
838 1813 976 1869 MAG.
1003 1813 1145 1884 Ignis
1190 1814 1407 1882 itaque,
1448 1812 1571 1882 quia
1613 1812 1914 1867 substantia

308 1916 420 1970 est,
452 1920 565 1960 non
595 1905 662 1958 ab
686 1905 788 1958 alia
818 1920 981 1960 causa
1005 1904 1282 1960 descendit
1311 1903 1413 1958 nisi
1445 1919 1474 1956 a
1505 1903 1914 1973 generalissima

310 1996 583 2050 essentia.
620 1994 880 2050 Similiter
908 1996 1173 2060 caliditas,
1197 1996 1324 2066 quia
1364 1995 1596 2064 qualitas
1621 2003 1706 2048 est
1726 1994 1769 2058 ⁸,
1807 2008 1914 2048 non

311 2091 381 2145 ab
411 2091 526 2145 alia
566 2107 727 2146 causa
751 2092 1018 2160 procedit,
1049 2091 1148 2146 nisi
1181 2107 1209 2145 a
1241 2089 1646 2162 generalissima
1680 2089 1912 2159 qualita-

310 2193 387 2236 te.
423 2182 584 2238 DISC.
617 2183 930 2252 Quicunque
960 2185 1086 2238 huic
1112 2184 1445 2239 conclusioni
1476 2183 1784 2246 contendit,
1825 2198 1913 2236 ra-

308 2272 562 2327 tionibus
577 2273 946 2344 pliilosoiihiae
965 2275 1173 2328 videtur
1204 2275 1475 2329 resistere.
1509 2275 1646 2330 MAG.
1675 2274 1784 2329 Cur
1812 2274 1913 2344 igi-

309 2372 402 2417 tur
453 2365 658 2433 iguem,
707 2366 820 2420 sive
868 2365 1164 2436 simplicem
1210 2365 1324 2420 sive
1357 2365 1718 2429 malerialem,
1749 2364 1911 2418 veluti

306 2468 487 2507 unam
517 2469 736 2509 causam
769 2471 832 2510 ex
865 2456 1072 2511 duabus
1097 2457 1297 2521 causis,
1332 2456 1383 2510 id
1425 2465 1508 2510 est
1552 2455 1824 2510 caliditate
1861 2463 1916 2510 et

310 2545 593 2609 siccitate,
617 2544 889 2601 conﬂuere
913 2563 1074 2601 ausus
1095 2563 1154 2601 es
1169 2547 1540 2616 pronuntiare,
1562 2561 1682 2600 cum
1708 2547 1912 2609 videas,

309 2635 461 2706 ignis
490 2637 517 2669 ⁶
549 2638 904 2692 substantiam
934 2654 1038 2691 non
1096 2639 1268 2692 solum
1313 2639 1382 2693 ab
1423 2638 1598 2692 aliena
1633 2636 1912 2706 qualitate,

308 2737 461 2792 quae
495 2733 588 2779 est
633 2726 848 2780 siccitas
895 2735 950 2780 et
999 2736 1244 2781 terrenae
1291 2725 1625 2781 substantiae
1673 2724 1911 2794 propria,

311 2830 509 2869 verum
545 2816 710 2869 etiam
750 2835 778 2870 a
819 2832 950 2882 sua,
986 2833 1126 2888 quae
1171 2826 1254 2872 est
1300 2817 1569 2879 caliditas,
1611 2816 1756 2871 nasci
1806 2832 1912 2871 non

310 2905 517 2973 posse?
557 2906 700 2961 Disc.
736 2905 890 2960 Nunc
917 2907 1072 2962 video
1106 2923 1191 2961 me
1224 2909 1506 2976 deceptum
1547 2907 1600 2960 in
1633 2922 1726 2972 eo,
1771 2906 1913 2977 quod

312 2997 462 3061 dixi,
515 2997 851 3053 caliditatem
899 3008 954 3053 et
1001 2999 1294 3055 siccitatem
1327 3000 1488 3055 veluti
1542 3001 1675 3056 duas
1722 3016 1912 3057 causas

310 3091 481 3144 unius
511 3106 741 3157 causae,
775 3091 825 3145 id
862 3101 946 3146 est
975 3090 1134 3161 ignis,
1160 3091 1472 3148 subsistere.
1507 3091 1700 3148 Multos
1729 3102 1908 3148 tamen
1937 3065 1983 3128 δ

310 3182 511 3236 eodem
563 3183 587 3214 "
632 3198 816 3239 errore
865 3185 1113 3239 seductos
1187 3185 1448 3255 cognovi,
1497 3185 1810 3255 qualitatum
1856 3196 1912 3242 et

310 3272 754 3328 substantiarum
784 3273 1118 3329 dill‘erentias
1144 3286 1471 3346 naturasque
1502 3294 1606 3331 non
1634 3277 1768 3331 satis
1794 3277 1906 3332 dis-

309 3372 632 3418 cernentes.
712 3363 778 3418 Et
825 3363 934 3432 jam
983 3365 1183 3419 nullum
1235 3365 1410 3420 locum
1459 3365 1694 3437 fugiendi
1734 3369 1908 3424 video.

312 3452 450 3508 Nam
495 3454 544 3508 si
583 3453 801 3521 dixero,
851 3456 1027 3527 ignem
1077 3465 1130 3511 et
1180 3457 1506 3512 caliditatem
1550 3475 1714 3514 unum
1758 3471 1814 3514 et
1858 3459 1912 3515 id

311 3547 497 3616 ipsum
527 3561 673 3611 esse,
700 3548 956 3602 continuo
984 3562 1071 3602 me
1099 3548 1418 3619 redargues,
1449 3549 1688 3602 dicturus
1706 3589 1720 3614 ,
1745 3564 1912 3618 quare

310 3651 450 3705 ergo
497 3636 729 3689 eandem
777 3653 889 3690 rem
941 3637 1140 3691 suimet
1183 3652 1304 3693 esse
1352 3654 1571 3693 causam
1613 3639 1912 3694 aestimas?

310 3725 434 3780 Dixi
473 3725 764 3794 siquidem,
801 3727 973 3798 ignem
1003 3743 1069 3782 ex
1097 3728 1367 3785 caliditate
1394 3739 1448 3784 et
1480 3730 1722 3785 siccitate
1757 3746 1909 3784 com-

308 3819 465 3886 poni.
521 3815 584 3871 Si
629 3817 817 3872 dixero
866 3819 1120 3874 mundum
1174 3821 1334 3876 istum
1376 3822 1642 3877 visibilem
1689 3837 1797 3876 non
1843 3837 1907 3876 ex

309 3915 586 3976 quattuor
619 3907 1060 3963 substantialibus
1097 3907 1392 3972 elementis,
1423 3909 1514 3965 sed
1555 3926 1619 3966 ex
1656 3919 1912 3981 quattuor

307 3997 663 4051 solummodo
693 3997 1026 4068 simplicibus
1050 4001 1399 4069 qualitatibus
1425 4011 1696 4065 constare,
1723 4003 1911 4058 calidi-

307 4099 428 4146 tale
464 4077 760 4155 videlicet,
808 4091 1159 4157 humiditate,
1207 4091 1496 4163 l'rigiditate
1539 4103 1593 4147 et
1640 4093 1907 4160 siccitate,

309 4183 581 4250 quoniam
625 4191 681 4237 et
722 4182 824 4237 lioc
880 4182 1063 4238 multis
1097 4183 1270 4238 visum
1297 4192 1419 4249 est,
1462 4181 1710 4239 fortassis
1751 4199 1780 4238 a
1823 4199 1909 4238 me

309 4288 555 4342 quaeras
601 4287 615 4326 :
661 4274 706 4327 si
757 4288 886 4345 ergo
927 4282 1184 4344 quattuor
1230 4274 1579 4344 qualitatibus
1631 4281 1774 4329 totus
1821 4275 1910 4331 bic

309 4363 555 4416 mundus
587 4376 708 4417 cum
745 4363 856 4418 suis
893 4365 1209 4434 corporibus
1235 4380 1264 4418 a
1294 4377 1504 4419 summo
1539 4378 1710 4435 usque
1747 4365 1908 4420 deor-

309 4468 433 4507 sum
459 4463 700 4518 constat,
724 4455 872 4524 ipsae
897 4456 1187 4526 qualitates
1214 4455 1409 4526 quibus
1434 4457 1750 4512 substantiis
1777 4472 1906 4512 con-

311 4545 603 4599 tinentur?
645 4547 703 4600 Si
750 4548 894 4602 enim
927 4547 1214 4617 qualitates
1270 4557 1393 4602 sunt
1418 4548 1460 4613 ⁸,
1509 4564 1604 4617 per
1637 4564 1696 4604 se
1734 4549 1909 4603 subsi-

308 4647 462 4691 stere
501 4651 612 4690 non
653 4651 813 4706 posse
842 4654 968 4692 vera
1016 4640 1206 4693 edocet
1250 4640 1408 4693 ratio.
1459 4639 1524 4692 Et
1569 4653 1674 4692 non
1721 4650 1907 4708 potero

309 4725 592 4791 invenire,
621 4727 747 4796 quid
781 4728 1154 4797 respondeam,
1180 4728 1284 4782 hoc
1307 4736 1411 4790 est,
1439 4728 1634 4797 quibus
1661 4727 1906 4782 substan-

310 4815 405 4870 tiis
446 4817 604 4885 ipsae
641 4817 1017 4885 priuiordiales
1045 4830 1100 4873 et
1129 4818 1409 4888 generales
1438 4817 1756 4887 qualitates,
1781 4819 1906 4888 qui-

308 4909 415 4962 bus
441 4909 682 4963 mundus
711 4911 1079 4975 constituitur,
1123 4910 1447 4976 fulciuntur;
1488 4919 1543 4963 et
1569 4910 1714 4964 veris
1743 4910 1908 4964 ratio-

307 4999 480 5053 nibus
523 5000 851 5054 constrictus
893 5001 1049 5054 fateri
1091 5000 1462 5070 compellar',
1504 5008 1760 5070 quattuor
1788 4999 1918 5054 sub-

307 5088 593 5143 stantialia
617 5091 800 5144 mundi
821 5093 1087 5145 elementa
1114 5091 1433 5155 subsistere,
1457 5091 1509 5144 in
1533 5091 1730 5160 quibus
1754 5098 1910 5158 quat-

310 5191 442 5234 tuor
469 5181 799 5252 principales
831 5184 1119 5252 qualitates
1143 5184 1442 5241 consistunt
1461 5224 1474 5248 ,
1509 5199 1736 5253 quarum
1763 5183 1907 5237 coitu

2020 1809 2089 1862 tis
2131 1823 2220 1874 se,
2251 1825 2426 1879 neque
2468 1812 2710 1880 aequalis
2741 1812 2841 1866 sibi
2874 1824 3121 1879 naturae,
3156 1831 3320 1870 causa
3351 1833 3470 1872 esse
3513 1835 3609 1889 p0-

2019 1907 2144 1954 test.
2179 1900 2244 1954 Et
2291 1916 2436 1955 nunc
2475 1903 2541 1956 de
2579 1903 2758 1956 causis
2808 1904 3016 1973 agimus
3059 1906 3171 1959 sive
3201 1907 3608 1978 principalibus,

2017 1991 2131 2045 sive
2169 1992 2520 2060 sequentibus
2553 2001 2609 2046 et
2667 1996 3057 2050 concatenatis.
3109 1997 3174 2050 Et
3223 2000 3399 2053 omnis
3445 2016 3608 2058 causa

2017 2097 2119 2136 nec
2167 2099 2295 2138 vere
2350 2098 2450 2138 nec
2501 2093 2648 2140 recte
2699 2101 2861 2140 causa
2921 2087 3024 2141 dici
3084 2099 3298 2158 potest,
3353 2093 3605 2159 quoniam

2015 2189 2143 2230 vere
2182 2191 2342 2230 causa
2388 2191 2492 2229 non
2535 2185 2649 2240 est,
2699 2192 2839 2246 quae
2893 2179 2946 2232 in
2994 2178 3216 2237 ell‘cctus
3261 2199 3388 2238 suos
3427 2200 3608 2240 erum-

2017 2282 2147 2336 pere
2193 2267 2384 2321 nescit.
2424 2267 2656 2323 Omnino
2685 2271 2826 2323 enim
2855 2270 3136 2327 effectibus
3170 2289 3402 2344 pl‘Opl‘llS
3429 2284 3604 2341 caret,

2017 2375 2246 2429 quorum
2274 2376 2436 2415 causa
2457 2362 2650 2415 merito
2675 2372 2858 2432 posset
2876 2363 2920 2404 1³
2943 2367 3144 2419 vocari.
3161 2365 3398 2435 Corpora
3423 2379 3604 2423 autem

2017 2449 2388 2518 corruptibilia
2426 2449 2625 2504 nullius
2671 2451 2896 2506 ellectus
2939 2469 3101 2508 causa
3151 2465 3294 2520 sunt,
3347 2471 3603 2524 quoniam

2017 2537 2216 2592 nullam
2259 2547 2506 2592 naturam
2546 2539 2612 2594 de
2658 2555 2716 2594 se
2753 2541 3011 2612 gignunt,
3056 2558 3177 2596 cum
3223 2543 3463 2598 omnium
3511 2562 3607 2598 na-

2019 2639 2266 2684 turarum
2301 2639 2600 2685 extremum
2650 2640 2813 2702 atque
2861 2632 3104 2687 infimum
3154 2649 3218 2688 ac
3261 2648 3424 2703 pr0pe
3471 2635 3604 2689 nihil

2015 2721 2296 2776 obtineant
2342 2722 2539 2778 locum.
2597 2723 2908 2794 Spiritualia
2961 2735 3141 2780 autem
3194 2743 3419 2799 corpora
3474 2730 3608 2784 sim-

2015 2811 2174 2882 plicia
2218 2812 2261 2843 “
2309 2822 2475 2878 sunt,
2528 2829 2592 2868 ac
2640 2829 2738 2884 per
2782 2816 2885 2870 hoc
2941 2816 3244 2872 insolubilia
3295 2829 3351 2873 et
3397 2819 3443 2851 "
3490 2836 3606 2875 ma-

2017 2903 2197 2957 nentia
2221 2944 2234 2968 ,
2271 2903 2443 2958 donec
2481 2913 2624 2958 totus
2656 2905 2757 2960 iste
2789 2906 3018 2960 mundus
3046 2922 3166 2960 cum
3199 2909 3442 2976 partibus
3471 2912 3602 2977 suis,

2017 2992 2141 3047 dum
2166 2992 2234 3047 ad
2259 3007 2414 3048 suum
2447 2993 2490 3024 ¹⁶¹
2522 2993 2681 3048 ﬁnem
2721 2997 3049 3064 pervenerit,
3081 2997 3343 3053 solvatur.
3376 3001 3440 3054 Et
3471 3003 3607 3056 haec

2014 3098 2241 3154 corpora
2259 3085 2434 3139 adhuc
2451 3085 2493 3116 ¹⁷
2518 3085 2946 3154 incorruptibilia
2965 3097 3021 3142 et
3043 3089 3346 3145 insolubilia
3370 3109 3473 3147 non
3499 3095 3604 3150 nisi

2015 3173 2068 3228 in
2099 3183 2357 3242 quattuor
2383 3175 2666 3266 catholiqis
2700 3177 3087 3248 principalibus
3117 3179 3163 3216 "
3191 3182 3605 3255 purissimisque

2014 3264 2066 3318 in
2089 3267 2283 3336 seipsis
2305 3275 2358 3322 et
2389 3264 2723 3336 simplicibus
2750 3278 2806 3324 et
2853 3271 3110 3326 dicuntur
3141 3281 3197 3327 et
3227 3273 3601 3345 intelliguntur

2013 3357 2332 3423 elementis;
2364 3369 2549 3414 cetera
2575 3376 2705 3415 vero
2754 3377 3006 3430 corpora,
3048 3379 3188 3433 quae
3234 3365 3486 3421 videntur
3533 3384 3600 3422 ex

2013 3470 2199 3509 eorum
2228 3454 2579 3524 qualitatibus
2611 3458 2652 3490 ¹⁹
2695 3459 3014 3527 composita,
3061 3461 3316 3528 quoniam
3345 3469 3400 3516 et
3447 3477 3601 3516 com-

2012 3549 2136 3617 poni
2189 3557 2242 3602 et
2290 3549 2422 3602 solvi
2473 3561 2714 3618 possunt,
2759 3551 3036 3605 non'inter
3075 3565 3294 3614 causas,
3335 3554 3428 3607 sed
3461 3553 3603 3608 inter

2013 3646 2285 3693 extremos
2312 3639 2553 3704 eli'ectus,
2582 3642 2671 3710 qui
2701 3641 2764 3694 de
2791 3657 2849 3696 se
2880 3641 3011 3695 nihil
3033 3640 3292 3708 efﬁciunt,
3334 3661 3362 3700 a
3389 3644 3604 3714 sapien-

2013 3729 2157 3783 tibus
2209 3740 2606 3799 computantur.
2663 3729 3070 3800 Simplicissima
3104 3734 3268 3788 etiam
3313 3749 3369 3795 et
3426 3735 3602 3805 puris-

2013 3817 2146 3871 sima
2172 3827 2226 3871 et
2260 3834 2476 3874 sensum
2520 3835 2836 3890 corporeum
2866 3820 3124 3893 fugientia
3154 3831 3410 3893 quattuor
3442 3820 3599 3890 hujus

2012 3908 2197 3962 mundi
2225 3907 2487 3964 elementa
2519 3911 2585 3965 ad
2616 3926 2776 3964 unam
2813 3912 3111 3981 simplicem
3161 3921 3215 3966 et
3265 3913 3596 3967 individuam

2012 4011 2228 4051 causam
2260 3999 2466 4068 solique
2498 3999 2792 4054 intellectui
2824 4000 3339 4069 pet-lectissimorum
3382 4002 3600 4071 sapien-

2014 4098 2124 4142 tum
2155 4092 2422 4160 cognitam
2460 4091 2789 4155 rcl'eruntur,
2841 4093 2943 4146 hoc
2987 4101 3094 4157 est,
3141 4092 3207 4145 ad
3257 4091 3600 4162 generalissi-

2013 4196 2178 4244 mam,
2205 4191 2260 4236 et
2293 4181 2344 4235 in
2383 4183 2559 4252 seipsa
2595 4198 2808 4252 semper
2833 4192 3139 4238 manentem
3169 4183 3596 4237 substantiarum

2012 4274 2252 4327 omnium
2295 4274 2360 4327 ad
2392 4274 2632 4330 visibiles
2663 4274 2889 4329 eil‘ectus
2910 4275 2954 4305 ὀ
2985 4274 3390 4344 procedentium
3417 4290 3601 4330 essen-

2016 4365 2166 4418 tiam.
2202 4363 2463 4418 Similiter
2489 4373 2543 4419 et
2574 4365 2639 4420 de
2667 4374 2924 4434 quattuor
2939 4381 3125 4421 eorum
3157 4363 3597 4436 primordialihus

2018 4470 2081 4508 ac
2128 4454 2364 4522 propriis
2398 4453 2747 4523 qualitatibus
2777 4472 2880 4510 non
2913 4455 3206 4525 incongrue
3257 4455 3592 4525 intelligitur.

2017 4544 2149 4601 Cum
2180 4546 2323 4600 enim
2364 4547 2511 4615 ipsae
2558 4547 2774 4602 sibimet
2807 4548 3114 4602 contrariae
3141 4547 3442 4612 videantur,
3475 4564 3598 4603 nam

2017 4635 2265 4691 caliditas
2318 4635 2600 4704 frigiditati
2651 4637 2960 4706 opponitur,
3005 4637 3311 4692 bumiditati
3359 4637 3598 4704 siccitas,

2016 4728 2080 4781 ad
2104 4745 2264 4782 unam
2294 4738 2470 4784 tamen
2505 4730 2926 4786 secretissimam
2953 4745 3017 4784 ac
3041 4730 3381 4785 solummodo
3403 4731 3597 4786 rationi

2014 4820 2310 4888 subjectam
2337 4822 2826 4884 redeuntcausam,
2862 4820 2928 4876 ad
2965 4822 3430 4892 generalissimam
3479 4821 3599 4876 dico

2013 4912 2251 4966 omnium
2300 4911 2620 4981 qualitatum
2670 4911 3024 4981 qualitatem,
3074 4929 3142 4968 cx
3201 4929 3303 4982 qua
3367 4910 3598 4965 mirabili

2017 5011 2239 5058 naturae
2264 5018 2426 5072 opere
2455 5005 2496 5034 "
2534 5004 2600 5058 ad
2639 5003 2918 5058 eilicienda
2961 5005 3096 5059 haec
3132 5019 3359 5075 corpora
3413 5016 3602 5054 corru-

2013 5094 2217 5163 ptibilia
2270 5109 2333 5150 ac
2375 5094 2626 5149 solutioni
2681 5095 2913 5151 obnoxia
2958 5096 3275 5165 procedunt,
3307 5102 3361 5145 et
3400 5090 3454 5143 in
3492 5102 3599 5158 qua

2014 5182 2264 5236 incll‘abili
2299 5184 2620 5240 universalis
2672 5194 2898 5240 naturae
2928 5185 3149 5254 pacilica
3181 5180 3463 5236 concordia
3496 5178 3600 5232 siti

1629 5336 1883 5393 VARIAE
1921 5336 2323 5395 LECTIONES.

388 5454 406 5485 ⁸
448 5453 511 5524 AA
532 5469 813 5524 quaenam.

310 5537 426 5578 om.
471 5522 553 5576 C.‘
633 5524 655 5557 "
692 5523 734 5580 C
771 5541 969 5580 eorum.

315 5594 364 5676 ‘f
401 5593 710 5676 C‘co‘rpora
752 5595 926 5676 aditu:
956 5595 1242 5676 simplicia.
1321 5596 1366 5630 ³⁵
1403 5607 1597 5676 egon).-
1635 5594 1697 5649 C-

890 5457 910 5488 ’
952 5457 997 5512 A
1033 5457 1212 5527 igitur.
1289 5457 1310 5488 ³
1349 5457 1393 5510 Α
1432 5455 1657 5527 dixerim
1685 5470 1816 5527 esse.

1076 5527 1099 5560 ⁸
1132 5527 1175 5580 Α
1211 5529 1336 5582 sint.
1435 5525 1458 5556 ⁹
1495 5528 1536 5580 Δ
1578 5523 1875 5593 compellor.

1911 5452 1934 5484 ⁸
1969 5452 2011 5506 C
2047 5467 2180 5515 om.,
2223 5452 2265 5506 Α

1981 5524 2024 5555 ¹⁰
2061 5527 2101 5577 Α
2145 5523 2257 5577 illo.

1815 5592 1877 5647 ".
1920 5610 2071 5648 suum
2105 5609 2215 5649 om.
2257 5594 2323 5648 A.

2816 5453 2838 5484 ⁸
2875 5451 2918 5504 Δ
2952 5459 3026 5503 cst
3061 5445 3308 5516 qualitas.
3346 5514 3353 5516 _
3413 5434 3435 5465 ⁸
3465 5445 3598 5516 ignis

2832 5522 2873 5553 ¹¹
2909 5521 2953 5572 Α
2993 5514 3115 5571 mc.
3248 5515 3293 5548 "
3332 5514 3372 5568 Δ
3411 5514 3592 5585 pnasit.

3059 5586 3102 5620 ³⁸
3140 5585 3182 5639 Α
3220 5585 3596 5655 principalibus

2300 5469 2480 5524 quam,
2592 5470 2714 5523 quo.

2359 5525 2401 5556 “
2441 5523 2483 5576 C
2520 5525 2728 5576 ducere.

2437 5594 2479 5626 "
2515 5593 2688 5646 adhuc
2731 5605 2838 5645 om.
2885 5588 2946 5642 (ἶ.

309 5673 362 5722 α
386 5655 721 5740 εαειιοιέεἱεη
771 5665 814 5700 ι’
836 5667 880 5722 Α
905 5683 969 5723 ει
999 5655 1076 5721 eis
1097 5667 1296 5740 (eorum
1322 5665 1663 5737 qualitatibus
1685 5664 1841 5736 om.).
1917 5665 1962 5696 ’°
1985 5665 2073 5737 qui
2097 5665 2225 5721 dese
2249 5663 2378 5719 nihil
2405 5663 2713 5733 a/ﬁciimt—
2730 5659 2946 5729 effectu:
2974 5672 3083 5717 om.
3113 5655 3152 5716 Β
3191 5655 3252 5715 C.
3329 5657 3372 5690 ⁸³
3409 5656 3454 5712 Δ
3480 5671 3592 5727 ope.
