3912 6154
246 273 349 331 607

1631 231 1919 300 JOANNIS
1966 229 2168 288 SCOTI

3402 234 3515 294 808

250 372 506 437 invicem,
554 377 759 427 remota
809 365 954 422 omni
1003 361 1405 425 contrarietate,
1461 356 1825 415 consentiunt.
1860 348 2092 412 Annius
2113 346 2389 437 essemjli
2419 355 2682 417 ςυειηιιιω
2722 348 3509 421 ωίὶιίεοησεάῖῑπιίηιθιῆεοο

252 465 403 520 Dtsc.
454 461 567 516 Hac
595 461 777 515 ultima
810 456 1152 512 conclusione
1198 451 1437 521 undique
1483 455 1693 517 septum
1739 458 1841 498 me,

256 555 437 615 video,
471 550 779 617 nullamque
818 547 959 600 viam
999 541 1262 597 evadendi
1292 553 1591 601 remanere,
1620 551 1683 591 ac
1732 548 1829 604 per

256 645 359 698 hoc
374 641 539 713 priori
563 655 629 694 ex
653 648 703 691 te
719 635 961 705 prolatae
978 632 1284 689 sententiae
1310 629 1621 686 consentire
1642 638 1826 696 cogor,

257 742 393 787 utet
437 745 536 800 ego
576 730 773 792 dicam,
817 740 978 780 unam
1024 738 1243 779 causam
1287 738 1357 779 ex
1403 721 1610 777 duabus
1653 717 1831 775 causis

257 822 422 877 liuere
447 835 551 874 non
580 818 739 872 facile
768 817 963 871 rationi
986 815 1244 870 occurrit.
1270 812 1408 867 MAG.
1461 810 1600 877 Quid
1626 810 1789 880 igitur
1810 807 1829 838 ⁸

257 911 543 968 dicemus?
572 909 710 963 Num
734 908 997 976 Spiritum
1015 912 1280 967 sanctum,
1311 917 1474 972 quem
1499 897 1834 955 distributio-

259 1003 343 1056 nis
368 1002 630 1056 donorum
654 999 865 1053 divinae
890 997 1165 1059 bonitatis,
1195 995 1312 1049 sive
1336 1007 1548 1053 eorum,
1570 1005 1710 1061 quae
1749 1004 1836 1044 se-

256 1091 489 1146 cundant
518 1089 878 1145 substantiam
934 1096 1061 1143 sunt
1106 1087 1149 1151 ’,
1199 1086 1313 1141 sive
1362 1099 1502 1153 quae
1539 1083 1834 1138 secundum

258 1183 510 1253 gratiam,
541 1181 810 1235 infinitam
850 1190 905 1233 et
935 1179 1311 1234 inexhaustum
1366 1176 1837 1245 largissimumque

256 1280 315 1327 et
340 1272 622 1341 plusquam
646 1270 1004 1337 largissimum
1034 1281 1252 1321 causam
1281 1279 1402 1319 esse
1425 1262 1692 1319 catholice
1711 1276 1840 1317 con-

259 1359 476 1413 litemur
511 1358 553 1425 ³,
593 1374 661 1413 ex
711 1373 814 1411 una
840 1371 1027 1417 causa,
1057 1357 1159 1409 hoc
1205 1362 1311 1418 est,
1355 1368 1423 1406 ex
1465 1352 1644 1410 Patre,
1677 1366 1743 1404 an
1773 1364 1839 1404 ex

260 1449 467 1503 dualms
493 1448 691 1514 causis,
715 1444 875 1502 Patre
898 1456 952 1500 et
981 1446 1135 1511 Filio,
1164 1442 1457 1513 procedere
1484 1439 1723 1510 profiteri
1751 1439 1846 1492 de-

260 1538 484 1592 bemus?
522 1537 668 1591 Dtsc.
698 1536 787 1589 llla
816 1533 1082 1603 exempla,
1127 1547 1265 1601 quae
1310 1546 1373 1585 ex
1424 1540 1616 1583 natura
1664 1540 1842 1581 rerum

260 1629 602 1698 protulimus,
634 1629 734 1682 hoc
768 1627 949 1680 dicere
975 1625 1195 1679 omnino
1226 1621 1532 1692 prohibent,
1584 1620 1688 1673 hoc
1739 1626 1842 1682 est,

1929 439 2203 509 Siquidem
2227 420 2561 509 impossibile
2583 449 2688 507 est,
2714 452 2772 497 ut
2793 444 3090 511 etgiguens
3114 451 3169 497 et
3200 420 3506 512 geuitusiet

1929 534 2228 601 procedens
2252 548 2357 587 una
2390 533 2695 588 substantia
2726 534 2820 589 sit.
2839 534 2974 590 Tres
2995 544 3172 592 autem
3199 549 3323 591 esse
3347 546 3510 589 natu-

1930 622 2059 678 ralis
2073 625 2325 679 admouet
2344 624 2481 679 ratio
2496 626 2791 680 secundum
2807 626 3154 689 substantias,
3170 629 3303 682 dum
3314 637 3445 681 sunt
3460 631 3474 658 '
3486 634 3511 658 ⁸

1931 729 2093 767 unum
2110 714 2412 769 secundum
2436 718 2749 771 essentiam.
2766 715 2901 771 Nam
2918 727 2969 771 et
2987 718 3257 772 Abraham
3277 730 3330 773 et
3350 718 3507 775 Isaac

1928 814 1983 857 et
2006 803 2174 858 Jacob
2208 820 2371 859 unum
2403 816 2529 860 sunt
2545 806 2699 876 juxta
2736 808 2779 841 ⁸⁸
2807 808 3108 865 naturalem
3139 812 3505 865 essentialth

1926 902 2060 958 tem,
2099 904 2210 951 tres
2242 911 2372 951 vero
2422 899 2719 952 secundum
2769 900 3175 955 substantialem
3233 901 3499 956 dil’eren-

1935 986 2088 1038 tiam.
2120 983 2187 1038 Et
2222 984 2323 1039 hoc
2351 985 2652 1054 exemplum
2684 987 2736 1039 in
2763 989 3014 1041 omnibus
3057 988 3343 1056 generibus
3382 997 3440 1041 et
3476 986 3529 1018 ¹⁶

1936 1072 2129 1128 formis
2180 1081 2235 1128 et
2286 1074 2574 1129 individuis
2625 1074 2885 1130 facillime
2931 1077 3176 1131 veritatis
3230 1077 3532 1146 inquisitor

1939 1165 2196 1219 inveniet.
2244 1165 2389 1219 DISC.
2426 1164 2564 1233 Quid
2593 1167 2772 1235 itaque
2801 1167 2867 1220 de
2910 1167 3012 1222 hac
3057 1167 3327 1235 praesenti
3356 1180 3534 1236 quae-

1941 1255 2116 1309 stione
2134 1255 2468 1323 multumque
2492 1255 2693 1312 difﬁcili
2720 1266 2982 1327 conceptu
3005 1258 3059 1312 iu
3092 1258 3274 1313 animo
3297 1259 3532 1325 habeas,

1944 1344 2155 1414 detege,
2175 1345 2219 1399 si
2247 1344 2441 1414 placet,
2473 1360 2539 1400 ne
2567 1355 2676 1400 tam
2702 1346 2791 1400 diu
2818 1346 2871 1400 in
2894 1347 3093 1401 eisdem
3123 1347 3254 1402 locis
3277 1347 3540 1401 demore-

1944 1452 2088 1502 ntur,
2111 1438 2236 1491 dum
2258 1437 2324 1491 ad
2341 1446 2544 1504 cetera,
2567 1453 2706 1507 quae
2734 1446 2967 1505 restant,
2985 1439 3299 1508 exponenda
3328 1439 3540 1494 debea-

1947 1541 2069 1580 mus
2091 1525 2416 1581 accelerare.

2017 1617 2104 1672 32.
2140 1618 2279 1672 MAG.
2319 1618 2498 1684 Dicas,
2530 1626 2674 1688 peto.
2725 1616 2863 1672 Num
2908 1618 3002 1672 tibi
3043 1618 3254 1673 videtur
3290 1632 3359 1673 ex
3407 1618 3541 1688 igne

263 1696 370 1774 non
398 1735 465 1773 ex
493 1719 718 1779 duabus,
746 1719 839 1771 sed
871 1733 936 1771 ex
966 1732 1070 1771 una
1098 1716 1411 1785 procedere,
1443 1713 1543 1766 nisi
1568 1712 1706 1765 forte
1727 1710 1847 1779 quis
1880 1727 1924 1786 Β
1952 1708 2161 1760 radium
2194 1707 2366 1771 nasci,
2414 1716 2472 1763 et
2519 1696 2586 1760 es
2620 1706 2772 1760 radio
2812 1706 3151 1775 splendorem
3195 1705 3487 1775 procedere
3510 1707 3542 1759 ?

265 1812 430 1872 dicat,
458 1811 720 1865 rationem
786 1824 1030 1864 sunnnae
1072 1818 1233 1877 atque
1279 1803 1563 1861 inell‘abilis
1587 1802 1610 1835 ⁸
1640 1802 1851 1857 divinae

266 1899 547 1954 Trinitatis
583 1908 809 1953 naturae
842 1897 1093 1952 conditae
1128 1895 1373 1965 exempla
1402 1907 1678 1963 superare.
1709 1890 1848 1946 MAG.

268 1988 325 2043 Si
355 1988 475 2060 quis
521 1989 623 2042 hoc
671 1986 889 2050 dixerit,
937 1985 1221 2041 confestim
1269 1982 1682 2052 interrogandus
1724 1979 1850 2044 erit,

271 2079 411 2131 unde
435 2092 565 2143 ergo
593 2076 807 2130 divinae
836 2075 1093 2129 bonitatis
1119 2074 1141 2105 '
1166 2073 1488 2128 Trinitatem
1543 2072 1595 2126 in
1624 2070 1850 2135 unitate,

268 2175 324 2220 et
350 2166 613 2220 unitatem
648 2167 701 2220 in
728 2164 990 2221 Trinitate
1014 2178 1277 2234 quaerere
1300 2173 1356 2217 et
1378 2161 1707 2231 investigare
1730 2173 1855 2229 pos-

268 2273 475 2318 sumus,
500 2266 558 2327 ut
586 2257 788 2325 aliquid
828 2258 893 2312 de
918 2272 1006 2322 ea,
1034 2272 1140 2327 quo
1178 2271 1300 2312 eam
1330 2254 1630 2331 laudemus,
1659 2251 1854 2307 verisi-

260 2348 397 2402 mile
423 2349 729 2413 credamus,
780 2355 836 2403 et
875 2357 1137 2418 quantum
1169 2347 1349 2410 datur,
1382 2343 1768 2414 intelligamus,
1810 2344 1856 2398 si

271 2454 381 2494 non
411 2439 433 2469 ’ί
477 2440 627 2511 prius
670 2439 822 2509 quasi
869 2438 1191 2509 quibusdam
1246 2434 1549 2508 gradibus"
1599 2433 1859 2504 exemplis

273 2540 502 2586 naturae
523 2533 589 2585 ab
611 2546 673 2585 ea
699 2530 949 2585 conditae
985 2530 1052 2584 ad
1079 2544 1198 2583 eam
1226 2528 1603 2591 ascendamus,
1636 2542 1699 2581 ea
1725 2527 1860 2581 duce

274 2629 436 2688 atque
483 2620 892 2688 praecipiente:
930 2617 1180 2682 Quaerite
1226 2626 1275 2670 et
1323 2616 1644 2671 invenietis?
1698 2614 1861 2669 Prae-

274 2710 463 2764 sertim
496 2710 687 2763 Divino
716 2708 882 2763 Paulo
913 2717 1145 2763 testante
1176 2726 1190 2762 :
1234 2707 1532 2761 Invisibilia
1561 2708 1698 2761 enim
1721 2707 1860 2777 ejus,

276 2801 475 2871 inquit,
500 2801 554 2853 id
577 2810 651 2854 est
701 2798 904 2865 Patris,
950 2816 981 2853 a
1015 2810 1255 2853 creatura
1284 2800 1466 2853 mundi
1506 2816 1598 2868 per
1636 2816 1697 2853 ea
1728 2815 1863 2869 quae

277 2889 421 2961 facta
443 2900 562 2944 sunt
590 2889 849 2944 intellecta
875 2890 1284 2959 conspiciuntur,
1322 2890 1635 2959 sempiterna
1663 2904 1863 2958 quoque

277 2977 393 3048 ejus
419 2979 606 3043 virtus,
630 2976 734 3033 hoc
760 2986 842 3033 est
870 2977 1060 3042 Filius,
1090 2987 1136 3032 et
1169 2979 1471 3042 aeternitas,
1495 2977 1601 3031 hoc
1630 2986 1714 3030 est
1744 2976 1865 3046 Spi-

1952 1796 2098 1851 DISC.
2127 1796 2381 1864 Quisquis
2423 1796 2527 1851 hoc
2570 1796 2789 1859 dixerit,
2822 1794 2891 1850 ei
2941 1805 3169 1850 naturae
3202 1811 3380 1850 rerum
3409 1795 3544 1848 dili—

1951 1887 2095 1956 genti
2115 1876 2545 1941 consideratione
2573 1901 2678 1941 non
2711 1887 3000 1956 discrepat,
3029 1895 3090 1939 ut
3114 1887 3366 1941 arbitror.
3391 1885 3547 1956 Ignis

1952 1975 2119 2039 enim,
2146 1990 2268 2030 cum
2316 1976 2387 2029 sit
2428 1990 2524 2044 per
2566 1990 2624 2029 se
2651 1974 2952 2036 invisibilis,
2996 1975 3261 2028 visibilem
3293 1975 3335 2006 "
3379 1976 3448 2029 de
3476 1989 3545 2029 se

1953 2066 2162 2120 radium
2193 2066 2381 2136 gignit,
2416 2066 2507 2134 qui
2536 2066 2700 2120 etiam
2727 2080 2825 2133 per
2862 2080 2922 2120 se
2954 2064 3236 2119 invisibilis
3261 2072 3409 2118 esset
3437 2079 3545 2118 na-

1954 2163 2110 2210 turae
2149 2170 2278 2210 suae
2324 2156 2668 2224 simplicitate
2724 2154 3045 2219 subsistens,
3104 2153 3150 2207 si
3208 2152 3547 2222 corpulentis

1956 2249 2261 2318 crassisque
2289 2250 2499 2303 naturis
2526 2265 2633 2303 non
2661 2248 3076 2304 immisceretur.
3107 2247 3275 2302 Aiunt
3318 2248 3364 2279 "'
3392 2248 3544 2302 enim

1963 2342 2287 2412 philosophi,
2316 2342 2525 2396 radium
2556 2340 2698 2396 Solis
2722 2340 3034 2395 animalium
3064 2340 3309 2396 sensibus
3330 2339 3547 2394 incom-

1957 2432 2376 2504 prehensibilem
2410 2447 2550 2496 esse,
2579 2441 2805 2487 naturae
2833 2432 2999 2501 ipsius
3044 2432 3393 2486 subtilitatem
3434 2445 3548 2485 non

1958 2524 2250 2578 valentium
2280 2520 2322 2553 "
2351 2523 2588 2589 sentire;
2627 2523 2751 2576 dum
2794 2531 2972 2576 autem
3013 2521 3278 2591 gradatim
3311 2509 3361 2573 a'
3376 2518 3551 2574 solari

1958 2630 2188 2686 corpore
2220 2616 2286 2669 ad
2315 2614 2569 2670 inferiora
2619 2617 2884 2670 elementa
2925 2614 3223 2678 descendit,
3280 2613 3547 2682 paulatim

1962 2708 2149 2777 incipit
2176 2721 2462 2778 apparere.
2509 2705 2748 2761 Primum
2778 2707 2994 2776 quidem
3023 2707 3077 2760 in
3121 2708 3339 2760 aethere
3368 2705 3558 2775 puris-

1962 2799 2102 2854 simo
2131 2799 2221 2852 vix
2268 2798 2450 2853 lucere
2494 2799 2734 2863 inchoat,
2784 2799 3039 2868 quoniam
3089 2798 3257 2867 ipsius
3302 2796 3555 2852 aetheris

1964 2897 2156 2943 natura
2175 2887 2274 2958 ipsi
2289 2888 2561 2941 simillima
2577 2896 2695 2953 est;
2724 2888 3075 2959 progrediens
3101 2902 3230 2942 vero
3249 2887 3459 2958 longius
3480 2887 3556 2941 ad

1964 2979 2258 3049 superioris
2285 2976 2444 3046 hujus
2469 2977 2610 3032 aeris
2633 2987 2833 3048 partes,
2867 2977 3122 3047 paulatim
3161 2977 3411 3033 clarescit
3437 2992 3453 3040 ;
3484 2990 3558 3030 ac

279 3068 418 3123 ritus
446 3077 689 3123 sanctus.
719 3066 797 3121 lta
827 3066 971 3125 enim
1000 3068 1143 3121 hunc
1171 3065 1346 3121 locum
1384 3080 1574 3120 sacrae
1622 3064 1864 3135 Scriptu-
1891 3066 1936 3128 Ο
1968 3070 2183 3135 deinde,
2211 3070 2264 3125 in
2292 3081 2553 3140 quantum
2576 3069 2872 3125 crassiores
2895 3078 3113 3123 naturas
3134 3076 3378 3139 penetrat
3396 3068 3561 3123 deor-

282 3172 375 3213 rae
404 3158 596 3212 beatus
647 3156 913 3212 Maximus
964 3157 1216 3227 exponit.
1262 3155 1409 3210 Disc.
1445 3154 1605 3222 Quid,
1653 3155 1697 3209 si
1742 3154 1865 3223 quis

282 3248 500 3311 dixerit,
531 3247 750 3303 Patrem
784 3256 838 3301 et
864 3244 1058 3301 Filium
1089 3262 1195 3300 non
1219 3248 1355 3300 duas
1383 3260 1576 3301 causas
1595 3260 1740 3309 esse,
1770 3243 1865 3300 sed

279 3350 443 3390 unam
474 3343 530 3388 et
573 3333 984 3404 inseparabilem
1020 3349 1260 3400 causam,
1288 3334 1403 3403 ipso
1434 3333 1570 3388 Filio
1612 3334 1863 3388 dicente:

289 3418 399 3494 Ego
419 3434 465 3478 ct
489 3424 822 3478 Palerunum
849 3424 1067 3478 sumus?
1098 3424 1235 3478 MAG.
1261 3422 1398 3478 Huic
1418 3438 1631 3496 quoque
1648 3439 1870 3495 respou-

286 3518 516 3572 deudum
542 3524 643 3571 est.
671 3514 805 3570 Tres
818 3531 1014 3571 causae
1044 3514 1257 3570 divinae
1279 3515 1561 3580 bonitatis,
1583 3516 1649 3585 de
1673 3517 1870 3586 quibus

286 3622 432 3663 nunc
476 3607 703 3676 agimus,
739 3620 844 3660 non
875 3606 927 3659 in
965 3607 1077 3675 ipsa
1104 3605 1361 3670 essentia,
1393 3618 1531 3674 quae
1575 3620 1678 3659 una
1710 3616 1872 3674 atque

286 3696 475 3752 eadem
506 3702 613 3760 est,
660 3695 752 3750 sed
791 3695 844 3749 in
884 3694 998 3764 ipsa
1039 3695 1210 3765 ipsius
1243 3697 1512 3750 essentiae
1541 3695 1871 3750 substantia-

284 3801 410 3840 rum
451 3786 584 3841 vel8
638 3801 987 3856 personarum
1037 3786 1303 3841 Trinitate
1357 3796 1706 3855 quaeruntur.
1756 3784 1874 3841 Non

289 3879 433 3934 enim
459 3877 737 3934 confundit
753 3878 1066 3937 dualitatem
1089 3880 1110 3912 ⁹
1141 3894 1516 3952 personarum,
1548 3881 1674 3936 dum
1699 3880 1831 3935 dicit
1855 3896 1872 3935 :

290 3967 404 4040 Ego
427 3979 474 4024 et
500 3966 662 4023 Pater
681 3986 841 4024 unum
867 3987 1067 4025 sumus.
1093 3969 1227 4025 Nam
1249 3986 1354 4027 non
1384 3971 1459 4025 ait
1475 3990 1487 4026 :
1506 3970 1617 4042 Ego
1640 3981 1686 4026 et
1715 3967 1876 4026 Pater

293 4075 453 4114 unum
484 4076 617 4122 sum,
649 4060 744 4116 sed
766 4077 969 4128 sumus,
997 4062 1285 4118 ostendens
1321 4072 1377 4118 et
1404 4064 1672 4119 essentiae
1696 4063 1877 4118 unita-

294 4156 402 4204 tem
432 4157 490 4205 et
526 4150 951 4206 substantiarum
982 4150 1339 4208 differentiam
1385 4155 1450 4208 ιθ.
1498 4154 1563 4208 Et
1613 4154 1880 4224 siquidem

295 4238 500 4296 diceret
514 4259 526 4295 :
539 4239 647 4312 Ego
662 4254 707 4295 et
723 4238 887 4296 Pater
899 4253 944 4297 et
961 4241 1192 4313 Spiritus
1208 4254 1420 4299 sanctus
1439 4243 1479 4276 "
1497 4261 1660 4299 unum
1674 4261 1880 4311 sumus,

238 4323 256 4365 έ
296 4348 403 4388 non
432 4332 591 4388 aliter
616 4334 1064 4404 intelligeremus,
1092 4322 1197 4392 nisi
1244 4337 1406 4392 trium
1458 4338 1880 4393 substantiarum

1967 3174 2086 3214 sum
2120 3174 2328 3224 versus,
2361 3159 2413 3213 in
2438 3168 2648 3212 tantum
2696 3159 2925 3215 lucidius
2952 3158 3141 3220 elucet,
3198 3158 3560 3227 sensibusque

1969 3251 2245 3321 corporeis
2275 3250 2815 3319 comprehensibilem
2845 3266 2903 3306 se
2943 3259 3199 3320 praestat.
3241 3249 3441 3304 Verum
3483 3262 3560 3302 ex

1971 3340 2086 3408 ipso
2113 3339 2267 3394 radio
2293 3338 2545 3408 splendor
2573 3338 3027 3394 luculentissimus
3068 3347 3236 3394 totum
3287 3336 3557 3391 mundum

1972 3428 2218 3498 implens,
2242 3437 2295 3483 et
2319 3444 2385 3482 ex
2403 3427 2643 3485 omnium
2667 3443 2953 3499 corporum
2975 3427 3256 3498 superficie
3283 3425 3565 3492 resiliens,

1973 3516 2323 3587 diversasque
2344 3517 2587 3573 colorum
2618 3519 2827 3589 species
2847 3519 3105 3588 detegens
3123 3518 3406 3573 emittitur.
3434 3514 3568 3585 Ipse

1972 3625 2187 3681 quoque
2212 3610 2441 3665 naturali
2463 3625 2561 3666 sua
2592 3611 2852 3666 tenuitate
2879 3609 3186 3679 corporales
3207 3594 3396 3663 sensus
3417 3604 3571 3659 etfu-

1974 3713 2143 3774 geret,
2173 3704 2218 3758 si
2253 3720 2359 3759 non
2382 3719 2439 3759 se
2468 3702 2839 3774 corporalibus
2870 3701 2919 3734 ’°
2962 3702 3239 3758 elementis
3288 3710 3569 3768 tempera-

1976 3803 2077 3849 ret.
2105 3792 2248 3850 Mac.
2276 3793 2356 3848 Ita
2377 3803 2482 3859 est,
2514 3804 2567 3850 et
2594 3803 2907 3849 naturarum
2954 3793 3229 3864 inquisitio
3257 3807 3361 3846 non
3400 3788 3572 3844 aliter

1978 3884 2097 3940 ﬁeri
2136 3899 2294 3954 posse
2338 3886 2614 3955 perdocet.
2642 3883 2910 3954 Numquid
2940 3899 3069 3955 ergo
3113 3896 3365 3953 cogemur
3394 3879 3467 3945 ",
3504 3887 3572 3932 ut

1979 3974 2153 4046 ipsum
2199 3975 2562 4045 splendorem,
2605 3976 2697 4045 qui
2746 3990 2844 4046 per
2891 3982 3202 4030 nascentem
3232 3972 3438 4025 radium
3494 3968 3573 4022 ab

1980 4067 2106 4138 igne
2126 4066 2389 4135 procedit,
2409 4066 2541 4122 duas
2566 4080 2756 4121 causas
2782 4065 2981 4120 habere
3001 4062 3284 4119 dicamus?
3305 4060 3575 4128 Quamvis

1979 4160 2123 4216 enim
2150 4160 2218 4215 ab
2259 4160 2380 4229 igne
2420 4173 2518 4229 per
2556 4159 2765 4213 radium
2796 4156 3049 4228 procedat
3085 4156 3153 4221 ",
3197 4154 3335 4224 ignis
3380 4164 3571 4207 tamen

1981 4251 2318 4307 solummodo
2331 4265 2491 4306 causa
2509 4250 2677 4321 ipsius
2689 4257 2792 4315 est,
2809 4265 2916 4305 non
2945 4249 3145 4304 radius.
3175 4248 3329 4303 Sicut
3347 4245 3392 4277 "
3415 4243 3571 4299 enim

1986 4344 2099 4416 ipse
2122 4342 2306 4399 radius
2348 4358 2443 4413 per
2470 4356 2529 4398 se
2556 4358 2663 4397 non
2706 4341 3050 4407 subsisteret,
3090 4340 3133 4394 si
3162 4338 3226 4395 de
3253 4351 3415 4392 causa
3440 4349 3573 4400 sua,

298 4423 597 4479 trinitatem
637 4425 692 4480 in
743 4426 985 4496 ejusdem
1017 4426 1289 4482 essentiae
1334 4426 1541 4482 unitate
1580 4427 1883 4482 subsisten-
1911 4431 1964 4493 D
1986 4450 2125 4507 quae
2142 4446 2222 4491 est
2252 4436 2410 4506 ignis,
2441 4451 2547 4490 non
2583 4443 2917 4500 nasceretur,
2946 4434 3021 4488 ita
3047 4432 3299 4502 splendor
3340 4443 3439 4499 per
3483 4443 3580 4484 ra-

299 4519 431 4566 tem.
461 4513 527 4567 Et
553 4515 799 4581 quamvis
827 4516 905 4569 sic
931 4516 1131 4570 dictum
1153 4532 1272 4572 esse
1295 4533 1401 4572 non
1428 4518 1888 4588 reperiamus,ve-
1984 4527 2133 4583 dium
2164 4540 2269 4582 non
2293 4534 2455 4590 esset,
2491 4528 2593 4583 nisi
2616 4526 2766 4598 prius
2797 4541 2862 4581 ex
2902 4526 3071 4597 ipsius
3097 4524 3232 4579 radii
3253 4538 3414 4579 causa
3440 4532 3606 4593 pro-‘

303 4604 517 4658 rissimc
542 4613 720 4659 tamen
754 4606 824 4659 ita
852 4622 971 4662 esse
1006 4608 1364 4681 intelligamus
1386 4610 1453 4664 ¹².
1478 4600 1641 4667 Pater
1669 4613 1811 4667 enim
1833 4619 1889 4666 et

325 4689 494 4744 Filius
515 4702 569 4745 et
591 4690 823 4761 Spiritus
843 4705 1062 4751 sanctus
1091 4714 1253 4752 unum
1269 4709 1396 4753 sunt
1417 4710 1472 4754 et
1492 4710 1601 4755 tres
1631 4718 1815 4756 unum.
1838 4701 1886 4756 A

303 4779 465 4835 Patre
482 4782 743 4852 siquidem
759 4783 928 4840 Filius
949 4796 1031 4841 est
1049 4788 1277 4858 genitus,
1302 4798 1356 4842 et
1372 4788 1440 4844 ab
1456 4791 1642 4846 eodem
1662 4790 1818 4847 Patre
1844 4791 1888 4823 ⁸³

304 4869 537 4943 Spiritus
560 4881 644 4926 est
675 4877 988 4943 procedens.
1021 4879 1099 4933 Ac
1126 4895 1223 4948 per
1264 4881 1366 4934 hoc
1391 4878 1516 4934 dum
1545 4879 1701 4935 sacra
1739 4878 1892 4938 Scri-

302 4974 461 5034 ptura
485 4967 830 5034 praedicante
852 4978 907 5024 et
928 4972 1186 5027 suadente
1207 4972 1366 5026 audio
1386 4973 1690 5043 gignentem
1713 4983 1768 5029 et
1788 4990 1885 5045 ge-

314 5047 486 5099 nitum
510 5055 563 5101 et
581 5054 994 5115 procedentem,
1014 5061 1124 5108 tres
1144 5054 1478 5109 substantias
1502 5068 1597 5109 seu
1619 5068 1878 5125 personas

1987 4617 2222 4674 cederet.
2250 4616 2413 4672 Vides
2436 4618 2639 4687 itaque,
2658 4617 2868 4701 \nullant
2913 4617 3178 4671 rationem
3222 4616 3464 4684 exigere,
3514 4623 3581 4669 ut

1990 4710 2246 4781 splendor
2263 4726 2327 4765 ex
2360 4710 2567 4766 duabus
2589 4711 2769 4765 causis
2794 4711 3070 4781 procedat,
3087 4709 3335 4778 quamvis
3353 4722 3419 4762 ex
3443 4707 3582 4776 igne

1987 4816 2086 4873 per
2110 4800 2320 4855 radium
2346 4816 2571 4856 manare
2619 4788 2968 4872 intelligatur,
2996 4814 3183 4854 verum
3226 4814 3294 4853 ex
3321 4812 3425 4852 una
3474 4812 3579 4851 ea-

1990 4892 2220 4962 demque
2248 4907 2411 4948 causa
2440 4900 2494 4946 et
2516 4892 2724 4948 radium
2760 4893 2929 4958 nasci,
2971 4900 3027 4946 ct
3068 4890 3406 4961 splendorem
3442 4902 3581 4959 pro-

1991 4982 2208 5048 cedere,
2238 4997 2303 5038 ac
2331 4998 2428 5051 per
2472 4983 2573 5038 hcc
2601 4991 2656 5038 et
2683 4982 3021 5052 splendorem
3062 4996 3129 5035 ex
3166 4982 3285 5050 igne
3315 4979 3584 5045 radioque

1990 5065 2286 5124 procedere
2314 5057 2381 5121 ",
2416 5070 2612 5114 natura
2647 5075 2768 5128 ipsa
2789 5061 2833 5090 "
2863 5062 3125 5131 magistra
3158 5076 3265 5116 non
3296 5068 3460 5117 tacet.
3493 5060 3557 5117 Et

1604 5216 2283 5325 VARIEVLECTIONES.

1864 5322 1903 5355 β

1290 5385 1312 5416 ³
1338 5387 1391 5484 3‘
1409 5382 2199 5484 ηξεηπτξηξυζ;-ξ.,,ἓ..²ιαἰθ.
2221 5392 2492 5484 eadem."
2519 5389 2854 5484 ιξηεὲεέῑῖὶίξς

1663 5457 1702 5507 Α
1736 5456 2038 5526 σναηάίᾴηε.

1505 5520 1547 5554 ’⁸
1569 5523 1614 5578 Α
1632 5536 1686 5577 et
1713 5520 1781 5581 εἰ)
1810 5543 1871 5581 eo
1893 5525 2085 5587 (Patre
2112 5532 2251 5594 oni.)
2330 5529 2373 5563 “
2395 5531 2432 5583 Α
2468 5530 2596 5586 sint.

1622 5595 1666 5624 "
1718 5594 1758 5649 C
1809 5598 2064 5652 valentes.

1656 5665 1705 5697 ³³
1732 5666 1776 5721 Α
1810 5665 1920 5722 Sic.

399 5384 414 5414 ¹
440 5388 484 5437 Α
515 5401 658 5457 ergo.
738 5388 758 5418 '
814 5394 936 5440 sunt
975 5399 1107 5457 omL
1141 5385 1208 5440 Α.

315 5451 647 5511 ἐσηέιηιίίλ
691 5458 943 5512 divinam.
1019 5457 1040 5488 ⁸
1076 5455 1170 5509 Sic
1210 5454 1285 5519 C;
1331 5456 1371 5507 Λ
1408 5456 1533 5508 nisi.

387 5536 603 5594 sanctus
623 5543 733 5581 om.
765 5529 831 5582 A.
912 5527 953 5557 “
981 5527 1023 5578 Δ
1048 5526 1419 5594 intelligimus.

319 5590 362 5619 ”
402 5590 491 5644 Sic
525 5595 610 5658 υς
666 5597 705 5647 Α
746 5596 1073 5650 inuisibilem.
1151 5595 1195 5626 ⁸⁸
1224 5590 1287 5647 Ἀ
1324 5594 1540 5649 Dicunt.

314 5659 365 5709 ’ξ
400 5664 532 5717 duas
559 5680 746 5721 causas
777 5666 970 5722 habere
1000 5695 1069 5709 -
1119 5665 1352 5734 procedit
1373 5681 1484 5722 om.
1515 5663 1579 5719 C.

2931 5394 2953 5426 '
3010 5391 3116 5447 Pro
3169 5406 3292 5461 ergo
3360 5390 3563 5446 diritate

2451 5461 2471 5490 ’
2519 5459 2561 5515 ϐ
2616 5465 2958 5530 qualitatem.
3037 5462 3081 5495 "
3128 5461 3174 5516 (Ξ
3219 5459 3561 5530 infernum.

2298 5531 2432 5611 .“lzk
2468 5531 2596 5611 sint.
2676 5533 2719 5565 ³⁸
2744 5538 2786 5587 Α
2812 5533 3160 5611 ,ξεεεπόιιυιίι
3204 5531 3253 5611 ’ξ
3284 5543 3335 5583 et
3357 5544 3466 5611 ein.
3490 5532 3562 5585 Α.

2170 5599 2217 5630 ²⁰
2253 5598 2343 5653 Sic
2373 5598 2451 5664 C;
2508 5600 2547 5652 Α
2582 5602 3042 5668 contentioribus.
3117 5601 3163 5634 ⁸¹
3222 5602 3263 5655 Α
3294 5603 3562 5669 cogimur.

2170 5685 2257 5727 per
2293 5671 2387 5724 hoc
2416 5674 2783 5727 -—rroccdcre
2820 5688 2932 5727 om.
2968 5674 3033 5727 Δ.
3113 5672 3159 5704 ³⁸
3189 5672 3231 5727 Li
3268 5672 3394 5727 ista.

3268 5687 3394 5727 ηια.

2115 5461 2211 5513 'A
2258 5470 2369 5514 aut.

2000 5668 2130 5721 "ac
2164 5685 2257 5737 per
2293 5671 2387 5724 hoc
2416 5674 2783 5738 -proccdcre
2820 5688 2932 5730 om.
2968 5674 3033 5727 Δ.
