3884 6158
299 260 403 326 C09

1127 281 1214 336 DE
1249 281 1596 338 ‘DlVlSlONE
1635 269 1984 339 NATURAE.
2025 308 2092 319 -—
2130 277 2328 334 LIBER
2370 269 2748 336 SECUNDUS.

3445 277 3548 335 6H

299 392 476 447 adhuc.
506 395 750 446 virtutem
781 381 1017 462 ejusdem
1061 393 1287 462 exempli
1332 395 1567 446 intentus
1608 392 1866 461 perspice.
1903 396 1946 453 Α
1975 387 2114 442 sicut
2150 403 2250 458 ego
2274 390 2324 442 in
2359 389 2536 454 Patre,
2561 400 2614 444 et
2638 391 2800 445 Pater
2830 390 2882 444 in
2915 405 3000 446 me
3035 383 3094 456 ’ς
3142 382 3213 445 ita
3263 398 3315 444 et
3362 408 3457 459 ego
3493 404 3547 445 et

300 484 504 542 Badius
533 487 644 553 ipse
665 499 728 538 cx
757 486 876 550 igne
899 497 1126 537 nascens
1149 498 1251 537 non
1281 484 1353 536 ita
1383 483 1638 543 nascitur,
1685 491 1742 533 ut
1787 483 1865 549 εείο

294 585 548 645 gnentem
571 590 630 629 se
655 576 830 644 ignem
853 575 1064 628 deserat
1081 583 1171 628 aut
1195 573 1374 644 aliquo
1400 573 1558 627 modo
1578 573 1862 642 relinquat;

292 667 384 720 sed
413 666 486 719 ita
511 667 769 734 gignitur,
801 674 855 718 ut
889 665 1062 719 virtus
1095 668 1272 736 ignea,
1313 680 1450 734 quae
1505 679 1627 719 eum
1674 666 1866 733 gignit,

291 768 506 824 semper
531 764 586 808 et
613 755 811 822 ubique
841 754 1271 821 inseparabiliter
1297 762 1354 807 et
1381 754 1784 807 immutabiliter
1812 755 1864 807 in

290 861 356 901 eo
380 858 716 915 permaneat,
743 857 852 902 tota
883 849 934 902 in
965 857 1096 908 toto,
1118 856 1172 901 et
1198 856 1340 900 totus
1363 848 1414 900 in
1446 855 1575 910 tota,
1605 855 1660 900 et
1701 863 1864 902 unum

289 939 416 1002 duo,
440 951 496 995 et
523 941 628 996 duo
649 954 837 996 unum.
880 943 946 998 Et
985 944 1231 1013 quamvis
1254 942 1496 997 videatur
1525 941 1777 1010 splendor
1801 939 1866 992 de

290 1027 442 1082 radio
467 1029 635 1092 exire,
665 1045 770 1085 non
809 1041 987 1085 tamen
1031 1047 1094 1085 ex
1145 1033 1260 1101 ipso
1292 1033 1466 1094 radio,
1509 1031 1562 1086 in
1605 1041 1865 1097 quantum

290 1117 474 1173 radius
499 1128 602 1182 est,
626 1121 720 1174 sed
743 1134 808 1174 ex
853 1128 869 1161 ι
895 1122 1009 1190 ipsa
1039 1123 1236 1177 virtute
1258 1121 1516 1190 procedit,
1547 1136 1610 1174 ex
1641 1135 1743 1187 qua
1777 1135 1864 1172 ra-

288 1209 410 1264 dius
439 1211 700 1274 nascitur,
722 1219 776 1264 et
801 1227 939 1279 quae
967 1219 1074 1266 tota
1098 1221 1149 1265 et
1173 1219 1341 1264 totum
1375 1211 1583 1264 radium
1612 1219 1665 1262 et
1695 1215 1862 1262 totum

289 1299 626 1367 splendorem
655 1309 904 1368 penetrat
930 1310 1093 1367 atque
1124 1301 1326 1369 implet.
1359 1299 1434 1352 Ac
1457 1313 1554 1369 per
1578 1299 1680 1351 lioc
1713 1307 1864 1351 natu-

288 1391 398 1444 rale
439 1391 741 1459 exemplum
786 1392 851 1445 ad
889 1407 1105 1446 causam
1137 1391 1398 1450 omnium,
1453 1404 1591 1458 quae
1638 1388 1776 1440 trina
1809 1394 1862 1439 et

287 1493 388 1530 una
420 1488 526 1541 est,
560 1479 814 1546 quoniam
869 1479 1083 1532 trinitas
1126 1479 1178 1530 in
1219 1479 1424 1532 unitate
1451 1485 1504 1529 et
1549 1476 1787 1530 creditur
1809 1486 1865 1528 et

287 1567 600 1638 intelligitur
625 1583 768 1631 esse,
798 1583 1082 1637 possumus
1106 1567 1423 1629 ascendere,
1463 1577 1521 1620 ut
1571 1580 1864 1635 cognosca-

289 1669 408 1707 mus
442 1655 659 1709 Patrem
685 1665 740 1708 et
764 1656 955 1709 Filium
971 1665 1027 1711 et
1047 1655 1304 1725 Spiritum
1329 1664 1571 1710 sanctum
1598 1662 1710 1710 tres
1734 1669 1864 1709 cau-

1974 483 2130 536 Patcr
2167 485 2216 536 iu
2255 483 2457 552 Spiritu
2492 493 2678 538 sancto
2720 499 2923 548 sumus,
2949 492 3004 538 et
3053 483 3288 554 Spiritus
3328 498 3441 537 sam
3462 493 3546 538 tus

1973 572 2024 622 in
2057 572 2208 624 nobis
2237 581 2338 635 est,
2382 575 2504 639 quia
2535 573 2688 626 nobis
2713 572 3109 639 coessentialis,
3140 581 3193 628 et
3222 575 3544 641 coaequale.

1970 667 2022 712 et
2051 671 2158 712 tres
2199 675 2361 713 unum
2393 676 2596 723 smnus,
2645 671 2750 715 tres
2799 662 3046 716 videlicet
3092 663 3546 723 substantialiter.

1967 751 2325 804 essentialiter
2354 767 2538 804 unum.
2569 752 2630 804 Et
2649 753 2782 816 vide,
2810 755 3076 821 quomodo
3100 754 3211 824 ipse
3235 753 3400 808 Filius
3424 753 3545 823 Spi-

1971 841 2126 892 ritum
2162 850 2404 892 sanctum
2437 841 2502 894 ad
2533 840 2703 893 solum
2729 841 2959 904 Patrem,
2987 843 3197 895 unicam
3230 846 3424 913 quippe
3458 844 3542 900 sui

1968 946 2182 983 causam
2225 930 2407 992 refert,
2435 931 2559 984 dum
2587 931 2717 984 dicit
2747 948 2761 986 :
2799 929 3103 985 Paracletus
3140 942 3334 998 autem,
3369 933 3545 1002 Spiri-

1967 1028 2048 1072 tus
2075 1031 2308 1082 sanctus,
2343 1037 2492 1090 quem
2529 1023 2692 1073 mittet
2719 1018 2881 1072 Pater
2906 1020 2958 1074 in
2994 1022 3199 1074 nomine
3242 1038 3375 1076 meo.
3427 1021 3543 1077 Non

1965 1110 2107 1163 enim
2137 1111 2290 1174 dixit,
2320 1126 2477 1180 quem
2511 1113 2665 1166 mitto
2713 1112 2763 1164 in
2818 1113 3031 1166 nomine
3066 1128 3202 1176 meo,
3247 1116 3340 1168 sed
3381 1129 3542 1184 quem

1970 1200 2135 1253 mittit
2162 1201 2324 1254 Pater
2346 1203 2396 1254 in
2425 1202 2640 1254 nomine
2665 1217 3144 1271 tneo,quamquam
3175 1212 3230 1256 et
3259 1204 3384 1258 alibi
3407 1207 3542 1274 seip-

1965 1302 2082 1341 sum
2110 1289 2324 1342 mittere
2353 1289 2610 1357 Spiritum
2633 1290 2796 1350 dicat.
2815 1291 2938 1344 dum
2965 1292 3071 1344 ait:
3101 1290 3264 1361 Siego
3287 1293 3458 1346 abiero
3497 1295 3542 1358 ⁸,
3594 1331 3607 1353 ,

1964 1383 2167 1435 mittant
2195 1399 2310 1436 eum
2356 1383 2422 1435 ad
2457 1399 2559 1436 ros.
2592 1383 2774 1438 Missio
2796 1384 2913 1453 ejus
2958 1386 3234 1452 processio
3275 1385 3392 1454 ejus
3428 1398 3540 1450 est;

1963 1473 2238 1542 processio
2266 1483 2446 1527 autem
2478 1475 2594 1542 ejus
2619 1490 2646 1527 a
2680 1474 2840 1527 Patre
2860 1475 2879 1504 ’
2909 1475 3242 1530 solummodo
3291 1483 3376 1530 est
3421 1480 3544 1530 suti-

1965 1564 2306 1625 stantialitcr,
2336 1579 2439 1617 non
2469 1563 2728 1628 localiter,
2745 1579 2848 1616 non
2873 1563 3236 1633 ten'tporalitcr
3252 1563 3314 1628 ¹⁰;
3333 1579 3546 1618 verum-

1965 1659 2140 1705 tamen
2167 1652 2204 1682 “
2241 1652 2292 1703 in
2326 1652 2542 1706 nomine
2569 1650 2708 1714 Filii,
2734 1651 2986 1718 quoniam
3035 1650 3267 1718 Spiritus
3288 1650 3462 1705 Patris
3490 1661 3546 1706 et

286 1758 371 1799 sas
393 1753 448 1799 et
473 1759 634 1798 unam
655 1759 904 1809 causam;
937 1755 1048 1801 tres
1076 1722 1219 1800 enim
1265 1761 1429 1800 unum
1457 1753 1610 1800 sunt:
1643 1745 1858 1799 Patrem
1893 1722 1935 1780 Β
1967 1739 2083 1794 Filii
2113 1749 2212 1794 est.
2244 1741 2373 1795 Item
2400 1739 2529 1795 alibi
2560 1741 2625 1794 ad
2662 1740 2948 1808 disuipulos
2981 1740 3052 1792 ait
3082 1755 3097 1793 :
3139 1738 3260 1794 Non
3289 1759 3374 1796 vos
3397 1745 3537 1804 estis.

285 1841 462 1887 autem
510 1849 729 1889 cauum
758 1834 1061 1904 gignentem
1109 1834 1380 1888 nascentis
1422 1834 1488 1888 de
1517 1849 1576 1888 se
1615 1832 1736 1886 Filii
1780 1833 1864 1886 sui

286 1922 564 1991 unigeniti,
591 1923 680 1991 qui
709 1938 870 1978 causa
901 1935 986 1978 est
1010 1924 1246 1978 omnium
1273 1922 1695 1992 primordialium
1737 1936 1864 1977 cau-

285 2026 466 2065 sarum
494 2011 550 2066 in
591 2013 768 2084 seipse
806 2029 834 2066 a
865 2013 1027 2069 Patre
1064 2014 1437 2078 conditarum;
1479 2013 1706 2068 eundem
1735 2027 1864 2067 vero

285 2099 494 2156 Patrem
527 2117 744 2158 causam
775 2103 1112 2172 procedentis
1141 2119 1169 2157 a
1193 2119 1252 2158 se.
1281 2117 1376 2174 per
1398 2103 1594 2158 Filium
1637 2105 1656 2135 ²
1687 2103 1862 2158 sancti

285 2189 645 2263 Spiritus,qui
664 2192 896 2262 Spiritus
923 2207 1084 2247 causa
1107 2202 1189 2248 est
1217 2193 1496 2247 divisionis
1523 2201 1576 2248 et
1606 2192 1862 2262 multipli-

289 2281 520 2337 catiouis
553 2281 1052 2351 distributionisque
1101 2296 1384 2336 causarum
1431 2280 1690 2345 omnium,
1724 2295 1863 2351 quae

291 2369 342 2424 in
369 2370 507 2425 Filio
532 2385 564 2424 a
595 2370 755 2428 Patre
781 2370 956 2426 factae
985 2381 1130 2436 sunt,
1157 2372 1209 2425 in
1233 2369 1456 2426 elfectus
1476 2386 1600 2426 suos
1623 2380 1677 2425 et
1703 2386 1862 2442 geneo

291 2459 427 2514 rales
446 2470 502 2514 et
526 2461 790 2528 speciales
815 2469 868 2515 et
909 2462 1156 2530 proprios
1197 2463 1488 2515 secundum
1525 2471 1773 2516 naturam
1801 2470 1856 2516 et

285 2550 529 2618 gratiam.
555 2550 622 2604 Et
648 2551 892 2619 quamvis
911 2560 1154 2606 sanctum
1179 2549 1435 2620 Spiritum
1467 2551 1488 2581 ³
1517 2565 1548 2602 a
1581 2549 1741 2605 Patre
1767 2562 1861 2620 per

284 2637 472 2691 Filium
496 2640 1215 2710 credamusetintelligamus
1233 2642 1537 2710 procedere,
1556 2657 1658 2695 non
1681 2652 1857 2695 tamen

179 2729 182 2731 Α
277 2734 408 2785 duas
429 2747 624 2788 causas
645 2733 872 2788 eundem
903 2732 1162 2802 Spiritum
1191 2734 1388 2788 habere
1433 2734 1690 2789 debemus
1718 2734 1860 2788 acci-

275 2835 426 2888 pere,
454 2822 547 2875 sed
575 2838 735 2876 unam
779 2823 1113 2890 eandemque
1160 2838 1377 2878 causam
1404 2823 1446 2886 ⁵,
1479 2823 1693 2877 Patrem
1716 2824 1830 2878 scili

276 2921 381 2976 cet,
405 2921 465 2967 et
497 2915 768 2967 nascentis
794 2913 861 2968 de
888 2929 946 2968 se
971 2913 1114 2977 Filii,
1148 2922 1204 2967 et
1225 2913 1560 2983 procedentis
1587 2928 1650 2966 ex
1675 2927 1736 2966 so
1762 2927 1859 2982 per

273 3001 470 3060 Filium
494 3003 518 3036 ⁸
550 3004 782 3073 Spiritus
811 3005 1003 3060 sancti.
1043 3005 1272 3060 Utenim
1294 3015 1575 3074 propterea
1611 3003 1858 3074 splendo-

1964 1830 2052 1898 qui
2073 1829 2363 1897 loquimini,
2395 1830 2484 1882 sed
2515 1827 2739 1898 Spiritus
2768 1827 2970 1892 Patris,
2999 1831 3087 1899 qui
3125 1830 3354 1900 loquitur
3377 1832 3432 1884 in
3460 1849 3544 1886 rc-

1965 1919 2060 1973 bis.
2087 1919 2219 1974 Item
2249 1913 2532 1974 Psalmista
2561 1919 2824 1988 Spiritum
2863 1929 3106 1974 sanctum
3143 1936 3171 1973 a
3204 1919 3362 1976 Patre
3379 1922 3536 1990 petit,

1965 2009 2187 2064 dicens:
2222 2009 2285 2063 Et
2318 2008 2572 2080 Spiritum
2593 2021 2830 2064 sanctum
2861 2020 3006 2063 tuum
3037 2026 3099 2063 ne
3125 2010 3338 2079 auferas
3364 2027 3398 2064 α
3419 2018 3534 2064 ‘me.

1965 2099 2059 2154 His
2082 2111 2135 2154 et
2159 2090 2462 2170 huiusmodi
2497 2101 2815 2155 testimoniis
2843 2115 2998 2156 sacra
3031 2100 3308 2170 Scriptura
3338 2103 3533 2158 referta

1961 2198 2062 2244 est.
2097 2190 2242 2245 Disc.
2299 2188 2442 2244 llaec
2479 2190 2657 2244 omnia
2692 2189 2848 2258 plane
2899 2199 2953 2244 et
2999 2189 3225 2259 pleniter
3251 2192 3539 2262 perspicio,

1963 2283 2295 2352 ﬁdeliterque
2321 2283 2545 2350 accipio,
2570 2282 2822 2351 quoniam
2863 2282 2906 2312 ¹¹
2931 2282 3151 2336 omnino
3172 2283 3383 2338 veritati
3409 2299 3541 2339 con-

1961 2376 2199 2430 veniant.
2254 2374 2524 2443 Valdeque
2573 2373 2757 2437 miror,
2798 2372 3067 2440 quomodo
3122 2371 3213 2426 illa
3269 2375 3547 2442 quaestio;

1961 2481 2099 2536 quae
2143 2467 2376 2535 primum
2436 2465 2597 2518 veluti
2662 2463 2961 2519 insolubilis
3021 2463 3174 2519 nobis
3217 2466 3540 2530 videbatur,

1965 2556 2178 2610 tandem
2201 2555 2554 2625 apertissimis
2592 2555 2888 2609 rationibus
2917 2555 3287 2625 exemplorum
3312 2567 3366 2612 et
3392 2559 3544 2613 testi-

1963 2648 2264 2701 moniorum
2286 2647 2752 2717 argumentatione
2791 2645 3114 2711 introducta,
3149 2648 3321 2704 soluta
3348 2658 3451 2716 est,
3485 2658 3540 2704 ct

1961 2737 2028 2790 ad
2059 2751 2251 2804 purum
2271 2775 2285 2802 ,
2312 2739 2454 2804 quod
2493 2751 2598 2790 non
2631 2734 2788 2790 facile
2814 2735 3163 2806 sperabamus
3189 2738 3253 2804 ",
3280 2737 3539 2795 revelata.

1961 2825 2050 2891 Et,
2080 2833 2138 2880 ut
2164 2825 2294 2879 mihi
2329 2826 2555 2890 videtur,
2583 2826 2857 2881 interioris
2883 2833 3101 2880 nostrae
3138 2835 3362 2882 naturae
3388 2829 3538 2884 trini-

1962 2917 2088 2972 tatis
2133 2917 2483 2970 similitudine
2529 2917 2629 2970 lioc
2674 2917 2844 2985 ipsum
2894 2931 3179 2985 possumus
3219 2917 3536 2985 approbare.

1960 3004 2110 3060 Mens
2131 3005 2332 3058 etenim
2361 3014 2416 3058 et
2445 3005 2691 3058 notitiam
2720 3004 2802 3058 sui
2831 3004 3022 3074 gignit,
3051 3013 3106 3058 et
3133 3017 3164 3057 a
3186 3004 3364 3073 seipsa
3386 3019 3542 3058 amor

275 3110 390 3150 rem
417 3110 485 3150 ex
511 3096 633 3164 igne
662 3111 757 3165 per
778 3097 983 3151 radium
1013 3073 1307 3166 procedere
1326 3073 1572 3159 dicimus,
1601 3073 1852 3165 quoniam
1882 3073 1927 3136 Ο
1959 3097 2041 3152 sui
2071 3106 2128 3152 et
2157 3097 2384 3151 notitiae
2427 3109 2556 3150 suae
2585 3095 2861 3164 procedit,
2892 3110 2999 3162 quo
3035 3103 3088 3148 et
3117 3095 3230 3164 ipsa
3259 3103 3316 3149 et
3349 3093 3539 3148 notitia

275 3187 414 3258 ignis
451 3187 568 3258 ipse
617 3198 760 3242 totus
783 3187 838 3242 in
869 3197 980 3241 toto
1017 3188 1168 3242 radio
1196 3187 1458 3248 subsistit,
1491 3203 1552 3241 ex
1603 3203 1710 3256 quo
1759 3203 1855 3257 per

276 3278 482 3332 radium
515 3277 767 3347 splendor
793 3277 1083 3342 emittitur;
1124 3269 1195 3330 ita
1225 3286 1277 3329 ct
1311 3275 1568 3344 Spiritum
1601 3286 1852 3332 sanctum

273 3383 302 3421 a
329 3368 489 3425 Patre
517 3384 614 3438 per
643 3369 836 3424 Filium
873 3369 1162 3438 procedere
1187 3369 1449 3424 catholica
1489 3368 1618 3422 tides
1643 3369 1854 3438 praedi-

277 3467 384 3520 cat,
408 3461 663 3528 quoniam
694 3460 803 3528 ipse
830 3458 1010 3522 Pater,
1035 3459 1123 3527 qui
1150 3457 1458 3527 principalis
1487 3472 1646 3512 causa
1681 3467 1764 3511 est
1800 3467 1856 3512 et

275 3549 384 3603 sola
415 3548 776 3618 processionis
805 3550 974 3603 sancti
997 3549 1249 3618 Spiritus,
1285 3557 1428 3602 totus
1473 3549 1526 3602 in
1562 3557 1674 3603 toto
1719 3547 1854 3604 Filio

274 3646 376 3700 est,
412 3639 554 3692 sicut
573 3647 628 3691 et
654 3649 797 3693 totus
819 3638 986 3694 Filius
1022 3640 1074 3692 in
1111 3647 1222 3693 toto
1267 3637 1446 3702 Patre,
1479 3654 1547 3694 ex
1583 3655 1690 3708 quo
1716 3639 1853 3708 ‘pcr

276 3729 468 3782 Filium
503 3729 738 3798 Spiritus
763 3739 982 3785 sanctus
1009 3730 1270 3801 procedit.
1311 3729 1379 3784 Et
1401 3731 1850 3800 quemadmodum

275 3826 382 3872 tota
419 3820 593 3874 virtus
633 3821 784 3889 ignea
820 3820 873 3875 in
904 3829 1015 3875 toto
1043 3823 1192 3876 radio
1230 3823 1295 3876 de
1335 3837 1392 3876 se
1428 3822 1610 3891 genito
1639 3837 1852 3890 perma-

274 3916 379 3968 net,
409 3915 466 3964 et
485 3908 600 3977 ipse
628 3909 810 3963 radius
835 3917 977 3963 totus
1015 3919 1069 3964 et
1111 3917 1219 3964 tota
1243 3909 1414 3963 virtus
1450 3909 1624 3980 ignea,
1652 3911 1716 3964 de
1747 3925 1851 3979 qua

274 3998 532 4068 gignitur,
559 3999 612 4053 in
643 4007 757 4054 toto
787 3998 1090 4068 splendore,
1123 4009 1177 4055 et
1205 4010 1346 4055 totus
1372 3999 1623 4068 splendor
1642 4015 1706 4055 ex
1739 4002 1850 4055 vir-

275 4098 385 4143 tute
409 4091 566 4158 ignea
593 4105 689 4159 per
720 4091 927 4144 radium
956 4092 1253 4158 procedens
1305 4091 1356 4145 in
1399 4101 1509 4146 toto
1545 4092 1659 4162 ipso
1701 4089 1852 4148 radio

272 4183 494 4246 totaque
535 4179 648 4248 ipsa
681 4179 902 4244 virtute,
951 4195 1018 4234 ex
1065 4195 1170 4248 qua
1214 4180 1478 4250 procedit,
1502 4181 1726 4236 existit:
1777 4181 1850 4236 ita

273 4273 416 4320 totus
427 4266 588 4320 Pater
607 4269 831 4337 gignens
859 4268 908 4322 in
939 4277 1048 4322 toto
1067 4269 1201 4324 Filio
1220 4269 1422 4338 genito,
1449 4278 1504 4322 et
1526 4277 1668 4324 totus
1682 4268 1852 4326 Filius

271 4357 488 4423 genitus
512 4359 564 4410 in
593 4366 705 4410 toto
723 4357 881 4412 Patre
909 4359 1180 4429 gignente,
1203 4367 1257 4412 et
1277 4366 1418 4414 totus
1440 4357 1600 4414 Pater
1627 4359 1852 4430 gignens

273 4456 327 4500 et
357 4457 500 4502 totus
537 4447 703 4502 Filius
724 4449 938 4519 genitus
963 4449 1015 4502 in
1041 4459 1154 4505 toto
1186 4449 1388 4519 Spiritu
1411 4457 1599 4504 sancto
1627 4464 1656 4503 a
1688 4448 1849 4505 Patre

275 4550 372 4603 per
398 4536 596 4590 Filium
623 4537 964 4605 procedente,
995 4545 1050 4593 et
1090 4547 1231 4593 totus
1283 4538 1516 4608 Spiritus
1551 4548 1769 4595 sanctus
1816 4555 1847 4593 a

273 4621 437 4679 Patre
460 4640 556 4694 per
584 4625 775 4680 Filium
809 4627 1101 4696 procedens
1129 4629 1180 4682 in
1205 4628 1430 4693 Patre,a
1451 4644 1556 4698 quo
1582 4630 1846 4700 procedit,

275 4723 329 4768 et
354 4715 512 4778 Filio,
540 4731 638 4784 per
665 4731 825 4785 quem
857 4718 1116 4786 procedit,
1163 4728 1218 4773 et
1245 4728 1356 4774 tres
1383 4735 1546 4774 unum
1581 4729 1707 4774 sunt
1753 4736 1849 4790 per

276 4804 606 4861 intellectam
635 4807 926 4863 trinitatem
955 4809 1007 4861 in
1035 4808 1259 4864 unitate.
1296 4809 1362 4864 Et
1408 4810 1510 4864 hoc
1535 4818 1703 4865 totum
1734 4790 1848 4880 ipse

275 4893 446 4950 Filius
476 4897 638 4951 homo
666 4897 841 4953 factus
875 4908 928 4954 et
976 4900 1288 4956 incarnatus
1334 4900 1670 4970 apertissime
1719 4901 1850 4956 insi.

276 4996 411 5038 uuat
459 4986 678 5041 dicens:
724 4987 836 5057 Ego
877 4988 931 5042 in
960 4985 1144 5052 Patre,
1194 4997 1244 5043 et
1286 4987 1448 5044 Pater
1495 4991 1550 5044 in
1597 5007 1697 5048 me.
1748 4991 1848 5049 Ubi

275 5072 784 5146 subintelligendum
810 5075 1045 5146 reliquit,
1097 5092 1160 5130 ac
1192 5077 1236 5132 si
1287 5087 1468 5146 aperte
1516 5079 1757 5136 diceret:
1785 5083 1850 5138 Et

1956 3189 2037 3245 sui
2078 3188 2498 3258 conjnnguntur,
2543 3197 2597 3242 et
2639 3190 2884 3257 quamvis
2932 3189 3044 3258 ipse
3086 3203 3238 3244 amor
3264 3203 3333 3242 ex
3361 3197 3540 3244 mente

1954 3295 2050 3348 per
2093 3280 2336 3335 notitiam
2385 3279 2468 3333 sui
2519 3279 2805 3348 procedat,
2838 3292 2942 3333 n0n
2975 3287 3152 3332 tamen
3184 3279 3296 3348 ipsa
3346 3279 3536 3334 notitia

1956 3386 2118 3426 causa
2151 3370 2354 3425 amoris
2390 3379 2504 3434 est,
2537 3370 2631 3424 sed
2663 3370 2775 3438 ipsa
2807 3383 2988 3431 mens,
3040 3384 3106 3422 ex
3147 3384 3249 3438 qua
3282 3385 3433 3424 amor
3462 3369 3540 3425 iu-

1955 3461 2116 3515 choat
2143 3473 2287 3524 esse,
2316 3469 2368 3514 et
2396 3467 2683 3529 antequam
2731 3459 2798 3513 ad
2827 3458 3124 3527 perfectam
3172 3459 3418 3514 notitiam
3453 3461 3538 3515 sui

1955 3564 2106 3606 mens
2134 3550 2247 3620 ipsa
2276 3549 2574 3618 perveniat.
2603 3549 2732 3603 Nam
2763 3559 2818 3602 et
2844 3563 2994 3603 mens
3015 3559 3161 3603 amat
3183 3550 3416 3619 seipsam
3446 3565 3540 3607 co-

1955 3653 2215 3707 gnoscere
2233 3678 2246 3700 .
2277 3639 2589 3708 priusquam
2619 3637 2975 3706 cognitionem
3009 3653 3158 3693 suam
3196 3639 3262 3694 de
3289 3641 3462 3709 seipsa
3492 3641 3540 3674 "'

1955 3728 2148 3796 pariat,
2176 3727 2341 3781 veluti
2368 3728 2575 3796 prolem
2606 3743 2784 3782 suam.
2806 3727 2921 3781 Non
2956 3728 3096 3797 quod
3131 3743 3283 3785 mens
3304 3730 3536 3785 humana

1955 3835 2189 3888 unquam
2219 3836 2276 3874 se
2306 3818 2385 3873 vel
2417 3835 2521 3876 non
2552 3831 2735 3876 nosset
2760 3821 2838 3875 vel
2869 3837 2974 3876 non
2999 3831 3226 3887 amaret,
3250 3825 3374 3877 dum
3398 3825 3534 3880 haec

1956 3914 2056 3966 tria
2081 3928 2244 3966 unum
2275 3921 2400 3967 sunt
2440 3913 2732 3972 secundum
2762 3921 3007 3966 naturam
3030 3912 3114 3966 vel
3134 3913 3444 3978 essentiam,
3473 3925 3527 3968 et

1955 4017 2121 4056 nmnu
2153 4003 2255 4057 tria
2288 4002 2586 4056 secundum
2621 4000 2844 4055 rationis
2869 3991 3529 4066 considerationemrtrla

1954 4090 2216 4159 siquidem
2252 4089 2392 4144 ratio
2420 4088 2728 4145 considerat
2761 4089 2814 4143 in
2852 4103 2954 4142 una
2993 4096 3047 4142 et
3077 4088 3306 4158 simplici
3340 4099 3532 4144 natura

1954 4177 2167 4233 animae
2191 4193 2206 4232 t
2229 4193 2366 4242 esse,
2391 4193 2568 4244 nosse,
2591 4191 2793 4234 amare.
2815 4177 3023 4232 Etenim
3051 4191 3205 4233 mens
3226 4188 3282 4234 et
3301 4179 3534 4251 seipsam

1953 4271 2130 4334 novit,
2162 4279 2217 4324 et
2241 4278 2392 4324 amat
2414 4269 2680 4340 seipsam,
2721 4278 2776 4323 et
2823 4271 2904 4325 sui
2954 4269 3235 4335 notitiam;
3269 4273 3363 4327 sed
3404 4273 3530 4340 quia

1955 4358 2148 4412 merito
2176 4358 2651 4428 praevaricationis
2684 4367 2911 4412 naturae
2952 4359 3220 4414 humanae
3262 4360 3315 4414 in
3355 4362 3532 4430 primo

1879 4430 1928 4491 Ῐ)
1957 4452 2174 4507 homine
2198 4451 2413 4516 accidit,
2446 4459 2504 4504 ut
2531 4464 2685 4506 mens
2704 4450 2910 4506 nesciat
2937 4451 3170 4521 seipsam
3197 4465 3378 4518 nosse,
3399 4451 3528 4508 dum

1955 4540 2275 4598 naturaliter
2299 4539 2531 4610 seipsam
2556 4540 2729 4606 novit,
2762 4547 2818 4594 et
2836 4539 3046 4594 nesciat
3066 4540 3298 4610 seipsam
3322 4555 3526 4606 amare,

1953 4633 2080 4687 dum
2100 4629 2418 4686 naturaliter
2434 4631 2478 4663 “
2495 4631 2727 4700 seipsam
2749 4639 2803 4687 et
2828 4631 3074 4686 notitiam
3105 4630 3188 4704 sui
3217 4641 3360 4686 amat
3373 4629 3441 4699 “,
3463 4646 3531 4688 ac

1951 4735 2048 4791 per
2062 4722 2164 4778 hoc
2178 4719 2622 4794 rationis;viribus
2637 4720 2710 4775 nil
2723 4720 3112 4792 aliudappetit,
3129 4721 3232 4778 nisi
3250 4730 3308 4776 ut
3329 4733 3529 4794 cogno-

1953 4821 2088 4872 scat,
2111 4810 2342 4880 qualiter
2371 4821 2424 4865 et
2451 4819 2710 4879 quantum
2741 4809 2972 4879 seipsam
3003 4812 3183 4878 novit,
3215 4821 3269 4867 et
3294 4812 3526 4883 seipsam

1955 4912 2010 4957 et
2043 4903 2289 4959 notitiam
2320 4903 2404 4958 sui
2433 4911 2581 4956 amat
2604 4898 2668 4954 δ’.
2695 4901 2762 4954 Et
2781 4901 2907 4956 dum
2931 4902 3034 4958 hoc
3055 4910 3230 4960 totum
3253 4902 3318 4958 ad
3345 4903 3527 4974 cogni-

1955 4995 2156 5050 tionem
2194 5003 2248 5048 et
2291 5007 2529 5047 amorem
2561 4991 2835 5046 Creatoris
2876 4992 2960 5046 sui
3008 4993 3277 5048 convertit
3303 4993 3370 5057 ",
3396 5006 3521 5062 per-

1957 5087 2244 5140 fectissima
2272 5085 2448 5152 imago
2489 5078 2602 5153 ejus
2643 5081 2890 5137 efficitur.
2917 5085 2983 5140 Et
3012 5085 3098 5142 hic
3126 5087 3168 5120 "
3191 5085 3450 5141 maximus
3472 5092 3528 5138 et

1560 5251 1645 5305 VA
1655 5251 1812 5306 lllAE
1850 5252 2245 5308 LECTIONES.

299 5425 302 5430 '
355 5415 370 5446 ¹
401 5428 466 5466 ex
499 5426 607 5467 om.
637 5408 698 5465 C.
774 5411 793 5440 ¹
827 5407 928 5462 Per
953 5407 1151 5462 Filium
1198 5423 1304 5462 om.
1333 5410 1374 5462 Α
1450 5408 1467 5439 ³
1497 5409 1534 5461 Α
1563 5409 1819 5468 Spiritum
1850 5419 2104 5462 sanctum.

777 5481 796 5510 "
833 5477 929 5533 Ubi
975 5477 1465 5548 sulp‘ntelligendum
1495 5508 1562 5522 --
1590 5475 1752 5548 Pater
1777 5479 1830 5533 in
1885 5495 1966 5532 me
2023 5492 2132 5532 om.
2167 5479 2227 5530 C.

1583 5549 1623 5578 "
1655 5547 1834 5606 Corn.
1863 5548 1905 5602 Α
1928 5565 2105 5616 quum.
2181 5549 2224 5580 "
2257 5548 2295 5601 C
2324 5557 2700 5616 spectabantur.

1585 5619 1623 5672 Α
1659 5630 1812 5672 amet.
1891 5619 1933 5651 ⁸³
1960 5619 1998 5672 Α
2037 5620 2364 5672 convertitur.
2441 5621 2482 5654 "
2511 5622 2549 5672 (Σ
2576 5622 2694 5672 hinc

277 5499 345 5536 ex
375 5498 488 5551 quo
529 5489 695 5551 patre.

279 5546 639 5618 temporaliter
690 5563 798 5602 om.
836 5549 898 5602 Α.
973 5546 1084 5618 “_C
1107 5546 1280 5618 uerunt
1309 5560 1500 5600 autem.

282 5616 826 5674 ηοινίι--ηοεατπιηεν
857 5633 967 5671 om.
999 5616 1058 5670 C.
1140 5617 1181 5646 “
1211 5619 1252 5671 Α
1280 5629 1434 5670 amet.

606 5713 872 5770 Ρλτιιυι.
907 5708 1160 5769 CXX”.

1511 5617 1554 5650 "
1585 5619 1623 5672 Α
1659 5630 1812 5672 amet.

2183 5410 2203 5482 ξ
2235 5407 2274 5461 Α
2307 5426 2414 5482 esse
2437 5422 2677 5468 causam.
2731 5414 2752 5445 '
2780 5431 2869 5482 per
2901 5413 3120 5475 Filium,
3161 5426 3270 5482 om.
3300 5411 3364 5466 Α.
3434 5412 3456 5443 ⁸
3477 5415 3518 5469 Α

2309 5479 2332 5510 ⁸
2364 5479 2402 5534 C
2450 5482 2640 5536 enim.
2717 5483 2738 5513 ⁹
2775 5479 2807 5535 ὰ
2853 5482 3010 5536 Putre
3049 5495 3156 5535 om.
3201 5479 3261 5539 C.
3343 5481 3386 5516 "
3419 5500 3522 5539 non

2327 5557 2680 5587 ιηορρηιιηηιη
2783 5551 2826 5582 ιδ
2862 5552 2888 5587 Δ
2928 5553 2990 5587 do
3021 5553 3133 5587 a'onn
3234 5553 3280 5587 ιε
3306 5555 3521 5587 (Aa-ulnam

2443 5557 2700 5606 tabamus.
2783 5552 2826 5582 "
2855 5552 2895 5602 Α
2928 5553 2990 5605 de
3021 5553 3153 5620 ipsa.
3234 5553 3280 5587 ⁸⁵
3301 5555 3524 5610 niueam

2441 5621 2482 5654 "
2511 5622 2549 5673 (Ζ
2576 5622 2694 5675 hinc
2723 5632 2814 5674 ut.

3091 5715 3170 5773 20
