3912 6154
363 304 454 355 Cll

1742 292 1858 351 10A
1868 293 2021 349 NNIS
2060 290 2254 349 SCOTI

3505 284 3617 363 ΜΞ

363 435 496 487 εει-ιω
542 418 687 473 solus
728 417 923 488 gradus
953 425 1035 468 est
1063 414 1075 446 '
1110 415 1173 467 ad
1205 412 1560 483 cognitionem
1590 411 1852 474 veritatis,
1886 410 1941 463 id
1968 417 2014 473 Α
2043 407 2166 462 dem
2197 398 2458 463 sollicitus
2506 412 2693 462 sacrae
2740 395 3039 478 tlreologiae
3074 406 3334 480 Spiritum
3369 414 3623 467 strictum

361 518 443 561 est
471 508 760 561 htttnanant
794 514 1061 567 naturam,
1089 504 1317 571 seipsatn
1351 501 1497 570 prius
1523 511 1853 569 cognoscere
1881 505 1938 551 et

361 612 565 661 amare,
598 611 662 648 ac
697 595 886 648 deinie
920 602 1084 645 totam
1113 590 1475 658 cognitionem
1520 604 1702 650 suam,
1741 595 1938 640 totum-

360 704 461 756 que
498 702 734 740 amorem
761 686 824 737 al
855 684 1069 736 laudem
1094 683 1372 735 Creatoris
1408 691 1462 735 et
1494 666 1853 749 coguilionetu
1883 686 1938 731 et

362 777 703 830 dilectionem
750 774 950 827 referre
976 773 1017 825 '.
1052 771 1107 825 Si
1143 773 1318 838 enim,
1351 773 1493 840 quod
1527 772 1579 824 in
1615 770 1788 837 seipsa
1829 767 1939 839 agi-

360 876 464 927 tur,
496 865 687 927 nescit,
716 863 984 933 quomodo
1008 876 1097 926 ea,
1119 877 1263 930 quae
1306 876 1466 930 supra
1494 875 1553 914 se
1583 868 1745 923 sunt,
1777 872 1935 911 nosse

357 955 662 1010 desiderat?
699 952 806 1009 Sed
836 954 961 1007 dum
995 953 1060 1006 de
1096 952 1196 1006 bac
1242 950 1561 1020 quaestione
1605 957 1931 1011 tractamus,

359 1047 463 1100 alia
503 1046 632 1099 mihi
678 1060 787 1098 non
819 1044 1122 1113 spernenda
1145 1084 1159 1107 ,
1194 1051 1253 1096 ut
1288 1043 1497 1111 opinor,
1540 1040 1591 1093 in
1625 1048 1803 1092 niente
1840 1053 1934 1091 su-

356 1136 617 1205 pervenit.
645 1135 781 1189 MAG.
806 1134 951 1199 Quae
975 1143 1058 1187 est
1082 1132 1202 1186 illa?

422 1223 510 1276 55.
532 1223 675 1277 Οιεε.
699 1223 910 1285 Utrum,
930 1219 1380 1289 quemadmodum
1404 1218 1664 1288 Spiritum
1684 1225 1929 1270 sanctum

357 1335 384 1369 a
413 1316 573 1369 Patre
601 1329 698 1384 per
721 1313 913 1366 Filium
949 1313 1243 1381 procedere
1284 1312 1584 1373 credimus,
1626 1309 1928 1377 symbolum

358 1409 629 1459 liomanae
677 1405 887 1473 linguae
936 1411 1261 1471 sequentes,
1296 1401 1370 1454 ita
1415 1400 1608 1454 Filium
1658 1413 1722 1453 ex
1772 1398 1932 1451 Patre

356 1498 500 1549 nasci
534 1510 629 1564 per
656 1493 917 1562 Spiritum
942 1492 1182 1561 proﬁteri
1210 1491 1515 1554 valeamus,
1553 1490 1799 1559 quamvis
1830 1488 1931 1541 hoc

355 1588 406 1638 in
440 1589 555 1656 ipso
602 1583 841 1653 symbolo
880 1598 975 1635 nec
1020 1581 1311 1635 secundum
1339 1578 1606 1643 Graecos,
1639 1594 1740 1634 nec
1786 1578 1808 1610 ³
1843 1591 1930 1632 se-

351 1678 584 1729 cundum
615 1675 831 1727 Latinos
881 1673 1138 1740 scriptum
1173 1671 1525 1741 reperiamus,
1549 1685 1648 1724 nec
1676 1670 1726 1722 in
1747 1667 1927 1721 divina

2040 519 2069 554 a
2095 500 2253 556 Patre
2299 516 2395 571 per
2433 501 2624 555 Filium
2672 502 2895 555 audiens
2927 503 3249 570 procedere,
3278 518 3400 558 mox
3435 502 3623 559 divino

2036 593 2218 645 studio
2243 594 2547 646 admonitus
2570 631 2585 655 ,
2614 593 2824 660 quaerit
2847 600 2903 646 et
2935 592 3102 647 dicit:
3133 591 3189 646 Si
3223 606 3350 661 ergo
3382 591 3624 661 Spiritu:

2040 688 2263 735 sanctus
2288 697 2316 734 a
2340 681 2497 735 Patre
2514 681 2815 749 perFilinm
2839 682 3100 751 procedit,
3125 697 3222 737 cur
3246 697 3351 736 non
3369 682 3626 737 similiter

2035 768 2204 825 Filius
2226 787 2253 823 a
2281 769 2440 827 Patre
2485 788 2581 841 per
2626 773 2884 842 Spiritum
2914 782 3160 827 sanctum
3192 776 3235 806 ⁸⁸
3264 773 3540 829 nascitur?
3563 772 3623 828 Si

2037 871 2218 915 autem
2248 860 2417 915 Filius
2443 877 2471 915 a
2501 860 2661 917 Patre
2692 878 2789 932 per
2818 861 3079 932 Spiritum
3102 872 3347 917 sanctum
3384 877 3493 917 non
3525 878 3629 916 na-

2034 956 2223 1019 scitur,
2245 970 2343 1008 cur
2364 953 2596 1024 Spiritus
2618 963 2839 1010 sanctus
2865 970 2894 1009 a
2916 954 3074 1009 Patre
3093 971 3187 1024 per
3209 953 3404 1009 Filium
3428 967 3629 1024 prooe-

2033 1044 2161 1098 dere
2181 1045 2486 1099 diceretur?
2508 1037 2638 1098 Nam
2662 1045 2802 1114 quod
2826 1046 2892 1099 de
2916 1043 3118 1113 Spiritu
3140 1053 3329 1100 sancto
3350 1040 3629 1101 catholico

2033 1135 2293 1201 creditur,
2313 1151 2409 1190 cur
2430 1151 2535 1190 non
2563 1137 2725 1190 etiam
2747 1137 2811 1191 de
2835 1135 2973 1191 Filio
2998 1136 3246 1192 similiter
3267 1136 3627 1194 crederetur!

2034 1223 2144 1277 Nisi
2176 1224 2313 1279 forte
2344 1227 2465 1296 quis
2491 1226 2707 1290 dixerit,
2743 1227 3141 1296 praedictarum
3178 1226 3508 1280 naturalium
3541 1228 3623 1282 si-

2032 1312 2394 1367 militudinum
2410 1316 2660 1369 virtutem
2682 1315 3269 1385 considerans,abigne
3293 1332 3389 1386 per
3402 1317 3623 1370 radium

2036 1401 2372 1471 Splendorem
2399 1404 2694 1473 procedere
2731 1405 2975 1459 videmus
2995 1445 3009 1469 ,
3039 1419 3145 1459 non
3172 1414 3352 1460 autem
3392 1406 3463 1461 ab
3490 1407 3626 1477 igne

2030 1503 2126 1558 per
2170 1490 2508 1559 splendorem
2554 1492 2760 1545 radium
2807 1493 2977 1546 nasci.
3018 1490 3281 1547 Similiter
3325 1492 3394 1547 ab
3427 1494 3623 1548 animo

2030 1596 2125 1651 per
2160 1583 2423 1637 rationem
2471 1597 2689 1637 sensum
2736 1582 3047 1638 interiorem
3079 1583 3251 1649 mitti,
3281 1598 3387 1638 non
3422 1594 3615 1638 autem

2030 1688 2126 1743 per
2150 1673 2320 1743 ipsum
2350 1688 2568 1727 sensum
2605 1675 2866 1728 rationem
2893 1675 2962 1728 ab
2986 1674 3168 1728 animo
3193 1675 3359 1744 gigni,
3385 1681 3623 1729 natura-

354 1767 633 1836 Scriptnra
671 1775 854 1835 aperte
878 1762 1296 1832 promulgatum,
1326 1770 1384 1815 ut
1410 1760 1672 1814 aestimo?
1705 1757 1920 1812 Maan
1955 1748 1996 1806 Β
2024 1763 2090 1816 lis
2130 1763 2370 1816 theoriae
2412 1763 2670 1816 edocet"
2703 1764 2855 1817 ordo.
2887 1762 2993 1818 Sed
3031 1764 3099 1819 de
3142 1765 3441 1819 divinarum
3486 1767 3626 1821 sub-

360 1860 473 1926 ipsa
527 1854 782 1910 ineffabili
831 1870 893 1907 ac
934 1852 951 1883 i
988 1852 1631 1926 supernaturalidivinae
1673 1850 1928 1905 bonitatis

358 1946 707 2007 frcundilate,
732 1960 834 2012 qua
858 1958 921 1995 ex
955 1942 1137 2004 corde,
1166 1942 1267 1994 hoc
1293 1923 1412 2005 est,
1438 1954 1502 1994 ex
1533 1940 1756 1994 secretis
1793 1939 1926 1994 sini-

359 2037 459 2088 bus
482 2034 573 2087 Dei
601 2042 652 2085 et
672 2032 692 2063 ⁸
728 2031 902 2084 Patris
928 2030 1096 2083 Filius
1124 2031 1365 2084 nascitur
1378 2040 1429 2083 et
1452 2029 1686 2098 Spiritus
1712 2039 1928 2083 sanctus

361 2125 637 2194 procedit,
683 2123 910 2176 eundem
965 2120 1224 2192 Spiritum
1270 2120 1642 2175 sanctum‘ex
1683 2119 1842 2174 Patre
1872 2129 1927 2175 et

349 2217 509 2281 Filio,
542 2215 623 2270 vel
646 2231 711 2269 ex
740 2215 897 2269 Patre
928 2229 1023 2282 per
1047 2212 1240 2266 Filium
1266 2213 1556 2283 procedere
1588 2212 1719 2266 ﬁdes
1741 2212 1928 2265 catho-

350 2308 449 2360 lica
481 2321 578 2360 nos
601 2306 862 2375 praecipit
893 2303 1172 2366 conﬁteri;
1202 2303 1399 2358 Filium
1433 2317 1560 2358 vero
1584 2321 1613 2356 a
1650 2302 1809 2357 Patre
1831 2317 1928 2372 per

350 2396 613 2465 Spiritum
633 2396 801 2458 nasci,
819 2408 916 2448 nec
940 2395 990 2447 in
1021 2393 1108 2448 illo
1129 2394 1373 2464 symbolo
1396 2394 1673 2463 utriusque
1690 2393 1922 2464 linguae,

361 2503 458 2539 nec
489 2486 542 2539 in
574 2484 674 2538 alia
704 2485 971 2554 scriptura
1006 2486 1199 2553 reperi.
1229 2484 1403 2539 Etcur
1426 2485 1548 2548 hoc,
1567 2501 1666 2539 nec
1705 2502 1799 2553 per
1822 2498 1925 2538 tne-

348 2579 525 2646 ipsum
560 2579 734 2632 adhuc
755 2578 1017 2645 quaesivi,
1038 2594 1136 2631 nec
1156 2578 1224 2631 ab
1249 2577 1353 2631 alio
1373 2579 1392 2610 ⁷
1418 2578 1719 2646 quaesitum
1738 2587 1791 2630 et
1807 2579 1830 2610 ⁸
1846 2578 1925 2630 in-

348 2680 560 2722 ventum
591 2669 711 2738 legi.
742 2669 874 2721 Dum
905 2676 1084 2721 autem
1108 2669 1174 2722 de
1201 2668 1637 2721 inbumauatione
1655 2666 1775 2720 Filii
1796 2667 1884 2720 Dei
1906 2706 1920 2730 ,

346 2765 447 2817 hoc
476 2766 583 2823 est,
612 2762 677 2815 de
702 2761 1065 2815 incarnatione
1086 2758 1271 2821 Verbi,
1304 2769 1357 2814 et
1389 2758 1665 2829 Scriptura
1693 2773 1845 2813 sacra
1871 2770 1923 2812 et

344 2852 641 2924 symbolum
670 2867 699 2905 a
724 2867 876 2906 sacra
898 2851 1091 2906 Niceae
1111 2849 1258 2904 urbis
1279 2850 1561 2922 Bithyniae
1582 2851 1784 2921 synodo
1809 2859 1917 2903 tra-

342 2944 529 3001 ditum,
551 2953 602 2996 et
630 2952 818 2996 contra
844 2957 1033 2997 omnes
1046 2942 1301 2996 haereses
1318 2942 1579 2994 munitum
1602 2939 1917 3004 consulitur,

345 3033 782 3088 manifesﬁssime
818 3034 970 3087 nobis
999 3034 1258 3104 aperitur,
1290 3048 1353 3087 ac.
1377 3033 1492 3086 sine
1520 3032 1622 3085 ulla
1659 3032 1921 3100 ambigui-

344 3135 451 3180 tate
481 3126 724 3189 docetur,
755 3125 880 3195 quia
912 3099 1141 3180 Vcrbum
1162 3125 1225 3177 de
1248 3122 1452 3192 Spirittt
1483 3131 1672 3176 sancto
1691 3131 1773 3176 est
1795 3099 1921 3175 cnn-
1949 3099 1993 3159 (ἶ

342 3225 578 3284 ceptum.
611 3214 845 3284 Angelus
890 3228 1102 3283 quoque
1143 3212 1210 3264 ad
1248 3210 1511 3284 Mariam:
1549 3208 1774 3279 Spiritus
1802 3226 1915 3262 san-

342 3316 476 3365 ctus,
531 3305 705 3371 inquit
737 3306 782 3366 9,
811 3304 1127 3371 superveniet
1171 3304 1225 3353 in
1279 3273 1443 3364 teret
1481 3301 1640 3354 virtus
1669 3299 1922 3352 Allissimi

344 3392 665 3447 obumbrabit
689 3391 801 3443 tibi.
833 3391 976 3443 Idem
999 3391 1063 3443 ad
1093 3389 1288 3459 Josepb
1317 3408 1328 3442 :
1361 3390 1575 3456 Ioseph,
1621 3390 1699 3457 [ili
1730 3388 1919 3453 David,

345 3482 450 3533 noli
474 3480 731 3532 dimittere
763 3478 1032 3546 conjugem
1052 3488 1230 3541 tuam;
1255 3478 1392 3547 quod
1422 3478 1557 3530 enim
1589 3478 1644 3529 iri
1660 3493 1719 3529 ea
1743 3487 1922 3529 natum

343 3583 413 3624 est
443 3611 456 3634 ,
506 3571 569 3622 de
614 3569 817 3639 Spiritu
866 3576 1046 3620 sancto
1076 3577 1168 3620 est.
1208 3568 1282 3620 Ex
1332 3567 1414 3620 bis
1457 3575 1615 3634 atque
1662 3564 1923 3619 similibus

350 3660 673 3714 testimoniis
701 3672 875 3711 nonne
901 3658 1188 3711 crerier-cet
1208 3655 1502 3725 intelligere
1527 3655 1700 3721 datur,
1729 3653 1921 3707 Filium

348 3754 643 3808 serutttlttttt
692 3766 909 3804 carnem
942 3750 1005 3803 de
1037 3748 1238 3817 Spiritu
1283 3756 1471 3802 sancto
1518 3747 1681 3800 fuisse
1727 3760 1920 3800 conce-

348 3855 496 3914 pium
520 3852 572 3897 et
604 3843 820 3896 natum?
847 3842 1028 3909 itaque
1050 3840 1093 3870 ³ο
1119 3840 1409 3894 secundum
1435 3838 1816 3892 fecunditatem
1845 3838 1923 3889 di-

355 3939 531 3990 \inam
562 3935 819 4004 Spiritum
852 3942 1098 3987 sanctum
1132 3949 1161 3984 a
1193 3932 1353 3986 Patre
1381 3946 1478 3999 per
1508 3930 1699 3984 Filium
1732 3944 1923 3999 procc-

345 4028 496 4090 dere,
526 4026 814 4080 secundum
843 4039 968 4076 vero
990 4023 1166 4076 carnis
1197 4022 1617 4090 assumptionem
1639 4018 1830 4072 Filium
1856 4018 1923 4073 de

345 4121 556 4191 Spiritu
584 4126 767 4173 Sancto
793 4125 1105 4184 Conceptutn
1140 4114 1302 4167 fuisse
1321 4122 1376 4165 et
1398 4122 1599 4176 natum,
1635 4127 1737 4164 non
1764 4109 1919 4163 dubi-

347 4225 544 4270 tamus.
579 4212 729 4278 Quod
756 4212 888 4263 enim
922 4210 977 4261 iu
1008 4225 1066 4261 ea
1095 4217 1272 4260 natum
1297 4215 1401 4269 est,
1430 4205 1493 4257 de
1520 4202 1713 4273 Spiritu
1743 4211 1921 4255 sancto

346 4318 527 4362 natum
559 4315 632 4359 est
667 4305 729 4355 ”.
761 4301 864 4357 Sed
896 4310 948 4354 ct
972 4300 1121 4368 juxta
1152 4298 1310 4352 aliam
1342 4297 1599 4351 tltcoriam
1631 4294 1821 4348 Filium
1855 4293 1922 4346 de

345 4398 547 4466 Spiritu
598 4404 787 4448 sancto
832 4402 887 4445 ct
930 4407 1026 4460 per
1062 4381 1321 4457 Spiritum
1359 4397 1602 4441 sanctum
1634 4385 1839 4453 concipi
1867 4393 1922 4437 et

344 4486 494 4540 nasci
540 4485 780 4537 invenies
814 4482 877 4532 ¹².
913 4481 1044 4532 Dum
1088 4480 1230 4533 enim
1273 4479 1642 4545 unusquisrpte
1686 4475 1916 4547 ﬁdelium

345 4574 693 4646 baptismatis
734 4572 877 4627 Subit
907 4580 1338 4635 sacramentum,
1369 4569 1495 4638 quid
1529 4567 1670 4621 aliud
1699 4566 1768 4620 ibi
1799 4580 1914 4634 per-

346 4669 546 4735 agitur,
573 4665 675 4720 nisi
708 4663 799 4717 Dei
827 4661 987 4718 Verbi
1022 4662 1073 4715 in
1104 4676 1290 4716 eorum
1326 4661 1578 4716 cordibus
1620 4662 1685 4714 de
1714 4658 1915 4727 Spiritu

347 4765 536 4813 sancto
564 4765 616 4809 et
648 4769 744 4823 per
768 4752 1028 4823 Spiritum
1058 4762 1302 4806 sanctum
1332 4750 1615 4820 conceptio
1639 4759 1798 4818 atque
1822 4761 1916 4802 na-

349 4848 548 4902 tivitas.
569 4843 816 4910 Quotidie
836 4842 1001 4913 igitur
1016 4840 1263 4897 Christus
1284 4839 1329 4873 ⁸³
1351 4840 1406 4894 in
1433 4849 1587 4913 utero
1612 4839 1736 4894 ﬁdei
1759 4837 1918 4893 veluti

347 4938 685 4995 catttissimae
715 4934 904 4989 matris
932 4934 1228 4989 visceribus
1259 4941 1313 4988 et
1336 4904 1639 4999 concipitur
1663 4941 1717 4984 ιι
1738 4931 1918 4985 nasci-

348 5043 441 5089 tur
481 5040 538 5086 et
568 5028 825 5085 nutritur.
856 5026 923 5081 Et
969 5024 1214 5081 fortassis
1256 5024 1377 5080 ideo
1421 5038 1450 5077 a
1485 5019 1683 5078 Nicena
1718 5022 1920 5092 synodo

347 5123 585 5197 Spiritus
610 5127 831 5175 sanctus
851 5132 919 5174 ex
946 5117 1103 5171 Patre
1128 5104 1465 5171 solummodo
1494 5112 1787 5184 procedere
1809 5121 1921 5167 tra-

347 5216 515 5280 ditur,
538 5228 603 5268 ne
627 5210 751 5266 talis
777 5208 1020 5279 quaestio
1046 5208 1414 5261 ventilaretur.
1440 5204 1731 5273 inquisitor
1752 5202 1918 5272 siqni-

1950 4441 1997 4499 υ

2026 1854 2348 1909 Stantiarnm
2377 1854 2723 1921 generatione
2755 1864 2809 1908 et
2844 1854 3189 1924 processione
3217 1855 3491 1911 suadenda
3515 1870 3621 1910 seu

2029 1942 2341 1998 afﬁrmando
2362 1943 2610 1998 fortassis
2622 1944 2864 2012 exempla
2888 1954 3113 1998 naturae
3127 1960 3230 1999 non
3247 1953 3372 1999 sunt
3393 1945 3616 2000 idonea.

2025 2033 2105 2088 Ac
2146 2048 2243 2102 per
2286 2034 2422 2098 hoc,
2455 2033 2597 2102 quod
2641 2033 2698 2087 in
2746 2042 2933 2089 sancto
2975 2035 3220 2106 symbolo
3244 2036 3289 2068 “
3309 2038 3618 2091 secundum

2026 2126 2263 2182 Graecos
2290 2128 2527 2191 canitur,
2553 2127 2653 2181 hac
2675 2128 2991 2196 quaestione
3018 2127 3246 2183 liberum
3270 2130 3494 2184 omnino
3524 2142 3619 2184 est

2026 2228 2185 2287 atque
2234 2218 2553 2273 absolutum.
2600 2218 2742 2272 Dicit
2782 2219 2926 2272 enim
2958 2216 3152 2303 Filium
3193 2219 3249 2274 ix
3283 2225 3374 2275 τοῦ
3401 2222 3615 2294 πατρὸς

2025 2311 2343 2380 γεννηθέντα,
2373 2307 2474 2362 hoc
2503 2315 2605 2371 est,
2633 2322 2700 2360 ex
2728 2306 2888 2361 Patre
2910 2307 3168 2377 genitura,
3198 2307 3456 2376 Spiritum
3479 2323 3619 2362 vero

2027 2402 2077 2455 in
2105 2408 2195 2456 τοῦ
2220 2401 2414 2473 πατρὸς
2437 2400 2788 2474 πορευόμενον,
2820 2400 2872 2453 id
2897 2408 3001 2463 est,
3028 2414 3097 2454 ex
3124 2398 3283 2453 Patre
3311 2401 3589 2470 proceden

2028 2500 2154 2545 tem.
2186 2490 2289 2544 Sed
2319 2491 2363 2543 si
2391 2490 2510 2558 quis
2536 2501 2752 2543 sanctos
2801 2487 3013 2556 Patres,
3046 2490 3136 2559 qui
3170 2490 3221 2543 in
3253 2488 3421 2544 latino
3455 2506 3613 2560 sym-

2023 2583 2146 2639 bolo
2175 2582 2495 2637 addidcrunt
2538 2582 2604 2636 de
2646 2580 2848 2652 Spiritu
2875 2597 2889 2634 :
2920 2598 2939 2632 ι
2972 2582 3062 2650 qui
3086 2596 3150 2637 es
3186 2580 3347 2636 Patre
3366 2578 3621 2650 Filioque

2026 2675 2270 2745 procedit
2289 2694 2307 2726 ι
2325 2714 2339 2739 ,
2351 2672 2676 2734 consuleret,
2694 2670 3105 2736 rationabiliter,
3121 2679 3180 2725 ut
3192 2671 3374 2736 credo,
3389 2686 3618 2740 respon-

2024 2768 2228 2825 derent,
2256 2773 2310 2819 et
2337 2778 2556 2819 causam
2601 2763 2768 2832 ipsius
2793 2762 3085 2817 additionis
3112 2776 3216 2816 non
3245 2771 3509 2816 tacerent.
3543 2761 3614 2814 Et

2025 2855 2279 2910 fortassis
2311 2853 2541 2908 consulti
2586 2861 2712 2907 sunt
2757 2860 2813 2906 et
2867 2850 3289 2920 responderunt;
3335 2850 3432 2905 sed
3477 2850 3616 2919 quid

2022 2947 2102 3001 eis
2125 2946 2166 2977 ¹⁷
2195 2945 2363 2998 visum
2391 2951 2475 2997 est
2500 2943 2568 2997 de
2596 2943 2696 2996 hac
2721 2956 2802 3008 re,
2827 2941 3062 2996 nondum
3086 2940 3138 2993 in
3166 2953 3364 2993 manus
3391 2947 3619 2995 nostra:

2024 3037 2290 3107 pervenit.
2327 3036 2503 3104 Atque
2548 3034 2670 3087 ideo
2698 3033 2765 3085 de
2814 3030 3115 3098 huiusmodi
3162 3030 3482 3099 quaestione
3534 3029 3618 3085 nil

2028 3137 2228 3182 temere
2264 3141 2524 3180 conamur
2549 3123 2774 3179 deﬁnire
2796 3163 2811 3187 ,
2842 3123 2944 3176 nisi
2977 3121 3113 3177 forte
3145 3123 3267 3190 quis
3288 3121 3467 3185 dicat,
3498 3137 3614 3176 nor;

2023 3215 2294 3269 immerito
2342 3214 2442 3266 ltoe
2485 3212 2725 3265 additum
2769 3219 2885 3275 est,
2913 3210 3167 3279 quoniam
3193 3208 3375 3262 multis
3412 3223 3618 3264 sacrae

2024 3305 2335 3374 Scripturae
2360 3303 2495 3367 locis
2518 3301 2862 3373 approbatur.
2894 3301 3027 3355 Nam
3053 3310 3109 3356 et
3133 3301 3245 3370 ipse
3278 3301 3542 3356 Dominus
3565 3297 3613 3335 ⁸⁸

2020 3397 2183 3449 dicit:
2210 3394 2374 3460 Quem
2400 3394 2561 3447 Pater
2582 3394 2736 3447 mittit
2761 3394 2816 3446 in
2839 3394 3045 3446 nomine
3072 3409 3201 3446 ηιεο.
3222 3391 3442 3446 Videtur
3456 3394 3613 3447 enim

2024 3486 2192 3541 Filius
2215 3486 2428 3539 mittere
2450 3482 2737 3552 Spiritum,
2761 3496 2921 3552 quem
2936 3481 3099 3538 Pater
3120 3482 3283 3536 mittit
3304 3482 3357 3535 in
3382 3483 3615 3536 nomine

2021 3576 2167 3646 ejus;
2211 3575 2324 3643 ipse
2366 3588 2582 3643 quoque
2626 3570 2792 3626 Filius
2837 3570 3096 3639 Spiritum
3142 3569 3385 3624 veritatis
3428 3568 3615 3638 Spiri-

2024 3673 2135 3717 tum
2161 3662 2202 3692 ¹⁹
2226 3671 2471 3716 sanctum
2498 3669 2682 3723 vocat;
2717 3657 2885 3713 Filius
2915 3668 3093 3712 autem
3122 3665 3323 3712 veritas
3352 3665 3453 3718 est.
3482 3658 3613 3727 ipso

2022 3764 2291 3809 testante:
2324 3753 2436 3825 Ego
2482 3769 2598 3806 sum
2647 3753 2760 3816 via,
2804 3762 2852 3805 et
2887 3752 3098 3815 veritus,
3150 3761 3195 3804 et
3227 3752 3349 3806 rita.
3384 3750 3442 3804 Si
3467 3766 3610 3821 ergo

2023 3847 2258 3917 Spiritus
2284 3845 2529 3899 veritatis
2554 3852 2636 3898 est
2654 3884 2668 3909 ,
2701 3844 2940 3913 proiecto
2966 3841 3200 3911 Spiritus
3233 3848 3451 3897 sanctus
3490 3844 3618 3910 spi-

2024 3937 2160 3990 ritus
2186 3933 2303 3988 Filii
2329 3944 2430 3987 est.
2463 3933 2739 3987 Mulierem
2765 3948 2981 4001 quoque
3002 3934 3363 4009 αἶμορδέῦῦσαν,
3390 3931 3497 3986 hoc
3519 3944 3613 3984 est

2020 4027 2220 4082 fluxum
2266 4022 2541 4097 sanguinis
2568 4025 2858 4095 patientem
2886 4066 2899 4090 ,
2933 4039 3131 4079 sanans
3155 4040 3168 4078 :
3193 4020 3363 4086 Sensi,
3391 4021 3603 4090 inquit,

2020 4122 2187 4174 exisse
2211 4120 2275 4173 de
2301 4134 2381 4172 me
2401 4118 2445 4150 "
2470 4120 2727 4172 virtutem.
2756 4119 2818 4172 Et
2845 4119 2984 4188 quod
3013 4117 3170 4186 paulo
3192 4124 3314 4169 ante
3334 4114 3606 4169 diximus:

2022 4209 2085 4266 Si
2112 4226 2204 4278 ego
2230 4211 2428 4275 abiero,
2459 4211 2663 4263 mittam
2693 4225 2807 4263 eum
2842 4210 2912 4262 ad
2950 4226 3060 4263 vos.
3100 4209 3228 4262 Item
3266 4204 3561 4274 Apostolus
3588 4221 3605 4257 :

2024 4300 2166 4354 Misit
2201 4300 2339 4354 Deus
2371 4299 2624 4367 Spiritum
2663 4298 2789 4352 Filii
2815 4300 2897 4352 sui
2925 4300 2977 4351 in
3009 4298 3166 4352 corda
3196 4305 3392 4360 nostra,
3416 4295 3470 4346 in
3493 4310 3605 4362 quo

2022 4391 2342 4454 clamamus,
2389 4389 2531 4443 Abba
2574 4401 2739 4460 pater.
2769 4390 2897 4443 Item
2939 4388 3260 4442 Psalaisista:
3293 4383 3462 4438 Verbo
3492 4384 3605 4435 Do-

2023 4482 2149 4534 mini
2179 4480 2310 4533 caeli
2340 4480 2537 4549 ﬁrmati
2565 4492 2706 4541 sunt,
2737 4488 2784 4532 et
2810 4481 2995 4547 spiritu
3024 4480 3131 4531 ori;
3151 4479 3264 4546 ejus
3295 4474 3465 4528 omnis
3494 4476 3604 4526 rir-

2023 4581 2104 4626 tus
2146 4588 2347 4625 eorum.
2395 4570 2487 4624 llis
2531 4572 2712 4639 itaque
2737 4580 2898 4640 atque
2940 4568 3240 4635 huiusmodi
3275 4566 3606 4621 testimoniis

2022 4664 2144 4732 quis
2187 4660 2573 4716 catholicorum
2615 4677 2718 4714 non
2762 4661 2929 4729 possit
2973 4657 3301 4729 approbare,
3335 4654 3603 4726 Spiritum

2022 4763 2266 4807 sanctum
2295 4766 2321 4803 a
2349 4750 2508 4805 hure
2535 4760 2589 4803 et
2619 4750 2755 4805 Filio
2784 4747 3112 4817 procedere?

2094 4842 2181 4895 Μ.
2225 4840 2365 4894 Disc.
2394 4838 2466 4893 De
2498 4842 2595 4893 hac
2623 4839 2938 4907 quaestione
2967 4850 3072 4891 non
3105 4835 3328 4887 nimium
3356 4831 3596 4886 haesito.

2026 4932 2252 5000 Quoquo
2278 4931 2422 4985 enim
2464 4930 2621 4982 modo
2660 4929 2780 4996 quis
2827 4925 3247 4981 ecclesiasticum
3292 4920 3600 4991 symbolum

2027 5019 2456 5090 pmnunciaverit
2476 5058 2490 5078 .
2519 5018 2635 5071 sine
2667 5013 2943 5084 naufragio
2974 5029 3142 5070 sanae
3191 5011 3313 5065 ﬁdei
3362 5009 3566 5077 recipio
3587 5049 3603 5074 ,

2026 5110 2252 5173 boc'est,
2281 5110 2397 5163 sive
2425 5108 2686 5177 Spiritum
2724 5118 2970 5161 sanctum
3011 5122 3042 5158 a
3074 5103 3231 5156 Patro
3262 5100 3613 5157 solummodo

2030 5203 2320 5274 procedere
2364 5201 2576 5263 dixerit,
2623 5200 2737 5253 sive
2790 5216 2819 5252 ιι
2869 5198 3028 5252 Patre
3062 5207 3115 5250 et
3143 5196 3178 5249 li
3189 5196 3305 5259 ilio,
3336 5194 3484 5249 salva
3515 5193 3605 5246 ilbi

1621 5334 1868 5389 vitam:
1908 5312 2300 5388 LECTIONES.

463 5447 537 5491 est
575 5433 772 5489 om.'C.
849 5434 870 5463 ⁸
899 5431 939 5485 C
968 5426 1199 5499 referret.
1277 5429 1296 5460 ³
1329 5429 1367 5481 (1
1400 5441 1517 5499 non.
1597 5427 1708 5499 ‘duc
1732 5442 1841 5499 ost}.

352 5522 461 5560 om.
508 5506 567 5559 C.

348 5582 391 5626 Α
445 5576 679 5627 inveniet.

356 5646 397 5676 ⁸⁸
420 5647 461 5698 Α
504 5644 659 5696 Deus.

768 5565 811 5604 ³³
834 5570 1008 5636 Conj.,
1043 5571 1081 5621 Α
1107 5588 1135 5622 n
1161 5572 1277 5635 piis,
1310 5568 1350 5621 C
1374 5565 1586 5619 Christi.

740 5641 781 5672 "
812 5642 1037 5695 t't’rittttts
1064 5642 1298 5708 apirifunt
1335 5654 1438 5689 om.
1478 5638 1538 5688 Α.

2008 5424 2029 5454 ³
2059 5434 2105 5475 et
2134 5439 2243 5475 om.
2283 5425 2346 5473 Α.

644 5486 862 5572 iinquit
905 5486 1111 5572 οιιι.’Λ.
1188 5501 1227 5531 ⁸ο
1252 5498 1345 5572 Sic
1488 5499 1565 5572 _“‘
1594 5497 1707 5572 Sic“
1732 5496 1831 5548 Bt).
1889 5493 1971 5545 Ea:
2007 5493 2088 5544 his
2118 5502 2272 5572 atque
2313 5491 2667 5572 similibus—:-
2691 5501 2869 5572 nptum
2905 5497 2980 5572 est
3013 5502 3136 5572 ‘pm.
3168 5486 3231 5538 Α.

1677 5565 1717 5595 ⁸³
1749 5574 1982 5616 sanetum
2024 5577 2132 5614 om.
2173 5563 2232 5612 (Σ.

1617 5635 1659 5672 ’⁵
1689 5637 1724 5687 Α
1758 5636 1820 5688 de
1852 5648 1930 5684 me
1951 5634 2152 5702 exisse

2427 5422 2445 5451 ⁸
2495 5432 2733 5475 sanctum
2773 5436 2880 5471 oin.
2921 5419 2985 5472 Δ.
3076 5419 3096 5447 '
3131 5417 3175 5469 Δ
3223 5415 3427 5515 aliqua.
3526 5421 3607 5464 σοι

2427 5491 2667 5538 iiibm—
2691 5501 2869 5538 natum
2905 5497 2980 5538 est
3027 5502 3136 5538 om.
3168 5486 3231 5538 Α.
3337 5486 3357 5515 ⁸
3388 5482 3481 5538 Sic
3523 5481 3602 5538 (κ

3389 5497 3481 5537 διο

3388 5482 3481 5538 Sic
3523 5481 3602 5547 C;

3382 5553 3422 5584 ”
3457 5550 3496 5608 ε
3533 5556 3610 5605 αι.

2313 5561 2356 5589 ⁸⁸
2385 5561 2474 5614 εἶς
2516 5558 2581 5615 C'
2609 5560 2649 5612 Α
2696 5560 2859 5612 daret.
2939 5557 2979 5587 ¹⁸
3009 5556 3048 5611 C
3084 5556 3299 5624 synodo.
