  <div class='ocr_page' id='page_1' title='image "/cluster/home/n/w/nwhite01/storage/ocr_20150623/122/hvd.32044054759840/344.png"; bbox 0 0 3912 6154; ppageno 0'>
   <div class='ocr_carea' id='block_1_1' title="bbox 329 250 425 315">
    <p class='ocr_par' dir='ltr' id='par_1_1' title="bbox 329 250 425 315">
     <span class='ocr_line' id='line_1_1' title="bbox 329 250 425 315; baseline 0.021 -2"><span class='ocrx_word' id='word_1_1' title='bbox 329 250 425 315; x_wconf 64' lang='lat' dir='ltr'><strong>dis</strong></span> 
     </span>
    </p>
   </div>
   <div class='ocr_carea' id='block_1_2' title="bbox 1140 217 2746 308">
    <p class='ocr_par' dir='ltr' id='par_1_2' title="bbox 1140 217 2746 308">
     <span class='ocr_line' id='line_1_2' title="bbox 1140 217 2746 308; baseline -0.006 1"><span class='ocrx_word' id='word_1_2' title='bbox 1140 226 1226 308; x_wconf 72' lang='lat' dir='ltr'><strong>nr;</strong></span> <span class='ocrx_word' id='word_1_3' title='bbox 1264 224 1598 307; x_wconf 60' lang='lat' dir='ltr'><strong>unum;</strong></span> <span class='ocrx_word' id='word_1_4' title='bbox 1640 230 1985 304; x_wconf 54' lang='lat' dir='ltr'><strong>summa.</strong></span> <span class='ocrx_word' id='word_1_5' title='bbox 2025 278 2091 289; x_wconf 65' lang='grc' dir='ltr'><strong>ηρ-</strong></span> <span class='ocrx_word' id='word_1_6' title='bbox 2129 246 2324 302; x_wconf 73' lang='lat' dir='ltr'><strong>LIBER</strong></span> <span class='ocrx_word' id='word_1_7' title='bbox 2367 217 2746 302; x_wconf 59' lang='lat' dir='ltr'><strong>secessus.</strong></span> 
     </span>
    </p>
   </div>
   <div class='ocr_carea' id='block_1_3' title="bbox 3462 225 3567 304">
    <p class='ocr_par' dir='ltr' id='par_1_3' title="bbox 3462 225 3567 304">
     <span class='ocr_line' id='line_1_3' title="bbox 3462 225 3567 304; baseline 0.01 -1"><span class='ocrx_word' id='word_1_8' title='bbox 3462 225 3567 304; x_wconf 69' lang='lat' dir='ltr'><strong>ut</strong></span> 
     </span>
    </p>
   </div>
   <div class='ocr_carea' id='block_1_4' title="bbox 329 344 3573 442">
    <p class='ocr_par' dir='ltr' id='par_1_4' title="bbox 329 344 3573 442">
     <span class='ocr_line' id='line_1_4' title="bbox 329 344 3573 442; baseline -0.003 -13"><span class='ocrx_word' id='word_1_9' title='bbox 329 378 558 437; x_wconf 80' lang='lat' dir='ltr'><strong>ratione,</strong></span> <span class='ocrx_word' id='word_1_10' title='bbox 580 386 683 442; x_wconf 85' lang='lat' dir='ltr'><strong>qua</strong></span> <span class='ocrx_word' id='word_1_11' title='bbox 707 378 759 427; x_wconf 87' lang='lat' dir='ltr'><strong>et</strong></span> <span class='ocrx_word' id='word_1_12' title='bbox 774 369 1046 427; x_wconf 84' lang='lat' dir='ltr'><strong>credimus</strong></span> <span class='ocrx_word' id='word_1_13' title='bbox 1065 378 1119 424; x_wconf 88' lang='lat' dir='ltr'><strong>et</strong></span> <span class='ocrx_word' id='word_1_14' title='bbox 1139 367 1502 437; x_wconf 87' lang='lat' dir='ltr'><strong>intelligimus,</strong></span> <span class='ocrx_word' id='word_1_15' title='bbox 1527 365 1752 420; x_wconf 90' lang='lat' dir='ltr'><strong>eundem</strong></span> <span class='ocrx_word' id='word_1_16' title='bbox 1777 359 1896 432; x_wconf 89' lang='lat' dir='ltr'><strong>Spi-</strong></span> <span class='ocrx_word' id='word_1_17' title='bbox 1928 369 1973 425; x_wconf 81' lang='grc' dir='ltr'>Α</span> <span class='ocrx_word' id='word_1_18' title='bbox 2004 344 2076 418; x_wconf 83' lang='lat' dir='ltr'><strong>tia</strong></span> <span class='ocrx_word' id='word_1_19' title='bbox 2134 361 2311 418; x_wconf 86' lang='lat' dir='ltr'><strong>Patris</strong></span> <span class='ocrx_word' id='word_1_20' title='bbox 2351 363 2431 419; x_wconf 86' lang='lat' dir='ltr'><strong>vel</strong></span> <span class='ocrx_word' id='word_1_21' title='bbox 2469 376 2718 432; x_wconf 80' lang='lat' dir='ltr'><strong>persona.</strong></span> <span class='ocrx_word' id='word_1_22' title='bbox 2770 361 3015 418; x_wconf 82' lang='lat' dir='ltr'><strong>Essentla</strong></span> <span class='ocrx_word' id='word_1_23' title='bbox 3056 360 3322 432; x_wconf 83' lang='lat' dir='ltr'><strong>siquidem</strong></span> <span class='ocrx_word' id='word_1_24' title='bbox 3360 360 3573 419; x_wconf 81' lang='lat' dir='ltr'><strong>divinae</strong></span> 
     </span>
    </p>
   </div>
   <div class='ocr_carea' id='block_1_5' title="bbox 329 454 1899 526">
    <p class='ocr_par' dir='ltr' id='par_1_5' title="bbox 329 454 1899 526">
     <span class='ocr_line' id='line_1_5' title="bbox 329 454 1899 526; baseline -0.009 -5"><span class='ocrx_word' id='word_1_25' title='bbox 329 469 490 522; x_wconf 84' lang='lat' dir='ltr'><strong>ritum</strong></span> <span class='ocrx_word' id='word_1_26' title='bbox 516 479 578 520; x_wconf 75' lang='lat' dir='ltr'><strong>ex</strong></span> <span class='ocrx_word' id='word_1_27' title='bbox 613 479 715 518; x_wconf 88' lang='lat' dir='ltr'><strong>una</strong></span> <span class='ocrx_word' id='word_1_28' title='bbox 743 478 928 526; x_wconf 86' lang='lat' dir='ltr'><strong>causa,</strong></span> <span class='ocrx_word' id='word_1_29' title='bbox 960 462 1012 516; x_wconf 91' lang='lat' dir='ltr'><strong>id</strong></span> <span class='ocrx_word' id='word_1_30' title='bbox 1041 469 1144 524; x_wconf 91' lang='lat' dir='ltr'><strong>est,</strong></span> <span class='ocrx_word' id='word_1_31' title='bbox 1176 475 1239 514; x_wconf 78' lang='lat' dir='ltr'><strong>ex</strong></span> <span class='ocrx_word' id='word_1_32' title='bbox 1283 460 1441 514; x_wconf 81' lang='lat' dir='ltr'><strong>Patre</strong></span> <span class='ocrx_word' id='word_1_33' title='bbox 1474 454 1899 513; x_wconf 87' lang='lat' dir='ltr'><strong>substantialiter</strong></span> 
     </span>
    </p>
   </div>
   <div class='ocr_carea' id='block_1_6' title="bbox 327 547 1900 627">
    <p class='ocr_par' dir='ltr' id='par_1_6' title="bbox 327 547 1900 627">
     <span class='ocr_line' id='line_1_6' title="bbox 327 547 1900 627; baseline -0.008 -14"><span class='ocrx_word' id='word_1_34' title='bbox 327 558 637 627; x_wconf 90' lang='lat' dir='ltr'><strong>procedere.</strong></span> <span class='ocrx_word' id='word_1_35' title='bbox 669 556 765 609; x_wconf 71' lang='lat' dir='ltr'><strong>Est</strong></span> <span class='ocrx_word' id='word_1_36' title='bbox 792 555 935 608; x_wconf 90' lang='lat' dir='ltr'><strong>enim</strong></span> <span class='ocrx_word' id='word_1_37' title='bbox 980 553 1144 607; x_wconf 88' lang='lat' dir='ltr'><strong>Pater</strong></span> <span class='ocrx_word' id='word_1_38' title='bbox 1188 566 1350 606; x_wconf 88' lang='lat' dir='ltr'><strong>causa</strong></span> <span class='ocrx_word' id='word_1_39' title='bbox 1404 547 1677 603; x_wconf 88' lang='lat' dir='ltr'><strong>nascentis</strong></span> <span class='ocrx_word' id='word_1_40' title='bbox 1724 548 1791 601; x_wconf 91' lang='lat' dir='ltr'><strong>de</strong></span> <span class='ocrx_word' id='word_1_41' title='bbox 1841 560 1900 600; x_wconf 88' lang='lat' dir='ltr'><strong>se</strong></span> 
     </span>
    </p>
   </div>
   <div class='ocr_carea' id='block_1_7' title="bbox 326 640 1902 716">
    <p class='ocr_par' dir='ltr' id='par_1_7' title="bbox 326 640 1902 716">
     <span class='ocr_line' id='line_1_7' title="bbox 326 640 1902 716; baseline -0.008 -14"><span class='ocrx_word' id='word_1_42' title='bbox 326 647 490 711; x_wconf 86' lang='lat' dir='ltr'><strong>Filii,</strong></span> <span class='ocrx_word' id='word_1_43' title='bbox 519 657 576 702; x_wconf 91' lang='lat' dir='ltr'><strong>et</strong></span> <span class='ocrx_word' id='word_1_44' title='bbox 603 645 940 716; x_wconf 79' lang='lat' dir='ltr'><strong>procedentis</strong></span> <span class='ocrx_word' id='word_1_45' title='bbox 972 659 1040 697; x_wconf 79' lang='lat' dir='ltr'><strong>ex</strong></span> <span class='ocrx_word' id='word_1_46' title='bbox 1073 658 1130 698; x_wconf 89' lang='lat' dir='ltr'><strong>se</strong></span> <span class='ocrx_word' id='word_1_47' title='bbox 1154 642 1411 713; x_wconf 73' lang='lat' dir='ltr'><strong>Spiritus.</strong></span> <span class='ocrx_word' id='word_1_48' title='bbox 1440 640 1544 695; x_wconf 89' lang='lat' dir='ltr'><strong>Sed</strong></span> <span class='ocrx_word' id='word_1_49' title='bbox 1594 640 1769 693; x_wconf 86' lang='lat' dir='ltr'><strong>adhuc</strong></span> <span class='ocrx_word' id='word_1_50' title='bbox 1810 652 1902 691; x_wconf 83' lang='lat' dir='ltr'><strong>ve-</strong></span> 
     </span>
    </p>
   </div>
   <div class='ocr_carea' id='block_1_8' title="bbox 329 728 1900 809">
    <p class='ocr_par' dir='ltr' id='par_1_8' title="bbox 329 728 1900 809">
     <span class='ocr_line' id='line_1_8' title="bbox 329 728 1900 809; baseline -0.007 -16"><span class='ocrx_word' id='word_1_51' title='bbox 329 740 425 793; x_wconf 88' lang='lat' dir='ltr'><strong>lim</strong></span> <span class='ocrx_word' id='word_1_52' title='bbox 456 755 487 792; x_wconf 92' lang='lat' dir='ltr'><strong>a</strong></span> <span class='ocrx_word' id='word_1_53' title='bbox 518 745 572 792; x_wconf 90' lang='lat' dir='ltr'><strong>te</strong></span> <span class='ocrx_word' id='word_1_54' title='bbox 594 752 887 809; x_wconf 87' lang='lat' dir='ltr'><strong>quaerere,</strong></span> <span class='ocrx_word' id='word_1_55' title='bbox 940 750 1008 790; x_wconf 79' lang='lat' dir='ltr'><strong>ex</strong></span> <span class='ocrx_word' id='word_1_56' title='bbox 1035 735 1343 790; x_wconf 90' lang='lat' dir='ltr'><strong>essentiane</strong></span> <span class='ocrx_word' id='word_1_57' title='bbox 1387 734 1405 767; x_wconf 73' lang='grc'>⁸</span> <span class='ocrx_word' id='word_1_58' title='bbox 1433 730 1610 785; x_wconf 89' lang='lat' dir='ltr'><strong>Patris</strong></span> <span class='ocrx_word' id='word_1_59' title='bbox 1632 769 1647 793; x_wconf 92' lang='lat'><strong>,</strong></span> <span class='ocrx_word' id='word_1_60' title='bbox 1676 746 1744 784; x_wconf 83' lang='lat' dir='ltr'><strong>an</strong></span> <span class='ocrx_word' id='word_1_61' title='bbox 1770 728 1900 783; x_wconf 88' lang='lat' dir='ltr'><strong>sub-</strong></span> 
     </span>
    </p>
   </div>
   <div class='ocr_carea' id='block_1_9' title="bbox 326 823 1901 892">
    <p class='ocr_par' dir='ltr' id='par_1_9' title="bbox 326 823 1901 892">
     <span class='ocr_line' id='line_1_9' title="bbox 326 823 1901 892; baseline -0.006 -9"><span class='ocrx_word' id='word_1_62' title='bbox 326 828 529 883; x_wconf 82' lang='lat' dir='ltr'><strong>stantia</strong></span> <span class='ocrx_word' id='word_1_63' title='bbox 559 827 580 858; x_wconf 85' lang='lat'>&#39;</span> <span class='ocrx_word' id='word_1_64' title='bbox 607 836 665 882; x_wconf 92' lang='lat' dir='ltr'><strong>et</strong></span> <span class='ocrx_word' id='word_1_65' title='bbox 716 826 883 880; x_wconf 85' lang='lat' dir='ltr'><strong>Filius</strong></span> <span class='ocrx_word' id='word_1_66' title='bbox 911 834 1071 879; x_wconf 89' lang='lat' dir='ltr'><strong>natus</strong></span> <span class='ocrx_word' id='word_1_67' title='bbox 1103 833 1154 879; x_wconf 92' lang='lat' dir='ltr'><strong>et</strong></span> <span class='ocrx_word' id='word_1_68' title='bbox 1190 823 1424 892; x_wconf 81' lang='lat' dir='ltr'><strong>Spiritus</strong></span> <span class='ocrx_word' id='word_1_69' title='bbox 1451 830 1671 875; x_wconf 90' lang='lat' dir='ltr'><strong>sanctus</strong></span> <span class='ocrx_word' id='word_1_70' title='bbox 1707 834 1901 890; x_wconf 83' lang='lat' dir='ltr'><strong>proce-</strong></span> 
     </span>
    </p>
   </div>
   <div class='ocr_carea' id='block_1_10' title="bbox 325 908 1903 983">
    <p class='ocr_par' dir='ltr' id='par_1_10' title="bbox 325 908 1903 983">
     <span class='ocr_line' id='line_1_10' title="bbox 325 908 1903 983; baseline -0.007 -10"><span class='ocrx_word' id='word_1_71' title='bbox 325 918 462 973; x_wconf 82' lang='lat' dir='ltr'><strong>deus</strong></span> <span class='ocrx_word' id='word_1_72' title='bbox 491 917 646 973; x_wconf 80' lang='lat' dir='ltr'><strong>est&#39;?</strong></span> <span class='ocrx_word' id='word_1_73' title='bbox 669 916 806 972; x_wconf 74' lang='lat' dir='ltr'><strong>MAG.</strong></span> <span class='ocrx_word' id='word_1_74' title='bbox 830 916 904 971; x_wconf 84' lang='lat' dir='ltr'><strong>De</strong></span> <span class='ocrx_word' id='word_1_75' title='bbox 927 916 1031 970; x_wconf 89' lang='lat' dir='ltr'><strong>hoc</strong></span> <span class='ocrx_word' id='word_1_76' title='bbox 1044 914 1293 983; x_wconf 87' lang='lat' dir='ltr'><strong>ambiguo</strong></span> <span class='ocrx_word' id='word_1_77' title='bbox 1321 912 1476 966; x_wconf 86' lang='lat' dir='ltr'><strong>facile</strong></span> <span class='ocrx_word' id='word_1_78' title='bbox 1499 909 1834 980; x_wconf 87' lang='lat' dir='ltr'><strong>purgaberis,</strong></span> <span class='ocrx_word' id='word_1_79' title='bbox 1856 908 1903 963; x_wconf 88' lang='lat' dir='ltr'><strong>si</strong></span> 
     </span>
    </p>
   </div>
   <div class='ocr_carea' id='block_1_11' title="bbox 327 998 1904 1077">
    <p class='ocr_par' dir='ltr' id='par_1_11' title="bbox 327 998 1904 1077">
     <span class='ocr_line' id='line_1_11' title="bbox 327 998 1904 1077; baseline -0.007 -17"><span class='ocrx_word' id='word_1_80' title='bbox 327 1007 480 1076; x_wconf 80' lang='lat' dir='ltr'><strong>prius</strong></span> <span class='ocrx_word' id='word_1_81' title='bbox 508 1021 644 1077; x_wconf 88' lang='lat' dir='ltr'><strong>pure</strong></span> <span class='ocrx_word' id='word_1_82' title='bbox 670 1019 1000 1071; x_wconf 77' lang='lat' dir='ltr'><strong>cognoscas,</strong></span> <span class='ocrx_word' id='word_1_83' title='bbox 1037 1003 1167 1071; x_wconf 88' lang='lat' dir='ltr'><strong>quid</strong></span> <span class='ocrx_word' id='word_1_84' title='bbox 1216 1001 1286 1055; x_wconf 90' lang='lat' dir='ltr'><strong>sit</strong></span> <span class='ocrx_word' id='word_1_85' title='bbox 1331 1001 1470 1054; x_wconf 90' lang='lat' dir='ltr'><strong>inter</strong></span> <span class='ocrx_word' id='word_1_86' title='bbox 1513 998 1804 1053; x_wconf 81' lang='lat' dir='ltr'><strong>essentiam</strong></span> <span class='ocrx_word' id='word_1_87' title='bbox 1850 1004 1904 1050; x_wconf 91' lang='lat' dir='ltr'><strong>et</strong></span> 
     </span>
    </p>
   </div>
   <div class='ocr_carea' id='block_1_12' title="bbox 326 1085 1903 1151">
    <p class='ocr_par' dir='ltr' id='par_1_12' title="bbox 326 1085 1903 1151">
     <span class='ocr_line' id='line_1_12' title="bbox 326 1085 1903 1151; baseline -0.008 0"><span class='ocrx_word' id='word_1_88' title='bbox 326 1097 689 1151; x_wconf 82' lang='lat' dir='ltr'><strong>substantiam</strong></span> <span class='ocrx_word' id='word_1_89' title='bbox 724 1095 940 1148; x_wconf 91' lang='lat' dir='ltr'><strong>divinae</strong></span> <span class='ocrx_word' id='word_1_90' title='bbox 983 1092 1260 1147; x_wconf 82' lang='lat' dir='ltr'><strong>bonitatis.</strong></span> <span class='ocrx_word' id='word_1_91' title='bbox 1308 1090 1450 1144; x_wconf 84' lang='lat' dir='ltr'><strong>DlSC.</strong></span> <span class='ocrx_word' id='word_1_92' title='bbox 1487 1089 1561 1142; x_wconf 91' lang='lat' dir='ltr'><strong>De</strong></span> <span class='ocrx_word' id='word_1_93' title='bbox 1601 1085 1903 1142; x_wconf 68' lang='lat' dir='ltr'><strong>dill‘erentia</strong></span> 
     </span>
    </p>
   </div>
   <div class='ocr_carea' id='block_1_13' title="bbox 328 1176 1904 1249">
    <p class='ocr_par' dir='ltr' id='par_1_13' title="bbox 328 1176 1904 1249">
     <span class='ocr_line' id='line_1_13' title="bbox 328 1176 1904 1249; baseline -0.007 -9"><span class='ocrx_word' id='word_1_94' title='bbox 328 1186 543 1241; x_wconf 82' lang='lat' dir='ltr'><strong>divinae</strong></span> <span class='ocrx_word' id='word_1_95' title='bbox 569 1183 838 1237; x_wconf 84' lang='lat' dir='ltr'><strong>essentiae</strong></span> <span class='ocrx_word' id='word_1_96' title='bbox 865 1190 1027 1249; x_wconf 86' lang='lat' dir='ltr'><strong>atque</strong></span> <span class='ocrx_word' id='word_1_97' title='bbox 1051 1179 1384 1235; x_wconf 89' lang='lat' dir='ltr'><strong>substantiae</strong></span> <span class='ocrx_word' id='word_1_98' title='bbox 1418 1176 1598 1231; x_wconf 87' lang='lat' dir='ltr'><strong>docuit</strong></span> <span class='ocrx_word' id='word_1_99' title='bbox 1634 1190 1722 1229; x_wconf 89' lang='lat' dir='ltr'><strong>me</strong></span> <span class='ocrx_word' id='word_1_100' title='bbox 1749 1176 1904 1229; x_wconf 73' lang='lat' dir='ltr'><strong>theo-</strong></span> 
     </span>
    </p>
   </div>
   <div class='ocr_carea' id='block_1_14' title="bbox 328 1268 1906 1345">
    <p class='ocr_par' dir='ltr' id='par_1_14' title="bbox 328 1268 1906 1345">
     <span class='ocr_line' id='line_1_14' title="bbox 328 1268 1906 1345; baseline -0.005 -16"><span class='ocrx_word' id='word_1_101' title='bbox 328 1275 468 1345; x_wconf 85' lang='lat' dir='ltr'><strong>logia</strong></span> <span class='ocrx_word' id='word_1_102' title='bbox 494 1290 557 1327; x_wconf 75' lang='lat' dir='ltr'><strong>ex</strong></span> <span class='ocrx_word' id='word_1_103' title='bbox 574 1273 779 1328; x_wconf 89' lang='lat' dir='ltr'><strong>sanctis</strong></span> <span class='ocrx_word' id='word_1_104' title='bbox 803 1272 1053 1326; x_wconf 86' lang='lat' dir='ltr'><strong>Patribus</strong></span> <span class='ocrx_word' id='word_1_105' title='bbox 1101 1270 1381 1339; x_wconf 83' lang='lat' dir='ltr'><strong>utriusque</strong></span> <span class='ocrx_word' id='word_1_106' title='bbox 1411 1268 1646 1339; x_wconf 76' lang='lat' dir='ltr'><strong>linguae,</strong></span> <span class='ocrx_word' id='word_1_107' title='bbox 1680 1280 1906 1336; x_wconf 76' lang='lat' dir='ltr'><strong>graecae</strong></span> 
     </span>
    </p>
   </div>
   <div class='ocr_carea' id='block_1_15' title="bbox 330 1358 1904 1433">
    <p class='ocr_par' dir='ltr' id='par_1_15' title="bbox 330 1358 1904 1433">
     <span class='ocr_line' id='line_1_15' title="bbox 330 1358 1904 1433; baseline -0.004 -14"><span class='ocrx_word' id='word_1_108' title='bbox 330 1367 585 1422; x_wconf 74' lang='lat' dir='ltr'><strong>videlicet</strong></span> <span class='ocrx_word' id='word_1_109' title='bbox 632 1375 794 1433; x_wconf 88' lang='lat' dir='ltr'><strong>atque</strong></span> <span class='ocrx_word' id='word_1_110' title='bbox 840 1362 1058 1428; x_wconf 84' lang='lat' dir='ltr'><strong>latinae,</strong></span> <span class='ocrx_word' id='word_1_111' title='bbox 1088 1362 1304 1416; x_wconf 88' lang='lat' dir='ltr'><strong>tradita.</strong></span> <span class='ocrx_word' id='word_1_112' title='bbox 1336 1360 1610 1428; x_wconf 82' lang='lat' dir='ltr'><strong>Siquidem</strong></span> <span class='ocrx_word' id='word_1_113' title='bbox 1646 1358 1904 1413; x_wconf 68' lang='lat' dir='ltr'><strong>sanetus‘</strong></span> 
     </span>
    </p>
   </div>
   <div class='ocr_carea' id='block_1_16' title="bbox 328 1452 1903 1528">
    <p class='ocr_par' dir='ltr' id='par_1_16' title="bbox 328 1452 1903 1528">
     <span class='ocr_line' id='line_1_16' title="bbox 328 1452 1903 1528; baseline -0.007 -15"><span class='ocrx_word' id='word_1_114' title='bbox 328 1459 619 1528; x_wconf 80' lang='lat' dir='ltr'><strong>Dionysius</strong></span> <span class='ocrx_word' id='word_1_115' title='bbox 643 1457 995 1526; x_wconf 80' lang='lat' dir='ltr'><strong>Areopagita,</strong></span> <span class='ocrx_word' id='word_1_116' title='bbox 1034 1465 1083 1510; x_wconf 92' lang='lat' dir='ltr'><strong>et</strong></span> <span class='ocrx_word' id='word_1_117' title='bbox 1117 1454 1408 1521; x_wconf 81' lang='lat' dir='ltr'><strong>Gregorius</strong></span> <span class='ocrx_word' id='word_1_118' title='bbox 1448 1452 1779 1521; x_wconf 88' lang='lat' dir='ltr'><strong>Theologus,</strong></span> <span class='ocrx_word' id='word_1_119' title='bbox 1810 1463 1903 1503; x_wconf 90' lang='lat' dir='ltr'><strong>eo-</strong></span> 
     </span>
    </p>
   </div>
   <div class='ocr_carea' id='block_1_17' title="bbox 325 1541 1909 1620">
    <p class='ocr_par' dir='ltr' id='par_1_17' title="bbox 325 1541 1909 1620">
     <span class='ocr_line' id='line_1_17' title="bbox 325 1541 1909 1620; baseline -0.005 -17"><span class='ocrx_word' id='word_1_120' title='bbox 325 1566 557 1619; x_wconf 83' lang='lat' dir='ltr'><strong>rumque</strong></span> <span class='ocrx_word' id='word_1_121' title='bbox 583 1548 1014 1620; x_wconf 84' lang='lat' dir='ltr'><strong>elegantissimus</strong></span> <span class='ocrx_word' id='word_1_122' title='bbox 1043 1546 1318 1614; x_wconf 80' lang='lat' dir='ltr'><strong>expositor</strong></span> <span class='ocrx_word' id='word_1_123' title='bbox 1340 1543 1625 1606; x_wconf 76' lang='lat' dir='ltr'><strong>Maximus,</strong></span> <span class='ocrx_word' id='word_1_124' title='bbox 1655 1541 1909 1597; x_wconf 71' lang='lat' dir='ltr'><strong>diii‘eren-</strong></span> 
     </span>
    </p>
   </div>
   <div class='ocr_carea' id='block_1_18' title="bbox 328 1635 1910 1700">
    <p class='ocr_par' dir='ltr' id='par_1_18' title="bbox 328 1635 1910 1700">
     <span class='ocr_line' id='line_1_18' title="bbox 328 1635 1910 1700; baseline -0.004 -7"><span class='ocrx_word' id='word_1_125' title='bbox 328 1643 458 1694; x_wconf 88' lang='lat' dir='ltr'><strong>tiam</strong></span> <span class='ocrx_word' id='word_1_126' title='bbox 488 1655 613 1694; x_wconf 89' lang='lat' dir='ltr'><strong>esse</strong></span> <span class='ocrx_word' id='word_1_127' title='bbox 639 1641 825 1694; x_wconf 86' lang='lat' dir='ltr'><strong>dicunt</strong></span> <span class='ocrx_word' id='word_1_128' title='bbox 867 1638 1007 1691; x_wconf 89' lang='lat' dir='ltr'><strong>inter</strong></span> <span class='ocrx_word' id='word_1_129' title='bbox 1041 1639 1250 1700; x_wconf 70' lang='grc' dir='ltr'><strong>οὐσίαν,</strong></span> <span class='ocrx_word' id='word_1_130' title='bbox 1286 1637 1337 1690; x_wconf 87' lang='lat' dir='ltr'><strong>id</strong></span> <span class='ocrx_word' id='word_1_131' title='bbox 1378 1644 1461 1690; x_wconf 91' lang='lat' dir='ltr'><strong>est</strong></span> <span class='ocrx_word' id='word_1_132' title='bbox 1488 1635 1779 1689; x_wconf 81' lang='lat' dir='ltr'><strong>essentiam</strong></span> <span class='ocrx_word' id='word_1_133' title='bbox 1808 1670 1823 1699; x_wconf 91' lang='lat'><strong>,</strong></span> <span class='ocrx_word' id='word_1_134' title='bbox 1854 1642 1910 1687; x_wconf 93' lang='lat' dir='ltr'><strong>et</strong></span> 
     </span>
    </p>
   </div>
   <div class='ocr_carea' id='block_1_19' title="bbox 2004 449 3571 523">
    <p class='ocr_par' dir='ltr' id='par_1_19' title="bbox 2004 449 3571 523">
     <span class='ocr_line' id='line_1_19' title="bbox 2004 449 3571 523; baseline 0.001 -17"><span class='ocrx_word' id='word_1_135' title='bbox 2004 452 2257 508; x_wconf 86' lang='lat' dir='ltr'><strong>bonitatis</strong></span> <span class='ocrx_word' id='word_1_136' title='bbox 2283 467 2455 521; x_wconf 90' lang='lat' dir='ltr'><strong>neque</strong></span> <span class='ocrx_word' id='word_1_137' title='bbox 2479 453 2694 523; x_wconf 86' lang='lat' dir='ltr'><strong>propria</strong></span> <span class='ocrx_word' id='word_1_138' title='bbox 2720 452 3021 506; x_wconf 85' lang='lat' dir='ltr'><strong>substantia</strong></span> <span class='ocrx_word' id='word_1_139' title='bbox 3046 461 3128 508; x_wconf 90' lang='lat' dir='ltr'><strong>est</strong></span> <span class='ocrx_word' id='word_1_140' title='bbox 3153 449 3362 515; x_wconf 85' lang='lat' dir='ltr'><strong>Patris,</strong></span> <span class='ocrx_word' id='word_1_141' title='bbox 3396 465 3571 522; x_wconf 73' lang='lat' dir='ltr'><strong>neque</strong></span> 
     </span>
    </p>
   </div>
   <div class='ocr_carea' id='block_1_20' title="bbox 2003 526 3572 612">
    <p class='ocr_par' dir='ltr' id='par_1_20' title="bbox 2003 526 3572 612">
     <span class='ocr_line' id='line_1_20' title="bbox 2003 526 3572 612; baseline 0.001 -18"><span class='ocrx_word' id='word_1_142' title='bbox 2003 540 2148 605; x_wconf 85' lang='lat' dir='ltr'><strong>Filii,</strong></span> <span class='ocrx_word' id='word_1_143' title='bbox 2176 557 2349 611; x_wconf 88' lang='lat' dir='ltr'><strong>neque</strong></span> <span class='ocrx_word' id='word_1_144' title='bbox 2380 530 2614 610; x_wconf 89' lang='lat' dir='ltr'><strong>Spiritus</strong></span> <span class='ocrx_word' id='word_1_145' title='bbox 2640 541 2810 596; x_wconf 88' lang='lat' dir='ltr'><strong>sancti</strong></span> <span class='ocrx_word' id='word_1_146' title='bbox 2830 580 2847 606; x_wconf 95' lang='lat'><strong>,</strong></span> <span class='ocrx_word' id='word_1_147' title='bbox 2876 542 2971 596; x_wconf 89' lang='lat' dir='ltr'><strong>sed</strong></span> <span class='ocrx_word' id='word_1_148' title='bbox 3003 556 3105 595; x_wconf 92' lang='lat' dir='ltr'><strong>una</strong></span> <span class='ocrx_word' id='word_1_149' title='bbox 3136 551 3300 612; x_wconf 91' lang='lat' dir='ltr'><strong>atque</strong></span> <span class='ocrx_word' id='word_1_150' title='bbox 3339 526 3572 596; x_wconf 75' lang='lat' dir='ltr'><strong>cominu-</strong></span> 
     </span>
    </p>
   </div>
   <div class='ocr_carea' id='block_1_21' title="bbox 2003 628 3576 695">
    <p class='ocr_par' dir='ltr' id='par_1_21' title="bbox 2003 628 3576 695">
     <span class='ocr_line' id='line_1_21' title="bbox 2003 628 3576 695; baseline 0.002 -12"><span class='ocrx_word' id='word_1_151' title='bbox 2003 630 2088 683; x_wconf 89' lang='lat' dir='ltr'><strong>nis</strong></span> <span class='ocrx_word' id='word_1_152' title='bbox 2115 630 2534 685; x_wconf 89' lang='lat' dir='ltr'><strong>substantiarum</strong></span> <span class='ocrx_word' id='word_1_153' title='bbox 2565 631 2726 685; x_wconf 89' lang='lat' dir='ltr'><strong>trium</strong></span> <span class='ocrx_word' id='word_1_154' title='bbox 2756 637 2981 695; x_wconf 91' lang='lat' dir='ltr'><strong>natura;</strong></span> <span class='ocrx_word' id='word_1_155' title='bbox 3021 628 3184 685; x_wconf 86' lang='lat' dir='ltr'><strong>Pater</strong></span> <span class='ocrx_word' id='word_1_156' title='bbox 3213 639 3391 685; x_wconf 87' lang='lat' dir='ltr'><strong>autem</strong></span> <span class='ocrx_word' id='word_1_157' title='bbox 3422 645 3576 686; x_wconf 88' lang='lat' dir='ltr'><strong>suam</strong></span> 
     </span>
    </p>
   </div>
   <div class='ocr_carea' id='block_1_22' title="bbox 2004 719 3579 787">
    <p class='ocr_par' dir='ltr' id='par_1_22' title="bbox 2004 719 3579 787">
     <span class='ocr_line' id='line_1_22' title="bbox 2004 719 3579 787; baseline 0.003 -16"><span class='ocrx_word' id='word_1_158' title='bbox 2004 721 2275 787; x_wconf 88' lang='lat' dir='ltr'><strong>propriam</strong></span> <span class='ocrx_word' id='word_1_159' title='bbox 2308 719 2469 773; x_wconf 85' lang='lat' dir='ltr'><strong>habet</strong></span> <span class='ocrx_word' id='word_1_160' title='bbox 2489 720 2867 785; x_wconf 89' lang='lat' dir='ltr'><strong>substantiam,</strong></span> <span class='ocrx_word' id='word_1_161' title='bbox 2900 719 3149 774; x_wconf 87' lang='lat' dir='ltr'><strong>similiter</strong></span> <span class='ocrx_word' id='word_1_162' title='bbox 3185 728 3241 775; x_wconf 92' lang='lat' dir='ltr'><strong>et</strong></span> <span class='ocrx_word' id='word_1_163' title='bbox 3278 719 3478 785; x_wconf 82' lang='lat' dir='ltr'><strong>Filius,</strong></span> <span class='ocrx_word' id='word_1_164' title='bbox 3506 721 3579 776; x_wconf 89' lang='lat' dir='ltr'><strong>si-</strong></span> 
     </span>
    </p>
   </div>
   <div class='ocr_carea' id='block_1_23' title="bbox 2007 810 3583 883">
    <p class='ocr_par' dir='ltr' id='par_1_23' title="bbox 2007 810 3583 883">
     <span class='ocr_line' id='line_1_23' title="bbox 2007 810 3583 883; baseline -0.001 -18"><span class='ocrx_word' id='word_1_165' title='bbox 2007 811 2207 865; x_wconf 88' lang='lat' dir='ltr'><strong>militer</strong></span> <span class='ocrx_word' id='word_1_166' title='bbox 2231 819 2286 867; x_wconf 91' lang='lat' dir='ltr'><strong>et</strong></span> <span class='ocrx_word' id='word_1_167' title='bbox 2311 810 2544 881; x_wconf 89' lang='lat' dir='ltr'><strong>Spiritus</strong></span> <span class='ocrx_word' id='word_1_168' title='bbox 2572 823 2794 866; x_wconf 87' lang='lat' dir='ltr'><strong>sanctus</strong></span> <span class='ocrx_word' id='word_1_169' title='bbox 2826 827 2951 867; x_wconf 90' lang='lat' dir='ltr'><strong>suas</strong></span> <span class='ocrx_word' id='word_1_170' title='bbox 2998 812 3274 883; x_wconf 88' lang='lat' dir='ltr'><strong>possident</strong></span> <span class='ocrx_word' id='word_1_171' title='bbox 3324 812 3583 867; x_wconf 82' lang='lat' dir='ltr'><strong>substan-</strong></span> 
     </span>
    </p>
   </div>
   <div class='ocr_carea' id='block_1_24' title="bbox 2007 893 3583 975">
    <p class='ocr_par' dir='ltr' id='par_1_24' title="bbox 2007 893 3583 975">
     <span class='ocr_line' id='line_1_24' title="bbox 2007 893 3583 975; baseline 0.003 -19"><span class='ocrx_word' id='word_1_172' title='bbox 2007 903 2130 957; x_wconf 86' lang='lat' dir='ltr'><strong>tias.</strong></span> <span class='ocrx_word' id='word_1_173' title='bbox 2157 902 2211 958; x_wconf 90' lang='lat' dir='ltr'><strong>Si</strong></span> <span class='ocrx_word' id='word_1_174' title='bbox 2243 903 2405 973; x_wconf 87' lang='lat' dir='ltr'><strong>igitur</strong></span> <span class='ocrx_word' id='word_1_175' title='bbox 2433 902 2610 956; x_wconf 84' lang='lat' dir='ltr'><strong>divina</strong></span> <span class='ocrx_word' id='word_1_176' title='bbox 2644 903 2911 968; x_wconf 88' lang='lat' dir='ltr'><strong>essentia,</strong></span> <span class='ocrx_word' id='word_1_177' title='bbox 2960 904 3085 973; x_wconf 87' lang='lat' dir='ltr'><strong>quia</strong></span> <span class='ocrx_word' id='word_1_178' title='bbox 3132 919 3239 957; x_wconf 89' lang='lat' dir='ltr'><strong>una</strong></span> <span class='ocrx_word' id='word_1_179' title='bbox 3285 893 3371 959; x_wconf 83' lang='lat' dir='ltr'><strong>est.</strong></span> <span class='ocrx_word' id='word_1_180' title='bbox 3417 911 3583 975; x_wconf 81' lang='lat' dir='ltr'><strong>atque</strong></span> 
     </span>
    </p>
   </div>
   <div class='ocr_carea' id='block_1_25' title="bbox 2004 992 3579 1066">
    <p class='ocr_par' dir='ltr' id='par_1_25' title="bbox 2004 992 3579 1066">
     <span class='ocr_line' id='line_1_25' title="bbox 2004 992 3579 1066; baseline 0.003 -18"><span class='ocrx_word' id='word_1_181' title='bbox 2004 994 2214 1055; x_wconf 85' lang='lat' dir='ltr'><strong>eadem,</strong></span> <span class='ocrx_word' id='word_1_182' title='bbox 2242 1008 2416 1062; x_wconf 90' lang='lat' dir='ltr'><strong>neque</strong></span> <span class='ocrx_word' id='word_1_183' title='bbox 2444 992 2605 1048; x_wconf 90' lang='lat' dir='ltr'><strong>Pater</strong></span> <span class='ocrx_word' id='word_1_184' title='bbox 2629 1003 2743 1057; x_wconf 88' lang='lat' dir='ltr'><strong>est,</strong></span> <span class='ocrx_word' id='word_1_185' title='bbox 2773 1009 2945 1064; x_wconf 88' lang='lat' dir='ltr'><strong>neque</strong></span> <span class='ocrx_word' id='word_1_186' title='bbox 2982 993 3179 1056; x_wconf 87' lang='lat' dir='ltr'><strong>Filius,</strong></span> <span class='ocrx_word' id='word_1_187' title='bbox 3206 1008 3382 1066; x_wconf 88' lang='lat' dir='ltr'><strong>neque</strong></span> <span class='ocrx_word' id='word_1_188' title='bbox 3402 992 3579 1064; x_wconf 81' lang='lat' dir='ltr'><strong>Spiri-</strong></span> 
     </span>
    </p>
   </div>
   <div class='ocr_carea' id='block_1_26' title="bbox 2008 1082 3575 1153">
    <p class='ocr_par' dir='ltr' id='par_1_26' title="bbox 2008 1082 3575 1153">
     <span class='ocr_line' id='line_1_26' title="bbox 2008 1082 3575 1153; baseline 0.002 -18"><span class='ocrx_word' id='word_1_189' title='bbox 2008 1093 2093 1138; x_wconf 91' lang='lat' dir='ltr'><strong>tus</strong></span> <span class='ocrx_word' id='word_1_190' title='bbox 2112 1092 2350 1145; x_wconf 86' lang='lat' dir='ltr'><strong>sanctus,</strong></span> <span class='ocrx_word' id='word_1_191' title='bbox 2381 1082 2476 1138; x_wconf 88' lang='lat' dir='ltr'><strong>sed</strong></span> <span class='ocrx_word' id='word_1_192' title='bbox 2505 1083 2806 1137; x_wconf 87' lang='lat' dir='ltr'><strong>communis</strong></span> <span class='ocrx_word' id='word_1_193' title='bbox 2833 1096 3018 1138; x_wconf 90' lang='lat' dir='ltr'><strong>eorum</strong></span> <span class='ocrx_word' id='word_1_194' title='bbox 3051 1093 3243 1138; x_wconf 88' lang='lat' dir='ltr'><strong>natura</strong></span> <span class='ocrx_word' id='word_1_195' title='bbox 3265 1124 3279 1148; x_wconf 94' lang='lat'><strong>,</strong></span> <span class='ocrx_word' id='word_1_196' title='bbox 3313 1084 3575 1153; x_wconf 87' lang='lat' dir='ltr'><strong>sequitur,</strong></span> 
     </span>
    </p>
   </div>
   <div class='ocr_carea' id='block_1_27' title="bbox 2008 1171 3579 1249">
    <p class='ocr_par' dir='ltr' id='par_1_27' title="bbox 2008 1171 3579 1249">
     <span class='ocr_line' id='line_1_27' title="bbox 2008 1171 3579 1249; baseline 0.003 -26"><span class='ocrx_word' id='word_1_197' title='bbox 2008 1184 2113 1224; x_wconf 85' lang='lat' dir='ltr'><strong>non</strong></span> <span class='ocrx_word' id='word_1_198' title='bbox 2163 1172 2230 1226; x_wconf 92' lang='lat' dir='ltr'><strong>ab</strong></span> <span class='ocrx_word' id='word_1_199' title='bbox 2270 1188 2330 1227; x_wconf 90' lang='lat' dir='ltr'><strong>ea</strong></span> <span class='ocrx_word' id='word_1_200' title='bbox 2367 1172 2514 1225; x_wconf 90' lang='lat' dir='ltr'><strong>nasci</strong></span> <span class='ocrx_word' id='word_1_201' title='bbox 2546 1171 2761 1237; x_wconf 86' lang='lat' dir='ltr'><strong>Filium,</strong></span> <span class='ocrx_word' id='word_1_202' title='bbox 2808 1186 2981 1242; x_wconf 90' lang='lat' dir='ltr'><strong>neque</strong></span> <span class='ocrx_word' id='word_1_203' title='bbox 3026 1173 3286 1241; x_wconf 88' lang='lat' dir='ltr'><strong>Spiritum</strong></span> <span class='ocrx_word' id='word_1_204' title='bbox 3330 1180 3579 1249; x_wconf 81' lang='lat' dir='ltr'><strong>sanctum</strong></span> 
     </span>
    </p>
   </div>
   <div class='ocr_carea' id='block_1_28' title="bbox 2007 1260 3584 1331">
    <p class='ocr_par' dir='ltr' id='par_1_28' title="bbox 2007 1260 3584 1331">
     <span class='ocr_line' id='line_1_28' title="bbox 2007 1260 3584 1331; baseline 0.002 -18"><span class='ocrx_word' id='word_1_205' title='bbox 2007 1261 2319 1331; x_wconf 86' lang='lat' dir='ltr'><strong>procedere.</strong></span> <span class='ocrx_word' id='word_1_206' title='bbox 2344 1260 2478 1315; x_wconf 87' lang='lat' dir='ltr'><strong>Nam</strong></span> <span class='ocrx_word' id='word_1_207' title='bbox 2514 1262 2558 1316; x_wconf 91' lang='lat' dir='ltr'><strong>si</strong></span> <span class='ocrx_word' id='word_1_208' title='bbox 2585 1276 2651 1316; x_wconf 76' lang='lat' dir='ltr'><strong>ex</strong></span> <span class='ocrx_word' id='word_1_209' title='bbox 2677 1276 2741 1316; x_wconf 91' lang='lat' dir='ltr'><strong>ea</strong></span> <span class='ocrx_word' id='word_1_210' title='bbox 2770 1261 2936 1317; x_wconf 85' lang='lat' dir='ltr'><strong>Filius</strong></span> <span class='ocrx_word' id='word_1_211' title='bbox 2974 1263 3235 1329; x_wconf 89' lang='lat' dir='ltr'><strong>nascitur,</strong></span> <span class='ocrx_word' id='word_1_212' title='bbox 3259 1277 3366 1318; x_wconf 91' lang='lat' dir='ltr'><strong>non</strong></span> <span class='ocrx_word' id='word_1_213' title='bbox 3395 1278 3462 1318; x_wconf 78' lang='lat' dir='ltr'><strong>ex</strong></span> <span class='ocrx_word' id='word_1_214' title='bbox 3483 1262 3584 1318; x_wconf 60' lang='lat' dir='ltr'><strong>Pa«</strong></span> 
     </span>
    </p>
   </div>
   <div class='ocr_carea' id='block_1_29' title="bbox 2010 1352 3576 1422">
    <p class='ocr_par' dir='ltr' id='par_1_29' title="bbox 2010 1352 3576 1422">
     <span class='ocr_line' id='line_1_29' title="bbox 2010 1352 3576 1422; baseline 0.002 -18"><span class='ocrx_word' id='word_1_215' title='bbox 2010 1360 2093 1406; x_wconf 93' lang='lat' dir='ltr'><strong>tre</strong></span> <span class='ocrx_word' id='word_1_216' title='bbox 2119 1352 2389 1419; x_wconf 87' lang='lat' dir='ltr'><strong>nascitur;</strong></span> <span class='ocrx_word' id='word_1_217' title='bbox 2426 1352 2538 1422; x_wconf 91' lang='lat' dir='ltr'><strong>ipsa</strong></span> <span class='ocrx_word' id='word_1_218' title='bbox 2569 1354 2733 1417; x_wconf 92' lang='lat' dir='ltr'><strong>enim,</strong></span> <span class='ocrx_word' id='word_1_219' title='bbox 2761 1363 2820 1407; x_wconf 91' lang='lat' dir='ltr'><strong>ut</strong></span> <span class='ocrx_word' id='word_1_220' title='bbox 2851 1354 3106 1418; x_wconf 81' lang='lat' dir='ltr'><strong>diximus,</strong></span> <span class='ocrx_word' id='word_1_221' title='bbox 3133 1354 3293 1408; x_wconf 89' lang='lat' dir='ltr'><strong>Pater</strong></span> <span class='ocrx_word' id='word_1_222' title='bbox 3316 1368 3424 1409; x_wconf 84' lang='lat' dir='ltr'><strong>non</strong></span> <span class='ocrx_word' id='word_1_223' title='bbox 3452 1362 3537 1409; x_wconf 90' lang='lat' dir='ltr'><strong>est</strong></span> <span class='ocrx_word' id='word_1_224' title='bbox 3563 1372 3576 1407; x_wconf 90' lang='lat'><strong>:</strong></span> 
     </span>
    </p>
   </div>
   <div class='ocr_carea' id='block_1_30' title="bbox 2010 1441 3582 1514">
    <p class='ocr_par' dir='ltr' id='par_1_30' title="bbox 2010 1441 3582 1514">
     <span class='ocr_line' id='line_1_30' title="bbox 2010 1441 3582 1514; baseline 0.001 -18"><span class='ocrx_word' id='word_1_225' title='bbox 2010 1441 2258 1497; x_wconf 88' lang='lat' dir='ltr'><strong>similiter</strong></span> <span class='ocrx_word' id='word_1_226' title='bbox 2291 1442 2335 1497; x_wconf 89' lang='lat' dir='ltr'><strong>si</strong></span> <span class='ocrx_word' id='word_1_227' title='bbox 2368 1458 2433 1497; x_wconf 78' lang='lat' dir='ltr'><strong>ex</strong></span> <span class='ocrx_word' id='word_1_228' title='bbox 2458 1444 2644 1498; x_wconf 88' lang='lat' dir='ltr'><strong>eadem</strong></span> <span class='ocrx_word' id='word_1_229' title='bbox 2676 1441 2910 1513; x_wconf 87' lang='lat' dir='ltr'><strong>Spiritus</strong></span> <span class='ocrx_word' id='word_1_230' title='bbox 2938 1454 3158 1499; x_wconf 88' lang='lat' dir='ltr'><strong>sanctus</strong></span> <span class='ocrx_word' id='word_1_231' title='bbox 3183 1444 3442 1514; x_wconf 87' lang='lat' dir='ltr'><strong>procedit,</strong></span> <span class='ocrx_word' id='word_1_232' title='bbox 3475 1459 3582 1499; x_wconf 89' lang='lat' dir='ltr'><strong>non</strong></span> 
     </span>
    </p>
   </div>
   <div class='ocr_carea' id='block_1_31' title="bbox 2008 1533 3584 1602">
    <p class='ocr_par' dir='ltr' id='par_1_31' title="bbox 2008 1533 3584 1602">
     <span class='ocr_line' id='line_1_31' title="bbox 2008 1533 3584 1602; baseline 0.001 -14"><span class='ocrx_word' id='word_1_233' title='bbox 2008 1548 2073 1588; x_wconf 77' lang='lat' dir='ltr'><strong>ex</strong></span> <span class='ocrx_word' id='word_1_234' title='bbox 2105 1533 2264 1587; x_wconf 90' lang='lat' dir='ltr'><strong>Patre</strong></span> <span class='ocrx_word' id='word_1_235' title='bbox 2294 1534 2557 1602; x_wconf 87' lang='lat' dir='ltr'><strong>procedit.</strong></span> <span class='ocrx_word' id='word_1_236' title='bbox 2592 1533 2648 1588; x_wconf 91' lang='lat' dir='ltr'><strong>Si</strong></span> <span class='ocrx_word' id='word_1_237' title='bbox 2681 1544 2862 1590; x_wconf 89' lang='lat' dir='ltr'><strong>autem</strong></span> <span class='ocrx_word' id='word_1_238' title='bbox 2902 1535 3169 1590; x_wconf 90' lang='lat' dir='ltr'><strong>catholica</strong></span> <span class='ocrx_word' id='word_1_239' title='bbox 3213 1535 3347 1590; x_wconf 90' lang='lat' dir='ltr'><strong>ﬁdes</strong></span> <span class='ocrx_word' id='word_1_240' title='bbox 3385 1534 3584 1590; x_wconf 87' lang='lat' dir='ltr'><strong>ﬁrmis-</strong></span> 
     </span>
    </p>
   </div>
   <div class='ocr_carea' id='block_1_32' title="bbox 2013 1626 3586 1703">
    <p class='ocr_par' dir='ltr' id='par_1_32' title="bbox 2013 1626 3586 1703">
     <span class='ocr_line' id='line_1_32' title="bbox 2013 1626 3586 1703; baseline 0.003 -23"><span class='ocrx_word' id='word_1_241' title='bbox 2013 1626 2149 1680; x_wconf 88' lang='lat' dir='ltr'><strong>sime</strong></span> <span class='ocrx_word' id='word_1_242' title='bbox 2182 1635 2345 1695; x_wconf 90' lang='lat' dir='ltr'><strong>atque</strong></span> <span class='ocrx_word' id='word_1_243' title='bbox 2377 1627 2660 1683; x_wconf 87' lang='lat' dir='ltr'><strong>sanissime</strong></span> <span class='ocrx_word' id='word_1_244' title='bbox 2685 1635 2740 1681; x_wconf 91' lang='lat' dir='ltr'><strong>et</strong></span> <span class='ocrx_word' id='word_1_245' title='bbox 2786 1628 2960 1682; x_wconf 90' lang='lat' dir='ltr'><strong>credit</strong></span> <span class='ocrx_word' id='word_1_246' title='bbox 3001 1636 3055 1683; x_wconf 93' lang='lat' dir='ltr'><strong>et</strong></span> <span class='ocrx_word' id='word_1_247' title='bbox 3087 1630 3243 1685; x_wconf 89' lang='lat' dir='ltr'><strong>docet</strong></span> <span class='ocrx_word' id='word_1_248' title='bbox 3286 1628 3489 1703; x_wconf 18' lang='lat' dir='ltr'><strong>Filium,</strong></span> <span class='ocrx_word' id='word_1_249' title='bbox 3514 1642 3586 1684; x_wconf 76' lang='lat' dir='ltr'><strong>ex</strong></span> 
     </span>
    </p>
   </div>
   <div class='ocr_carea' id='block_1_33' title="bbox 324 1712 3584 1793">
    <p class='ocr_par' dir='ltr' id='par_1_33' title="bbox 324 1712 3584 1793">
     <span class='ocr_line' id='line_1_33' title="bbox 324 1712 3584 1793; baseline -0.001 -10"><span class='ocrx_word' id='word_1_250' title='bbox 324 1731 635 1792; x_wconf 57' lang='lat' dir='ltr'><strong>tinearum,</strong></span> <span class='ocrx_word' id='word_1_251' title='bbox 680 1730 730 1782; x_wconf 87' lang='lat' dir='ltr'><strong>id</strong></span> <span class='ocrx_word' id='word_1_252' title='bbox 759 1738 841 1783; x_wconf 88' lang='lat' dir='ltr'><strong>est</strong></span> <span class='ocrx_word' id='word_1_253' title='bbox 870 1728 1258 1790; x_wconf 84' lang='lat' dir='ltr'><strong>substantiam;</strong></span> <span class='ocrx_word' id='word_1_254' title='bbox 1290 1728 1462 1780; x_wconf 74' lang='grc' dir='ltr'><strong>οὐσίαν</strong></span> <span class='ocrx_word' id='word_1_255' title='bbox 1497 1726 1713 1793; x_wconf 80' lang='lat' dir='ltr'><strong>quidem</strong></span> <span class='ocrx_word' id='word_1_256' title='bbox 1747 1723 1904 1779; x_wconf 81' lang='lat' dir='ltr'><strong>iutel-</strong></span> <span class='ocrx_word' id='word_1_257' title='bbox 1934 1715 1978 1773; x_wconf 89' lang='lat' dir='ltr'><strong>B</strong></span> <span class='ocrx_word' id='word_1_258' title='bbox 2006 1712 2165 1769; x_wconf 81' lang='lat' dir='ltr'><strong>Patre</strong></span> <span class='ocrx_word' id='word_1_259' title='bbox 2193 1724 2397 1779; x_wconf 81' lang='lat' dir='ltr'><strong>natum.</strong></span> <span class='ocrx_word' id='word_1_260' title='bbox 2427 1714 2687 1784; x_wconf 78' lang='lat' dir='ltr'><strong>Spiritum</strong></span> <span class='ocrx_word' id='word_1_261' title='bbox 2717 1732 2847 1772; x_wconf 78' lang='lat' dir='ltr'><strong>vero</strong></span> <span class='ocrx_word' id='word_1_262' title='bbox 2869 1727 3115 1773; x_wconf 85' lang='lat' dir='ltr'><strong>sanctum</strong></span> <span class='ocrx_word' id='word_1_263' title='bbox 3146 1732 3215 1772; x_wconf 78' lang='lat' dir='ltr'><strong>ex</strong></span> <span class='ocrx_word' id='word_1_264' title='bbox 3258 1718 3448 1774; x_wconf 80' lang='lat' dir='ltr'><strong>eodem</strong></span> <span class='ocrx_word' id='word_1_265' title='bbox 3474 1716 3584 1775; x_wconf 79' lang='lat' dir='ltr'><strong>Pa-</strong></span> 
     </span>
    </p>
   </div>
   <div class='ocr_carea' id='block_1_34' title="bbox 325 1814 1904 1889">
    <p class='ocr_par' dir='ltr' id='par_1_34' title="bbox 325 1814 1904 1889">
     <span class='ocr_line' id='line_1_34' title="bbox 325 1814 1904 1889; baseline -0.001 -17"><span class='ocrx_word' id='word_1_266' title='bbox 325 1818 558 1889; x_wconf 76' lang='lat' dir='ltr'><strong>ligeutes</strong></span> <span class='ocrx_word' id='word_1_267' title='bbox 579 1819 792 1872; x_wconf 88' lang='lat' dir='ltr'><strong>unicam</strong></span> <span class='ocrx_word' id='word_1_268' title='bbox 824 1817 966 1872; x_wconf 85' lang='lat' dir='ltr'><strong>illam</strong></span> <span class='ocrx_word' id='word_1_269' title='bbox 993 1833 1057 1872; x_wconf 90' lang='lat' dir='ltr'><strong>ac</strong></span> <span class='ocrx_word' id='word_1_270' title='bbox 1084 1817 1380 1887; x_wconf 86' lang='lat' dir='ltr'><strong>simplicem</strong></span> <span class='ocrx_word' id='word_1_271' title='bbox 1409 1816 1623 1870; x_wconf 77' lang='lat' dir='ltr'><strong>divinae</strong></span> <span class='ocrx_word' id='word_1_272' title='bbox 1646 1814 1904 1870; x_wconf 87' lang='lat' dir='ltr'><strong>bonitatis</strong></span> 
     </span>
    </p>
   </div>
   <div class='ocr_carea' id='block_1_35' title="bbox 324 1907 1900 1976">
    <p class='ocr_par' dir='ltr' id='par_1_35' title="bbox 324 1907 1900 1976">
     <span class='ocr_line' id='line_1_35' title="bbox 324 1907 1900 1976; baseline -0.001 -15"><span class='ocrx_word' id='word_1_273' title='bbox 324 1917 612 1970; x_wconf 87' lang='lat' dir='ltr'><strong>naturam,</strong></span> <span class='ocrx_word' id='word_1_274' title='bbox 659 1907 943 1964; x_wconf 77' lang='grc' dir='ltr'><strong>ὑπόστασιν</strong></span> <span class='ocrx_word' id='word_1_275' title='bbox 989 1923 1117 1962; x_wconf 86' lang='lat' dir='ltr'><strong>vero</strong></span> <span class='ocrx_word' id='word_1_276' title='bbox 1169 1907 1500 1976; x_wconf 86' lang='lat' dir='ltr'><strong>singularum</strong></span> <span class='ocrx_word' id='word_1_277' title='bbox 1550 1920 1900 1975; x_wconf 88' lang='lat' dir='ltr'><strong>personarum</strong></span> 
     </span>
    </p>
   </div>
   <div class='ocr_carea' id='block_1_36' title="bbox 323 1995 1901 2067">
    <p class='ocr_par' dir='ltr' id='par_1_36' title="bbox 323 1995 1901 2067">
     <span class='ocr_line' id='line_1_36' title="bbox 323 1995 1901 2067; baseline -0.002 -16"><span class='ocrx_word' id='word_1_278' title='bbox 323 1999 599 2067; x_wconf 82' lang='lat' dir='ltr'><strong>propriam</strong></span> <span class='ocrx_word' id='word_1_279' title='bbox 626 2007 679 2052; x_wconf 90' lang='lat' dir='ltr'><strong>et</strong></span> <span class='ocrx_word' id='word_1_280' title='bbox 715 1999 1041 2052; x_wconf 80' lang='lat' dir='ltr'><strong>individuam</strong></span> <span class='ocrx_word' id='word_1_281' title='bbox 1073 1997 1448 2052; x_wconf 82' lang='lat' dir='ltr'><strong>substantiam.</strong></span> <span class='ocrx_word' id='word_1_282' title='bbox 1486 1996 1680 2050; x_wconf 88' lang='lat' dir='ltr'><strong>Dicunt</strong></span> <span class='ocrx_word' id='word_1_283' title='bbox 1708 1995 1729 2027; x_wconf 83' lang='lat'><strong>&#39;</strong></span> <span class='ocrx_word' id='word_1_284' title='bbox 1760 1995 1901 2048; x_wconf 91' lang='lat' dir='ltr'><strong>enim</strong></span> 
     </span>
    </p>
   </div>
   <div class='ocr_carea' id='block_1_37' title="bbox 324 2087 1902 2164">
    <p class='ocr_par' dir='ltr' id='par_1_37' title="bbox 324 2087 1902 2164">
     <span class='ocr_line' id='line_1_37' title="bbox 324 2087 1902 2164; baseline -0.003 -20"><span class='ocrx_word' id='word_1_285' title='bbox 324 2091 445 2157; x_wconf 77' lang='grc' dir='ltr'><strong>μίαν</strong></span> <span class='ocrx_word' id='word_1_286' title='bbox 488 2090 665 2144; x_wconf 60' lang='lat' dir='ltr'><strong>eiiciam</strong></span> <span class='ocrx_word' id='word_1_287' title='bbox 726 2092 775 2142; x_wconf 74' lang='grc' dir='ltr'><strong>ἐν</strong></span> <span class='ocrx_word' id='word_1_288' title='bbox 842 2091 1006 2164; x_wconf 76' lang='grc' dir='ltr'><strong>τρίσιν</strong></span> <span class='ocrx_word' id='word_1_289' title='bbox 1053 2090 1421 2150; x_wconf 78' lang='grc' dir='ltr'><strong>ὐποστὰσισιν,</strong></span> <span class='ocrx_word' id='word_1_290' title='bbox 1458 2087 1557 2141; x_wconf 81' lang='lat' dir='ltr'><strong>hoc</strong></span> <span class='ocrx_word' id='word_1_291' title='bbox 1592 2095 1709 2150; x_wconf 77' lang='lat' dir='ltr'><strong>est,</strong></span> <span class='ocrx_word' id='word_1_292' title='bbox 1741 2101 1902 2139; x_wconf 90' lang='lat' dir='ltr'><strong>unam</strong></span> 
     </span>
    </p>
   </div>
   <div class='ocr_carea' id='block_1_38' title="bbox 326 2179 1906 2250">
    <p class='ocr_par' dir='ltr' id='par_1_38' title="bbox 326 2179 1906 2250">
     <span class='ocr_line' id='line_1_38' title="bbox 326 2179 1906 2250; baseline 0.003 -19"><span class='ocrx_word' id='word_1_293' title='bbox 326 2181 625 2234; x_wconf 76' lang='lat' dir='ltr'><strong>essentiam</strong></span> <span class='ocrx_word' id='word_1_294' title='bbox 659 2182 708 2233; x_wconf 89' lang='lat' dir='ltr'><strong>in</strong></span> <span class='ocrx_word' id='word_1_295' title='bbox 742 2182 913 2234; x_wconf 88' lang='lat' dir='ltr'><strong>tribus</strong></span> <span class='ocrx_word' id='word_1_296' title='bbox 948 2182 1283 2236; x_wconf 82' lang='lat' dir='ltr'><strong>substantiis.</strong></span> <span class='ocrx_word' id='word_1_297' title='bbox 1313 2180 1545 2235; x_wconf 85' lang='lat' dir='ltr'><strong>Sanctus</strong></span> <span class='ocrx_word' id='word_1_298' title='bbox 1570 2179 1906 2250; x_wconf 84' lang='lat' dir='ltr'><strong>quoqueAu-</strong></span> 
     </span>
    </p>
   </div>
   <div class='ocr_carea' id='block_1_39' title="bbox 323 2270 1907 2339">
    <p class='ocr_par' dir='ltr' id='par_1_39' title="bbox 323 2270 1907 2339">
     <span class='ocr_line' id='line_1_39' title="bbox 323 2270 1907 2339; baseline 0.003 -18"><span class='ocrx_word' id='word_1_299' title='bbox 323 2273 593 2339; x_wconf 74' lang='lat' dir='ltr'><strong>gnstiuus,</strong></span> <span class='ocrx_word' id='word_1_300' title='bbox 624 2272 896 2339; x_wconf 55' lang='lat' dir='ltr'><strong>veterique</strong></span> <span class='ocrx_word' id='word_1_301' title='bbox 923 2273 1093 2326; x_wconf 86' lang='lat' dir='ltr'><strong>sancti</strong></span> <span class='ocrx_word' id='word_1_302' title='bbox 1144 2271 1335 2325; x_wconf 85' lang='lat' dir='ltr'><strong>Patres</strong></span> <span class='ocrx_word' id='word_1_303' title='bbox 1387 2270 1641 2326; x_wconf 86' lang='lat' dir='ltr'><strong>latialiler</strong></span> <span class='ocrx_word' id='word_1_304' title='bbox 1666 2272 1907 2327; x_wconf 84' lang='lat' dir='ltr'><strong>scriben-</strong></span> 
     </span>
    </p>
   </div>
   <div class='ocr_carea' id='block_1_40' title="bbox 308 2360 1906 2429">
    <p class='ocr_par' dir='ltr' id='par_1_40' title="bbox 308 2360 1906 2429">
     <span class='ocr_line' id='line_1_40' title="bbox 308 2360 1906 2429; baseline 0.004 -17"><span class='ocrx_word' id='word_1_305' title='bbox 308 2369 426 2424; x_wconf 65' lang='grc' dir='ltr'><strong>ηερε,</strong></span> <span class='ocrx_word' id='word_1_306' title='bbox 478 2360 636 2414; x_wconf 82' lang='lat' dir='ltr'><strong>tidem</strong></span> <span class='ocrx_word' id='word_1_307' title='bbox 680 2371 902 2416; x_wconf 88' lang='lat' dir='ltr'><strong>sanctae</strong></span> <span class='ocrx_word' id='word_1_308' title='bbox 940 2362 1222 2416; x_wconf 80' lang='lat' dir='ltr'><strong>Trinitatis</strong></span> <span class='ocrx_word' id='word_1_309' title='bbox 1272 2362 1615 2429; x_wconf 80' lang='lat' dir='ltr'><strong>exprimunt,</strong></span> <span class='ocrx_word' id='word_1_310' title='bbox 1666 2362 1906 2418; x_wconf 81' lang='lat' dir='ltr'><strong>dicentes</strong></span> 
     </span>
    </p>
   </div>
   <div class='ocr_carea' id='block_1_41' title="bbox 324 2449 1906 2520">
    <p class='ocr_par' dir='ltr' id='par_1_41' title="bbox 324 2449 1906 2520">
     <span class='ocr_line' id='line_1_41' title="bbox 324 2449 1906 2520; baseline 0.004 -20"><span class='ocrx_word' id='word_1_311' title='bbox 324 2464 487 2503; x_wconf 80' lang='lat' dir='ltr'><strong>unam</strong></span> <span class='ocrx_word' id='word_1_312' title='bbox 528 2450 888 2503; x_wconf 80' lang='lat' dir='ltr'><strong>substantiam</strong></span> <span class='ocrx_word' id='word_1_313' title='bbox 921 2450 972 2504; x_wconf 92' lang='lat' dir='ltr'><strong>in</strong></span> <span class='ocrx_word' id='word_1_314' title='bbox 1004 2451 1174 2505; x_wconf 86' lang='lat' dir='ltr'><strong>tribus</strong></span> <span class='ocrx_word' id='word_1_315' title='bbox 1217 2451 1499 2520; x_wconf 90' lang='lat' dir='ltr'><strong>personis,</strong></span> <span class='ocrx_word' id='word_1_316' title='bbox 1544 2449 1906 2520; x_wconf 88' lang='lat' dir='ltr'><strong>signiﬁcantes</strong></span> 
     </span>
    </p>
   </div>
   <div class='ocr_carea' id='block_1_42' title="bbox 323 2539 1906 2610">
    <p class='ocr_par' dir='ltr' id='par_1_42' title="bbox 323 2539 1906 2610">
     <span class='ocr_line' id='line_1_42' title="bbox 323 2539 1906 2610; baseline 0.003 -19"><span class='ocrx_word' id='word_1_317' title='bbox 323 2541 590 2594; x_wconf 83' lang='lat' dir='ltr'><strong>unitatem</strong></span> <span class='ocrx_word' id='word_1_318' title='bbox 622 2539 835 2596; x_wconf 89' lang='lat' dir='ltr'><strong>divinae</strong></span> <span class='ocrx_word' id='word_1_319' title='bbox 863 2551 1086 2595; x_wconf 88' lang='lat' dir='ltr'><strong>naturae</strong></span> <span class='ocrx_word' id='word_1_320' title='bbox 1108 2557 1174 2596; x_wconf 91' lang='lat' dir='ltr'><strong>eo</strong></span> <span class='ocrx_word' id='word_1_321' title='bbox 1200 2541 1451 2605; x_wconf 90' lang='lat' dir='ltr'><strong>nomine,</strong></span> <span class='ocrx_word' id='word_1_322' title='bbox 1496 2541 1638 2610; x_wconf 90' lang='lat' dir='ltr'><strong>quod</strong></span> <span class='ocrx_word' id='word_1_323' title='bbox 1666 2550 1749 2596; x_wconf 89' lang='lat' dir='ltr'><strong>est</strong></span> <span class='ocrx_word' id='word_1_324' title='bbox 1781 2541 1906 2596; x_wconf 51' lang='lat' dir='ltr'><strong>sub.</strong></span> 
     </span>
    </p>
   </div>
   <div class='ocr_carea' id='block_1_43' title="bbox 322 2628 1904 2699">
    <p class='ocr_par' dir='ltr' id='par_1_43' title="bbox 322 2628 1904 2699">
     <span class='ocr_line' id='line_1_43' title="bbox 322 2628 1904 2699; baseline 0 -14"><span class='ocrx_word' id='word_1_325' title='bbox 322 2628 560 2693; x_wconf 68' lang='lat' dir='ltr'><strong>stantia,</strong></span> <span class='ocrx_word' id='word_1_326' title='bbox 616 2630 811 2683; x_wconf 87' lang='lat' dir='ltr'><strong>trinam</strong></span> <span class='ocrx_word' id='word_1_327' title='bbox 863 2645 988 2684; x_wconf 89' lang='lat' dir='ltr'><strong>vero</strong></span> <span class='ocrx_word' id='word_1_328' title='bbox 1044 2630 1467 2683; x_wconf 89' lang='lat' dir='ltr'><strong>substantiarum</strong></span> <span class='ocrx_word' id='word_1_329' title='bbox 1523 2629 1904 2699; x_wconf 88' lang='lat' dir='ltr'><strong>proprietatem</strong></span> 
     </span>
    </p>
   </div>
   <div class='ocr_carea' id='block_1_44' title="bbox 326 2720 1903 2789">
    <p class='ocr_par' dir='ltr' id='par_1_44' title="bbox 326 2720 1903 2789">
     <span class='ocr_line' id='line_1_44' title="bbox 326 2720 1903 2789; baseline 0.004 -19"><span class='ocrx_word' id='word_1_330' title='bbox 326 2723 489 2773; x_wconf 87' lang='lat' dir='ltr'><strong>trium</strong></span> <span class='ocrx_word' id='word_1_331' title='bbox 538 2735 888 2789; x_wconf 77' lang='lat' dir='ltr'><strong>personarum</strong></span> <span class='ocrx_word' id='word_1_332' title='bbox 933 2720 1226 2775; x_wconf 83' lang='lat' dir='ltr'><strong>vocabulis.</strong></span> <span class='ocrx_word' id='word_1_333' title='bbox 1269 2720 1420 2786; x_wconf 82' lang='lat' dir='ltr'><strong>Quod</strong></span> <span class='ocrx_word' id='word_1_334' title='bbox 1458 2721 1621 2774; x_wconf 88' lang='lat' dir='ltr'><strong>etiam</strong></span> <span class='ocrx_word' id='word_1_335' title='bbox 1661 2722 1903 2776; x_wconf 90' lang='lat' dir='ltr'><strong>moderni</strong></span> 
     </span>
    </p>
   </div>
   <div class='ocr_carea' id='block_1_45' title="bbox 322 2796 1903 2879">
    <p class='ocr_par' dir='ltr' id='par_1_45' title="bbox 322 2796 1903 2879">
     <span class='ocr_line' id='line_1_45' title="bbox 322 2796 1903 2879; baseline 0.003 -16"><span class='ocrx_word' id='word_1_336' title='bbox 322 2805 659 2863; x_wconf 73' lang='lat' dir='ltr'><strong>Graecorum</strong></span> <span class='ocrx_word' id='word_1_337' title='bbox 690 2809 982 2877; x_wconf 86' lang='lat' dir='ltr'><strong>recipiunt;</strong></span> <span class='ocrx_word' id='word_1_338' title='bbox 1026 2810 1210 2863; x_wconf 89' lang='lat' dir='ltr'><strong>dicunt</strong></span> <span class='ocrx_word' id='word_1_339' title='bbox 1241 2810 1383 2862; x_wconf 91' lang='lat' dir='ltr'><strong>enim</strong></span> <span class='ocrx_word' id='word_1_340' title='bbox 1412 2814 1532 2879; x_wconf 82' lang='grc' dir='ltr'><strong>μίαν</strong></span> <span class='ocrx_word' id='word_1_341' title='bbox 1559 2809 1844 2865; x_wconf 76' lang='grc' dir='ltr'><strong>ὑπόστασιν</strong></span> <span class='ocrx_word' id='word_1_342' title='bbox 1861 2796 1903 2869; x_wconf 67' lang='grc'><strong>⁸.</strong></span> 
     </span>
    </p>
   </div>
   <div class='ocr_carea' id='block_1_46' title="bbox 323 2891 1905 2974">
    <p class='ocr_par' dir='ltr' id='par_1_46' title="bbox 323 2891 1905 2974">
     <span class='ocr_line' id='line_1_46' title="bbox 323 2891 1905 2974; baseline -0.001 -21"><span class='ocrx_word' id='word_1_343' title='bbox 323 2898 374 2953; x_wconf 82' lang='lat' dir='ltr'><strong>id</strong></span> <span class='ocrx_word' id='word_1_344' title='bbox 404 2909 493 2953; x_wconf 91' lang='lat' dir='ltr'><strong>est</strong></span> <span class='ocrx_word' id='word_1_345' title='bbox 537 2914 697 2952; x_wconf 89' lang='lat' dir='ltr'><strong>unam</strong></span> <span class='ocrx_word' id='word_1_346' title='bbox 744 2891 1135 2963; x_wconf 88' lang='lat' dir='ltr'><strong>substantiam,</strong></span> <span class='ocrx_word' id='word_1_347' title='bbox 1162 2907 1218 2954; x_wconf 88' lang='lat' dir='ltr'><strong>ct</strong></span> <span class='ocrx_word' id='word_1_348' title='bbox 1244 2902 1363 2974; x_wconf 81' lang='grc' dir='ltr'><strong>τρία</strong></span> <span class='ocrx_word' id='word_1_349' title='bbox 1397 2899 1691 2973; x_wconf 78' lang='grc' dir='ltr'><strong>πρόσωπα,</strong></span> <span class='ocrx_word' id='word_1_350' title='bbox 1738 2900 1788 2952; x_wconf 90' lang='lat' dir='ltr'><strong>id</strong></span> <span class='ocrx_word' id='word_1_351' title='bbox 1822 2910 1905 2953; x_wconf 86' lang='lat' dir='ltr'><strong>est</strong></span> 
     </span>
    </p>
   </div>
   <div class='ocr_carea' id='block_1_47' title="bbox 325 2986 1900 3057">
    <p class='ocr_par' dir='ltr' id='par_1_47' title="bbox 325 2986 1900 3057">
     <span class='ocr_line' id='line_1_47' title="bbox 325 2986 1900 3057; baseline 0 -18"><span class='ocrx_word' id='word_1_352' title='bbox 325 2998 436 3042; x_wconf 90' lang='lat' dir='ltr'><strong>tres</strong></span> <span class='ocrx_word' id='word_1_353' title='bbox 466 3004 746 3057; x_wconf 88' lang='lat' dir='ltr'><strong>personas.</strong></span> <span class='ocrx_word' id='word_1_354' title='bbox 784 2986 897 3042; x_wconf 88' lang='lat' dir='ltr'><strong>Una</strong></span> <span class='ocrx_word' id='word_1_355' title='bbox 928 2988 1224 3057; x_wconf 88' lang='lat' dir='ltr'><strong>eademque</strong></span> <span class='ocrx_word' id='word_1_356' title='bbox 1253 2988 1387 3042; x_wconf 92' lang='lat' dir='ltr'><strong>ﬁdes</strong></span> <span class='ocrx_word' id='word_1_357' title='bbox 1413 2997 1498 3043; x_wconf 86' lang='lat' dir='ltr'><strong>est</strong></span> <span class='ocrx_word' id='word_1_358' title='bbox 1533 2989 1583 3041; x_wconf 90' lang='lat' dir='ltr'><strong>in</strong></span> <span class='ocrx_word' id='word_1_359' title='bbox 1616 2989 1900 3051; x_wconf 84' lang='lat' dir='ltr'><strong>omnibus,</strong></span> 
     </span>
    </p>
   </div>
   <div class='ocr_carea' id='block_1_48' title="bbox 323 3056 1972 3155">
    <p class='ocr_par' dir='ltr' id='par_1_48' title="bbox 323 3056 1972 3155">
     <span class='ocr_line' id='line_1_48' title="bbox 323 3056 1972 3155; baseline 0.003 -28"><span class='ocrx_word' id='word_1_360' title='bbox 323 3077 574 3145; x_wconf 83' lang='lat' dir='ltr'><strong>quamvis</strong></span> <span class='ocrx_word' id='word_1_361' title='bbox 618 3078 1071 3155; x_wconf 82' lang='lat' dir='ltr'><strong>signiﬁcationum</strong></span> <span class='ocrx_word' id='word_1_362' title='bbox 1114 3079 1396 3133; x_wconf 88' lang='lat' dir='ltr'><strong>diversitas</strong></span> <span class='ocrx_word' id='word_1_363' title='bbox 1426 3079 1684 3132; x_wconf 80' lang='lat' dir='ltr'><strong>videatur.</strong></span> <span class='ocrx_word' id='word_1_364' title='bbox 1718 3078 1900 3148; x_wconf 70' lang='lat' dir='ltr'><strong>Itaque</strong></span> <span class='ocrx_word' id='word_1_365' title='bbox 1932 3056 1972 3114; x_wconf 63' lang='grc' dir='ltr'>θ</span> 
     </span>
    </p>
   </div>
   <div class='ocr_carea' id='block_1_49' title="bbox 324 3170 1903 3243">
    <p class='ocr_par' dir='ltr' id='par_1_49' title="bbox 324 3170 1903 3243">
     <span class='ocr_line' id='line_1_49' title="bbox 324 3170 1903 3243; baseline 0.001 -21"><span class='ocrx_word' id='word_1_366' title='bbox 324 3170 620 3224; x_wconf 62' lang='grc' dir='ltr'><strong>ερειυιιιιυιιι</strong></span> <span class='ocrx_word' id='word_1_367' title='bbox 644 3170 882 3225; x_wconf 82' lang='lat' dir='ltr'><strong>Graecos</strong></span> <span class='ocrx_word' id='word_1_368' title='bbox 902 3172 1147 3236; x_wconf 84' lang='lat' dir='ltr'><strong>dicimus,</strong></span> <span class='ocrx_word' id='word_1_369' title='bbox 1178 3188 1279 3226; x_wconf 93' lang='lat' dir='ltr'><strong>una</strong></span> <span class='ocrx_word' id='word_1_370' title='bbox 1308 3172 1606 3243; x_wconf 83' lang='lat' dir='ltr'><strong>eademque</strong></span> <span class='ocrx_word' id='word_1_371' title='bbox 1630 3180 1713 3225; x_wconf 92' lang='lat' dir='ltr'><strong>est</strong></span> <span class='ocrx_word' id='word_1_372' title='bbox 1754 3170 1903 3228; x_wconf 67' lang='grc' dir='ltr'><strong>οὖσίκ</strong></span> 
     </span>
    </p>
   </div>
   <div class='ocr_carea' id='block_1_50' title="bbox 325 3262 1901 3335">
    <p class='ocr_par' dir='ltr' id='par_1_50' title="bbox 325 3262 1901 3335">
     <span class='ocr_line' id='line_1_50' title="bbox 325 3262 1901 3335; baseline 0.002 -20"><span class='ocrx_word' id='word_1_373' title='bbox 325 3262 503 3316; x_wconf 85' lang='lat' dir='ltr'><strong>P..tris</strong></span> <span class='ocrx_word' id='word_1_374' title='bbox 535 3274 591 3318; x_wconf 90' lang='lat' dir='ltr'><strong>et</strong></span> <span class='ocrx_word' id='word_1_375' title='bbox 617 3264 737 3318; x_wconf 79' lang='lat' dir='ltr'><strong>Filii</strong></span> <span class='ocrx_word' id='word_1_376' title='bbox 766 3272 821 3319; x_wconf 91' lang='lat' dir='ltr'><strong>et</strong></span> <span class='ocrx_word' id='word_1_377' title='bbox 841 3264 1073 3335; x_wconf 89' lang='lat' dir='ltr'><strong>Spiritus</strong></span> <span class='ocrx_word' id='word_1_378' title='bbox 1100 3266 1294 3333; x_wconf 90' lang='lat' dir='ltr'><strong>sancti,</strong></span> <span class='ocrx_word' id='word_1_379' title='bbox 1316 3266 1408 3320; x_wconf 87' lang='lat' dir='ltr'><strong>sed</strong></span> <span class='ocrx_word' id='word_1_380' title='bbox 1436 3282 1540 3320; x_wconf 91' lang='lat' dir='ltr'><strong>non</strong></span> <span class='ocrx_word' id='word_1_381' title='bbox 1564 3279 1667 3318; x_wconf 89' lang='lat' dir='ltr'><strong>una</strong></span> <span class='ocrx_word' id='word_1_382' title='bbox 1690 3266 1901 3319; x_wconf 81' lang='lat' dir='ltr'><strong>eadem-</strong></span> 
     </span>
    </p>
   </div>
   <div class='ocr_carea' id='block_1_51' title="bbox 325 3355 1902 3425">
    <p class='ocr_par' dir='ltr' id='par_1_51' title="bbox 325 3355 1902 3425">
     <span class='ocr_line' id='line_1_51' title="bbox 325 3355 1902 3425; baseline 0.003 -21"><span class='ocrx_word' id='word_1_383' title='bbox 325 3370 431 3422; x_wconf 76' lang='lat' dir='ltr'><strong>que</strong></span> <span class='ocrx_word' id='word_1_384' title='bbox 460 3363 545 3406; x_wconf 84' lang='lat' dir='ltr'><strong>est</strong></span> <span class='ocrx_word' id='word_1_385' title='bbox 579 3355 891 3417; x_wconf 76' lang='grc' dir='ltr'><strong>ὑπόστασις.</strong></span> <span class='ocrx_word' id='word_1_386' title='bbox 918 3355 1089 3410; x_wconf 84' lang='lat' dir='ltr'><strong>Habet</strong></span> <span class='ocrx_word' id='word_1_387' title='bbox 1114 3357 1258 3409; x_wconf 91' lang='lat' dir='ltr'><strong>enim</strong></span> <span class='ocrx_word' id='word_1_388' title='bbox 1279 3356 1439 3410; x_wconf 86' lang='lat' dir='ltr'><strong>Pater</strong></span> <span class='ocrx_word' id='word_1_389' title='bbox 1458 3371 1610 3410; x_wconf 89' lang='lat' dir='ltr'><strong>suam</strong></span> <span class='ocrx_word' id='word_1_390' title='bbox 1632 3357 1902 3425; x_wconf 87' lang='lat' dir='ltr'><strong>propriam</strong></span> 
     </span>
    </p>
   </div>
   <div class='ocr_carea' id='block_1_52' title="bbox 322 3443 1902 3517">
    <p class='ocr_par' dir='ltr' id='par_1_52' title="bbox 322 3443 1902 3517">
     <span class='ocr_line' id='line_1_52' title="bbox 322 3443 1902 3517; baseline 0.001 -21"><span class='ocrx_word' id='word_1_391' title='bbox 322 3445 638 3506; x_wconf 73' lang='grc' dir='ltr'><strong>ὑπόστασιν,</strong></span> <span class='ocrx_word' id='word_1_392' title='bbox 655 3460 793 3513; x_wconf 87' lang='lat' dir='ltr'><strong>quae</strong></span> <span class='ocrx_word' id='word_1_393' title='bbox 817 3459 988 3513; x_wconf 88' lang='lat' dir='ltr'><strong>neque</strong></span> <span class='ocrx_word' id='word_1_394' title='bbox 1011 3443 1131 3517; x_wconf 70' lang='lat' dir='ltr'><strong>Filii</strong></span> <span class='ocrx_word' id='word_1_395' title='bbox 1155 3460 1325 3514; x_wconf 88' lang='lat' dir='ltr'><strong>neque</strong></span> <span class='ocrx_word' id='word_1_396' title='bbox 1351 3444 1584 3515; x_wconf 88' lang='lat' dir='ltr'><strong>Spiritus</strong></span> <span class='ocrx_word' id='word_1_397' title='bbox 1605 3447 1777 3499; x_wconf 85' lang='lat' dir='ltr'><strong>sancti</strong></span> <span class='ocrx_word' id='word_1_398' title='bbox 1800 3455 1902 3507; x_wconf 89' lang='lat' dir='ltr'><strong>est,</strong></span> 
     </span>
    </p>
   </div>
   <div class='ocr_carea' id='block_1_53' title="bbox 321 3538 1902 3610">
    <p class='ocr_par' dir='ltr' id='par_1_53' title="bbox 321 3538 1902 3610">
     <span class='ocr_line' id='line_1_53' title="bbox 321 3538 1902 3610; baseline 0.002 -19"><span class='ocrx_word' id='word_1_399' title='bbox 321 3541 412 3591; x_wconf 72' lang='lat' dir='ltr'><strong>sed</strong></span> <span class='ocrx_word' id='word_1_400' title='bbox 469 3538 640 3593; x_wconf 86' lang='lat' dir='ltr'><strong>solius</strong></span> <span class='ocrx_word' id='word_1_401' title='bbox 681 3538 892 3604; x_wconf 86' lang='lat' dir='ltr'><strong>Patris;</strong></span> <span class='ocrx_word' id='word_1_402' title='bbox 926 3540 1178 3594; x_wconf 88' lang='lat' dir='ltr'><strong>similiter</strong></span> <span class='ocrx_word' id='word_1_403' title='bbox 1218 3540 1389 3595; x_wconf 88' lang='lat' dir='ltr'><strong>Filius</strong></span> <span class='ocrx_word' id='word_1_404' title='bbox 1435 3556 1587 3595; x_wconf 90' lang='lat' dir='ltr'><strong>suam</strong></span> <span class='ocrx_word' id='word_1_405' title='bbox 1630 3541 1902 3610; x_wconf 90' lang='lat' dir='ltr'><strong>propriam</strong></span> 
     </span>
    </p>
   </div>
   <div class='ocr_carea' id='block_1_54' title="bbox 321 3629 1904 3701">
    <p class='ocr_par' dir='ltr' id='par_1_54' title="bbox 321 3629 1904 3701">
     <span class='ocr_line' id='line_1_54' title="bbox 321 3629 1904 3701; baseline 0.003 -23"><span class='ocrx_word' id='word_1_406' title='bbox 321 3629 644 3692; x_wconf 69' lang='grc' dir='ltr'><strong>ὑπόστασιν,</strong></span> <span class='ocrx_word' id='word_1_407' title='bbox 673 3643 813 3698; x_wconf 86' lang='lat' dir='ltr'><strong>quae</strong></span> <span class='ocrx_word' id='word_1_408' title='bbox 855 3644 1031 3699; x_wconf 87' lang='lat' dir='ltr'><strong>neque</strong></span> <span class='ocrx_word' id='word_1_409' title='bbox 1068 3630 1245 3685; x_wconf 89' lang='lat' dir='ltr'><strong>Patris</strong></span> <span class='ocrx_word' id='word_1_410' title='bbox 1280 3646 1454 3700; x_wconf 89' lang='lat' dir='ltr'><strong>neque</strong></span> <span class='ocrx_word' id='word_1_411' title='bbox 1493 3630 1726 3701; x_wconf 88' lang='lat' dir='ltr'><strong>Spiritus</strong></span> <span class='ocrx_word' id='word_1_412' title='bbox 1775 3646 1904 3685; x_wconf 83' lang='lat' dir='ltr'><strong>san-</strong></span> 
     </span>
    </p>
   </div>
   <div class='ocr_carea' id='block_1_55' title="bbox 323 3715 1904 3789">
    <p class='ocr_par' dir='ltr' id='par_1_55' title="bbox 323 3715 1904 3789">
     <span class='ocr_line' id='line_1_55' title="bbox 323 3715 1904 3789; baseline 0.003 -20"><span class='ocrx_word' id='word_1_413' title='bbox 323 3715 391 3769; x_wconf 71' lang='lat' dir='ltr'><strong>Hi</strong></span> <span class='ocrx_word' id='word_1_414' title='bbox 438 3725 554 3779; x_wconf 85' lang='lat' dir='ltr'><strong>est,</strong></span> <span class='ocrx_word' id='word_1_415' title='bbox 605 3720 698 3772; x_wconf 91' lang='lat' dir='ltr'><strong>sed</strong></span> <span class='ocrx_word' id='word_1_416' title='bbox 752 3718 919 3774; x_wconf 79' lang='lat' dir='ltr'><strong>solius</strong></span> <span class='ocrx_word' id='word_1_417' title='bbox 961 3719 1102 3775; x_wconf 87' lang='lat' dir='ltr'><strong>Filii.</strong></span> <span class='ocrx_word' id='word_1_418' title='bbox 1143 3721 1350 3775; x_wconf 81' lang='lat' dir='ltr'><strong>Eodem</strong></span> <span class='ocrx_word' id='word_1_419' title='bbox 1388 3721 1546 3776; x_wconf 89' lang='lat' dir='ltr'><strong>modo</strong></span> <span class='ocrx_word' id='word_1_420' title='bbox 1589 3721 1656 3775; x_wconf 90' lang='lat' dir='ltr'><strong>de</strong></span> <span class='ocrx_word' id='word_1_421' title='bbox 1701 3720 1904 3789; x_wconf 88' lang='lat' dir='ltr'><strong>Spiritu</strong></span> 
     </span>
    </p>
   </div>
   <div class='ocr_carea' id='block_1_56' title="bbox 322 3805 1905 3878">
    <p class='ocr_par' dir='ltr' id='par_1_56' title="bbox 322 3805 1905 3878">
     <span class='ocr_line' id='line_1_56' title="bbox 322 3805 1905 3878; baseline 0.005 -24"><span class='ocrx_word' id='word_1_422' title='bbox 322 3812 518 3858; x_wconf 87' lang='lat' dir='ltr'><strong>sancto</strong></span> <span class='ocrx_word' id='word_1_423' title='bbox 545 3805 854 3871; x_wconf 84' lang='lat' dir='ltr'><strong>dicendum,</strong></span> <span class='ocrx_word' id='word_1_424' title='bbox 890 3810 1163 3878; x_wconf 88' lang='lat' dir='ltr'><strong>propriam</strong></span> <span class='ocrx_word' id='word_1_425' title='bbox 1190 3810 1480 3866; x_wconf 70' lang='grc' dir='ltr'><strong>ὑπόστασιν</strong></span> <span class='ocrx_word' id='word_1_426' title='bbox 1504 3810 1704 3864; x_wconf 88' lang='lat' dir='ltr'><strong>habere</strong></span> <span class='ocrx_word' id='word_1_427' title='bbox 1723 3849 1738 3871; x_wconf 93' lang='lat'><strong>,</strong></span> <span class='ocrx_word' id='word_1_428' title='bbox 1768 3822 1905 3877; x_wconf 87' lang='lat' dir='ltr'><strong>quae</strong></span> 
     </span>
    </p>
   </div>
   <div class='ocr_carea' id='block_1_57' title="bbox 324 3892 1905 3970">
    <p class='ocr_par' dir='ltr' id='par_1_57' title="bbox 324 3892 1905 3970">
     <span class='ocr_line' id='line_1_57' title="bbox 324 3892 1905 3970; baseline 0.005 -25"><span class='ocrx_word' id='word_1_429' title='bbox 324 3908 509 3963; x_wconf 80' lang='lat' dir='ltr'><strong>neque</strong></span> <span class='ocrx_word' id='word_1_430' title='bbox 553 3892 730 3950; x_wconf 84' lang='lat' dir='ltr'><strong>Patris</strong></span> <span class='ocrx_word' id='word_1_431' title='bbox 759 3905 859 3955; x_wconf 88' lang='lat' dir='ltr'><strong>est,</strong></span> <span class='ocrx_word' id='word_1_432' title='bbox 914 3912 1088 3966; x_wconf 86' lang='lat' dir='ltr'><strong>neque</strong></span> <span class='ocrx_word' id='word_1_433' title='bbox 1130 3897 1285 3962; x_wconf 87' lang='lat' dir='ltr'><strong>Filii,</strong></span> <span class='ocrx_word' id='word_1_434' title='bbox 1329 3900 1422 3970; x_wconf 82' lang='lat' dir='ltr'><strong>sed</strong></span> <span class='ocrx_word' id='word_1_435' title='bbox 1464 3899 1628 3953; x_wconf 87' lang='lat' dir='ltr'><strong>solius</strong></span> <span class='ocrx_word' id='word_1_436' title='bbox 1672 3897 1905 3968; x_wconf 87' lang='lat' dir='ltr'><strong>Spiritus</strong></span> 
     </span>
    </p>
   </div>
   <div class='ocr_carea' id='block_1_58' title="bbox 322 3984 1902 4058">
    <p class='ocr_par' dir='ltr' id='par_1_58' title="bbox 322 3984 1902 4058">
     <span class='ocr_line' id='line_1_58' title="bbox 322 3984 1902 4058; baseline 0.006 -22"><span class='ocrx_word' id='word_1_437' title='bbox 322 3986 521 4039; x_wconf 82' lang='lat' dir='ltr'><strong>sancti.</strong></span> <span class='ocrx_word' id='word_1_438' title='bbox 563 3984 746 4056; x_wconf 82' lang='lat' dir='ltr'><strong>Neque</strong></span> <span class='ocrx_word' id='word_1_439' title='bbox 784 3987 928 4044; x_wconf 87' lang='lat' dir='ltr'><strong>aliud</strong></span> <span class='ocrx_word' id='word_1_440' title='bbox 978 3998 1194 4058; x_wconf 89' lang='lat' dir='ltr'><strong>praeter</strong></span> <span class='ocrx_word' id='word_1_441' title='bbox 1233 3990 1333 4044; x_wconf 88' lang='lat' dir='ltr'><strong>hoc</strong></span> <span class='ocrx_word' id='word_1_442' title='bbox 1364 3990 1529 4043; x_wconf 88' lang='lat' dir='ltr'><strong>latina</strong></span> <span class='ocrx_word' id='word_1_443' title='bbox 1559 4005 1663 4044; x_wconf 82' lang='lat' dir='ltr'><strong>vox</strong></span> <span class='ocrx_word' id='word_1_444' title='bbox 1691 3990 1902 4054; x_wconf 86' lang='lat' dir='ltr'><strong>edocet,</strong></span> 
     </span>
    </p>
   </div>
   <div class='ocr_carea' id='block_1_59' title="bbox 324 4078 1906 4148">
    <p class='ocr_par' dir='ltr' id='par_1_59' title="bbox 324 4078 1906 4148">
     <span class='ocr_line' id='line_1_59' title="bbox 324 4078 1906 4148; baseline 0.008 -25"><span class='ocrx_word' id='word_1_445' title='bbox 324 4083 434 4127; x_wconf 72' lang='lat' dir='ltr'><strong>lies</strong></span> <span class='ocrx_word' id='word_1_446' title='bbox 476 4089 737 4143; x_wconf 85' lang='lat' dir='ltr'><strong>personas</strong></span> <span class='ocrx_word' id='word_1_447' title='bbox 781 4078 833 4130; x_wconf 89' lang='lat' dir='ltr'><strong>in</strong></span> <span class='ocrx_word' id='word_1_448' title='bbox 875 4094 977 4132; x_wconf 89' lang='lat' dir='ltr'><strong>una</strong></span> <span class='ocrx_word' id='word_1_449' title='bbox 1012 4080 1308 4134; x_wconf 89' lang='lat' dir='ltr'><strong>substantia</strong></span> <span class='ocrx_word' id='word_1_450' title='bbox 1352 4080 1722 4148; x_wconf 88' lang='lat' dir='ltr'><strong>pronuntians.</strong></span> <span class='ocrx_word' id='word_1_451' title='bbox 1768 4080 1906 4136; x_wconf 82' lang='lat' dir='ltr'><strong>Sub-</strong></span> 
     </span>
    </p>
   </div>
   <div class='ocr_carea' id='block_1_60' title="bbox 321 4165 1904 4238">
    <p class='ocr_par' dir='ltr' id='par_1_60' title="bbox 321 4165 1904 4238">
     <span class='ocr_line' id='line_1_60' title="bbox 321 4165 1904 4238; baseline 0.006 -23"><span class='ocrx_word' id='word_1_452' title='bbox 321 4174 429 4219; x_wconf 76' lang='lat' dir='ltr'><strong>stat</strong></span> <span class='ocrx_word' id='word_1_453' title='bbox 472 4165 495 4196; x_wconf 83' lang='lat'><em>’</em></span> <span class='ocrx_word' id='word_1_454' title='bbox 536 4181 666 4236; x_wconf 89' lang='lat' dir='ltr'><strong>ergo</strong></span> <span class='ocrx_word' id='word_1_455' title='bbox 707 4167 872 4222; x_wconf 86' lang='lat' dir='ltr'><strong>Pater</strong></span> <span class='ocrx_word' id='word_1_456' title='bbox 920 4184 1017 4238; x_wconf 91' lang='lat' dir='ltr'><strong>per</strong></span> <span class='ocrx_word' id='word_1_457' title='bbox 1058 4171 1162 4224; x_wconf 68' lang='lat' dir='ltr'><strong>se“</strong></span> <span class='ocrx_word' id='word_1_458' title='bbox 1198 4210 1213 4234; x_wconf 96' lang='lat'><strong>,</strong></span> <span class='ocrx_word' id='word_1_459' title='bbox 1263 4170 1472 4224; x_wconf 91' lang='lat' dir='ltr'><strong>substat</strong></span> <span class='ocrx_word' id='word_1_460' title='bbox 1537 4169 1736 4236; x_wconf 85' lang='lat' dir='ltr'><strong>Filius,</strong></span> <span class='ocrx_word' id='word_1_461' title='bbox 1781 4171 1904 4226; x_wconf 65' lang='lat' dir='ltr'><strong>subo</strong></span> 
     </span>
    </p>
   </div>
   <div class='ocr_carea' id='block_1_61' title="bbox 319 4255 1905 4333">
    <p class='ocr_par' dir='ltr' id='par_1_61' title="bbox 319 4255 1905 4333">
     <span class='ocr_line' id='line_1_61' title="bbox 319 4255 1905 4333; baseline 0.003 -23"><span class='ocrx_word' id='word_1_462' title='bbox 319 4264 431 4310; x_wconf 84' lang='lat' dir='ltr'><strong>stat</strong></span> <span class='ocrx_word' id='word_1_463' title='bbox 464 4255 701 4327; x_wconf 88' lang='lat' dir='ltr'><strong>Spiritus</strong></span> <span class='ocrx_word' id='word_1_464' title='bbox 723 4270 968 4323; x_wconf 88' lang='lat' dir='ltr'><strong>sanctus,</strong></span> <span class='ocrx_word' id='word_1_465' title='bbox 1000 4270 1054 4316; x_wconf 87' lang='lat' dir='ltr'><strong>et</strong></span> <span class='ocrx_word' id='word_1_466' title='bbox 1084 4271 1194 4317; x_wconf 91' lang='lat' dir='ltr'><strong>tres</strong></span> <span class='ocrx_word' id='word_1_467' title='bbox 1235 4261 1566 4317; x_wconf 87' lang='lat' dir='ltr'><strong>substantiae</strong></span> <span class='ocrx_word' id='word_1_468' title='bbox 1607 4262 1662 4333; x_wconf 88' lang='lat' dir='ltr'><strong>in</strong></span> <span class='ocrx_word' id='word_1_469' title='bbox 1693 4276 1796 4315; x_wconf 88' lang='lat' dir='ltr'><strong>una</strong></span> <span class='ocrx_word' id='word_1_470' title='bbox 1822 4275 1905 4316; x_wconf 86' lang='lat' dir='ltr'><strong>es-</strong></span> 
     </span>
    </p>
   </div>
   <div class='ocr_carea' id='block_1_62' title="bbox 317 4347 1905 4420">
    <p class='ocr_par' dir='ltr' id='par_1_62' title="bbox 317 4347 1905 4420">
     <span class='ocr_line' id='line_1_62' title="bbox 317 4347 1905 4420; baseline 0.004 -21"><span class='ocrx_word' id='word_1_471' title='bbox 317 4347 507 4402; x_wconf 83' lang='lat' dir='ltr'><strong>sentia</strong></span> <span class='ocrx_word' id='word_1_472' title='bbox 528 4347 1061 4420; x_wconf 78' lang='lat' dir='ltr'><strong>substant,qu0niam</strong></span> <span class='ocrx_word' id='word_1_473' title='bbox 1107 4361 1215 4407; x_wconf 89' lang='lat' dir='ltr'><strong>tres</strong></span> <span class='ocrx_word' id='word_1_474' title='bbox 1242 4367 1405 4406; x_wconf 90' lang='lat' dir='ltr'><strong>unum</strong></span> <span class='ocrx_word' id='word_1_475' title='bbox 1435 4359 1581 4407; x_wconf 84' lang='lat' dir='ltr'><strong>sunt.</strong></span> <span class='ocrx_word' id='word_1_476' title='bbox 1606 4351 1905 4408; x_wconf 70' lang='lat' dir='ltr'><strong>Maanter</strong></span> 
     </span>
    </p>
   </div>
   <div class='ocr_carea' id='block_1_63' title="bbox 315 4437 1902 4513">
    <p class='ocr_par' dir='ltr' id='par_1_63' title="bbox 315 4437 1902 4513">
     <span class='ocr_line' id='line_1_63' title="bbox 315 4437 1902 4513; baseline 0.006 -23"><span class='ocrx_word' id='word_1_477' title='bbox 315 4437 665 4493; x_wconf 78' lang='lat' dir='ltr'><strong>orthodoxae</strong></span> <span class='ocrx_word' id='word_1_478' title='bbox 686 4439 803 4495; x_wconf 90' lang='lat' dir='ltr'><strong>ﬁdei</strong></span> <span class='ocrx_word' id='word_1_479' title='bbox 830 4443 1117 4511; x_wconf 89' lang='lat' dir='ltr'><strong>participes</strong></span> <span class='ocrx_word' id='word_1_480' title='bbox 1141 4443 1279 4497; x_wconf 90' lang='lat' dir='ltr'><strong>hanc</strong></span> <span class='ocrx_word' id='word_1_481' title='bbox 1305 4443 1464 4498; x_wconf 89' lang='lat' dir='ltr'><strong>ﬁdem</strong></span> <span class='ocrx_word' id='word_1_482' title='bbox 1492 4444 1902 4513; x_wconf 89' lang='lat' dir='ltr'><strong>computandam</strong></span> 
     </span>
    </p>
   </div>
   <div class='ocr_carea' id='block_1_64' title="bbox 319 4525 1906 4604">
    <p class='ocr_par' dir='ltr' id='par_1_64' title="bbox 319 4525 1906 4604">
     <span class='ocr_line' id='line_1_64' title="bbox 319 4525 1906 4604; baseline 0.007 -26"><span class='ocrx_word' id='word_1_483' title='bbox 319 4529 586 4583; x_wconf 86' lang='lat' dir='ltr'><strong>arbitror.</strong></span> <span class='ocrx_word' id='word_1_484' title='bbox 608 4525 727 4583; x_wconf 82' lang='lat' dir='ltr'><strong>Jam</strong></span> <span class='ocrx_word' id='word_1_485' title='bbox 754 4530 914 4600; x_wconf 88' lang='lat' dir='ltr'><strong>igitur</strong></span> <span class='ocrx_word' id='word_1_486' title='bbox 938 4530 1233 4585; x_wconf 89' lang='lat' dir='ltr'><strong>luculenter</strong></span> <span class='ocrx_word' id='word_1_487' title='bbox 1260 4541 1411 4601; x_wconf 85' lang='lat' dir='ltr'><strong>potes</strong></span> <span class='ocrx_word' id='word_1_488' title='bbox 1438 4533 1752 4603; x_wconf 82' lang='lat' dir='ltr'><strong>dignoscere</strong></span> <span class='ocrx_word' id='word_1_489' title='bbox 1780 4548 1906 4604; x_wconf 62' lang='grc' dir='ltr'><strong>ιιι-οδ</strong></span> 
     </span>
    </p>
   </div>
   <div class='ocr_carea' id='block_1_65' title="bbox 318 4620 1901 4690">
    <p class='ocr_par' dir='ltr' id='par_1_65' title="bbox 318 4620 1901 4690">
     <span class='ocr_line' id='line_1_65' title="bbox 318 4620 1901 4690; baseline 0.004 -16"><span class='ocrx_word' id='word_1_490' title='bbox 318 4620 559 4687; x_wconf 82' lang='lat' dir='ltr'><strong>positam</strong></span> <span class='ocrx_word' id='word_1_491' title='bbox 583 4622 974 4689; x_wconf 87' lang='lat' dir='ltr'><strong>quaestionem.</strong></span> <span class='ocrx_word' id='word_1_492' title='bbox 1006 4623 1195 4678; x_wconf 79' lang='lat' dir='ltr'><strong>Dixisti</strong></span> <span class='ocrx_word' id='word_1_493' title='bbox 1227 4626 1407 4689; x_wconf 88' lang='lat' dir='ltr'><strong>enim,</strong></span> <span class='ocrx_word' id='word_1_494' title='bbox 1440 4634 1490 4679; x_wconf 85' lang='lat' dir='ltr'><strong>te</strong></span> <span class='ocrx_word' id='word_1_495' title='bbox 1525 4624 1806 4690; x_wconf 86' lang='lat' dir='ltr'><strong>dubitare,</strong></span> <span class='ocrx_word' id='word_1_496' title='bbox 1833 4639 1901 4680; x_wconf 78' lang='lat' dir='ltr'><strong>ex</strong></span> 
     </span>
    </p>
   </div>
   <div class='ocr_carea' id='block_1_66' title="bbox 315 4711 1902 4772">
    <p class='ocr_par' dir='ltr' id='par_1_66' title="bbox 315 4711 1902 4772">
     <span class='ocr_line' id='line_1_66' title="bbox 315 4711 1902 4772; baseline 0.004 -9"><span class='ocrx_word' id='word_1_497' title='bbox 315 4711 633 4767; x_wconf 80' lang='lat' dir='ltr'><strong>essentiane</strong></span> <span class='ocrx_word' id='word_1_498' title='bbox 662 4727 727 4765; x_wconf 87' lang='lat' dir='ltr'><strong>an</strong></span> <span class='ocrx_word' id='word_1_499' title='bbox 756 4727 823 4767; x_wconf 75' lang='lat' dir='ltr'><strong>ex</strong></span> <span class='ocrx_word' id='word_1_500' title='bbox 854 4713 1152 4769; x_wconf 89' lang='lat' dir='ltr'><strong>substantia</strong></span> <span class='ocrx_word' id='word_1_501' title='bbox 1184 4714 1359 4771; x_wconf 87' lang='lat' dir='ltr'><strong>Patris</strong></span> <span class='ocrx_word' id='word_1_502' title='bbox 1387 4725 1442 4769; x_wconf 92' lang='lat' dir='ltr'><strong>et</strong></span> <span class='ocrx_word' id='word_1_503' title='bbox 1471 4726 1631 4771; x_wconf 87' lang='lat' dir='ltr'><strong>natus</strong></span> <span class='ocrx_word' id='word_1_504' title='bbox 1653 4715 1823 4772; x_wconf 87' lang='lat' dir='ltr'><strong>Filius</strong></span> <span class='ocrx_word' id='word_1_505' title='bbox 1846 4725 1902 4771; x_wconf 90' lang='lat' dir='ltr'><strong>et</strong></span> 
     </span>
    </p>
   </div>
   <div class='ocr_carea' id='block_1_67' title="bbox 316 4799 1897 4882">
    <p class='ocr_par' dir='ltr' id='par_1_67' title="bbox 316 4799 1897 4882">
     <span class='ocr_line' id='line_1_67' title="bbox 316 4799 1897 4882; baseline 0.006 -29"><span class='ocrx_word' id='word_1_506' title='bbox 316 4801 625 4882; x_wconf 79' lang='lat' dir='ltr'><strong>procedens</strong></span> <span class='ocrx_word' id='word_1_507' title='bbox 669 4799 902 4872; x_wconf 89' lang='lat' dir='ltr'><strong>Spiritus</strong></span> <span class='ocrx_word' id='word_1_508' title='bbox 942 4813 1179 4859; x_wconf 87' lang='lat' dir='ltr'><strong>sanctus.</strong></span> <span class='ocrx_word' id='word_1_509' title='bbox 1220 4806 1297 4861; x_wconf 85' lang='lat' dir='ltr'><strong>Ac</strong></span> <span class='ocrx_word' id='word_1_510' title='bbox 1344 4807 1388 4861; x_wconf 88' lang='lat' dir='ltr'><strong>si</strong></span> <span class='ocrx_word' id='word_1_511' title='bbox 1439 4815 1624 4878; x_wconf 90' lang='lat' dir='ltr'><strong>aperte</strong></span> <span class='ocrx_word' id='word_1_512' title='bbox 1657 4807 1897 4871; x_wconf 90' lang='lat' dir='ltr'><strong>diceres,</strong></span> 
     </span>
    </p>
   </div>
   <div class='ocr_carea' id='block_1_68' title="bbox 317 4888 1898 4963">
    <p class='ocr_par' dir='ltr' id='par_1_68' title="bbox 317 4888 1898 4963">
     <span class='ocr_line' id='line_1_68' title="bbox 317 4888 1898 4963; baseline 0.009 -23"><span class='ocrx_word' id='word_1_513' title='bbox 317 4900 508 4944; x_wconf 89' lang='lat' dir='ltr'><strong>utrum</strong></span> <span class='ocrx_word' id='word_1_514' title='bbox 555 4907 621 4947; x_wconf 79' lang='lat' dir='ltr'><strong>ex</strong></span> <span class='ocrx_word' id='word_1_515' title='bbox 665 4908 770 4947; x_wconf 90' lang='lat' dir='ltr'><strong>una</strong></span> <span class='ocrx_word' id='word_1_516' title='bbox 817 4902 977 4963; x_wconf 90' lang='lat' dir='ltr'><strong>atque</strong></span> <span class='ocrx_word' id='word_1_517' title='bbox 1016 4898 1284 4952; x_wconf 91' lang='lat' dir='ltr'><strong>communi</strong></span> <span class='ocrx_word' id='word_1_518' title='bbox 1333 4888 1567 4955; x_wconf 84' lang='lat' dir='ltr'><strong>essentia</strong></span> <span class='ocrx_word' id='word_1_519' title='bbox 1596 4898 1676 4954; x_wconf 88' lang='lat' dir='ltr'><strong>vel</strong></span> <span class='ocrx_word' id='word_1_520' title='bbox 1706 4908 1898 4955; x_wconf 87' lang='lat' dir='ltr'><strong>natura</strong></span> 
     </span>
    </p>
   </div>
   <div class='ocr_carea' id='block_1_69' title="bbox 316 4970 1897 5058">
    <p class='ocr_par' dir='ltr' id='par_1_69' title="bbox 316 4970 1897 5058">
     <span class='ocr_line' id='line_1_69' title="bbox 316 4970 1897 5058; baseline 0.01 -29"><span class='ocrx_word' id='word_1_521' title='bbox 316 4979 493 5035; x_wconf 87' lang='lat' dir='ltr'><strong>trium</strong></span> <span class='ocrx_word' id='word_1_522' title='bbox 515 4970 938 5040; x_wconf 82' lang='lat' dir='ltr'><strong>substantiarum</strong></span> <span class='ocrx_word' id='word_1_523' title='bbox 966 4987 1047 5041; x_wconf 88' lang='lat' dir='ltr'><strong>vel</strong></span> <span class='ocrx_word' id='word_1_524' title='bbox 1076 4984 1426 5058; x_wconf 88' lang='lat' dir='ltr'><strong>personarum</strong></span> <span class='ocrx_word' id='word_1_525' title='bbox 1459 4990 1897 5054; x_wconf 85' lang='lat' dir='ltr'><strong>nasciturFilius,</strong></span> 
     </span>
    </p>
   </div>
   <div class='ocr_carea' id='block_1_70' title="bbox 313 5070 1953 5149">
    <p class='ocr_par' dir='ltr' id='par_1_70' title="bbox 313 5070 1953 5149">
     <span class='ocr_line' id='line_1_70' title="bbox 313 5070 1953 5149; baseline 0.009 -27"><span class='ocrx_word' id='word_1_526' title='bbox 313 5077 365 5122; x_wconf 75' lang='lat' dir='ltr'><strong>et</strong></span> <span class='ocrx_word' id='word_1_527' title='bbox 399 5070 649 5138; x_wconf 84' lang='lat' dir='ltr'><strong>procedit</strong></span> <span class='ocrx_word' id='word_1_528' title='bbox 678 5070 912 5140; x_wconf 86' lang='lat' dir='ltr'><strong>Spiritus</strong></span> <span class='ocrx_word' id='word_1_529' title='bbox 940 5085 1178 5141; x_wconf 87' lang='lat' dir='ltr'><strong>sanctus,</strong></span> <span class='ocrx_word' id='word_1_530' title='bbox 1202 5093 1268 5131; x_wconf 90' lang='lat' dir='ltr'><strong>an</strong></span> <span class='ocrx_word' id='word_1_531' title='bbox 1299 5094 1363 5133; x_wconf 77' lang='lat' dir='ltr'><strong>ex</strong></span> <span class='ocrx_word' id='word_1_532' title='bbox 1407 5081 1621 5149; x_wconf 85' lang='lat' dir='ltr'><strong>propria</strong></span> <span class='ocrx_word' id='word_1_533' title='bbox 1648 5080 1902 5136; x_wconf 83' lang='lat' dir='ltr'><strong>substan-</strong></span> <span class='ocrx_word' id='word_1_534' title='bbox 1947 5107 1953 5113; x_wconf 88' lang='lat'><strong><em>-</em></strong></span> 
     </span>
    </p>
   </div>
   <div class='ocr_carea' id='block_1_71' title="bbox 2006 1804 3584 1877">
    <p class='ocr_par' dir='ltr' id='par_1_71' title="bbox 2006 1804 3584 1877">
     <span class='ocr_line' id='line_1_71' title="bbox 2006 1804 3584 1877; baseline 0.005 -20"><span class='ocrx_word' id='word_1_535' title='bbox 2006 1811 2084 1859; x_wconf 91' lang='lat' dir='ltr'><strong>tre</strong></span> <span class='ocrx_word' id='word_1_536' title='bbox 2116 1807 2526 1874; x_wconf 89' lang='lat' dir='ltr'><strong>procedentem,</strong></span> <span class='ocrx_word' id='word_1_537' title='bbox 2558 1821 2738 1862; x_wconf 91' lang='lat' dir='ltr'><strong>nonne</strong></span> <span class='ocrx_word' id='word_1_538' title='bbox 2765 1822 3101 1877; x_wconf 85' lang='lat' dir='ltr'><strong>consequens</strong></span> <span class='ocrx_word' id='word_1_539' title='bbox 3130 1816 3251 1872; x_wconf 90' lang='lat' dir='ltr'><strong>est,</strong></span> <span class='ocrx_word' id='word_1_540' title='bbox 3283 1815 3343 1861; x_wconf 91' lang='lat' dir='ltr'><strong>ut</strong></span> <span class='ocrx_word' id='word_1_541' title='bbox 3388 1804 3584 1864; x_wconf 73' lang='lat' dir='ltr'><strong>creda—</strong></span> 
     </span>
    </p>
   </div>
   <div class='ocr_carea' id='block_1_72' title="bbox 2000 1894 3584 1967">
    <p class='ocr_par' dir='ltr' id='par_1_72' title="bbox 2000 1894 3584 1967">
     <span class='ocr_line' id='line_1_72' title="bbox 2000 1894 3584 1967; baseline 0.002 -16"><span class='ocrx_word' id='word_1_542' title='bbox 2000 1911 2121 1951; x_wconf 89' lang='lat' dir='ltr'><strong>mus</strong></span> <span class='ocrx_word' id='word_1_543' title='bbox 2167 1906 2224 1952; x_wconf 93' lang='lat' dir='ltr'><strong>et</strong></span> <span class='ocrx_word' id='word_1_544' title='bbox 2272 1897 2651 1967; x_wconf 87' lang='lat' dir='ltr'><strong>intelligamus,</strong></span> <span class='ocrx_word' id='word_1_545' title='bbox 2680 1913 2749 1953; x_wconf 80' lang='lat' dir='ltr'><strong>ex</strong></span> <span class='ocrx_word' id='word_1_546' title='bbox 2780 1898 3081 1953; x_wconf 90' lang='lat' dir='ltr'><strong>substantia</strong></span> <span class='ocrx_word' id='word_1_547' title='bbox 3124 1894 3299 1953; x_wconf 87' lang='lat' dir='ltr'><strong>Patris</strong></span> <span class='ocrx_word' id='word_1_548' title='bbox 3335 1905 3390 1952; x_wconf 88' lang='lat' dir='ltr'><strong>et</strong></span> <span class='ocrx_word' id='word_1_549' title='bbox 3435 1899 3584 1956; x_wconf 89' lang='lat' dir='ltr'><strong>nasci</strong></span> 
     </span>
    </p>
   </div>
   <div class='ocr_carea' id='block_1_73' title="bbox 2001 1986 3586 2060">
    <p class='ocr_par' dir='ltr' id='par_1_73' title="bbox 2001 1986 3586 2060">
     <span class='ocr_line' id='line_1_73' title="bbox 2001 1986 3586 2060; baseline 0.003 -20"><span class='ocrx_word' id='word_1_550' title='bbox 2001 1986 2216 2050; x_wconf 86' lang='lat' dir='ltr'><strong>Filium,</strong></span> <span class='ocrx_word' id='word_1_551' title='bbox 2249 1996 2304 2040; x_wconf 91' lang='lat' dir='ltr'><strong>et</strong></span> <span class='ocrx_word' id='word_1_552' title='bbox 2331 1990 2623 2057; x_wconf 87' lang='lat' dir='ltr'><strong>procedere</strong></span> <span class='ocrx_word' id='word_1_553' title='bbox 2651 1987 2911 2058; x_wconf 79' lang='lat' dir='ltr'><strong>Spiritum</strong></span> <span class='ocrx_word' id='word_1_554' title='bbox 2960 1988 3238 2044; x_wconf 83' lang='lat' dir='ltr'><strong>sanetum?</strong></span> <span class='ocrx_word' id='word_1_555' title='bbox 3266 1987 3381 2043; x_wconf 83' lang='lat' dir='ltr'><strong>Non</strong></span> <span class='ocrx_word' id='word_1_556' title='bbox 3422 1989 3586 2060; x_wconf 87' lang='lat' dir='ltr'><strong>igitur</strong></span> 
     </span>
    </p>
   </div>
   <div class='ocr_carea' id='block_1_74' title="bbox 2003 2077 3581 2142">
    <p class='ocr_par' dir='ltr' id='par_1_74' title="bbox 2003 2077 3581 2142">
     <span class='ocr_line' id='line_1_74' title="bbox 2003 2077 3581 2142; baseline 0 -10"><span class='ocrx_word' id='word_1_557' title='bbox 2003 2084 2068 2132; x_wconf 69' lang='lat' dir='ltr'><strong>ex</strong></span> <span class='ocrx_word' id='word_1_558' title='bbox 2097 2078 2351 2142; x_wconf 88' lang='lat' dir='ltr'><strong>essentia,</strong></span> <span class='ocrx_word' id='word_1_559' title='bbox 2386 2078 2479 2133; x_wconf 88' lang='lat' dir='ltr'><strong>sed</strong></span> <span class='ocrx_word' id='word_1_560' title='bbox 2513 2094 2578 2134; x_wconf 76' lang='lat' dir='ltr'><strong>ex</strong></span> <span class='ocrx_word' id='word_1_561' title='bbox 2607 2080 2906 2134; x_wconf 87' lang='lat' dir='ltr'><strong>substantia</strong></span> <span class='ocrx_word' id='word_1_562' title='bbox 2928 2078 3102 2135; x_wconf 84' lang='lat' dir='ltr'><strong>Patris</strong></span> <span class='ocrx_word' id='word_1_563' title='bbox 3138 2088 3195 2133; x_wconf 91' lang='lat' dir='ltr'><strong>et</strong></span> <span class='ocrx_word' id='word_1_564' title='bbox 3240 2077 3261 2109; x_wconf 83' lang='lat'>&#39;</span> <span class='ocrx_word' id='word_1_565' title='bbox 3288 2077 3454 2133; x_wconf 85' lang='lat' dir='ltr'><strong>Filius</strong></span> <span class='ocrx_word' id='word_1_566' title='bbox 3484 2094 3581 2132; x_wconf 88' lang='lat' dir='ltr'><strong>ua-</strong></span> 
     </span>
    </p>
   </div>
   <div class='ocr_carea' id='block_1_75' title="bbox 2005 2168 3585 2241">
    <p class='ocr_par' dir='ltr' id='par_1_75' title="bbox 2005 2168 3585 2241">
     <span class='ocr_line' id='line_1_75' title="bbox 2005 2168 3585 2241; baseline 0 -18"><span class='ocrx_word' id='word_1_567' title='bbox 2005 2169 2193 2234; x_wconf 88' lang='lat' dir='ltr'><strong>scitur,</strong></span> <span class='ocrx_word' id='word_1_568' title='bbox 2228 2178 2283 2224; x_wconf 87' lang='lat' dir='ltr'><strong>et</strong></span> <span class='ocrx_word' id='word_1_569' title='bbox 2323 2169 2555 2239; x_wconf 89' lang='lat' dir='ltr'><strong>Spiritus</strong></span> <span class='ocrx_word' id='word_1_570' title='bbox 2599 2179 2821 2225; x_wconf 88' lang='lat' dir='ltr'><strong>sanctus</strong></span> <span class='ocrx_word' id='word_1_571' title='bbox 2854 2170 3118 2241; x_wconf 89' lang='lat' dir='ltr'><strong>procedit.</strong></span> <span class='ocrx_word' id='word_1_572' title='bbox 3170 2168 3305 2225; x_wconf 86' lang='lat' dir='ltr'><strong>Nam</strong></span> <span class='ocrx_word' id='word_1_573' title='bbox 3346 2179 3403 2240; x_wconf 84' lang='lat' dir='ltr'><strong>et</strong></span> <span class='ocrx_word' id='word_1_574' title='bbox 3444 2169 3585 2241; x_wconf 76' lang='lat' dir='ltr'><strong>apud</strong></span> 
     </span>
    </p>
   </div>
   <div class='ocr_carea' id='block_1_76' title="bbox 2005 2260 3585 2326">
    <p class='ocr_par' dir='ltr' id='par_1_76' title="bbox 2005 2260 3585 2326">
     <span class='ocr_line' id='line_1_76' title="bbox 2005 2260 3585 2326; baseline -0.001 -10"><span class='ocrx_word' id='word_1_575' title='bbox 2005 2260 2252 2316; x_wconf 83' lang='lat' dir='ltr'><strong>homines</strong></span> <span class='ocrx_word' id='word_1_576' title='bbox 2299 2276 2406 2316; x_wconf 93' lang='lat' dir='ltr'><strong>non</strong></span> <span class='ocrx_word' id='word_1_577' title='bbox 2435 2261 2667 2316; x_wconf 89' lang='lat' dir='ltr'><strong>dicimus</strong></span> <span class='ocrx_word' id='word_1_578' title='bbox 2712 2278 2781 2317; x_wconf 79' lang='lat' dir='ltr'><strong>ex</strong></span> <span class='ocrx_word' id='word_1_579' title='bbox 2826 2262 3096 2317; x_wconf 90' lang='lat' dir='ltr'><strong>communi</strong></span> <span class='ocrx_word' id='word_1_580' title='bbox 3127 2270 3349 2326; x_wconf 86' lang='lat' dir='ltr'><strong>natura,</strong></span> <span class='ocrx_word' id='word_1_581' title='bbox 3383 2264 3479 2317; x_wconf 89' lang='lat' dir='ltr'><strong>sed</strong></span> <span class='ocrx_word' id='word_1_582' title='bbox 3516 2275 3585 2315; x_wconf 74' lang='lat' dir='ltr'><strong>ex</strong></span> 
     </span>
    </p>
   </div>
   <div class='ocr_carea' id='block_1_77' title="bbox 2002 2351 3583 2422">
    <p class='ocr_par' dir='ltr' id='par_1_77' title="bbox 2002 2351 3583 2422">
     <span class='ocr_line' id='line_1_77' title="bbox 2002 2351 3583 2422; baseline -0.003 -16"><span class='ocrx_word' id='word_1_583' title='bbox 2002 2352 2218 2422; x_wconf 90' lang='lat' dir='ltr'><strong>propria</strong></span> <span class='ocrx_word' id='word_1_584' title='bbox 2246 2361 2438 2407; x_wconf 89' lang='lat' dir='ltr'><strong>natura</strong></span> <span class='ocrx_word' id='word_1_585' title='bbox 2474 2351 2625 2407; x_wconf 88' lang='lat' dir='ltr'><strong>nasci</strong></span> <span class='ocrx_word' id='word_1_586' title='bbox 2653 2352 2792 2407; x_wconf 89' lang='lat' dir='ltr'><strong>ﬁlios</strong></span> <span class='ocrx_word' id='word_1_587' title='bbox 2814 2352 2889 2417; x_wconf 72' lang='lat'><strong>‘°;</strong></span> <span class='ocrx_word' id='word_1_588' title='bbox 2915 2351 3193 2421; x_wconf 89' lang='lat' dir='ltr'><strong>propriam</strong></span> <span class='ocrx_word' id='word_1_589' title='bbox 3222 2357 3406 2406; x_wconf 88' lang='lat' dir='ltr'><strong>autem</strong></span> <span class='ocrx_word' id='word_1_590' title='bbox 3427 2358 3583 2405; x_wconf 82' lang='lat' dir='ltr'><strong>natu-</strong></span> 
     </span>
    </p>
   </div>
   <div class='ocr_carea' id='block_1_78' title="bbox 2006 2439 3582 2512">
    <p class='ocr_par' dir='ltr' id='par_1_78' title="bbox 2006 2439 3582 2512">
     <span class='ocr_line' id='line_1_78' title="bbox 2006 2439 3582 2512; baseline -0.001 -17"><span class='ocrx_word' id='word_1_591' title='bbox 2006 2457 2122 2496; x_wconf 89' lang='lat' dir='ltr'><strong>ram</strong></span> <span class='ocrx_word' id='word_1_592' title='bbox 2166 2440 2285 2497; x_wconf 89' lang='lat' dir='ltr'><strong>dico</strong></span> <span class='ocrx_word' id='word_1_593' title='bbox 2323 2442 2745 2512; x_wconf 71' lang='lat' dir='ltr'><strong>uniuscujusque</strong></span> <span class='ocrx_word' id='word_1_594' title='bbox 2789 2455 3051 2511; x_wconf 90' lang='lat' dir='ltr'><strong>personae</strong></span> <span class='ocrx_word' id='word_1_595' title='bbox 3093 2439 3425 2495; x_wconf 87' lang='lat' dir='ltr'><strong>individuam</strong></span> <span class='ocrx_word' id='word_1_596' title='bbox 3456 2439 3582 2495; x_wconf 87' lang='lat' dir='ltr'><strong>sub-</strong></span> 
     </span>
    </p>
   </div>
   <div class='ocr_carea' id='block_1_79' title="bbox 2005 2531 3584 2607">
    <p class='ocr_par' dir='ltr' id='par_1_79' title="bbox 2005 2531 3584 2607">
     <span class='ocr_line' id='line_1_79' title="bbox 2005 2531 3584 2607; baseline -0.002 -21"><span class='ocrx_word' id='word_1_597' title='bbox 2005 2532 2279 2588; x_wconf 89' lang='lat' dir='ltr'><strong>stantiam.</strong></span> <span class='ocrx_word' id='word_1_598' title='bbox 2302 2532 2435 2587; x_wconf 85' lang='lat' dir='ltr'><strong>Nam</strong></span> <span class='ocrx_word' id='word_1_599' title='bbox 2463 2533 2508 2588; x_wconf 91' lang='lat' dir='ltr'><strong>si</strong></span> <span class='ocrx_word' id='word_1_600' title='bbox 2529 2548 2597 2588; x_wconf 77' lang='lat' dir='ltr'><strong>ex</strong></span> <span class='ocrx_word' id='word_1_601' title='bbox 2616 2532 2890 2588; x_wconf 91' lang='lat' dir='ltr'><strong>communi</strong></span> <span class='ocrx_word' id='word_1_602' title='bbox 2913 2542 3103 2587; x_wconf 90' lang='lat' dir='ltr'><strong>natura</strong></span> <span class='ocrx_word' id='word_1_603' title='bbox 3129 2531 3375 2587; x_wconf 87' lang='lat' dir='ltr'><strong>homines</strong></span> <span class='ocrx_word' id='word_1_604' title='bbox 3395 2544 3584 2607; x_wconf 69' lang='lat' dir='ltr'><strong>nasce~</strong></span> 
     </span>
    </p>
   </div>
   <div class='ocr_carea' id='block_1_80' title="bbox 2008 2620 3585 2694">
    <p class='ocr_par' dir='ltr' id='par_1_80' title="bbox 2008 2620 3585 2694">
     <span class='ocr_line' id='line_1_80' title="bbox 2008 2620 3585 2694; baseline -0.002 -16"><span class='ocrx_word' id='word_1_605' title='bbox 2008 2633 2215 2685; x_wconf 89' lang='lat' dir='ltr'><strong>rentur,</strong></span> <span class='ocrx_word' id='word_1_606' title='bbox 2239 2624 2415 2679; x_wconf 91' lang='lat' dir='ltr'><strong>nullus</strong></span> <span class='ocrx_word' id='word_1_607' title='bbox 2441 2634 2595 2694; x_wconf 88' lang='lat' dir='ltr'><strong>pater</strong></span> <span class='ocrx_word' id='word_1_608' title='bbox 2617 2625 2894 2694; x_wconf 89' lang='lat' dir='ltr'><strong>proprium</strong></span> <span class='ocrx_word' id='word_1_609' title='bbox 2917 2622 3109 2689; x_wconf 89' lang='lat' dir='ltr'><strong>ﬁlium,</strong></span> <span class='ocrx_word' id='word_1_610' title='bbox 3133 2622 3211 2678; x_wconf 89' lang='lat' dir='ltr'><strong>sic</strong></span> <span class='ocrx_word' id='word_1_611' title='bbox 3240 2621 3421 2678; x_wconf 88' lang='lat' dir='ltr'><strong>nullus</strong></span> <span class='ocrx_word' id='word_1_612' title='bbox 3442 2620 3585 2681; x_wconf 81' lang='lat' dir='ltr'><strong>illius</strong></span> 
     </span>
    </p>
   </div>
   <div class='ocr_carea' id='block_1_81' title="bbox 2007 2704 3339 2784">
    <p class='ocr_par' dir='ltr' id='par_1_81' title="bbox 2007 2704 3339 2784">
     <span class='ocr_line' id='line_1_81' title="bbox 2007 2704 3339 2784; baseline 0.001 -19"><span class='ocrx_word' id='word_1_613' title='bbox 2007 2711 2283 2783; x_wconf 88' lang='lat' dir='ltr'><strong>proprium</strong></span> <span class='ocrx_word' id='word_1_614' title='bbox 2315 2723 2527 2783; x_wconf 71' lang='lat' dir='ltr'><strong>patrem</strong></span> <span class='ocrx_word' id='word_1_615' title='bbox 2557 2713 2884 2784; x_wconf 85' lang='lat' dir='ltr'><strong>possideret.</strong></span> <span class='ocrx_word' id='word_1_616' title='bbox 3335 2704 3339 2709; x_wconf 62' lang='grc'><strong>’</strong></span> 
     </span>
    </p>
   </div>
   <div class='ocr_carea' id='block_1_82' title="bbox 2077 2803 3581 2876">
    <p class='ocr_par' dir='ltr' id='par_1_82' title="bbox 2077 2803 3581 2876">
     <span class='ocr_line' id='line_1_82' title="bbox 2077 2803 3581 2876; baseline -0.001 -18"><span class='ocrx_word' id='word_1_617' title='bbox 2077 2804 2165 2858; x_wconf 76' lang='lat'><strong>35.</strong></span> <span class='ocrx_word' id='word_1_618' title='bbox 2210 2804 2314 2859; x_wconf 89' lang='lat' dir='ltr'><strong>Sed</strong></span> <span class='ocrx_word' id='word_1_619' title='bbox 2361 2806 2493 2859; x_wconf 88' lang='lat' dir='ltr'><strong>haec</strong></span> <span class='ocrx_word' id='word_1_620' title='bbox 2524 2805 2685 2859; x_wconf 87' lang='lat' dir='ltr'><strong>altius</strong></span> <span class='ocrx_word' id='word_1_621' title='bbox 2724 2821 2789 2861; x_wconf 89' lang='lat' dir='ltr'><strong>ae</strong></span> <span class='ocrx_word' id='word_1_622' title='bbox 2828 2805 3007 2859; x_wconf 85' lang='lat' dir='ltr'><strong>verius</strong></span> <span class='ocrx_word' id='word_1_623' title='bbox 3037 2803 3370 2876; x_wconf 84' lang='lat' dir='ltr'><strong>cogitantur,</strong></span> <span class='ocrx_word' id='word_1_624' title='bbox 3418 2818 3581 2875; x_wconf 86' lang='lat' dir='ltr'><strong>quam</strong></span> 
     </span>
    </p>
   </div>
   <div class='ocr_carea' id='block_1_83' title="bbox 2007 2894 3587 2969">
    <p class='ocr_par' dir='ltr' id='par_1_83' title="bbox 2007 2894 3587 2969">
     <span class='ocr_line' id='line_1_83' title="bbox 2007 2894 3587 2969; baseline 0.001 -21"><span class='ocrx_word' id='word_1_625' title='bbox 2007 2909 2255 2969; x_wconf 81' lang='lat' dir='ltr'><strong>sermone</strong></span> <span class='ocrx_word' id='word_1_626' title='bbox 2283 2894 2651 2964; x_wconf 87' lang='lat' dir='ltr'><strong>proferuntur,</strong></span> <span class='ocrx_word' id='word_1_627' title='bbox 2695 2904 2749 2950; x_wconf 91' lang='lat' dir='ltr'><strong>et</strong></span> <span class='ocrx_word' id='word_1_628' title='bbox 2788 2896 2950 2950; x_wconf 89' lang='lat' dir='ltr'><strong>altius</strong></span> <span class='ocrx_word' id='word_1_629' title='bbox 2978 2910 3042 2949; x_wconf 93' lang='lat' dir='ltr'><strong>ae</strong></span> <span class='ocrx_word' id='word_1_630' title='bbox 3072 2895 3248 2950; x_wconf 90' lang='lat' dir='ltr'><strong>verius</strong></span> <span class='ocrx_word' id='word_1_631' title='bbox 3284 2894 3587 2964; x_wconf 87' lang='lat' dir='ltr'><strong>intelligun-</strong></span> 
     </span>
    </p>
   </div>
   <div class='ocr_carea' id='block_1_84' title="bbox 2009 2980 3587 3053">
    <p class='ocr_par' dir='ltr' id='par_1_84' title="bbox 2009 2980 3587 3053">
     <span class='ocr_line' id='line_1_84' title="bbox 2009 2980 3587 3053; baseline 0.002 -18"><span class='ocrx_word' id='word_1_632' title='bbox 2009 2982 2096 3035; x_wconf 84' lang='lat' dir='ltr'><strong>tur</strong></span> <span class='ocrx_word' id='word_1_633' title='bbox 2124 2980 2188 3045; x_wconf 79' lang='lat'><strong>“,</strong></span> <span class='ocrx_word' id='word_1_634' title='bbox 2214 2998 2372 3050; x_wconf 87' lang='lat' dir='ltr'><strong>quam</strong></span> <span class='ocrx_word' id='word_1_635' title='bbox 2399 2983 2722 3053; x_wconf 88' lang='lat' dir='ltr'><strong>cogitantur,</strong></span> <span class='ocrx_word' id='word_1_636' title='bbox 2755 2983 2916 3039; x_wconf 89' lang='lat' dir='ltr'><strong>altius</strong></span> <span class='ocrx_word' id='word_1_637' title='bbox 2934 2993 3113 3039; x_wconf 92' lang='lat' dir='ltr'><strong>autem</strong></span> <span class='ocrx_word' id='word_1_638' title='bbox 3144 2998 3207 3038; x_wconf 92' lang='lat' dir='ltr'><strong>ac</strong></span> <span class='ocrx_word' id='word_1_639' title='bbox 3228 2983 3408 3038; x_wconf 85' lang='lat' dir='ltr'><strong>verius</strong></span> <span class='ocrx_word' id='word_1_640' title='bbox 3438 2993 3587 3047; x_wconf 70' lang='lat' dir='ltr'><strong>sunt,</strong></span> 
     </span>
    </p>
   </div>
   <div class='ocr_carea' id='block_1_85' title="bbox 2008 3070 3587 3146">
    <p class='ocr_par' dir='ltr' id='par_1_85' title="bbox 2008 3070 3587 3146">
     <span class='ocr_line' id='line_1_85' title="bbox 2008 3070 3587 3146; baseline 0.003 -19"><span class='ocrx_word' id='word_1_641' title='bbox 2008 3074 2169 3143; x_wconf 88' lang='lat' dir='ltr'><strong>quam</strong></span> <span class='ocrx_word' id='word_1_642' title='bbox 2199 3072 2596 3144; x_wconf 87' lang='lat' dir='ltr'><strong>intelliguntur;</strong></span> <span class='ocrx_word' id='word_1_643' title='bbox 2624 3089 2839 3130; x_wconf 89' lang='lat' dir='ltr'><strong>omnem</strong></span> <span class='ocrx_word' id='word_1_644' title='bbox 2858 3075 3123 3146; x_wconf 86' lang='lat' dir='ltr'><strong>siquidem</strong></span> <span class='ocrx_word' id='word_1_645' title='bbox 3143 3070 3474 3131; x_wconf 85' lang='lat' dir='ltr'><strong>intellectum</strong></span> <span class='ocrx_word' id='word_1_646' title='bbox 3498 3091 3587 3131; x_wconf 88' lang='lat' dir='ltr'><strong>su-</strong></span> 
     </span>
    </p>
   </div>
   <div class='ocr_carea' id='block_1_86' title="bbox 2009 3164 3590 3237">
    <p class='ocr_par' dir='ltr' id='par_1_86' title="bbox 2009 3164 3590 3237">
     <span class='ocr_line' id='line_1_86' title="bbox 2009 3164 3590 3237; baseline 0 -16"><span class='ocrx_word' id='word_1_647' title='bbox 2009 3175 2217 3236; x_wconf 90' lang='lat' dir='ltr'><strong>perant.</strong></span> <span class='ocrx_word' id='word_1_648' title='bbox 2244 3164 2377 3222; x_wconf 85' lang='lat' dir='ltr'><strong>Nam</strong></span> <span class='ocrx_word' id='word_1_649' title='bbox 2405 3180 2758 3237; x_wconf 86' lang='lat' dir='ltr'><strong>quaecunque</strong></span> <span class='ocrx_word' id='word_1_650' title='bbox 2788 3168 2855 3223; x_wconf 90' lang='lat' dir='ltr'><strong>de</strong></span> <span class='ocrx_word' id='word_1_651' title='bbox 2875 3167 3309 3237; x_wconf 83' lang='lat' dir='ltr'><strong>simplicissimae</strong></span> <span class='ocrx_word' id='word_1_652' title='bbox 3330 3168 3590 3222; x_wconf 81' lang='lat' dir='ltr'><strong>bonitatis</strong></span> 
     </span>
    </p>
   </div>
   <div class='ocr_carea' id='block_1_87' title="bbox 2012 3261 3585 3333">
    <p class='ocr_par' dir='ltr' id='par_1_87' title="bbox 2012 3261 3585 3333">
     <span class='ocr_line' id='line_1_87' title="bbox 2012 3261 3585 3333; baseline 0.001 -18"><span class='ocrx_word' id='word_1_653' title='bbox 2012 3261 2255 3317; x_wconf 86' lang='lat' dir='ltr'><strong>trinitate</strong></span> <span class='ocrx_word' id='word_1_654' title='bbox 2278 3262 2548 3324; x_wconf 87' lang='lat' dir='ltr'><strong>dicuntur,</strong></span> <span class='ocrx_word' id='word_1_655' title='bbox 2585 3277 2678 3318; x_wconf 89' lang='lat' dir='ltr'><strong>seu</strong></span> <span class='ocrx_word' id='word_1_656' title='bbox 2709 3263 3037 3333; x_wconf 88' lang='lat' dir='ltr'><strong>cogitantur,</strong></span> <span class='ocrx_word' id='word_1_657' title='bbox 3069 3278 3161 3319; x_wconf 90' lang='lat' dir='ltr'><strong>seu</strong></span> <span class='ocrx_word' id='word_1_658' title='bbox 3191 3262 3585 3333; x_wconf 87' lang='lat' dir='ltr'><strong>intelliguntur,</strong></span> 
     </span>
    </p>
   </div>
   <div class='ocr_carea' id='block_1_88' title="bbox 2009 3350 3581 3422">
    <p class='ocr_par' dir='ltr' id='par_1_88' title="bbox 2009 3350 3581 3422">
     <span class='ocr_line' id='line_1_88' title="bbox 2009 3350 3581 3422; baseline 0.003 -21"><span class='ocrx_word' id='word_1_659' title='bbox 2009 3350 2231 3422; x_wconf 85' lang='lat' dir='ltr'><strong>vestigia</strong></span> <span class='ocrx_word' id='word_1_660' title='bbox 2257 3352 2520 3421; x_wconf 84' lang='lat' dir='ltr'><strong>quaedam</strong></span> <span class='ocrx_word' id='word_1_661' title='bbox 2552 3358 2678 3406; x_wconf 89' lang='lat' dir='ltr'><strong>sunt</strong></span> <span class='ocrx_word' id='word_1_662' title='bbox 2722 3358 2886 3421; x_wconf 88' lang='lat' dir='ltr'><strong>atque</strong></span> <span class='ocrx_word' id='word_1_663' title='bbox 2919 3351 3281 3422; x_wconf 85' lang='lat' dir='ltr'><strong>theopbaniae</strong></span> <span class='ocrx_word' id='word_1_664' title='bbox 3306 3351 3581 3415; x_wconf 83' lang='lat' dir='ltr'><strong>veritatis,</strong></span> 
     </span>
    </p>
   </div>
   <div class='ocr_carea' id='block_1_89' title="bbox 2008 3442 3590 3512">
    <p class='ocr_par' dir='ltr' id='par_1_89' title="bbox 2008 3442 3590 3512">
     <span class='ocr_line' id='line_1_89' title="bbox 2008 3442 3590 3512; baseline 0.001 -16"><span class='ocrx_word' id='word_1_665' title='bbox 2008 3458 2115 3497; x_wconf 89' lang='lat' dir='ltr'><strong>non</strong></span> <span class='ocrx_word' id='word_1_666' title='bbox 2145 3451 2324 3497; x_wconf 90' lang='lat' dir='ltr'><strong>autem</strong></span> <span class='ocrx_word' id='word_1_667' title='bbox 2359 3442 2472 3511; x_wconf 85' lang='lat' dir='ltr'><strong>ipsa</strong></span> <span class='ocrx_word' id='word_1_668' title='bbox 2500 3442 2697 3498; x_wconf 88' lang='lat' dir='ltr'><strong>veritas</strong></span> <span class='ocrx_word' id='word_1_669' title='bbox 2715 3482 2731 3508; x_wconf 94' lang='lat'><strong>,</strong></span> <span class='ocrx_word' id='word_1_670' title='bbox 2760 3457 2900 3511; x_wconf 86' lang='lat' dir='ltr'><strong>quae</strong></span> <span class='ocrx_word' id='word_1_671' title='bbox 2930 3452 3151 3512; x_wconf 90' lang='lat' dir='ltr'><strong>superat</strong></span> <span class='ocrx_word' id='word_1_672' title='bbox 3174 3456 3390 3497; x_wconf 90' lang='lat' dir='ltr'><strong>omnem</strong></span> <span class='ocrx_word' id='word_1_673' title='bbox 3436 3442 3590 3498; x_wconf 57' lang='lat' dir='ltr'><strong>theov</strong></span> 
     </span>
    </p>
   </div>
   <div class='ocr_carea' id='block_1_90' title="bbox 2008 3530 3591 3597">
    <p class='ocr_par' dir='ltr' id='par_1_90' title="bbox 2008 3530 3591 3597">
     <span class='ocr_line' id='line_1_90' title="bbox 2008 3530 3591 3597; baseline 0 -11"><span class='ocrx_word' id='word_1_674' title='bbox 2008 3533 2145 3587; x_wconf 87' lang='lat' dir='ltr'><strong>riam</strong></span> <span class='ocrx_word' id='word_1_675' title='bbox 2167 3548 2271 3588; x_wconf 87' lang='lat' dir='ltr'><strong>non</strong></span> <span class='ocrx_word' id='word_1_676' title='bbox 2294 3530 2465 3587; x_wconf 90' lang='lat' dir='ltr'><strong>solum</strong></span> <span class='ocrx_word' id='word_1_677' title='bbox 2491 3532 2790 3597; x_wconf 87' lang='lat' dir='ltr'><strong>rationalis,</strong></span> <span class='ocrx_word' id='word_1_678' title='bbox 2812 3548 2999 3588; x_wconf 90' lang='lat' dir='ltr'><strong>verum</strong></span> <span class='ocrx_word' id='word_1_679' title='bbox 3025 3532 3187 3587; x_wconf 90' lang='lat' dir='ltr'><strong>etiam</strong></span> <span class='ocrx_word' id='word_1_680' title='bbox 3211 3532 3591 3588; x_wconf 79' lang='lat' dir='ltr'><strong>intellectualis</strong></span> 
     </span>
    </p>
   </div>
   <div class='ocr_carea' id='block_1_91' title="bbox 2008 3606 3613 3695">
    <p class='ocr_par' dir='ltr' id='par_1_91' title="bbox 2008 3606 3613 3695">
     <span class='ocr_line' id='line_1_91' title="bbox 2008 3606 3613 3695; baseline 0.001 -15"><span class='ocrx_word' id='word_1_681' title='bbox 2008 3620 2306 3680; x_wconf 85' lang='lat' dir='ltr'><strong>creaturae.</strong></span> <span class='ocrx_word' id='word_1_682' title='bbox 2338 3623 2523 3695; x_wconf 83' lang='lat' dir='ltr'><strong>Neque</strong></span> <span class='ocrx_word' id='word_1_683' title='bbox 2542 3624 2686 3680; x_wconf 86' lang='lat' dir='ltr'><strong>enim</strong></span> <span class='ocrx_word' id='word_1_684' title='bbox 2711 3625 2832 3680; x_wconf 87' lang='lat' dir='ltr'><strong>talis</strong></span> <span class='ocrx_word' id='word_1_685' title='bbox 2852 3625 3031 3681; x_wconf 89' lang='lat' dir='ltr'><strong>unitas</strong></span> <span class='ocrx_word' id='word_1_686' title='bbox 3048 3634 3135 3681; x_wconf 89' lang='lat' dir='ltr'><strong>est</strong></span> <span class='ocrx_word' id='word_1_687' title='bbox 3157 3639 3254 3681; x_wconf 90' lang='lat' dir='ltr'><strong>seu</strong></span> <span class='ocrx_word' id='word_1_688' title='bbox 3273 3625 3489 3681; x_wconf 85' lang='lat' dir='ltr'><strong>trinitas</strong></span> <span class='ocrx_word' id='word_1_689' title='bbox 3516 3606 3613 3689; x_wconf 68' lang='grc' dir='ltr'><strong>ηε(</strong></span> 
     </span>
    </p>
   </div>
   <div class='ocr_carea' id='block_1_92' title="bbox 2008 3714 3583 3789">
    <p class='ocr_par' dir='ltr' id='par_1_92' title="bbox 2008 3714 3583 3789">
     <span class='ocr_line' id='line_1_92' title="bbox 2008 3714 3583 3789; baseline 0.003 -20"><span class='ocrx_word' id='word_1_690' title='bbox 2008 3716 2183 3784; x_wconf 88' lang='lat' dir='ltr'><strong>qualis</strong></span> <span class='ocrx_word' id='word_1_691' title='bbox 2205 3715 2273 3770; x_wconf 89' lang='lat' dir='ltr'><strong>ab</strong></span> <span class='ocrx_word' id='word_1_692' title='bbox 2301 3714 2405 3769; x_wconf 89' lang='lat' dir='ltr'><strong>ulla</strong></span> <span class='ocrx_word' id='word_1_693' title='bbox 2429 3724 2677 3770; x_wconf 87' lang='lat' dir='ltr'><strong>creatura</strong></span> <span class='ocrx_word' id='word_1_694' title='bbox 2696 3724 2874 3784; x_wconf 91' lang='lat' dir='ltr'><strong>potest</strong></span> <span class='ocrx_word' id='word_1_695' title='bbox 2898 3716 3195 3789; x_wconf 78' lang='lat' dir='ltr'><strong>excogitari</strong></span> <span class='ocrx_word' id='word_1_696' title='bbox 3220 3731 3316 3774; x_wconf 88' lang='lat' dir='ltr'><strong>seu</strong></span> <span class='ocrx_word' id='word_1_697' title='bbox 3337 3717 3583 3787; x_wconf 85' lang='lat' dir='ltr'><strong>intelligi,</strong></span> 
     </span>
    </p>
   </div>
   <div class='ocr_carea' id='block_1_93' title="bbox 2007 3803 3588 3874">
    <p class='ocr_par' dir='ltr' id='par_1_93' title="bbox 2007 3803 3588 3874">
     <span class='ocr_line' id='line_1_93' title="bbox 2007 3803 3588 3874; baseline 0.003 -17"><span class='ocrx_word' id='word_1_698' title='bbox 2007 3818 2101 3858; x_wconf 89' lang='lat' dir='ltr'><strong>seu</strong></span> <span class='ocrx_word' id='word_1_699' title='bbox 2131 3803 2307 3873; x_wconf 83' lang='lat' dir='ltr'><strong>aliqua</strong></span> <span class='ocrx_word' id='word_1_700' title='bbox 2334 3804 2644 3873; x_wconf 87' lang='lat' dir='ltr'><strong>phantasia,</strong></span> <span class='ocrx_word' id='word_1_701' title='bbox 2671 3804 2917 3874; x_wconf 85' lang='lat' dir='ltr'><strong>quamvis</strong></span> <span class='ocrx_word' id='word_1_702' title='bbox 2954 3806 3286 3861; x_wconf 88' lang='lat' dir='ltr'><strong>lucidissima</strong></span> <span class='ocrx_word' id='word_1_703' title='bbox 3315 3815 3371 3862; x_wconf 91' lang='lat' dir='ltr'><strong>et</strong></span> <span class='ocrx_word' id='word_1_704' title='bbox 3395 3808 3554 3863; x_wconf 86' lang='lat' dir='ltr'><strong>verisi</strong></span> <span class='ocrx_word' id='word_1_705' title='bbox 3575 3837 3588 3847; x_wconf 86' lang='lat'><strong>-</strong></span> 
     </span>
    </p>
   </div>
   <div class='ocr_carea' id='block_1_94' title="bbox 2007 3893 3585 3963">
    <p class='ocr_par' dir='ltr' id='par_1_94' title="bbox 2007 3893 3585 3963">
     <span class='ocr_line' id='line_1_94' title="bbox 2007 3893 3585 3963; baseline 0.002 -15"><span class='ocrx_word' id='word_1_706' title='bbox 2007 3893 2252 3959; x_wconf 88' lang='lat' dir='ltr'><strong>millima,</strong></span> <span class='ocrx_word' id='word_1_707' title='bbox 2278 3893 2521 3949; x_wconf 90' lang='lat' dir='ltr'><strong>formari.</strong></span> <span class='ocrx_word' id='word_1_708' title='bbox 2558 3894 2702 3950; x_wconf 85' lang='lat' dir='ltr'><strong>Haec</strong></span> <span class='ocrx_word' id='word_1_709' title='bbox 2731 3896 2876 3950; x_wconf 90' lang='lat' dir='ltr'><strong>enim</strong></span> <span class='ocrx_word' id='word_1_710' title='bbox 2903 3898 3085 3951; x_wconf 88' lang='lat' dir='ltr'><strong>omnia</strong></span> <span class='ocrx_word' id='word_1_711' title='bbox 3122 3896 3330 3963; x_wconf 86' lang='lat' dir='ltr'><strong>fallunt,</strong></span> <span class='ocrx_word' id='word_1_712' title='bbox 3369 3898 3493 3953; x_wconf 89' lang='lat' dir='ltr'><strong>dum</strong></span> <span class='ocrx_word' id='word_1_713' title='bbox 3532 3898 3585 3952; x_wconf 86' lang='lat' dir='ltr'><strong>in</strong></span> 
     </span>
    </p>
   </div>
   <div class='ocr_carea' id='block_1_95' title="bbox 2006 3985 3587 4059">
    <p class='ocr_par' dir='ltr' id='par_1_95' title="bbox 2006 3985 3587 4059">
     <span class='ocr_line' id='line_1_95' title="bbox 2006 3985 3587 4059; baseline 0 -16"><span class='ocrx_word' id='word_1_714' title='bbox 2006 3987 2093 4059; x_wconf 83' lang='lat' dir='ltr'><strong>eis</strong></span> <span class='ocrx_word' id='word_1_715' title='bbox 2117 3985 2236 4042; x_wconf 87' lang='lat' dir='ltr'><strong>ﬁnis</strong></span> <span class='ocrx_word' id='word_1_716' title='bbox 2255 3986 2723 4055; x_wconf 87' lang='lat' dir='ltr'><strong>contemplationis</strong></span> <span class='ocrx_word' id='word_1_717' title='bbox 2739 3988 2975 4056; x_wconf 89' lang='lat' dir='ltr'><strong>ponitur.</strong></span> <span class='ocrx_word' id='word_1_718' title='bbox 3002 3987 3278 4057; x_wconf 89' lang='lat' dir='ltr'><strong>Siquidem</strong></span> <span class='ocrx_word' id='word_1_719' title='bbox 3303 3987 3587 4059; x_wconf 89' lang='lat' dir='ltr'><strong>plusquam</strong></span> 
     </span>
    </p>
   </div>
   <div class='ocr_carea' id='block_1_96' title="bbox 2007 4080 3588 4151">
    <p class='ocr_par' dir='ltr' id='par_1_96' title="bbox 2007 4080 3588 4151">
     <span class='ocr_line' id='line_1_96' title="bbox 2007 4080 3588 4151; baseline 0.001 -16"><span class='ocrx_word' id='word_1_720' title='bbox 2007 4080 2183 4136; x_wconf 86' lang='lat' dir='ltr'><strong>unitas</strong></span> <span class='ocrx_word' id='word_1_721' title='bbox 2212 4089 2315 4147; x_wconf 89' lang='lat' dir='ltr'><strong>est,</strong></span> <span class='ocrx_word' id='word_1_722' title='bbox 2342 4088 2397 4134; x_wconf 92' lang='lat' dir='ltr'><strong>et</strong></span> <span class='ocrx_word' id='word_1_723' title='bbox 2422 4080 2706 4151; x_wconf 89' lang='lat' dir='ltr'><strong>plusquam</strong></span> <span class='ocrx_word' id='word_1_724' title='bbox 2730 4080 2961 4145; x_wconf 88' lang='lat' dir='ltr'><strong>trinitas,</strong></span> <span class='ocrx_word' id='word_1_725' title='bbox 2987 4082 3193 4137; x_wconf 88' lang='lat' dir='ltr'><strong>habens</strong></span> <span class='ocrx_word' id='word_1_726' title='bbox 3220 4081 3263 4114; x_wconf 81' lang='grc'><strong>³⁸</strong></span> <span class='ocrx_word' id='word_1_727' title='bbox 3291 4091 3468 4138; x_wconf 90' lang='lat' dir='ltr'><strong>tamen</strong></span> <span class='ocrx_word' id='word_1_728' title='bbox 3491 4083 3588 4137; x_wconf 84' lang='lat' dir='ltr'><strong>all-</strong></span> 
     </span>
    </p>
   </div>
   <div class='ocr_carea' id='block_1_97' title="bbox 2006 4162 3585 4245">
    <p class='ocr_par' dir='ltr' id='par_1_97' title="bbox 2006 4162 3585 4245">
     <span class='ocr_line' id='line_1_97' title="bbox 2006 4162 3585 4245; baseline 0.004 -22"><span class='ocrx_word' id='word_1_729' title='bbox 2006 4162 2134 4239; x_wconf 88' lang='lat' dir='ltr'><strong>quid</strong></span> <span class='ocrx_word' id='word_1_730' title='bbox 2164 4169 2231 4225; x_wconf 91' lang='lat' dir='ltr'><strong>de</strong></span> <span class='ocrx_word' id='word_1_731' title='bbox 2249 4184 2313 4225; x_wconf 91' lang='lat' dir='ltr'><strong>ea</strong></span> <span class='ocrx_word' id='word_1_732' title='bbox 2341 4169 2522 4225; x_wconf 90' lang='lat' dir='ltr'><strong>dicere</strong></span> <span class='ocrx_word' id='word_1_733' title='bbox 2549 4176 2605 4225; x_wconf 91' lang='lat' dir='ltr'><strong>et</strong></span> <span class='ocrx_word' id='word_1_734' title='bbox 2623 4171 2861 4241; x_wconf 85' lang='lat' dir='ltr'><strong>cogitare</strong></span> <span class='ocrx_word' id='word_1_735' title='bbox 2888 4180 2943 4226; x_wconf 88' lang='lat' dir='ltr'><strong>et</strong></span> <span class='ocrx_word' id='word_1_736' title='bbox 2971 4171 3292 4243; x_wconf 89' lang='lat' dir='ltr'><strong>intelligere,</strong></span> <span class='ocrx_word' id='word_1_737' title='bbox 3320 4181 3585 4245; x_wconf 88' lang='lat' dir='ltr'><strong>quantum</strong></span> 
     </span>
    </p>
   </div>
   <div class='ocr_carea' id='block_1_98' title="bbox 2006 4258 3587 4334">
    <p class='ocr_par' dir='ltr' id='par_1_98' title="bbox 2006 4258 3587 4334">
     <span class='ocr_line' id='line_1_98' title="bbox 2006 4258 3587 4334; baseline 0.004 -21"><span class='ocrx_word' id='word_1_738' title='bbox 2006 4258 2308 4315; x_wconf 83' lang='lat' dir='ltr'><strong>intellectus</strong></span> <span class='ocrx_word' id='word_1_739' title='bbox 2342 4273 2461 4316; x_wconf 89' lang='lat' dir='ltr'><strong>eam</strong></span> <span class='ocrx_word' id='word_1_740' title='bbox 2491 4259 2736 4330; x_wconf 86' lang='lat' dir='ltr'><strong>attingit,</strong></span> <span class='ocrx_word' id='word_1_741' title='bbox 2770 4274 2923 4315; x_wconf 86' lang='lat' dir='ltr'><strong>saera</strong></span> <span class='ocrx_word' id='word_1_742' title='bbox 2956 4261 3221 4333; x_wconf 84' lang='lat' dir='ltr'><strong>theologia</strong></span> <span class='ocrx_word' id='word_1_743' title='bbox 3250 4263 3387 4319; x_wconf 87' lang='lat' dir='ltr'><strong>duce</strong></span> <span class='ocrx_word' id='word_1_744' title='bbox 3421 4272 3587 4334; x_wconf 80' lang='lat' dir='ltr'><strong>atque</strong></span> 
     </span>
    </p>
   </div>
   <div class='ocr_carea' id='block_1_99' title="bbox 2007 4349 3587 4420">
    <p class='ocr_par' dir='ltr' id='par_1_99' title="bbox 2007 4349 3587 4420">
     <span class='ocr_line' id='line_1_99' title="bbox 2007 4349 3587 4420; baseline 0.003 -16"><span class='ocrx_word' id='word_1_745' title='bbox 2007 4350 2288 4420; x_wconf 87' lang='lat' dir='ltr'><strong>magistra,</strong></span> <span class='ocrx_word' id='word_1_746' title='bbox 2313 4357 2374 4404; x_wconf 91' lang='lat' dir='ltr'><strong>ut</strong></span> <span class='ocrx_word' id='word_1_747' title='bbox 2393 4349 2627 4419; x_wconf 87' lang='lat' dir='ltr'><strong>quodam</strong></span> <span class='ocrx_word' id='word_1_748' title='bbox 2653 4350 2813 4404; x_wconf 91' lang='lat' dir='ltr'><strong>modo</strong></span> <span class='ocrx_word' id='word_1_749' title='bbox 2840 4351 3121 4406; x_wconf 89' lang='lat' dir='ltr'><strong>materiam</strong></span> <span class='ocrx_word' id='word_1_750' title='bbox 3148 4351 3444 4410; x_wconf 84' lang='lat' dir='ltr'><strong>habeamus</strong></span> <span class='ocrx_word' id='word_1_751' title='bbox 3471 4353 3587 4410; x_wconf 88' lang='lat' dir='ltr'><strong>lau-</strong></span> 
     </span>
    </p>
   </div>
   <div class='ocr_carea' id='block_1_100' title="bbox 2008 4438 3588 4516">
    <p class='ocr_par' dir='ltr' id='par_1_100' title="bbox 2008 4438 3588 4516">
     <span class='ocr_line' id='line_1_100' title="bbox 2008 4438 3588 4516; baseline 0.006 -23"><span class='ocrx_word' id='word_1_752' title='bbox 2008 4439 2181 4495; x_wconf 89' lang='lat' dir='ltr'><strong>dandi.</strong></span> <span class='ocrx_word' id='word_1_753' title='bbox 2195 4454 2316 4495; x_wconf 91' lang='lat' dir='ltr'><strong>eam</strong></span> <span class='ocrx_word' id='word_1_754' title='bbox 2345 4450 2507 4509; x_wconf 89' lang='lat' dir='ltr'><strong>atque</strong></span> <span class='ocrx_word' id='word_1_755' title='bbox 2529 4438 2899 4496; x_wconf 88' lang='lat' dir='ltr'><strong>benedicendi.</strong></span> <span class='ocrx_word' id='word_1_756' title='bbox 2925 4440 3057 4496; x_wconf 82' lang='lat' dir='ltr'><strong>Nam</strong></span> <span class='ocrx_word' id='word_1_757' title='bbox 3078 4450 3134 4497; x_wconf 85' lang='lat' dir='ltr'><strong>et</strong></span> <span class='ocrx_word' id='word_1_758' title='bbox 3159 4458 3401 4502; x_wconf 88' lang='lat' dir='ltr'><strong>summos</strong></span> <span class='ocrx_word' id='word_1_759' title='bbox 3422 4459 3588 4516; x_wconf 77' lang='lat' dir='ltr'><strong>ange-</strong></span> 
     </span>
    </p>
   </div>
   <div class='ocr_carea' id='block_1_101' title="bbox 2006 4530 3587 4605">
    <p class='ocr_par' dir='ltr' id='par_1_101' title="bbox 2006 4530 3587 4605">
     <span class='ocr_line' id='line_1_101' title="bbox 2006 4530 3587 4605; baseline 0.006 -20"><span class='ocrx_word' id='word_1_760' title='bbox 2006 4530 2088 4587; x_wconf 91' lang='lat' dir='ltr'><strong>los</strong></span> <span class='ocrx_word' id='word_1_761' title='bbox 2106 4532 2488 4602; x_wconf 79' lang='lat' dir='ltr'><strong>proximasque</strong></span> <span class='ocrx_word' id='word_1_762' title='bbox 2510 4533 2560 4588; x_wconf 86' lang='lat' dir='ltr'><strong>ei</strong></span> <span class='ocrx_word' id='word_1_763' title='bbox 2592 4532 2819 4589; x_wconf 87' lang='lat' dir='ltr'><strong>virtutes</strong></span> <span class='ocrx_word' id='word_1_764' title='bbox 2838 4532 3000 4589; x_wconf 86' lang='lat' dir='ltr'><strong>veluti</strong></span> <span class='ocrx_word' id='word_1_765' title='bbox 3022 4536 3185 4605; x_wconf 87' lang='lat' dir='ltr'><strong>pedes</strong></span> <span class='ocrx_word' id='word_1_766' title='bbox 3205 4544 3263 4593; x_wconf 87' lang='lat' dir='ltr'><strong>et</strong></span> <span class='ocrx_word' id='word_1_767' title='bbox 3289 4537 3457 4596; x_wconf 87' lang='lat' dir='ltr'><strong>facies</strong></span> <span class='ocrx_word' id='word_1_768' title='bbox 3485 4539 3587 4597; x_wconf 83' lang='lat' dir='ltr'><strong>alis</strong></span> 
     </span>
    </p>
   </div>
   <div class='ocr_carea' id='block_1_102' title="bbox 2005 4623 3583 4699">
    <p class='ocr_par' dir='ltr' id='par_1_102' title="bbox 2005 4623 3583 4699">
     <span class='ocr_line' id='line_1_102' title="bbox 2005 4623 3583 4699; baseline 0.005 -20"><span class='ocrx_word' id='word_1_769' title='bbox 2005 4624 2118 4679; x_wconf 87' lang='lat' dir='ltr'><strong>suis</strong></span> <span class='ocrx_word' id='word_1_770' title='bbox 2137 4623 2337 4688; x_wconf 88' lang='lat' dir='ltr'><strong>velare,</strong></span> <span class='ocrx_word' id='word_1_771' title='bbox 2368 4637 2522 4680; x_wconf 90' lang='lat' dir='ltr'><strong>saera</strong></span> <span class='ocrx_word' id='word_1_772' title='bbox 2549 4625 2839 4682; x_wconf 83' lang='lat' dir='ltr'><strong>conﬁrmat</strong></span> <span class='ocrx_word' id='word_1_773' title='bbox 2860 4626 2903 4659; x_wconf 68' lang='grc' dir='ltr'>ιδ</span> <span class='ocrx_word' id='word_1_774' title='bbox 2935 4627 3235 4699; x_wconf 86' lang='lat' dir='ltr'><strong>theologia,</strong></span> <span class='ocrx_word' id='word_1_775' title='bbox 3268 4631 3423 4687; x_wconf 91' lang='lat' dir='ltr'><strong>nobis</strong></span> <span class='ocrx_word' id='word_1_776' title='bbox 3450 4631 3583 4687; x_wconf 86' lang='lat' dir='ltr'><strong>insi-</strong></span> 
     </span>
    </p>
   </div>
   <div class='ocr_carea' id='block_1_103' title="bbox 2004 4712 3587 4794">
    <p class='ocr_par' dir='ltr' id='par_1_103' title="bbox 2004 4712 3587 4794">
     <span class='ocr_line' id='line_1_103' title="bbox 2004 4712 3587 4794; baseline 0.006 -26"><span class='ocrx_word' id='word_1_777' title='bbox 2004 4728 2179 4768; x_wconf 88' lang='lat' dir='ltr'><strong>nuans</strong></span> <span class='ocrx_word' id='word_1_778' title='bbox 2218 4713 2263 4747; x_wconf 81' lang='grc'><strong>⁸⁸</strong></span> <span class='ocrx_word' id='word_1_779' title='bbox 2288 4712 2549 4769; x_wconf 87' lang='lat' dir='ltr'><strong>caelestes</strong></span> <span class='ocrx_word' id='word_1_780' title='bbox 2578 4714 2825 4779; x_wconf 87' lang='lat' dir='ltr'><strong>virtutes,</strong></span> <span class='ocrx_word' id='word_1_781' title='bbox 2860 4731 3102 4773; x_wconf 85' lang='lat' dir='ltr'><strong>summae</strong></span> <span class='ocrx_word' id='word_1_782' title='bbox 3151 4719 3376 4775; x_wconf 87' lang='lat' dir='ltr'><strong>trinitati</strong></span> <span class='ocrx_word' id='word_1_783' title='bbox 3424 4731 3587 4794; x_wconf 84' lang='lat' dir='ltr'><strong>atque</strong></span> 
     </span>
    </p>
   </div>
   <div class='ocr_carea' id='block_1_104' title="bbox 2004 4805 3584 4878">
    <p class='ocr_par' dir='ltr' id='par_1_104' title="bbox 2004 4805 3584 4878">
     <span class='ocr_line' id='line_1_104' title="bbox 2004 4805 3584 4878; baseline 0.008 -20"><span class='ocrx_word' id='word_1_784' title='bbox 2004 4805 2195 4870; x_wconf 88' lang='lat' dir='ltr'><strong>unitati</strong></span> <span class='ocrx_word' id='word_1_785' title='bbox 2230 4820 2444 4876; x_wconf 89' lang='lat' dir='ltr'><strong>semper</strong></span> <span class='ocrx_word' id='word_1_786' title='bbox 2473 4815 2527 4862; x_wconf 90' lang='lat' dir='ltr'><strong>et</strong></span> <span class='ocrx_word' id='word_1_787' title='bbox 2552 4807 2957 4864; x_wconf 88' lang='lat' dir='ltr'><strong>immutabiliter</strong></span> <span class='ocrx_word' id='word_1_788' title='bbox 2984 4809 3365 4878; x_wconf 77' lang='lat' dir='ltr'><strong>adhaerentes,</strong></span> <span class='ocrx_word' id='word_1_789' title='bbox 3393 4813 3584 4870; x_wconf 83' lang='lat' dir='ltr'><strong>timere</strong></span> 
     </span>
    </p>
   </div>
   <div class='ocr_carea' id='block_1_105' title="bbox 2009 4902 3581 4975">
    <p class='ocr_par' dir='ltr' id='par_1_105' title="bbox 2009 4902 3581 4975">
     <span class='ocr_line' id='line_1_105' title="bbox 2009 4902 3581 4975; baseline 0.004 -26"><span class='ocrx_word' id='word_1_790' title='bbox 2009 4910 2092 4959; x_wconf 91' lang='lat' dir='ltr'><strong>ea,</strong></span> <span class='ocrx_word' id='word_1_791' title='bbox 2123 4911 2261 4967; x_wconf 88' lang='lat' dir='ltr'><strong>quae</strong></span> <span class='ocrx_word' id='word_1_792' title='bbox 2287 4912 2448 4967; x_wconf 87' lang='lat' dir='ltr'><strong>supra</strong></span> <span class='ocrx_word' id='word_1_793' title='bbox 2492 4912 2551 4954; x_wconf 79' lang='lat' dir='ltr'><strong>se</strong></span> <span class='ocrx_word' id='word_1_794' title='bbox 2594 4907 2737 4961; x_wconf 87' lang='lat' dir='ltr'><strong>sunt,</strong></span> <span class='ocrx_word' id='word_1_795' title='bbox 2770 4914 2834 4955; x_wconf 87' lang='lat' dir='ltr'><strong>ac</strong></span> <span class='ocrx_word' id='word_1_796' title='bbox 2866 4910 3178 4957; x_wconf 87' lang='lat' dir='ltr'><strong>reverenter</strong></span> <span class='ocrx_word' id='word_1_797' title='bbox 3207 4902 3581 4975; x_wconf 83' lang='lat' dir='ltr'><strong>contemplari.</strong></span> 
     </span>
    </p>
   </div>
   <div class='ocr_carea' id='block_1_106' title="bbox 2006 4986 3582 5066">
    <p class='ocr_par' dir='ltr' id='par_1_106' title="bbox 2006 4986 3582 5066">
     <span class='ocr_line' id='line_1_106' title="bbox 2006 4986 3582 5066; baseline 0.003 -22"><span class='ocrx_word' id='word_1_798' title='bbox 2006 4989 2136 5046; x_wconf 76' lang='lat' dir='ltr'><strong>Alae</strong></span> <span class='ocrx_word' id='word_1_799' title='bbox 2166 4988 2431 5059; x_wconf 86' lang='lat' dir='ltr'><strong>siquidem</strong></span> <span class='ocrx_word' id='word_1_800' title='bbox 2465 5004 2652 5046; x_wconf 88' lang='lat' dir='ltr'><strong>earum</strong></span> <span class='ocrx_word' id='word_1_801' title='bbox 2680 4986 2726 5022; x_wconf 79' lang='lat'>“</span> <span class='ocrx_word' id='word_1_802' title='bbox 2754 4992 2995 5048; x_wconf 90' lang='lat' dir='ltr'><strong>theoriae</strong></span> <span class='ocrx_word' id='word_1_803' title='bbox 3018 5002 3166 5060; x_wconf 87' lang='lat' dir='ltr'><strong>sunt,</strong></span> <span class='ocrx_word' id='word_1_804' title='bbox 3201 4994 3395 5066; x_wconf 88' lang='lat' dir='ltr'><strong>quibus</strong></span> <span class='ocrx_word' id='word_1_805' title='bbox 3418 4994 3582 5063; x_wconf 78' lang='lat' dir='ltr'><strong>pedes</strong></span> 
     </span>
    </p>
   </div>
   <div class='ocr_carea' id='block_1_107' title="bbox 2007 5078 3579 5147">
    <p class='ocr_par' dir='ltr' id='par_1_107' title="bbox 2007 5078 3579 5147">
     <span class='ocr_line' id='line_1_107' title="bbox 2007 5078 3579 5147; baseline 0.001 -14"><span class='ocrx_word' id='word_1_806' title='bbox 2007 5094 2132 5133; x_wconf 87' lang='lat' dir='ltr'><strong>suos</strong></span> <span class='ocrx_word' id='word_1_807' title='bbox 2155 5078 2334 5133; x_wconf 87' lang='lat' dir='ltr'><strong>velare</strong></span> <span class='ocrx_word' id='word_1_808' title='bbox 2356 5078 2693 5134; x_wconf 78' lang='lat' dir='ltr'><strong>aﬂlrmantur</strong></span> <span class='ocrx_word' id='word_1_809' title='bbox 2726 5081 2790 5145; x_wconf 69' lang='grc' dir='ltr'><strong>ηε</strong></span> <span class='ocrx_word' id='word_1_810' title='bbox 2815 5089 2869 5135; x_wconf 89' lang='lat' dir='ltr'><strong>et</strong></span> <span class='ocrx_word' id='word_1_811' title='bbox 2898 5079 3063 5139; x_wconf 85' lang='lat' dir='ltr'><strong>facies</strong></span> <span class='ocrx_word' id='word_1_812' title='bbox 3088 5082 3342 5137; x_wconf 85' lang='lat' dir='ltr'><strong>timentes</strong></span> <span class='ocrx_word' id='word_1_813' title='bbox 3362 5082 3579 5147; x_wconf 72' lang='lat' dir='ltr'><strong>intueri,</strong></span> 
     </span>
    </p>
   </div>
   <div class='ocr_carea' id='block_1_108' title="bbox 1602 5209 2287 5267">
    <p class='ocr_par' dir='ltr' id='par_1_108' title="bbox 1602 5209 2287 5267">
     <span class='ocr_line' id='line_1_108' title="bbox 1602 5209 2287 5267; baseline 0.003 -4"><span class='ocrx_word' id='word_1_814' title='bbox 1602 5209 1685 5264; x_wconf 76' lang='lat' dir='ltr'><strong>VA</strong></span> <span class='ocrx_word' id='word_1_815' title='bbox 1694 5210 1851 5266; x_wconf 80' lang='lat' dir='ltr'><strong>RIAE</strong></span> <span class='ocrx_word' id='word_1_816' title='bbox 1889 5210 2287 5267; x_wconf 76' lang='lat' dir='ltr'><strong>LECTIONES.</strong></span> 
     </span>
    </p>
   </div>
   <div class='ocr_carea' id='block_1_109' title="bbox 387 5333 3578 5421">
    <p class='ocr_par' dir='ltr' id='par_1_109' title="bbox 387 5333 3578 5421">
     <span class='ocr_line' id='line_1_109' title="bbox 387 5333 3578 5421; baseline 0.008 -33"><span class='ocrx_word' id='word_1_817' title='bbox 387 5334 405 5421; x_wconf 54' lang='grc' dir='ltr'>ξ</span> <span class='ocrx_word' id='word_1_818' title='bbox 434 5333 541 5421; x_wconf 39' lang='lat' dir='ltr'><strong>.Si&#39;r</strong></span> <span class='ocrx_word' id='word_1_819' title='bbox 563 5334 632 5399; x_wconf 76' lang='grc' dir='ltr'><strong>(ῖς</strong></span> <span class='ocrx_word' id='word_1_820' title='bbox 664 5339 803 5421; x_wconf 49' lang='lat' dir='ltr'><strong>ita”</strong></span> <span class='ocrx_word' id='word_1_821' title='bbox 827 5357 898 5421; x_wconf 49' lang='lat' dir='ltr'><strong>cs:</strong></span> <span class='ocrx_word' id='word_1_822' title='bbox 915 5345 1186 5421; x_wconf 55' lang='lat' dir='ltr'><strong>essentiq._</strong></span> <span class='ocrx_word' id='word_1_823' title='bbox 1231 5345 1304 5421; x_wconf 73' lang='lat' dir='ltr'><strong>‘_A</strong></span> <span class='ocrx_word' id='word_1_824' title='bbox 1333 5349 1400 5421; x_wconf 66' lang='lat' dir='ltr'><strong>ad</strong></span> <span class='ocrx_word' id='word_1_825' title='bbox 1426 5344 1490 5421; x_wconf 56' lang='lat' dir='ltr'><strong>es</strong></span> <span class='ocrx_word' id='word_1_826' title='bbox 1519 5346 1836 5421; x_wconf 63' lang='lat' dir='ltr'><strong>substantia.</strong></span> <span class='ocrx_word' id='word_1_827' title='bbox 1909 5346 2030 5421; x_wconf 52' lang='lat' dir='ltr'><strong>{est</strong></span> <span class='ocrx_word' id='word_1_828' title='bbox 2054 5345 2251 5421; x_wconf 54' lang='lat' dir='ltr'><strong>0&#39;th</strong></span> <span class='ocrx_word' id='word_1_829' title='bbox 2332 5346 2355 5378; x_wconf 76' lang='grc'><strong>⁸</strong></span> <span class='ocrx_word' id='word_1_830' title='bbox 2384 5334 2425 5402; x_wconf 85' lang='lat' dir='ltr'><strong>C</strong></span> <span class='ocrx_word' id='word_1_831' title='bbox 2451 5342 2676 5421; x_wconf 72' lang='lat' dir='ltr'><strong>Sanctus</strong></span> <span class='ocrx_word' id='word_1_832' title='bbox 2701 5348 2928 5421; x_wconf 67' lang='lat' dir='ltr'><strong>quidem.</strong></span> <span class='ocrx_word' id='word_1_833' title='bbox 3006 5337 3095 5421; x_wconf 41' lang='grc' dir='ltr'><strong>(Α</strong></span> <span class='ocrx_word' id='word_1_834' title='bbox 3125 5344 3269 5409; x_wconf 74' lang='lat' dir='ltr'><strong>dicit.</strong></span> <span class='ocrx_word' id='word_1_835' title='bbox 3342 5352 3365 5385; x_wconf 79' lang='grc'><strong><em>⁸</em></strong></span> <span class='ocrx_word' id='word_1_836' title='bbox 3394 5353 3482 5409; x_wconf 86' lang='lat' dir='ltr'><strong>Sic</strong></span> <span class='ocrx_word' id='word_1_837' title='bbox 3505 5355 3578 5419; x_wconf 85' lang='lat' dir='ltr'><strong>C;</strong></span> 
     </span>
    </p>
   </div>
   <div class='ocr_carea' id='block_1_110' title="bbox 317 5398 3087 5490">
    <p class='ocr_par' dir='ltr' id='par_1_110' title="bbox 317 5398 3087 5490">
     <span class='ocr_line' id='line_1_110' title="bbox 317 5398 3087 5490; baseline 0.006 -34"><span class='ocrx_word' id='word_1_838' title='bbox 317 5398 357 5490; x_wconf 57' lang='grc' dir='ltr'><strong>Α</strong></span> <span class='ocrx_word' id='word_1_839' title='bbox 391 5407 615 5490; x_wconf 45' lang='grc' dir='ltr'><strong>ᾱηόᾳίείν..</strong></span> <span class='ocrx_word' id='word_1_840' title='bbox 668 5408 686 5438; x_wconf 88' lang='lat'><strong>&#39;</strong></span> <span class='ocrx_word' id='word_1_841' title='bbox 721 5411 811 5464; x_wconf 53' lang='lat' dir='ltr'><strong>hic</strong></span> <span class='ocrx_word' id='word_1_842' title='bbox 972 5410 1013 5465; x_wconf 76' lang='grc' dir='ltr'><strong>Α</strong></span> <span class='ocrx_word' id='word_1_843' title='bbox 1044 5416 1299 5490; x_wconf 63' lang='lat' dir='ltr'><strong>subsistit.</strong></span> <span class='ocrx_word' id='word_1_844' title='bbox 1374 5417 1395 5443; x_wconf 78' lang='lat'><strong>&quot;</strong></span> <span class='ocrx_word' id='word_1_845' title='bbox 1425 5398 1639 5490; x_wconf 29' lang='lat' dir='ltr'><strong>Sic—0;-</strong></span> 
     </span>
    </p>
   </div>
   <div class='ocr_carea' id='block_1_111' title="bbox 1264 5486 2989 5562">
    <p class='ocr_par' dir='ltr' id='par_1_111' title="bbox 1264 5486 2989 5562">
     <span class='ocr_line' id='line_1_111' title="bbox 1264 5486 2989 5562; baseline 0.004 -25"><span class='ocrx_word' id='word_1_846' title='bbox 1264 5486 1304 5516; x_wconf 79' lang='lat'>“</span> <span class='ocrx_word' id='word_1_847' title='bbox 1335 5495 1393 5562; x_wconf 81' lang='lat' dir='ltr'><strong>e_t_</strong></span> <span class='ocrx_word' id='word_1_848' title='bbox 1412 5486 1568 5562; x_wconf 74' lang='lat' dir='ltr'><strong>altius</strong></span> <span class='ocrx_word' id='word_1_849' title='bbox 1618 5503 1679 5562; x_wconf 37' lang='lat' dir='ltr'><strong>a‘c</strong></span> <span class='ocrx_word' id='word_1_850' title='bbox 1731 5486 2374 5562; x_wconf 46' lang='lat' dir='ltr'><strong>veriusjntgfligu_nJurf-g</strong></span> <span class='ocrx_word' id='word_1_851' title='bbox 2396 5486 2765 5562; x_wconf 63' lang='lat' dir='ltr'><strong>intelliguntur</strong></span> <span class='ocrx_word' id='word_1_852' title='bbox 2786 5506 2895 5545; x_wconf 92' lang='lat' dir='ltr'><strong>om.</strong></span> <span class='ocrx_word' id='word_1_853' title='bbox 2926 5489 2989 5545; x_wconf 89' lang='lat' dir='ltr'><strong>C.</strong></span> 
     </span>
    </p>
   </div>
   <div class='ocr_carea' id='block_1_112' title="bbox 316 5476 1180 5547">
    <p class='ocr_par' dir='ltr' id='par_1_112' title="bbox 316 5476 1180 5547">
     <span class='ocr_line' id='line_1_112' title="bbox 316 5476 1180 5547; baseline 0.013 -23"><span class='ocrx_word' id='word_1_854' title='bbox 316 5476 495 5529; x_wconf 62' lang='lat' dir='ltr'><strong>misti,</strong></span> <span class='ocrx_word' id='word_1_855' title='bbox 532 5480 615 5528; x_wconf 68' lang='grc' dir='ltr'><strong>ιρι(</strong></span> <span class='ocrx_word' id='word_1_856' title='bbox 637 5496 703 5531; x_wconf 76' lang='lat' dir='ltr'><strong>er</strong></span> <span class='ocrx_word' id='word_1_857' title='bbox 726 5484 937 5547; x_wconf 70' lang='lat' dir='ltr'><strong>propria</strong></span> <span class='ocrx_word' id='word_1_858' title='bbox 966 5495 1180 5537; x_wconf 77' lang='lat' dir='ltr'><strong>natura.</strong></span> 
     </span>
    </p>
   </div>
   <div class='ocr_carea' id='block_1_113' title="bbox 312 5548 1277 5623">
    <p class='ocr_par' dir='ltr' id='par_1_113' title="bbox 312 5548 1277 5623">
     <span class='ocr_line' id='line_1_113' title="bbox 312 5548 1277 5623; baseline 0.009 -27"><span class='ocrx_word' id='word_1_859' title='bbox 312 5548 354 5596; x_wconf 81' lang='grc' dir='ltr'><strong>Α</strong></span> <span class='ocrx_word' id='word_1_860' title='bbox 396 5559 588 5597; x_wconf 69' lang='lat' dir='ltr'><strong>sartae</strong></span> <span class='ocrx_word' id='word_1_861' title='bbox 612 5552 879 5604; x_wconf 62' lang='lat' dir='ltr'><strong>trinitatis.</strong></span> <span class='ocrx_word' id='word_1_862' title='bbox 962 5552 1001 5583; x_wconf 83' lang='grc'><strong>¹³</strong></span> <span class='ocrx_word' id='word_1_863' title='bbox 1031 5554 1091 5623; x_wconf 50' lang='grc' dir='ltr'><strong>Α,</strong></span> <span class='ocrx_word' id='word_1_864' title='bbox 1120 5552 1277 5608; x_wconf 73' lang='lat' dir='ltr'><strong>labet.</strong></span> 
     </span>
    </p>
   </div>
   <div class='ocr_carea' id='block_1_114' title="bbox 308 5623 557 5665">
    <p class='ocr_par' dir='ltr' id='par_1_114' title="bbox 308 5623 557 5665">
     <span class='ocr_line' id='line_1_114' title="bbox 308 5623 557 5665; baseline -0.004 0"><span class='ocrx_word' id='word_1_865' title='bbox 308 5623 557 5665; x_wconf 66' lang='lat' dir='ltr'><strong>tuantur.</strong></span> 
     </span>
    </p>
   </div>
   <div class='ocr_carea' id='block_1_115' title="bbox 1360 5550 2647 5625">
    <p class='ocr_par' dir='ltr' id='par_1_115' title="bbox 1360 5550 2647 5625">
     <span class='ocr_line' id='line_1_115' title="bbox 1360 5550 2647 5625; baseline 0.005 -17"><span class='ocrx_word' id='word_1_866' title='bbox 1360 5555 1403 5586; x_wconf 73' lang='lat'>“</span> <span class='ocrx_word' id='word_1_867' title='bbox 1435 5558 1473 5609; x_wconf 78' lang='grc' dir='ltr'><strong>Δ</strong></span> <span class='ocrx_word' id='word_1_868' title='bbox 1534 5556 1815 5625; x_wconf 70' lang='lat' dir='ltr'><strong>conformo.</strong></span> <span class='ocrx_word' id='word_1_869' title='bbox 1895 5555 1942 5594; x_wconf 77' lang='grc'><strong>⁸³</strong></span> <span class='ocrx_word' id='word_1_870' title='bbox 1995 5550 2214 5625; x_wconf 59' lang='grc' dir='ltr'><strong>δὶο⁷ει</strong></span> <span class='ocrx_word' id='word_1_871' title='bbox 2268 5550 2647 5615; x_wconf 65' lang='grc' dir='ltr'><strong>Α’ἰηδὶκιιᾰῆι.</strong></span> 
     </span>
    </p>
   </div>
   <div class='ocr_carea' id='block_1_116' title="bbox 3164 5420 3580 5493">
    <p class='ocr_par' dir='ltr' id='par_1_116' title="bbox 3164 5420 3580 5493">
     <span class='ocr_line' id='line_1_116' title="bbox 3164 5420 3580 5493; baseline 0.014 -18"><span class='ocrx_word' id='word_1_872' title='bbox 3164 5420 3421 5489; x_wconf 65' lang='lat' dir='ltr'><strong>&quot;natura</strong></span> <span class='ocrx_word' id='word_1_873' title='bbox 3439 5424 3580 5493; x_wconf 71' lang='lat' dir='ltr'><strong>ﬁlios</strong></span> 
     </span>
    </p>
   </div>
   <div class='ocr_carea' id='block_1_117' title="bbox 3068 5490 3582 5549">
    <p class='ocr_par' dir='ltr' id='par_1_117' title="bbox 3068 5490 3582 5549">
     <span class='ocr_line' id='line_1_117' title="bbox 3068 5490 3582 5549; baseline 0.004 -2"><span class='ocrx_word' id='word_1_874' title='bbox 3068 5490 3113 5523; x_wconf 78' lang='lat'><strong><em>“</em></strong></span> <span class='ocrx_word' id='word_1_875' title='bbox 3140 5490 3349 5548; x_wconf 74' lang='lat' dir='ltr'><strong>Proseu</strong></span> <span class='ocrx_word' id='word_1_876' title='bbox 3373 5490 3582 5549; x_wconf 65' lang='lat' dir='ltr'><strong>trinitas</strong></span> 
     </span>
    </p>
   </div>
   <div class='ocr_carea' id='block_1_118' title="bbox 3328 5562 3568 5635">
    <p class='ocr_par' dir='ltr' id='par_1_118' title="bbox 3328 5562 3568 5635">
     <span class='ocr_line' id='line_1_118' title="bbox 3328 5562 3568 5635; baseline -0.004 -38"><span class='ocrx_word' id='word_1_877' title='bbox 3328 5562 3568 5635; x_wconf 59' lang='grc' dir='ltr'><strong>πρίω,</strong></span> 
     </span>
    </p>
   </div>
   <div class='ocr_carea' id='block_1_119' title="bbox 2728 5554 3246 5620">
    <p class='ocr_par' dir='ltr' id='par_1_119' title="bbox 2728 5554 3246 5620">
     <span class='ocr_line' id='line_1_119' title="bbox 2728 5554 3246 5620; baseline 0.01 -8"><span class='ocrx_word' id='word_1_878' title='bbox 2728 5554 2770 5591; x_wconf 81' lang='grc'><strong>¹⁸</strong></span> <span class='ocrx_word' id='word_1_879' title='bbox 2813 5576 2990 5620; x_wconf 63' lang='lat' dir='ltr'><strong>comm</strong></span> <span class='ocrx_word' id='word_1_880' title='bbox 3028 5575 3137 5616; x_wconf 92' lang='lat' dir='ltr'><strong>om.</strong></span> <span class='ocrx_word' id='word_1_881' title='bbox 3184 5561 3246 5619; x_wconf 72' lang='lat' dir='ltr'><strong>Cl.</strong></span> 
     </span>
    </p>
   </div>
  </div>
