  <div class='ocr_page' id='page_1' title='image "/cluster/home/n/w/nwhite01/storage/ocr_20150623/122/hvd.32044054759840/345.png"; bbox 0 0 3912 6154; ppageno 0'>
   <div class='ocr_carea' id='block_1_1' title="bbox 1644 313 2157 377">
    <p class='ocr_par' dir='ltr' id='par_1_1' title="bbox 1644 313 2157 377">
     <span class='ocr_line' id='line_1_1' title="bbox 1644 313 2157 377; baseline -0.002 -2"><span class='ocrx_word' id='word_1_1' title='bbox 1644 314 1923 377; x_wconf 71' lang='lat' dir='ltr'><strong>JOANMS</strong></span> <span class='ocrx_word' id='word_1_2' title='bbox 1960 313 2157 376; x_wconf 65' lang='lat' dir='ltr'><strong>5C0“</strong></span> 
     </span>
    </p>
   </div>
   <div class='ocr_carea' id='block_1_2' title="bbox 3473 309 3576 365">
    <p class='ocr_par' dir='ltr' id='par_1_2' title="bbox 3473 309 3576 365">
     <span class='ocr_line' id='line_1_2' title="bbox 3473 309 3576 365; baseline -0.01 0"><span class='ocrx_word' id='word_1_3' title='bbox 3473 309 3576 365; x_wconf 70' lang='lat'><strong>626</strong></span> 
     </span>
    </p>
   </div>
   <div class='ocr_carea' id='block_1_3' title="bbox 315 414 3577 523">
    <p class='ocr_par' dir='ltr' id='par_1_3' title="bbox 315 414 3577 523">
     <span class='ocr_line' id='line_1_3' title="bbox 315 414 3577 523; baseline -0.01 -17"><span class='ocrx_word' id='word_1_4' title='bbox 315 448 587 523; x_wconf 87' lang='lat' dir='ltr'><strong>quomodo</strong></span> <span class='ocrx_word' id='word_1_5' title='bbox 628 457 812 502; x_wconf 76' lang='lat' dir='ltr'><strong>sancta</strong></span> <span class='ocrx_word' id='word_1_6' title='bbox 862 443 1073 498; x_wconf 81' lang='lat' dir='ltr'><strong>trinitas</strong></span> <span class='ocrx_word' id='word_1_7' title='bbox 1112 448 1169 495; x_wconf 84' lang='lat' dir='ltr'><strong>et</strong></span> <span class='ocrx_word' id='word_1_8' title='bbox 1216 437 1588 509; x_wconf 84' lang='lat' dir='ltr'><strong>inseparabilis</strong></span> <span class='ocrx_word' id='word_1_9' title='bbox 1633 437 1813 491; x_wconf 87' lang='lat' dir='ltr'><strong>unitas</strong></span> <span class='ocrx_word' id='word_1_10' title='bbox 1860 450 1889 488; x_wconf 85' lang='lat' dir='ltr'><strong>a</strong></span> <span class='ocrx_word' id='word_1_11' title='bbox 1922 442 1966 498; x_wconf 74' lang='grc' dir='ltr'><strong>Α</strong></span> <span class='ocrx_word' id='word_1_12' title='bbox 1998 431 2222 486; x_wconf 79' lang='lat' dir='ltr'><strong>visibilis</strong></span> <span class='ocrx_word' id='word_1_13' title='bbox 2267 438 2322 483; x_wconf 91' lang='lat' dir='ltr'><strong>et</strong></span> <span class='ocrx_word' id='word_1_14' title='bbox 2357 427 2636 483; x_wconf 84' lang='lat' dir='ltr'><strong>invisibilis</strong></span> <span class='ocrx_word' id='word_1_15' title='bbox 2681 425 2913 480; x_wconf 82' lang='lat' dir='ltr'><strong>mundus</strong></span> <span class='ocrx_word' id='word_1_16' title='bbox 2948 414 3212 479; x_wconf 66' lang='lat' dir='ltr'><strong>formatur</strong></span> <span class='ocrx_word' id='word_1_17' title='bbox 3255 433 3310 477; x_wconf 84' lang='lat' dir='ltr'><strong>et</strong></span> <span class='ocrx_word' id='word_1_18' title='bbox 3353 427 3577 492; x_wconf 59' lang='lat' dir='ltr'><strong>regina.</strong></span> 
     </span>
    </p>
   </div>
   <div class='ocr_carea' id='block_1_4' title="bbox 318 529 1899 608">
    <p class='ocr_par' dir='ltr' id='par_1_4' title="bbox 318 529 1899 608">
     <span class='ocr_line' id='line_1_4' title="bbox 318 529 1899 608; baseline -0.012 -9"><span class='ocrx_word' id='word_1_19' title='bbox 318 556 529 599; x_wconf 83' lang='lat' dir='ltr'><strong>summo</strong></span> <span class='ocrx_word' id='word_1_20' title='bbox 565 553 732 608; x_wconf 88' lang='lat' dir='ltr'><strong>usque</strong></span> <span class='ocrx_word' id='word_1_21' title='bbox 763 538 1011 591; x_wconf 88' lang='lat' dir='ltr'><strong>deorsum</strong></span> <span class='ocrx_word' id='word_1_22' title='bbox 1051 548 1148 602; x_wconf 87' lang='lat' dir='ltr'><strong>per</strong></span> <span class='ocrx_word' id='word_1_23' title='bbox 1186 531 1363 586; x_wconf 82' lang='lat' dir='ltr'><strong>omnia</strong></span> <span class='ocrx_word' id='word_1_24' title='bbox 1402 529 1717 584; x_wconf 76' lang='lat' dir='ltr'><strong>diﬂnnditur</strong></span> <span class='ocrx_word' id='word_1_25' title='bbox 1745 531 1785 591; x_wconf 77' lang='grc'><strong>⁸,</strong></span> <span class='ocrx_word' id='word_1_26' title='bbox 1840 537 1899 581; x_wconf 76' lang='lat' dir='ltr'><strong>et</strong></span> 
     </span>
    </p>
   </div>
   <div class='ocr_carea' id='block_1_5' title="bbox 318 619 1894 703">
    <p class='ocr_par' dir='ltr' id='par_1_5' title="bbox 318 619 1894 703">
     <span class='ocr_line' id='line_1_5' title="bbox 318 619 1894 703; baseline -0.01 -16"><span class='ocrx_word' id='word_1_27' title='bbox 318 648 425 703; x_wconf 88' lang='lat' dir='ltr'><strong>quo</strong></span> <span class='ocrx_word' id='word_1_28' title='bbox 456 631 612 685; x_wconf 84' lang='lat' dir='ltr'><strong>modo</strong></span> <span class='ocrx_word' id='word_1_29' title='bbox 640 642 853 681; x_wconf 84' lang='lat' dir='ltr'><strong>onmem</strong></span> <span class='ocrx_word' id='word_1_30' title='bbox 897 632 1114 693; x_wconf 88' lang='lat' dir='ltr'><strong>superat</strong></span> <span class='ocrx_word' id='word_1_31' title='bbox 1157 621 1506 685; x_wconf 85' lang='lat' dir='ltr'><strong>intellectum,</strong></span> <span class='ocrx_word' id='word_1_32' title='bbox 1539 631 1592 675; x_wconf 90' lang='lat' dir='ltr'><strong>et</strong></span> <span class='ocrx_word' id='word_1_33' title='bbox 1633 619 1700 673; x_wconf 87' lang='lat' dir='ltr'><strong>ab</strong></span> <span class='ocrx_word' id='word_1_34' title='bbox 1746 619 1894 674; x_wconf 89' lang='lat' dir='ltr'><strong>omni</strong></span> 
     </span>
    </p>
   </div>
   <div class='ocr_carea' id='block_1_6' title="bbox 310 710 1895 779">
    <p class='ocr_par' dir='ltr' id='par_1_6' title="bbox 310 710 1895 779">
     <span class='ocr_line' id='line_1_6' title="bbox 310 710 1895 779; baseline -0.01 -2"><span class='ocrx_word' id='word_1_35' title='bbox 310 723 387 779; x_wconf 84' lang='lat' dir='ltr'><strong>sit</strong></span> <span class='ocrx_word' id='word_1_36' title='bbox 413 725 698 776; x_wconf 84' lang='lat' dir='ltr'><strong>&#39;creatura</strong></span> <span class='ocrx_word' id='word_1_37' title='bbox 725 716 918 771; x_wconf 83' lang='lat' dir='ltr'><strong>visibili</strong></span> <span class='ocrx_word' id='word_1_38' title='bbox 966 723 1021 769; x_wconf 91' lang='lat' dir='ltr'><strong>et</strong></span> <span class='ocrx_word' id='word_1_39' title='bbox 1059 713 1310 768; x_wconf 81' lang='lat' dir='ltr'><strong>invisibili</strong></span> <span class='ocrx_word' id='word_1_40' title='bbox 1345 713 1397 765; x_wconf 91' lang='lat' dir='ltr'><strong>in</strong></span> <span class='ocrx_word' id='word_1_41' title='bbox 1445 710 1704 764; x_wconf 74' lang='lat' dir='ltr'><strong>infinitam</strong></span> <span class='ocrx_word' id='word_1_42' title='bbox 1749 710 1769 741; x_wconf 81' lang='grc'>⁸</span> <span class='ocrx_word' id='word_1_43' title='bbox 1801 725 1895 763; x_wconf 83' lang='lat' dir='ltr'><strong>na-</strong></span> 
     </span>
    </p>
   </div>
   <div class='ocr_carea' id='block_1_7' title="bbox 326 798 1897 868">
    <p class='ocr_par' dir='ltr' id='par_1_7' title="bbox 326 798 1897 868">
     <span class='ocr_line' id='line_1_7' title="bbox 326 798 1897 868; baseline -0.01 -1"><span class='ocrx_word' id='word_1_44' title='bbox 326 818 476 868; x_wconf 89' lang='lat' dir='ltr'><strong>turae</strong></span> <span class='ocrx_word' id='word_1_45' title='bbox 505 822 632 863; x_wconf 86' lang='lat' dir='ltr'><strong>suae</strong></span> <span class='ocrx_word' id='word_1_46' title='bbox 663 806 999 861; x_wconf 90' lang='lat' dir='ltr'><strong>altitudinem</strong></span> <span class='ocrx_word' id='word_1_47' title='bbox 1031 813 1256 858; x_wconf 88' lang='lat' dir='ltr'><strong>remota.</strong></span> <span class='ocrx_word' id='word_1_48' title='bbox 1296 798 1671 855; x_wconf 74' lang='lat' dir='ltr'><strong>Verumtamen</strong></span> <span class='ocrx_word' id='word_1_49' title='bbox 1712 808 1765 853; x_wconf 87' lang='lat' dir='ltr'><strong>et</strong></span> <span class='ocrx_word' id='word_1_50' title='bbox 1798 799 1897 853; x_wconf 80' lang='lat' dir='ltr'><strong>lto-</strong></span> 
     </span>
    </p>
   </div>
   <div class='ocr_carea' id='block_1_8' title="bbox 320 891 1893 967">
    <p class='ocr_par' dir='ltr' id='par_1_8' title="bbox 320 891 1893 967">
     <span class='ocr_line' id='line_1_8' title="bbox 320 891 1893 967; baseline -0.009 -11"><span class='ocrx_word' id='word_1_51' title='bbox 320 902 491 957; x_wconf 89' lang='lat' dir='ltr'><strong>mines</strong></span> <span class='ocrx_word' id='word_1_52' title='bbox 545 896 665 967; x_wconf 89' lang='lat' dir='ltr'><strong>puri</strong></span> <span class='ocrx_word' id='word_1_53' title='bbox 717 904 772 950; x_wconf 89' lang='lat' dir='ltr'><strong>et</strong></span> <span class='ocrx_word' id='word_1_54' title='bbox 816 893 991 965; x_wconf 78' lang='lat' dir='ltr'><strong>angeli</strong></span> <span class='ocrx_word' id='word_1_55' title='bbox 1043 906 1259 962; x_wconf 85' lang='lat' dir='ltr'><strong>semper</strong></span> <span class='ocrx_word' id='word_1_56' title='bbox 1298 899 1354 945; x_wconf 93' lang='lat' dir='ltr'><strong>et</strong></span> <span class='ocrx_word' id='word_1_57' title='bbox 1393 891 1723 943; x_wconf 85' lang='lat' dir='ltr'><strong>incessanter</strong></span> <span class='ocrx_word' id='word_1_58' title='bbox 1774 902 1893 942; x_wconf 82' lang='lat' dir='ltr'><strong>eam</strong></span> 
     </span>
    </p>
   </div>
   <div class='ocr_carea' id='block_1_9' title="bbox 314 980 1895 1059">
    <p class='ocr_par' dir='ltr' id='par_1_9' title="bbox 314 980 1895 1059">
     <span class='ocr_line' id='line_1_9' title="bbox 314 980 1895 1059; baseline -0.01 -12"><span class='ocrx_word' id='word_1_59' title='bbox 314 988 631 1059; x_wconf 69' lang='lat' dir='ltr'><strong>Conspicere</strong></span> <span class='ocrx_word' id='word_1_60' title='bbox 669 994 957 1055; x_wconf 84' lang='lat' dir='ltr'><strong>appetunt,</strong></span> <span class='ocrx_word' id='word_1_61' title='bbox 1007 984 1149 1053; x_wconf 88' lang='lat' dir='ltr'><strong>quod</strong></span> <span class='ocrx_word' id='word_1_62' title='bbox 1212 981 1235 1013; x_wconf 73' lang='lat'><strong>‘</strong></span> <span class='ocrx_word' id='word_1_63' title='bbox 1276 980 1626 1049; x_wconf 86' lang='lat' dir='ltr'><strong>contemplari</strong></span> <span class='ocrx_word' id='word_1_64' title='bbox 1672 995 1765 1048; x_wconf 87' lang='lat' dir='ltr'><strong>per</strong></span> <span class='ocrx_word' id='word_1_65' title='bbox 1809 993 1895 1032; x_wconf 83' lang='lat' dir='ltr'><strong>se-</strong></span> 
     </span>
    </p>
   </div>
   <div class='ocr_carea' id='block_1_10' title="bbox 316 1070 1890 1153">
    <p class='ocr_par' dir='ltr' id='par_1_10' title="bbox 316 1070 1890 1153">
     <span class='ocr_line' id='line_1_10' title="bbox 316 1070 1890 1153; baseline -0.011 -16"><span class='ocrx_word' id='word_1_66' title='bbox 316 1084 489 1153; x_wconf 87' lang='lat' dir='ltr'><strong>ipsnm</strong></span> <span class='ocrx_word' id='word_1_67' title='bbox 541 1080 562 1112; x_wconf 87' lang='grc'>⁸</span> <span class='ocrx_word' id='word_1_68' title='bbox 612 1084 906 1147; x_wconf 90' lang='lat' dir='ltr'><strong>nequeunt,</strong></span> <span class='ocrx_word' id='word_1_69' title='bbox 954 1084 1011 1130; x_wconf 88' lang='lat' dir='ltr'><strong>et</strong></span> <span class='ocrx_word' id='word_1_70' title='bbox 1055 1075 1159 1129; x_wconf 81' lang='lat' dir='ltr'><strong>hoc</strong></span> <span class='ocrx_word' id='word_1_71' title='bbox 1194 1087 1289 1143; x_wconf 88' lang='lat' dir='ltr'><strong>per</strong></span> <span class='ocrx_word' id='word_1_72' title='bbox 1338 1073 1635 1126; x_wconf 85' lang='lat' dir='ltr'><strong>mediarum</strong></span> <span class='ocrx_word' id='word_1_73' title='bbox 1685 1070 1890 1123; x_wconf 87' lang='lat' dir='ltr'><strong>alarum</strong></span> 
     </span>
    </p>
   </div>
   <div class='ocr_carea' id='block_1_11' title="bbox 313 1157 1892 1237">
    <p class='ocr_par' dir='ltr' id='par_1_11' title="bbox 313 1157 1892 1237">
     <span class='ocr_line' id='line_1_11' title="bbox 313 1157 1892 1237; baseline -0.008 -14"><span class='ocrx_word' id='word_1_74' title='bbox 313 1171 547 1225; x_wconf 88' lang='lat' dir='ltr'><strong>volatum</strong></span> <span class='ocrx_word' id='word_1_75' title='bbox 574 1166 926 1237; x_wconf 78' lang='lat' dir='ltr'><strong>signiﬁcatur.</strong></span> <span class='ocrx_word' id='word_1_76' title='bbox 966 1161 1102 1218; x_wconf 88' lang='lat' dir='ltr'><strong>llinc</strong></span> <span class='ocrx_word' id='word_1_77' title='bbox 1131 1161 1408 1229; x_wconf 72' lang='lat' dir='ltr'><strong>Scriptura</strong></span> <span class='ocrx_word' id='word_1_78' title='bbox 1441 1159 1570 1213; x_wconf 87' lang='lat' dir='ltr'><strong>dicit</strong></span> <span class='ocrx_word' id='word_1_79' title='bbox 1598 1177 1610 1210; x_wconf 88' lang='lat'><strong>:</strong></span> <span class='ocrx_word' id='word_1_80' title='bbox 1642 1157 1707 1212; x_wconf 85' lang='lat' dir='ltr'><strong>In</strong></span> <span class='ocrx_word' id='word_1_81' title='bbox 1742 1173 1892 1229; x_wconf 86' lang='lat' dir='ltr'><strong>quem</strong></span> 
     </span>
    </p>
   </div>
   <div class='ocr_carea' id='block_1_12' title="bbox 313 1248 1892 1329">
    <p class='ocr_par' dir='ltr' id='par_1_12' title="bbox 313 1248 1892 1329">
     <span class='ocr_line' id='line_1_12' title="bbox 313 1248 1892 1329; baseline -0.008 -16"><span class='ocrx_word' id='word_1_82' title='bbox 313 1259 682 1329; x_wconf 82' lang='lat' dir='ltr'><strong>concupiscunt</strong></span> <span class='ocrx_word' id='word_1_83' title='bbox 729 1254 751 1285; x_wconf 80' lang='grc'>⁸</span> <span class='ocrx_word' id='word_1_84' title='bbox 775 1253 945 1323; x_wconf 80' lang='lat' dir='ltr'><strong>angeli</strong></span> <span class='ocrx_word' id='word_1_85' title='bbox 974 1254 1283 1322; x_wconf 72' lang='lat' dir='ltr'><strong>prospicere.</strong></span> <span class='ocrx_word' id='word_1_86' title='bbox 1312 1251 1405 1305; x_wconf 80' lang='lat' dir='ltr'><strong>Est</strong></span> <span class='ocrx_word' id='word_1_87' title='bbox 1433 1250 1576 1303; x_wconf 80' lang='lat' dir='ltr'><strong>enim</strong></span> <span class='ocrx_word' id='word_1_88' title='bbox 1603 1248 1892 1309; x_wconf 87' lang='lat' dir='ltr'><strong>inliuitum,</strong></span> 
     </span>
    </p>
   </div>
   <div class='ocr_carea' id='block_1_13' title="bbox 314 1337 1891 1417">
    <p class='ocr_par' dir='ltr' id='par_1_13' title="bbox 314 1337 1891 1417">
     <span class='ocr_line' id='line_1_13' title="bbox 314 1337 1891 1417; baseline -0.007 -16"><span class='ocrx_word' id='word_1_89' title='bbox 314 1348 453 1417; x_wconf 86' lang='lat' dir='ltr'><strong>quod</strong></span> <span class='ocrx_word' id='word_1_90' title='bbox 468 1345 778 1416; x_wconf 81' lang='lat' dir='ltr'><strong>quaerunt&#39;,</strong></span> <span class='ocrx_word' id='word_1_91' title='bbox 794 1354 846 1398; x_wconf 86' lang='lat' dir='ltr'><strong>et</strong></span> <span class='ocrx_word' id='word_1_92' title='bbox 861 1341 1417 1411; x_wconf 80' lang='lat' dir='ltr'><strong>incomprelieusibile,</strong></span> <span class='ocrx_word' id='word_1_93' title='bbox 1434 1339 1573 1409; x_wconf 87' lang='lat' dir='ltr'><strong>quod</strong></span> <span class='ocrx_word' id='word_1_94' title='bbox 1590 1337 1891 1409; x_wconf 63' lang='lat' dir='ltr'><strong>appetunt“,</strong></span> 
     </span>
    </p>
   </div>
   <div class='ocr_carea' id='block_1_14' title="bbox 310 1429 1889 1511">
    <p class='ocr_par' dir='ltr' id='par_1_14' title="bbox 310 1429 1889 1511">
     <span class='ocr_line' id='line_1_14' title="bbox 310 1429 1889 1511; baseline -0.009 -15"><span class='ocrx_word' id='word_1_95' title='bbox 310 1451 368 1497; x_wconf 88' lang='lat' dir='ltr'><strong>et</strong></span> <span class='ocrx_word' id='word_1_96' title='bbox 391 1455 552 1511; x_wconf 83' lang='lat' dir='ltr'><strong>super</strong></span> <span class='ocrx_word' id='word_1_97' title='bbox 575 1439 597 1470; x_wconf 78' lang='lat'><strong>’</strong></span> <span class='ocrx_word' id='word_1_98' title='bbox 613 1454 825 1493; x_wconf 89' lang='lat' dir='ltr'><strong>omnem</strong></span> <span class='ocrx_word' id='word_1_99' title='bbox 851 1434 1209 1498; x_wconf 85' lang='lat' dir='ltr'><strong>intellectum,</strong></span> <span class='ocrx_word' id='word_1_100' title='bbox 1233 1435 1374 1503; x_wconf 89' lang='lat' dir='ltr'><strong>quod</strong></span> <span class='ocrx_word' id='word_1_101' title='bbox 1401 1432 1786 1501; x_wconf 86' lang='lat' dir='ltr'><strong>concupiscunt</strong></span> <span class='ocrx_word' id='word_1_102' title='bbox 1817 1429 1858 1461; x_wconf 80' lang='grc'><strong>¹⁰</strong></span> <span class='ocrx_word' id='word_1_103' title='bbox 1875 1471 1889 1496; x_wconf 89' lang='grc'><em>,</em></span> 
     </span>
    </p>
   </div>
   <div class='ocr_carea' id='block_1_15' title="bbox 313 1522 1893 1585">
    <p class='ocr_par' dir='ltr' id='par_1_15' title="bbox 313 1522 1893 1585">
     <span class='ocr_line' id='line_1_15' title="bbox 313 1522 1893 1585; baseline -0.008 0"><span class='ocrx_word' id='word_1_104' title='bbox 313 1540 367 1585; x_wconf 86' lang='lat' dir='ltr'><strong>et</strong></span> <span class='ocrx_word' id='word_1_105' title='bbox 381 1530 602 1585; x_wconf 83' lang='lat' dir='ltr'><strong>aboutui</strong></span> <span class='ocrx_word' id='word_1_106' title='bbox 622 1536 867 1582; x_wconf 78' lang='lat' dir='ltr'><strong>creatura</strong></span> <span class='ocrx_word' id='word_1_107' title='bbox 882 1525 1192 1580; x_wconf 83' lang='lat' dir='ltr'><strong>exaltatum.</strong></span> <span class='ocrx_word' id='word_1_108' title='bbox 1208 1523 1457 1577; x_wconf 83' lang='lat' dir='ltr'><strong>Attamen</strong></span> <span class='ocrx_word' id='word_1_109' title='bbox 1472 1522 1537 1576; x_wconf 87' lang='lat' dir='ltr'><strong>ad</strong></span> <span class='ocrx_word' id='word_1_110' title='bbox 1563 1523 1660 1574; x_wconf 82' lang='lat' dir='ltr'><strong>hoc</strong></span> <span class='ocrx_word' id='word_1_111' title='bbox 1683 1534 1893 1574; x_wconf 86' lang='lat' dir='ltr'><strong>summa</strong></span> 
     </span>
    </p>
   </div>
   <div class='ocr_carea' id='block_1_16' title="bbox 314 1611 1894 1688">
    <p class='ocr_par' dir='ltr' id='par_1_16' title="bbox 314 1611 1894 1688">
     <span class='ocr_line' id='line_1_16' title="bbox 314 1611 1894 1688; baseline -0.006 -14"><span class='ocrx_word' id='word_1_112' title='bbox 314 1630 476 1688; x_wconf 86' lang='lat' dir='ltr'><strong>atque</strong></span> <span class='ocrx_word' id='word_1_113' title='bbox 507 1620 685 1673; x_wconf 83' lang='lat' dir='ltr'><strong>divina</strong></span> <span class='ocrx_word' id='word_1_114' title='bbox 714 1618 892 1671; x_wconf 90' lang='lat' dir='ltr'><strong>unitas</strong></span> <span class='ocrx_word' id='word_1_115' title='bbox 915 1623 1091 1669; x_wconf 78' lang='lat' dir='ltr'><strong>movet</strong></span> <span class='ocrx_word' id='word_1_116' title='bbox 1120 1614 1352 1682; x_wconf 89' lang='lat' dir='ltr'><strong>seipsam</strong></span> <span class='ocrx_word' id='word_1_117' title='bbox 1379 1613 1432 1665; x_wconf 92' lang='lat' dir='ltr'><strong>in</strong></span> <span class='ocrx_word' id='word_1_118' title='bbox 1461 1615 1502 1649; x_wconf 70' lang='grc' dir='ltr'><strong><em>ιι</em></strong></span> <span class='ocrx_word' id='word_1_119' title='bbox 1533 1611 1894 1666; x_wconf 64' lang='lat' dir='ltr'><strong>intelleetluts</strong></span> 
     </span>
    </p>
   </div>
   <div class='ocr_carea' id='block_1_17' title="bbox 313 1691 1891 1782">
    <p class='ocr_par' dir='ltr' id='par_1_17' title="bbox 313 1691 1891 1782">
     <span class='ocr_line' id='line_1_17' title="bbox 313 1691 1891 1782; baseline -0.006 -17"><span class='ocrx_word' id='word_1_120' title='bbox 313 1711 570 1782; x_wconf 79' lang='lat' dir='ltr'><strong>angelicis</strong></span> <span class='ocrx_word' id='word_1_121' title='bbox 618 1724 710 1763; x_wconf 90' lang='lat' dir='ltr'><strong>seu</strong></span> <span class='ocrx_word' id='word_1_122' title='bbox 748 1707 1016 1768; x_wconf 86' lang='lat' dir='ltr'><strong>humanis,</strong></span> <span class='ocrx_word' id='word_1_123' title='bbox 1067 1713 1125 1758; x_wconf 88' lang='lat' dir='ltr'><strong>ut</strong></span> <span class='ocrx_word' id='word_1_124' title='bbox 1172 1705 1237 1757; x_wconf 92' lang='lat' dir='ltr'><strong>de</strong></span> <span class='ocrx_word' id='word_1_125' title='bbox 1273 1718 1336 1757; x_wconf 90' lang='lat' dir='ltr'><strong>ea</strong></span> <span class='ocrx_word' id='word_1_126' title='bbox 1387 1691 1668 1756; x_wconf 84' lang='lat' dir='ltr'><strong>materiam</strong></span> <span class='ocrx_word' id='word_1_127' title='bbox 1714 1700 1891 1755; x_wconf 81' lang='lat' dir='ltr'><strong>laudis</strong></span> 
     </span>
    </p>
   </div>
   <div class='ocr_carea' id='block_1_18' title="bbox 2002 513 3575 589">
    <p class='ocr_par' dir='ltr' id='par_1_18' title="bbox 2002 513 3575 589">
     <span class='ocr_line' id='line_1_18' title="bbox 2002 513 3575 589; baseline -0.007 -15"><span class='ocrx_word' id='word_1_128' title='bbox 2002 522 2020 574; x_wconf 81' lang='grc' dir='ltr'><strong>Ι</strong></span> <span class='ocrx_word' id='word_1_129' title='bbox 2046 525 2232 589; x_wconf 65' lang='lat' dir='ltr'><strong>fecique</strong></span> <span class='ocrx_word' id='word_1_130' title='bbox 2255 535 2284 572; x_wconf 78' lang='lat' dir='ltr'><strong>tt</strong></span> <span class='ocrx_word' id='word_1_131' title='bbox 2313 518 2641 574; x_wconf 83' lang='lat' dir='ltr'><strong>Graecorum</strong></span> <span class='ocrx_word' id='word_1_132' title='bbox 2691 515 3024 584; x_wconf 80' lang='lat' dir='ltr'><strong>sapientibus</strong></span> <span class='ocrx_word' id='word_1_133' title='bbox 3049 514 3365 586; x_wconf 74' lang='grc' dir='ltr'><strong>πρωτότυπα</strong></span> <span class='ocrx_word' id='word_1_134' title='bbox 3400 513 3575 581; x_wconf 74' lang='lat' dir='ltr'><strong>appri-</strong></span> 
     </span>
    </p>
   </div>
   <div class='ocr_carea' id='block_1_19' title="bbox 1999 607 3623 678">
    <p class='ocr_par' dir='ltr' id='par_1_19' title="bbox 1999 607 3623 678">
     <span class='ocr_line' id='line_1_19' title="bbox 1999 607 3623 678; baseline -0.002 -15"><span class='ocrx_word' id='word_1_135' title='bbox 1999 613 2098 665; x_wconf 86' lang='lat' dir='ltr'><strong>lari</strong></span> <span class='ocrx_word' id='word_1_136' title='bbox 2128 620 2439 665; x_wconf 87' lang='lat' dir='ltr'><strong>meruerunt</strong></span> <span class='ocrx_word' id='word_1_137' title='bbox 2461 650 2475 673; x_wconf 94' lang='lat'><strong>,</strong></span> <span class='ocrx_word' id='word_1_138' title='bbox 2508 610 2608 663; x_wconf 83' lang='lat' dir='ltr'><strong>hoc</strong></span> <span class='ocrx_word' id='word_1_139' title='bbox 2631 620 2711 663; x_wconf 84' lang='lat' dir='ltr'><strong>est</strong></span> <span class='ocrx_word' id='word_1_140' title='bbox 2730 651 2744 675; x_wconf 90' lang='lat'><strong>,</strong></span> <span class='ocrx_word' id='word_1_141' title='bbox 2774 607 3088 678; x_wconf 79' lang='lat' dir='ltr'><strong>principalia</strong></span> <span class='ocrx_word' id='word_1_142' title='bbox 3118 607 3363 675; x_wconf 70' lang='lat' dir='ltr'><strong>esetnpla</strong></span> <span class='ocrx_word' id='word_1_143' title='bbox 3387 646 3403 667; x_wconf 87' lang='lat'><strong>,</strong></span> <span class='ocrx_word' id='word_1_144' title='bbox 3438 620 3579 675; x_wconf 78' lang='lat' dir='ltr'><strong>quae</strong></span> <span class='ocrx_word' id='word_1_145' title='bbox 3620 618 3623 621; x_wconf 80' lang='lat'><em>‘</em></span> 
     </span>
    </p>
   </div>
   <div class='ocr_carea' id='block_1_20' title="bbox 2000 694 3578 767">
    <p class='ocr_par' dir='ltr' id='par_1_20' title="bbox 2000 694 3578 767">
     <span class='ocr_line' id='line_1_20' title="bbox 2000 694 3578 767; baseline -0.006 -13"><span class='ocrx_word' id='word_1_146' title='bbox 2000 699 2161 754; x_wconf 83' lang='lat' dir='ltr'><strong>Pater</strong></span> <span class='ocrx_word' id='word_1_147' title='bbox 2189 702 2238 754; x_wconf 90' lang='lat' dir='ltr'><strong>in</strong></span> <span class='ocrx_word' id='word_1_148' title='bbox 2269 700 2402 753; x_wconf 83' lang='lat' dir='ltr'><strong>Filio</strong></span> <span class='ocrx_word' id='word_1_149' title='bbox 2434 699 2581 761; x_wconf 80' lang='lat' dir='ltr'><strong>fecit,</strong></span> <span class='ocrx_word' id='word_1_150' title='bbox 2613 707 2666 751; x_wconf 79' lang='lat' dir='ltr'><strong>et</strong></span> <span class='ocrx_word' id='word_1_151' title='bbox 2689 712 2785 767; x_wconf 85' lang='lat' dir='ltr'><strong>per</strong></span> <span class='ocrx_word' id='word_1_152' title='bbox 2812 697 3072 766; x_wconf 85' lang='lat' dir='ltr'><strong>Spiritum</strong></span> <span class='ocrx_word' id='word_1_153' title='bbox 3095 709 3341 751; x_wconf 80' lang='lat' dir='ltr'><strong>sanctum</strong></span> <span class='ocrx_word' id='word_1_154' title='bbox 3372 696 3422 749; x_wconf 79' lang='lat' dir='ltr'><strong>in</strong></span> <span class='ocrx_word' id='word_1_155' title='bbox 3448 694 3578 750; x_wconf 62' lang='lat' dir='ltr'><strong>elle-</strong></span> 
     </span>
    </p>
   </div>
   <div class='ocr_carea' id='block_1_21' title="bbox 1998 787 3577 865">
    <p class='ocr_par' dir='ltr' id='par_1_21' title="bbox 1998 787 3577 865">
     <span class='ocr_line' id='line_1_21' title="bbox 1998 787 3577 865; baseline -0.004 -21"><span class='ocrx_word' id='word_1_156' title='bbox 1998 802 2119 845; x_wconf 86' lang='lat' dir='ltr'><strong>ctus</strong></span> <span class='ocrx_word' id='word_1_157' title='bbox 2141 806 2269 844; x_wconf 88' lang='lat' dir='ltr'><strong>suos</strong></span> <span class='ocrx_word' id='word_1_158' title='bbox 2294 790 2481 843; x_wconf 79' lang='lat' dir='ltr'><strong>dividit</strong></span> <span class='ocrx_word' id='word_1_159' title='bbox 2505 800 2664 857; x_wconf 86' lang='lat' dir='ltr'><strong>atque</strong></span> <span class='ocrx_word' id='word_1_160' title='bbox 2694 787 3031 856; x_wconf 76' lang='lat' dir='ltr'><strong>multiplicat.</strong></span> <span class='ocrx_word' id='word_1_161' title='bbox 3062 791 3422 865; x_wconf 74' lang='grc' dir='ltr'><strong>Προορίσμᾱτα</strong></span> <span class='ocrx_word' id='word_1_162' title='bbox 3444 800 3577 855; x_wconf 79' lang='lat' dir='ltr'><strong>quo-</strong></span> 
     </span>
    </p>
   </div>
   <div class='ocr_carea' id='block_1_22' title="bbox 1997 879 3607 952">
    <p class='ocr_par' dir='ltr' id='par_1_22' title="bbox 1997 879 3607 952">
     <span class='ocr_line' id='line_1_22' title="bbox 1997 879 3607 952; baseline -0.002 -18"><span class='ocrx_word' id='word_1_163' title='bbox 1997 900 2101 952; x_wconf 88' lang='lat' dir='ltr'><strong>que</strong></span> <span class='ocrx_word' id='word_1_164' title='bbox 2124 893 2385 938; x_wconf 81' lang='lat' dir='ltr'><strong>vocantur</strong></span> <span class='ocrx_word' id='word_1_165' title='bbox 2414 881 2480 946; x_wconf 63' lang='grc' dir='ltr'><strong>ν’,</strong></span> <span class='ocrx_word' id='word_1_166' title='bbox 2506 881 2557 935; x_wconf 89' lang='lat' dir='ltr'><strong>id</strong></span> <span class='ocrx_word' id='word_1_167' title='bbox 2583 889 2664 934; x_wconf 88' lang='lat' dir='ltr'><strong>est</strong></span> <span class='ocrx_word' id='word_1_168' title='bbox 2709 881 3258 949; x_wconf 78' lang='lat' dir='ltr'><strong>praedestinationes;</strong></span> <span class='ocrx_word' id='word_1_169' title='bbox 3291 880 3342 931; x_wconf 93' lang='lat' dir='ltr'><strong>in</strong></span> <span class='ocrx_word' id='word_1_170' title='bbox 3375 879 3504 948; x_wconf 88' lang='lat' dir='ltr'><strong>ipsis</strong></span> <span class='ocrx_word' id='word_1_171' title='bbox 3527 879 3581 918; x_wconf 71' lang='grc' dir='ltr'><strong>θ’</strong></span> <span class='ocrx_word' id='word_1_172' title='bbox 3600 900 3607 921; x_wconf 71' lang='grc' dir='ltr'><strong>ι·</strong></span> 
     </span>
    </p>
   </div>
   <div class='ocr_carea' id='block_1_23' title="bbox 1996 970 3578 1043">
    <p class='ocr_par' dir='ltr' id='par_1_23' title="bbox 1996 970 3578 1043">
     <span class='ocr_line' id='line_1_23' title="bbox 1996 970 3578 1043; baseline -0.004 -13"><span class='ocrx_word' id='word_1_173' title='bbox 1996 976 2162 1038; x_wconf 90' lang='lat' dir='ltr'><strong>enim,</strong></span> <span class='ocrx_word' id='word_1_174' title='bbox 2189 986 2543 1043; x_wconf 89' lang='lat' dir='ltr'><strong>quaecunque</strong></span> <span class='ocrx_word' id='word_1_175' title='bbox 2570 973 2749 1026; x_wconf 84' lang='lat' dir='ltr'><strong>divina</strong></span> <span class='ocrx_word' id='word_1_176' title='bbox 2794 972 3080 1041; x_wconf 82' lang='lat' dir='ltr'><strong>prudentia</strong></span> <span class='ocrx_word' id='word_1_177' title='bbox 3109 980 3163 1026; x_wconf 81' lang='lat' dir='ltr'><strong>et</strong></span> <span class='ocrx_word' id='word_1_178' title='bbox 3195 971 3330 1025; x_wconf 88' lang='lat' dir='ltr'><strong>liunt</strong></span> <span class='ocrx_word' id='word_1_179' title='bbox 3356 980 3411 1025; x_wconf 88' lang='lat' dir='ltr'><strong>et</strong></span> <span class='ocrx_word' id='word_1_180' title='bbox 3435 970 3578 1025; x_wconf 67' lang='lat' dir='ltr'><strong>facta</strong></span> 
     </span>
    </p>
   </div>
   <div class='ocr_carea' id='block_1_24' title="bbox 1996 1058 3581 1125">
    <p class='ocr_par' dir='ltr' id='par_1_24' title="bbox 1996 1058 3581 1125">
     <span class='ocr_line' id='line_1_24' title="bbox 1996 1058 3581 1125; baseline -0.004 -5"><span class='ocrx_word' id='word_1_181' title='bbox 1996 1072 2120 1120; x_wconf 88' lang='lat' dir='ltr'><strong>sunt</strong></span> <span class='ocrx_word' id='word_1_182' title='bbox 2149 1075 2204 1119; x_wconf 87' lang='lat' dir='ltr'><strong>et</strong></span> <span class='ocrx_word' id='word_1_183' title='bbox 2238 1065 2414 1117; x_wconf 81' lang='lat' dir='ltr'><strong>futura</strong></span> <span class='ocrx_word' id='word_1_184' title='bbox 2446 1070 2589 1125; x_wconf 83' lang='lat' dir='ltr'><strong>sunt,</strong></span> <span class='ocrx_word' id='word_1_185' title='bbox 2617 1061 2775 1117; x_wconf 88' lang='lat' dir='ltr'><strong>simul</strong></span> <span class='ocrx_word' id='word_1_186' title='bbox 2803 1070 2859 1116; x_wconf 89' lang='lat' dir='ltr'><strong>et</strong></span> <span class='ocrx_word' id='word_1_187' title='bbox 2877 1062 3044 1117; x_wconf 89' lang='lat' dir='ltr'><strong>semel</strong></span> <span class='ocrx_word' id='word_1_188' title='bbox 3063 1072 3117 1115; x_wconf 88' lang='lat' dir='ltr'><strong>et</strong></span> <span class='ocrx_word' id='word_1_189' title='bbox 3140 1058 3188 1094; x_wconf 68' lang='grc' dir='ltr'><strong>’τ’</strong></span> <span class='ocrx_word' id='word_1_190' title='bbox 3220 1063 3581 1116; x_wconf 70' lang='lat' dir='ltr'><strong>incommuta-</strong></span> 
     </span>
    </p>
   </div>
   <div class='ocr_carea' id='block_1_25' title="bbox 1997 1146 3581 1223">
    <p class='ocr_par' dir='ltr' id='par_1_25' title="bbox 1997 1146 3581 1223">
     <span class='ocr_line' id='line_1_25' title="bbox 1997 1146 3581 1223; baseline -0.004 -15"><span class='ocrx_word' id='word_1_191' title='bbox 1997 1154 2176 1208; x_wconf 84' lang='lat' dir='ltr'><strong>biliter</strong></span> <span class='ocrx_word' id='word_1_192' title='bbox 2208 1153 2607 1223; x_wconf 88' lang='lat' dir='ltr'><strong>praedestinata</strong></span> <span class='ocrx_word' id='word_1_193' title='bbox 2646 1160 2772 1206; x_wconf 78' lang='lat' dir='ltr'><strong>sinit</strong></span> <span class='ocrx_word' id='word_1_194' title='bbox 2798 1152 2865 1203; x_wconf 70' lang='grc'><strong>⁸⁷.</strong></span> <span class='ocrx_word' id='word_1_195' title='bbox 2895 1146 2980 1204; x_wconf 74' lang='lat' dir='ltr'><strong>Nil</strong></span> <span class='ocrx_word' id='word_1_196' title='bbox 3007 1150 3150 1205; x_wconf 89' lang='lat' dir='ltr'><strong>enim</strong></span> <span class='ocrx_word' id='word_1_197' title='bbox 3176 1149 3497 1204; x_wconf 83' lang='lat' dir='ltr'><strong>naturaliter</strong></span> <span class='ocrx_word' id='word_1_198' title='bbox 3525 1150 3581 1203; x_wconf 91' lang='lat' dir='ltr'><strong>in</strong></span> 
     </span>
    </p>
   </div>
   <div class='ocr_carea' id='block_1_26' title="bbox 1994 1239 3582 1311">
    <p class='ocr_par' dir='ltr' id='par_1_26' title="bbox 1994 1239 3582 1311">
     <span class='ocr_line' id='line_1_26' title="bbox 1994 1239 3582 1311; baseline -0.003 -13"><span class='ocrx_word' id='word_1_199' title='bbox 1994 1254 2238 1298; x_wconf 84' lang='lat' dir='ltr'><strong>creatura</strong></span> <span class='ocrx_word' id='word_1_200' title='bbox 2253 1243 2445 1297; x_wconf 84' lang='lat' dir='ltr'><strong>visibili</strong></span> <span class='ocrx_word' id='word_1_201' title='bbox 2460 1251 2513 1297; x_wconf 90' lang='lat' dir='ltr'><strong>et</strong></span> <span class='ocrx_word' id='word_1_202' title='bbox 2529 1241 2777 1295; x_wconf 77' lang='lat' dir='ltr'><strong>invisibili</strong></span> <span class='ocrx_word' id='word_1_203' title='bbox 2795 1241 2989 1304; x_wconf 89' lang='lat' dir='ltr'><strong>oritur,</strong></span> <span class='ocrx_word' id='word_1_204' title='bbox 3017 1249 3232 1311; x_wconf 84' lang='lat' dir='ltr'><strong>praeter</strong></span> <span class='ocrx_word' id='word_1_205' title='bbox 3256 1239 3397 1309; x_wconf 83' lang='lat' dir='ltr'><strong>quod</strong></span> <span class='ocrx_word' id='word_1_206' title='bbox 3426 1240 3479 1292; x_wconf 89' lang='lat' dir='ltr'><strong>in</strong></span> <span class='ocrx_word' id='word_1_207' title='bbox 3500 1240 3582 1293; x_wconf 77' lang='lat' dir='ltr'><strong>eis</strong></span> 
     </span>
    </p>
   </div>
   <div class='ocr_carea' id='block_1_27' title="bbox 1995 1322 3613 1404">
    <p class='ocr_par' dir='ltr' id='par_1_27' title="bbox 1995 1322 3613 1404">
     <span class='ocr_line' id='line_1_27' title="bbox 1995 1322 3613 1404; baseline -0.001 -16"><span class='ocrx_word' id='word_1_208' title='bbox 1995 1345 2119 1389; x_wconf 89' lang='lat' dir='ltr'><strong>ante</strong></span> <span class='ocrx_word' id='word_1_209' title='bbox 2144 1336 2324 1389; x_wconf 78' lang='lat' dir='ltr'><strong>ontnia</strong></span> <span class='ocrx_word' id='word_1_210' title='bbox 2347 1346 2586 1404; x_wconf 87' lang='lat' dir='ltr'><strong>tempora</strong></span> <span class='ocrx_word' id='word_1_211' title='bbox 2614 1345 2666 1388; x_wconf 89' lang='lat' dir='ltr'><strong>et</strong></span> <span class='ocrx_word' id='word_1_212' title='bbox 2696 1334 2809 1388; x_wconf 87' lang='lat' dir='ltr'><strong>loca</strong></span> <span class='ocrx_word' id='word_1_213' title='bbox 2834 1334 3243 1402; x_wconf 83' lang='lat' dir='ltr'><strong>praedeliuitum</strong></span> <span class='ocrx_word' id='word_1_214' title='bbox 3267 1342 3323 1387; x_wconf 86' lang='lat' dir='ltr'><strong>et</strong></span> <span class='ocrx_word' id='word_1_215' title='bbox 3360 1344 3583 1401; x_wconf 54' lang='lat' dir='ltr'><strong>praeorb</strong></span> <span class='ocrx_word' id='word_1_216' title='bbox 3608 1322 3613 1373; x_wconf 56' lang='grc' dir='ltr'><em>ί</em></span> 
     </span>
    </p>
   </div>
   <div class='ocr_carea' id='block_1_28' title="bbox 1996 1427 3582 1499">
    <p class='ocr_par' dir='ltr' id='par_1_28' title="bbox 1996 1427 3582 1499">
     <span class='ocr_line' id='line_1_28' title="bbox 1996 1427 3582 1499; baseline -0.005 -11"><span class='ocrx_word' id='word_1_217' title='bbox 1996 1430 2237 1488; x_wconf 85' lang='lat' dir='ltr'><strong>dinatum</strong></span> <span class='ocrx_word' id='word_1_218' title='bbox 2276 1441 2377 1486; x_wconf 88' lang='lat' dir='ltr'><strong>est.</strong></span> <span class='ocrx_word' id='word_1_219' title='bbox 2424 1431 2555 1486; x_wconf 84' lang='lat' dir='ltr'><strong>item</strong></span> <span class='ocrx_word' id='word_1_220' title='bbox 2590 1444 2621 1485; x_wconf 81' lang='lat' dir='ltr'><strong>a</strong></span> <span class='ocrx_word' id='word_1_221' title='bbox 2664 1428 3002 1499; x_wconf 83' lang='lat' dir='ltr'><strong>philosophis</strong></span> <span class='ocrx_word' id='word_1_222' title='bbox 3042 1430 3153 1485; x_wconf 67' lang='lat' dir='ltr'><strong>Gaza</strong></span> <span class='ocrx_word' id='word_1_223' title='bbox 3199 1430 3478 1499; x_wconf 63' lang='lat' dir='ltr'><strong>Ouum,</strong></span> <span class='ocrx_word' id='word_1_224' title='bbox 3528 1427 3582 1481; x_wconf 88' lang='lat' dir='ltr'><strong>id</strong></span> 
     </span>
    </p>
   </div>
   <div class='ocr_carea' id='block_1_29' title="bbox 1994 1519 3579 1587">
    <p class='ocr_par' dir='ltr' id='par_1_29' title="bbox 1994 1519 3579 1587">
     <span class='ocr_line' id='line_1_29' title="bbox 1994 1519 3579 1587; baseline -0.005 -10"><span class='ocrx_word' id='word_1_225' title='bbox 1994 1533 2094 1587; x_wconf 89' lang='lat' dir='ltr'><strong>est,</strong></span> <span class='ocrx_word' id='word_1_226' title='bbox 2123 1523 2338 1577; x_wconf 77' lang='lat' dir='ltr'><strong>divinae</strong></span> <span class='ocrx_word' id='word_1_227' title='bbox 2359 1521 2669 1576; x_wconf 77' lang='lat' dir='ltr'><strong>voluntates</strong></span> <span class='ocrx_word' id='word_1_228' title='bbox 2688 1519 2952 1574; x_wconf 88' lang='lat' dir='ltr'><strong>nominari</strong></span> <span class='ocrx_word' id='word_1_229' title='bbox 2974 1520 3170 1583; x_wconf 83' lang='lat' dir='ltr'><strong>solent,</strong></span> <span class='ocrx_word' id='word_1_230' title='bbox 3185 1519 3440 1587; x_wconf 89' lang='lat' dir='ltr'><strong>quoniam</strong></span> <span class='ocrx_word' id='word_1_231' title='bbox 3461 1533 3579 1573; x_wconf 39' lang='lat' dir='ltr'><strong>om-</strong></span> 
     </span>
    </p>
   </div>
   <div class='ocr_carea' id='block_1_30' title="bbox 1994 1608 3574 1681">
    <p class='ocr_par' dir='ltr' id='par_1_30' title="bbox 1994 1608 3574 1681">
     <span class='ocr_line' id='line_1_30' title="bbox 1994 1608 3574 1681; baseline -0.004 -14"><span class='ocrx_word' id='word_1_232' title='bbox 1994 1614 2103 1677; x_wconf 87' lang='lat' dir='ltr'><strong>nia,</strong></span> <span class='ocrx_word' id='word_1_233' title='bbox 2136 1625 2492 1681; x_wconf 74' lang='lat' dir='ltr'><strong>quaecunque</strong></span> <span class='ocrx_word' id='word_1_234' title='bbox 2517 1610 2683 1664; x_wconf 87' lang='lat' dir='ltr'><strong>voluit</strong></span> <span class='ocrx_word' id='word_1_235' title='bbox 2706 1610 2847 1663; x_wconf 76' lang='lat' dir='ltr'><strong>Deus</strong></span> <span class='ocrx_word' id='word_1_236' title='bbox 2875 1608 3075 1673; x_wconf 81' lang='lat' dir='ltr'><strong>facere,</strong></span> <span class='ocrx_word' id='word_1_237' title='bbox 3099 1611 3151 1661; x_wconf 93' lang='lat' dir='ltr'><strong>in</strong></span> <span class='ocrx_word' id='word_1_238' title='bbox 3186 1609 3316 1677; x_wconf 82' lang='lat' dir='ltr'><strong>ipsis</strong></span> <span class='ocrx_word' id='word_1_239' title='bbox 3342 1608 3574 1676; x_wconf 83' lang='lat' dir='ltr'><strong>primor-</strong></span> 
     </span>
    </p>
   </div>
   <div class='ocr_carea' id='block_1_31' title="bbox 1994 1697 3579 1769">
    <p class='ocr_par' dir='ltr' id='par_1_31' title="bbox 1994 1697 3579 1769">
     <span class='ocr_line' id='line_1_31' title="bbox 1994 1697 3579 1769; baseline -0.005 -11"><span class='ocrx_word' id='word_1_240' title='bbox 1994 1700 2207 1758; x_wconf 82' lang='lat' dir='ltr'><strong>dialiter</strong></span> <span class='ocrx_word' id='word_1_241' title='bbox 2253 1711 2307 1758; x_wconf 91' lang='lat' dir='ltr'><strong>et</strong></span> <span class='ocrx_word' id='word_1_242' title='bbox 2350 1702 2639 1757; x_wconf 77' lang='lat' dir='ltr'><strong>causnlitet‘</strong></span> <span class='ocrx_word' id='word_1_243' title='bbox 2685 1701 2831 1765; x_wconf 66' lang='lat' dir='ltr'><strong>fecit,</strong></span> <span class='ocrx_word' id='word_1_244' title='bbox 2866 1710 2927 1754; x_wconf 86' lang='lat' dir='ltr'><strong>et</strong></span> <span class='ocrx_word' id='word_1_245' title='bbox 2961 1712 3100 1769; x_wconf 86' lang='lat' dir='ltr'><strong>quae</strong></span> <span class='ocrx_word' id='word_1_246' title='bbox 3133 1698 3309 1752; x_wconf 78' lang='lat' dir='ltr'><strong>futura</strong></span> <span class='ocrx_word' id='word_1_247' title='bbox 3336 1707 3481 1761; x_wconf 87' lang='lat' dir='ltr'><strong>sant,</strong></span> <span class='ocrx_word' id='word_1_248' title='bbox 3522 1697 3579 1751; x_wconf 90' lang='lat' dir='ltr'><strong>in</strong></span> 
     </span>
    </p>
   </div>
   <div class='ocr_carea' id='block_1_32' title="bbox 314 1790 3569 1867">
    <p class='ocr_par' dir='ltr' id='par_1_32' title="bbox 314 1790 3569 1867">
     <span class='ocr_line' id='line_1_32' title="bbox 314 1790 3569 1867; baseline -0.004 -11"><span class='ocrx_word' id='word_1_249' title='bbox 314 1816 441 1856; x_wconf 75' lang='lat' dir='ltr'><strong>sane</strong></span> <span class='ocrx_word' id='word_1_250' title='bbox 468 1810 520 1853; x_wconf 91' lang='lat' dir='ltr'><strong>et</strong></span> <span class='ocrx_word' id='word_1_251' title='bbox 553 1797 936 1867; x_wconf 75' lang='lat' dir='ltr'><strong>intelligentiae</strong></span> <span class='ocrx_word' id='word_1_252' title='bbox 972 1811 1121 1858; x_wconf 86' lang='lat' dir='ltr'><strong>suae,</strong></span> <span class='ocrx_word' id='word_1_253' title='bbox 1163 1803 1422 1862; x_wconf 88' lang='lat' dir='ltr'><strong>quantum</strong></span> <span class='ocrx_word' id='word_1_254' title='bbox 1455 1801 1739 1846; x_wconf 90' lang='lat' dir='ltr'><strong>creaturae</strong></span> <span class='ocrx_word' id='word_1_255' title='bbox 1764 1806 1897 1845; x_wconf 89' lang='lat' dir='ltr'><strong>con-</strong></span> <span class='ocrx_word' id='word_1_256' title='bbox 1926 1797 1968 1854; x_wconf 82' lang='grc' dir='ltr'>Β</span> <span class='ocrx_word' id='word_1_257' title='bbox 1996 1794 2076 1848; x_wconf 90' lang='lat' dir='ltr'><strong>eis</strong></span> <span class='ocrx_word' id='word_1_258' title='bbox 2101 1802 2226 1848; x_wconf 85' lang='lat' dir='ltr'><strong>ante</strong></span> <span class='ocrx_word' id='word_1_259' title='bbox 2243 1793 2461 1849; x_wconf 86' lang='lat' dir='ltr'><strong>saecula</strong></span> <span class='ocrx_word' id='word_1_260' title='bbox 2484 1792 2625 1847; x_wconf 79' lang='lat' dir='ltr'><strong>facta</strong></span> <span class='ocrx_word' id='word_1_261' title='bbox 2653 1801 2795 1847; x_wconf 84' lang='lat' dir='ltr'><strong>sunt.</strong></span> <span class='ocrx_word' id='word_1_262' title='bbox 2824 1792 2899 1845; x_wconf 74' lang='lat' dir='ltr'><strong>Ae</strong></span> <span class='ocrx_word' id='word_1_263' title='bbox 2918 1806 3020 1861; x_wconf 83' lang='lat' dir='ltr'><strong>per</strong></span> <span class='ocrx_word' id='word_1_264' title='bbox 3045 1792 3145 1845; x_wconf 84' lang='lat' dir='ltr'><strong>hoc</strong></span> <span class='ocrx_word' id='word_1_265' title='bbox 3166 1790 3433 1861; x_wconf 84' lang='lat' dir='ltr'><strong>principia</strong></span> <span class='ocrx_word' id='word_1_266' title='bbox 3461 1804 3569 1843; x_wconf 88' lang='lat' dir='ltr'><strong>om-</strong></span> 
     </span>
    </p>
   </div>
   <div class='ocr_carea' id='block_1_33' title="bbox 314 1882 1913 1953">
    <p class='ocr_par' dir='ltr' id='par_1_33' title="bbox 314 1882 1913 1953">
     <span class='ocr_line' id='line_1_33' title="bbox 314 1882 1913 1953; baseline -0.008 -6"><span class='ocrx_word' id='word_1_267' title='bbox 314 1892 543 1953; x_wconf 75' lang='lat' dir='ltr'><strong>Cl&#39;iiillll‘,</strong></span> <span class='ocrx_word' id='word_1_268' title='bbox 569 1889 863 1950; x_wconf 74' lang='lat' dir='ltr'><strong>inveniant,</strong></span> <span class='ocrx_word' id='word_1_269' title='bbox 888 1886 1180 1938; x_wconf 71' lang='lat' dir='ltr'><strong>trinitatem</strong></span> <span class='ocrx_word' id='word_1_270' title='bbox 1205 1884 1256 1936; x_wconf 91' lang='lat' dir='ltr'><strong>in</strong></span> <span class='ocrx_word' id='word_1_271' title='bbox 1278 1882 1483 1937; x_wconf 89' lang='lat' dir='ltr'><strong>unitate</strong></span> <span class='ocrx_word' id='word_1_272' title='bbox 1510 1882 1913 1951; x_wconf 77' lang='lat' dir='ltr'><strong>pen-ipientes.‘</strong></span> 
     </span>
    </p>
   </div>
   <div class='ocr_carea' id='block_1_34' title="bbox 314 1971 1891 2041">
    <p class='ocr_par' dir='ltr' id='par_1_34' title="bbox 314 1971 1891 2041">
     <span class='ocr_line' id='line_1_34' title="bbox 314 1971 1891 2041; baseline -0.008 -6"><span class='ocrx_word' id='word_1_273' title='bbox 314 1979 468 2035; x_wconf 89' lang='lat' dir='ltr'><strong>Sicut</strong></span> <span class='ocrx_word' id='word_1_274' title='bbox 489 1979 564 2032; x_wconf 89' lang='lat' dir='ltr'><strong>ait</strong></span> <span class='ocrx_word' id='word_1_275' title='bbox 608 1985 825 2029; x_wconf 84' lang='lat' dir='ltr'><strong>sanctus</strong></span> <span class='ocrx_word' id='word_1_276' title='bbox 872 1973 1151 2041; x_wconf 72' lang='lat' dir='ltr'><strong>theologus</strong></span> <span class='ocrx_word' id='word_1_277' title='bbox 1172 1971 1469 2041; x_wconf 82' lang='lat' dir='ltr'><strong>Gregorius</strong></span> <span class='ocrx_word' id='word_1_278' title='bbox 1495 1971 1546 2023; x_wconf 92' lang='lat' dir='ltr'><strong>in</strong></span> <span class='ocrx_word' id='word_1_279' title='bbox 1573 1972 1748 2040; x_wconf 90' lang='lat' dir='ltr'><strong>primo</strong></span> <span class='ocrx_word' id='word_1_280' title='bbox 1776 1986 1891 2025; x_wconf 87' lang='lat' dir='ltr'><strong>ser-</strong></span> 
     </span>
    </p>
   </div>
   <div class='ocr_carea' id='block_1_35' title="bbox 311 2061 1891 2134">
    <p class='ocr_par' dir='ltr' id='par_1_35' title="bbox 311 2061 1891 2134">
     <span class='ocr_line' id='line_1_35' title="bbox 311 2061 1891 2134; baseline -0.008 -7"><span class='ocrx_word' id='word_1_281' title='bbox 311 2085 471 2127; x_wconf 84' lang='lat' dir='ltr'><strong>mone</strong></span> <span class='ocrx_word' id='word_1_282' title='bbox 496 2071 561 2124; x_wconf 91' lang='lat' dir='ltr'><strong>de</strong></span> <span class='ocrx_word' id='word_1_283' title='bbox 584 2067 722 2122; x_wconf 86' lang='lat' dir='ltr'><strong>Filio</strong></span> <span class='ocrx_word' id='word_1_284' title='bbox 753 2085 766 2121; x_wconf 87' lang='lat'>:</span> <span class='ocrx_word' id='word_1_285' title='bbox 800 2065 1115 2134; x_wconf 82' lang='lat' dir='ltr'><strong>Propterea,</strong></span> <span class='ocrx_word' id='word_1_286' title='bbox 1146 2063 1339 2131; x_wconf 87' lang='lat' dir='ltr'><strong>inquit,</strong></span> <span class='ocrx_word' id='word_1_287' title='bbox 1362 2078 1549 2115; x_wconf 84' lang='lat' dir='ltr'><strong>manas</strong></span> <span class='ocrx_word' id='word_1_288' title='bbox 1583 2078 1614 2115; x_wconf 90' lang='lat' dir='ltr'><strong>a</strong></span> <span class='ocrx_word' id='word_1_289' title='bbox 1636 2061 1891 2132; x_wconf 84' lang='lat' dir='ltr'><strong>principio</strong></span> 
     </span>
    </p>
   </div>
   <div class='ocr_carea' id='block_1_36' title="bbox 313 2154 1888 2231">
    <p class='ocr_par' dir='ltr' id='par_1_36' title="bbox 313 2154 1888 2231">
     <span class='ocr_line' id='line_1_36' title="bbox 313 2154 1888 2231; baseline -0.006 -18"><span class='ocrx_word' id='word_1_290' title='bbox 313 2165 367 2217; x_wconf 87' lang='lat' dir='ltr'><strong>in</strong></span> <span class='ocrx_word' id='word_1_291' title='bbox 394 2161 567 2231; x_wconf 81' lang='lat' dir='ltr'><strong>dyada</strong></span> <span class='ocrx_word' id='word_1_292' title='bbox 601 2169 739 2212; x_wconf 87' lang='lat' dir='ltr'><strong>mota</strong></span> <span class='ocrx_word' id='word_1_293' title='bbox 777 2172 935 2226; x_wconf 84' lang='lat' dir='ltr'><strong>usque</strong></span> <span class='ocrx_word' id='word_1_294' title='bbox 969 2156 1024 2209; x_wconf 85' lang='lat' dir='ltr'><strong>in</strong></span> <span class='ocrx_word' id='word_1_295' title='bbox 1047 2154 1215 2207; x_wconf 86' lang='lat' dir='ltr'><strong>triade</strong></span> <span class='ocrx_word' id='word_1_296' title='bbox 1239 2154 1282 2184; x_wconf 82' lang='grc'>¹¹</span> <span class='ocrx_word' id='word_1_297' title='bbox 1309 2163 1432 2207; x_wconf 89' lang='lat' dir='ltr'><strong>stat.</strong></span> <span class='ocrx_word' id='word_1_298' title='bbox 1473 2154 1644 2220; x_wconf 82' lang='lat' dir='ltr'><strong>Quam</strong></span> <span class='ocrx_word' id='word_1_299' title='bbox 1672 2161 1888 2207; x_wconf 83' lang='lat' dir='ltr'><strong>senten-</strong></span> 
     </span>
    </p>
   </div>
   <div class='ocr_carea' id='block_1_37' title="bbox 311 2240 1890 2315">
    <p class='ocr_par' dir='ltr' id='par_1_37' title="bbox 311 2240 1890 2315">
     <span class='ocr_line' id='line_1_37' title="bbox 311 2240 1890 2315; baseline -0.008 -10"><span class='ocrx_word' id='word_1_300' title='bbox 311 2255 442 2307; x_wconf 89' lang='lat' dir='ltr'><strong>tiam</strong></span> <span class='ocrx_word' id='word_1_301' title='bbox 487 2254 675 2306; x_wconf 86' lang='lat' dir='ltr'><strong>beatus</strong></span> <span class='ocrx_word' id='word_1_302' title='bbox 716 2248 980 2301; x_wconf 80' lang='lat' dir='ltr'><strong>Maximus</strong></span> <span class='ocrx_word' id='word_1_303' title='bbox 1026 2245 1265 2315; x_wconf 79' lang='lat' dir='ltr'><strong>exponit,</strong></span> <span class='ocrx_word' id='word_1_304' title='bbox 1311 2244 1536 2297; x_wconf 83' lang='lat' dir='ltr'><strong>dicens:</strong></span> <span class='ocrx_word' id='word_1_305' title='bbox 1578 2241 1816 2296; x_wconf 81' lang='lat' dir='ltr'><strong>Movetur</strong></span> <span class='ocrx_word' id='word_1_306' title='bbox 1844 2240 1890 2272; x_wconf 84' lang='grc'><strong>¹³</strong></span> 
     </span>
    </p>
   </div>
   <div class='ocr_carea' id='block_1_38' title="bbox 313 2330 1892 2410">
    <p class='ocr_par' dir='ltr' id='par_1_38' title="bbox 313 2330 1892 2410">
     <span class='ocr_line' id='line_1_38' title="bbox 313 2330 1892 2410; baseline -0.008 -14"><span class='ocrx_word' id='word_1_307' title='bbox 313 2356 534 2410; x_wconf 87' lang='lat' dir='ltr'><strong>namque</strong></span> <span class='ocrx_word' id='word_1_308' title='bbox 558 2341 611 2392; x_wconf 87' lang='lat' dir='ltr'><strong>in</strong></span> <span class='ocrx_word' id='word_1_309' title='bbox 637 2340 890 2406; x_wconf 79' lang='lat' dir='ltr'><strong>acceptiro</strong></span> <span class='ocrx_word' id='word_1_310' title='bbox 917 2337 1000 2390; x_wconf 87' lang='lat' dir='ltr'><strong>sui</strong></span> <span class='ocrx_word' id='word_1_311' title='bbox 1028 2333 1290 2388; x_wconf 87' lang='lat' dir='ltr'><strong>intellectu</strong></span> <span class='ocrx_word' id='word_1_312' title='bbox 1316 2335 1419 2387; x_wconf 87' lang='lat' dir='ltr'><strong>sive</strong></span> <span class='ocrx_word' id='word_1_313' title='bbox 1443 2331 1488 2364; x_wconf 75' lang='lat'><strong>“’</strong></span> <span class='ocrx_word' id='word_1_314' title='bbox 1518 2332 1751 2403; x_wconf 83' lang='lat' dir='ltr'><strong>angelico</strong></span> <span class='ocrx_word' id='word_1_315' title='bbox 1785 2330 1892 2385; x_wconf 85' lang='lat' dir='ltr'><strong>sive</strong></span> 
     </span>
    </p>
   </div>
   <div class='ocr_carea' id='block_1_39' title="bbox 311 2420 1892 2501">
    <p class='ocr_par' dir='ltr' id='par_1_39' title="bbox 311 2420 1892 2501">
     <span class='ocr_line' id='line_1_39' title="bbox 311 2420 1892 2501; baseline -0.008 -13"><span class='ocrx_word' id='word_1_316' title='bbox 311 2438 558 2496; x_wconf 84' lang='lat' dir='ltr'><strong>humano,</strong></span> <span class='ocrx_word' id='word_1_317' title='bbox 580 2447 672 2501; x_wconf 80' lang='lat' dir='ltr'><strong>per</strong></span> <span class='ocrx_word' id='word_1_318' title='bbox 692 2431 878 2500; x_wconf 81' lang='lat' dir='ltr'><strong>ipsam,</strong></span> <span class='ocrx_word' id='word_1_319' title='bbox 912 2439 959 2484; x_wconf 90' lang='lat' dir='ltr'><strong>et</strong></span> <span class='ocrx_word' id='word_1_320' title='bbox 978 2429 1035 2482; x_wconf 86' lang='lat' dir='ltr'><strong>in</strong></span> <span class='ocrx_word' id='word_1_321' title='bbox 1060 2430 1173 2498; x_wconf 86' lang='lat' dir='ltr'><strong>ipsa</strong></span> <span class='ocrx_word' id='word_1_322' title='bbox 1204 2426 1560 2496; x_wconf 85' lang='lat' dir='ltr'><strong>inquisitiones</strong></span> <span class='ocrx_word' id='word_1_323' title='bbox 1583 2428 1646 2477; x_wconf 84' lang='lat' dir='ltr'><strong>de</strong></span> <span class='ocrx_word' id='word_1_324' title='bbox 1674 2425 1786 2493; x_wconf 88' lang='lat' dir='ltr'><strong>ipsa</strong></span> <span class='ocrx_word' id='word_1_325' title='bbox 1808 2420 1892 2492; x_wconf 79' lang='lat' dir='ltr'><strong>fa-</strong></span> 
     </span>
    </p>
   </div>
   <div class='ocr_carea' id='block_1_40' title="bbox 310 2521 1887 2592">
    <p class='ocr_par' dir='ltr' id='par_1_40' title="bbox 310 2521 1887 2592">
     <span class='ocr_line' id='line_1_40' title="bbox 310 2521 1887 2592; baseline -0.006 -11"><span class='ocrx_word' id='word_1_326' title='bbox 310 2529 493 2581; x_wconf 78' lang='lat' dir='ltr'><strong>ciente.</strong></span> <span class='ocrx_word' id='word_1_327' title='bbox 532 2522 601 2579; x_wconf 86' lang='lat' dir='ltr'><strong>Et</strong></span> <span class='ocrx_word' id='word_1_328' title='bbox 644 2523 835 2577; x_wconf 87' lang='lat' dir='ltr'><strong>clarius</strong></span> <span class='ocrx_word' id='word_1_329' title='bbox 876 2523 1200 2578; x_wconf 84' lang='lat' dir='ltr'><strong>dicendum:</strong></span> <span class='ocrx_word' id='word_1_330' title='bbox 1237 2524 1381 2576; x_wconf 88' lang='lat' dir='ltr'><strong>docet</strong></span> <span class='ocrx_word' id='word_1_331' title='bbox 1423 2522 1587 2592; x_wconf 85' lang='lat' dir='ltr'><strong>ipsam</strong></span> <span class='ocrx_word' id='word_1_332' title='bbox 1627 2522 1682 2574; x_wconf 88' lang='lat' dir='ltr'><strong>in</strong></span> <span class='ocrx_word' id='word_1_333' title='bbox 1721 2521 1887 2589; x_wconf 87' lang='lat' dir='ltr'><strong>prima</strong></span> 
     </span>
    </p>
   </div>
   <div class='ocr_carea' id='block_1_41' title="bbox 309 2612 1889 2688">
    <p class='ocr_par' dir='ltr' id='par_1_41' title="bbox 309 2612 1889 2688">
     <span class='ocr_line' id='line_1_41' title="bbox 309 2612 1889 2688; baseline -0.006 -14"><span class='ocrx_word' id='word_1_334' title='bbox 309 2620 420 2674; x_wconf 86' lang='lat' dir='ltr'><strong>acie</strong></span> <span class='ocrx_word' id='word_1_335' title='bbox 448 2618 718 2688; x_wconf 87' lang='lat' dir='ltr'><strong>intpartire</strong></span> <span class='ocrx_word' id='word_1_336' title='bbox 746 2617 809 2670; x_wconf 85' lang='lat' dir='ltr'><strong>de</strong></span> <span class='ocrx_word' id='word_1_337' title='bbox 845 2618 1066 2670; x_wconf 79' lang='lat' dir='ltr'><strong>rnonadc</strong></span> <span class='ocrx_word' id='word_1_338' title='bbox 1097 2617 1367 2679; x_wconf 87' lang='lat' dir='ltr'><strong>rationem,</strong></span> <span class='ocrx_word' id='word_1_339' title='bbox 1403 2624 1456 2668; x_wconf 86' lang='lat' dir='ltr'><strong>ut</strong></span> <span class='ocrx_word' id='word_1_340' title='bbox 1487 2629 1590 2667; x_wconf 89' lang='lat' dir='ltr'><strong>non</strong></span> <span class='ocrx_word' id='word_1_341' title='bbox 1629 2612 1889 2682; x_wconf 79' lang='lat' dir='ltr'><strong>separatio</strong></span> 
     </span>
    </p>
   </div>
   <div class='ocr_carea' id='block_1_42' title="bbox 309 2701 1889 2778">
    <p class='ocr_par' dir='ltr' id='par_1_42' title="bbox 309 2701 1889 2778">
     <span class='ocr_line' id='line_1_42' title="bbox 309 2701 1889 2778; baseline -0.004 -18"><span class='ocrx_word' id='word_1_342' title='bbox 309 2710 364 2760; x_wconf 86' lang='lat' dir='ltr'><strong>in</strong></span> <span class='ocrx_word' id='word_1_343' title='bbox 382 2708 551 2778; x_wconf 80' lang='lat' dir='ltr'><strong>ptitmt</strong></span> <span class='ocrx_word' id='word_1_344' title='bbox 568 2707 611 2738; x_wconf 82' lang='grc'><strong>¹³</strong></span> <span class='ocrx_word' id='word_1_345' title='bbox 626 2705 825 2760; x_wconf 76' lang='lat' dir='ltr'><strong>causali</strong></span> <span class='ocrx_word' id='word_1_346' title='bbox 840 2707 1202 2758; x_wconf 83' lang='lat' dir='ltr'><strong>tntroducatur</strong></span> <span class='ocrx_word' id='word_1_347' title='bbox 1218 2721 1236 2769; x_wconf 88' lang='lat'><strong><em>;</em></strong></span> <span class='ocrx_word' id='word_1_348' title='bbox 1250 2714 1509 2773; x_wconf 79' lang='lat' dir='ltr'><strong>promovet</strong></span> <span class='ocrx_word' id='word_1_349' title='bbox 1528 2702 1572 2733; x_wconf 82' lang='lat'>“</span> <span class='ocrx_word' id='word_1_350' title='bbox 1593 2718 1708 2755; x_wconf 84' lang='lat' dir='ltr'><strong>vero</strong></span> <span class='ocrx_word' id='word_1_351' title='bbox 1724 2701 1889 2770; x_wconf 87' lang='lat' dir='ltr'><strong>ipsam</strong></span> 
     </span>
    </p>
   </div>
   <div class='ocr_carea' id='block_1_43' title="bbox 251 2788 1889 2871">
    <p class='ocr_par' dir='ltr' id='par_1_43' title="bbox 251 2788 1889 2871">
     <span class='ocr_line' id='line_1_43' title="bbox 251 2788 1889 2871; baseline -0.006 -21"><span class='ocrx_word' id='word_1_352' title='bbox 251 2866 255 2871; x_wconf 29' lang='grc' dir='ltr'>ι</span> <span class='ocrx_word' id='word_1_353' title='bbox 310 2796 567 2850; x_wconf 84' lang='lat' dir='ltr'><strong>rationem</strong></span> <span class='ocrx_word' id='word_1_354' title='bbox 593 2796 749 2849; x_wconf 88' lang='lat' dir='ltr'><strong>etiam</strong></span> <span class='ocrx_word' id='word_1_355' title='bbox 774 2796 1006 2847; x_wconf 78' lang='lat' dir='ltr'><strong>divinant</strong></span> <span class='ocrx_word' id='word_1_356' title='bbox 1035 2804 1081 2847; x_wconf 93' lang='lat' dir='ltr'><strong>et</strong></span> <span class='ocrx_word' id='word_1_357' title='bbox 1114 2791 1429 2862; x_wconf 78' lang='lat' dir='ltr'><strong>ineﬂ‘abilem</strong></span> <span class='ocrx_word' id='word_1_358' title='bbox 1461 2791 1625 2861; x_wconf 80' lang='lat' dir='ltr'><strong>ipsius</strong></span> <span class='ocrx_word' id='word_1_359' title='bbox 1661 2788 1889 2842; x_wconf 83' lang='lat' dir='ltr'><strong>causalis</strong></span> 
     </span>
    </p>
   </div>
   <div class='ocr_carea' id='block_1_44' title="bbox 309 2879 1890 2955">
    <p class='ocr_par' dir='ltr' id='par_1_44' title="bbox 309 2879 1890 2955">
     <span class='ocr_line' id='line_1_44' title="bbox 309 2879 1890 2955; baseline -0.004 -14"><span class='ocrx_word' id='word_1_360' title='bbox 309 2885 680 2955; x_wconf 82' lang='lat' dir='ltr'><strong>fecunditatem</strong></span> <span class='ocrx_word' id='word_1_361' title='bbox 726 2887 978 2954; x_wconf 83' lang='lat' dir='ltr'><strong>accipere,</strong></span> <span class='ocrx_word' id='word_1_362' title='bbox 1020 2883 1198 2938; x_wconf 85' lang='lat' dir='ltr'><strong>dicens</strong></span> <span class='ocrx_word' id='word_1_363' title='bbox 1241 2884 1452 2953; x_wconf 81' lang='lat' dir='ltr'><strong>mystice</strong></span> <span class='ocrx_word' id='word_1_364' title='bbox 1493 2894 1647 2951; x_wconf 86' lang='lat' dir='ltr'><strong>atque</strong></span> <span class='ocrx_word' id='word_1_365' title='bbox 1693 2879 1890 2934; x_wconf 80' lang='lat' dir='ltr'><strong>cccults</strong></span> 
     </span>
    </p>
   </div>
   <div class='ocr_carea' id='block_1_45' title="bbox 309 2973 1888 3050">
    <p class='ocr_par' dir='ltr' id='par_1_45' title="bbox 309 2973 1888 3050">
     <span class='ocr_line' id='line_1_45' title="bbox 309 2973 1888 3050; baseline -0.008 -17"><span class='ocrx_word' id='word_1_366' title='bbox 309 2979 410 3050; x_wconf 84' lang='lat' dir='ltr'><strong>ipsi</strong></span> <span class='ocrx_word' id='word_1_367' title='bbox 431 2976 736 3042; x_wconf 84' lang='lat' dir='ltr'><strong>intellectui,</strong></span> <span class='ocrx_word' id='word_1_368' title='bbox 768 2992 871 3029; x_wconf 89' lang='lat' dir='ltr'><strong>non</strong></span> <span class='ocrx_word' id='word_1_369' title='bbox 892 2973 1480 3045; x_wconf 80' lang='lat' dir='ltr'><strong>oportereinfecundum</strong></span> <span class='ocrx_word' id='word_1_370' title='bbox 1506 2987 1635 3033; x_wconf 83' lang='lat' dir='ltr'><strong>esse,</strong></span> <span class='ocrx_word' id='word_1_371' title='bbox 1660 2985 1888 3039; x_wconf 84' lang='lat' dir='ltr'><strong>unquam</strong></span> 
     </span>
    </p>
   </div>
   <div class='ocr_carea' id='block_1_46' title="bbox 309 3059 1885 3142">
    <p class='ocr_par' dir='ltr' id='par_1_46' title="bbox 309 3059 1885 3142">
     <span class='ocr_line' id='line_1_46' title="bbox 309 3059 1885 3142; baseline -0.01 -16"><span class='ocrx_word' id='word_1_372' title='bbox 309 3071 537 3142; x_wconf 85' lang='lat' dir='ltr'><strong>sapere&quot;</strong></span> <span class='ocrx_word' id='word_1_373' title='bbox 557 3070 689 3124; x_wconf 81' lang='lat' dir='ltr'><strong>illud</strong></span> <span class='ocrx_word' id='word_1_374' title='bbox 718 3069 968 3139; x_wconf 88' lang='lat' dir='ltr'><strong>optimum</strong></span> <span class='ocrx_word' id='word_1_375' title='bbox 988 3064 1144 3121; x_wconf 86' lang='lat' dir='ltr'><strong>Verbi</strong></span> <span class='ocrx_word' id='word_1_376' title='bbox 1161 3082 1223 3119; x_wconf 85' lang='lat' dir='ltr'><strong>ac</strong></span> <span class='ocrx_word' id='word_1_377' title='bbox 1236 3064 1523 3134; x_wconf 84' lang='lat' dir='ltr'><strong>sapientiae</strong></span> <span class='ocrx_word' id='word_1_378' title='bbox 1551 3061 1628 3116; x_wconf 82' lang='lat' dir='ltr'><strong>vel</strong></span> <span class='ocrx_word' id='word_1_379' title='bbox 1656 3059 1885 3127; x_wconf 82' lang='lat' dir='ltr'><strong>sanctiﬁ-</strong></span> 
     </span>
    </p>
   </div>
   <div class='ocr_carea' id='block_1_47' title="bbox 1994 1880 3579 1952">
    <p class='ocr_par' dir='ltr' id='par_1_47' title="bbox 1994 1880 3579 1952">
     <span class='ocr_line' id='line_1_47' title="bbox 1994 1880 3579 1952; baseline -0.004 -13"><span class='ocrx_word' id='word_1_380' title='bbox 1994 1886 2142 1940; x_wconf 89' lang='lat' dir='ltr'><strong>niunt</strong></span> <span class='ocrx_word' id='word_1_381' title='bbox 2170 1886 2423 1938; x_wconf 88' lang='lat' dir='ltr'><strong>dicuntur</strong></span> <span class='ocrx_word' id='word_1_382' title='bbox 2445 1898 2566 1938; x_wconf 85' lang='lat' dir='ltr'><strong>esse</strong></span> <span class='ocrx_word' id='word_1_383' title='bbox 2583 1923 2597 1947; x_wconf 93' lang='lat'><strong>,</strong></span> <span class='ocrx_word' id='word_1_384' title='bbox 2626 1884 2877 1952; x_wconf 90' lang='lat' dir='ltr'><strong>quoniam</strong></span> <span class='ocrx_word' id='word_1_385' title='bbox 2900 1882 3080 1936; x_wconf 84' lang='lat' dir='ltr'><strong>omnia</strong></span> <span class='ocrx_word' id='word_1_386' title='bbox 3104 1921 3119 1945; x_wconf 93' lang='lat'><strong>,</strong></span> <span class='ocrx_word' id='word_1_387' title='bbox 3142 1894 3495 1951; x_wconf 81' lang='lat' dir='ltr'><strong>quaecunque</strong></span> <span class='ocrx_word' id='word_1_388' title='bbox 3522 1880 3579 1933; x_wconf 88' lang='lat' dir='ltr'><strong>in</strong></span> 
     </span>
    </p>
   </div>
   <div class='ocr_carea' id='block_1_48' title="bbox 1995 1969 3574 2030">
    <p class='ocr_par' dir='ltr' id='par_1_48' title="bbox 1995 1969 3574 2030">
     <span class='ocr_line' id='line_1_48' title="bbox 1995 1969 3574 2030; baseline -0.004 -1"><span class='ocrx_word' id='word_1_389' title='bbox 1995 1984 2243 2030; x_wconf 89' lang='lat' dir='ltr'><strong>creatura</strong></span> <span class='ocrx_word' id='word_1_390' title='bbox 2271 1975 2386 2028; x_wconf 89' lang='lat' dir='ltr'><strong>sive</strong></span> <span class='ocrx_word' id='word_1_391' title='bbox 2409 1974 2605 2028; x_wconf 86' lang='lat' dir='ltr'><strong>visibili</strong></span> <span class='ocrx_word' id='word_1_392' title='bbox 2634 1974 2747 2026; x_wconf 90' lang='lat' dir='ltr'><strong>sive</strong></span> <span class='ocrx_word' id='word_1_393' title='bbox 2777 1972 3029 2026; x_wconf 76' lang='lat' dir='ltr'><strong>invisibili</strong></span> <span class='ocrx_word' id='word_1_394' title='bbox 3060 1973 3366 2025; x_wconf 83' lang='lat' dir='ltr'><strong>sentiuntur</strong></span> <span class='ocrx_word' id='word_1_395' title='bbox 3387 1970 3469 2023; x_wconf 89' lang='lat' dir='ltr'><strong>vel</strong></span> <span class='ocrx_word' id='word_1_396' title='bbox 3498 1969 3574 2023; x_wconf 57' lang='lat' dir='ltr'><strong>in.</strong></span> 
     </span>
    </p>
   </div>
   <div class='ocr_carea' id='block_1_49' title="bbox 1995 2059 3575 2133">
    <p class='ocr_par' dir='ltr' id='par_1_49' title="bbox 1995 2059 3575 2133">
     <span class='ocr_line' id='line_1_49' title="bbox 1995 2059 3575 2133; baseline -0.004 -15"><span class='ocrx_word' id='word_1_397' title='bbox 1995 2065 2330 2133; x_wconf 85' lang='lat' dir='ltr'><strong>tellignntur,</strong></span> <span class='ocrx_word' id='word_1_398' title='bbox 2383 2079 2568 2117; x_wconf 89' lang='lat' dir='ltr'><strong>eorum</strong></span> <span class='ocrx_word' id='word_1_399' title='bbox 2627 2062 3038 2133; x_wconf 86' lang='lat' dir='ltr'><strong>participatione</strong></span> <span class='ocrx_word' id='word_1_400' title='bbox 3085 2062 3406 2116; x_wconf 84' lang='lat' dir='ltr'><strong>subsistunt.</strong></span> <span class='ocrx_word' id='word_1_401' title='bbox 3457 2059 3575 2130; x_wconf 81' lang='lat' dir='ltr'><strong>Ipsa</strong></span> 
     </span>
    </p>
   </div>
   <div class='ocr_carea' id='block_1_50' title="bbox 1992 2152 3578 2218">
    <p class='ocr_par' dir='ltr' id='par_1_50' title="bbox 1992 2152 3578 2218">
     <span class='ocr_line' id='line_1_50' title="bbox 1992 2152 3578 2218; baseline -0.004 -8"><span class='ocrx_word' id='word_1_402' title='bbox 1992 2170 2122 2210; x_wconf 85' lang='lat' dir='ltr'><strong>vero</strong></span> <span class='ocrx_word' id='word_1_403' title='bbox 2149 2156 2306 2209; x_wconf 91' lang='lat' dir='ltr'><strong>unius</strong></span> <span class='ocrx_word' id='word_1_404' title='bbox 2327 2156 2698 2209; x_wconf 87' lang='lat' dir='ltr'><strong>universorum</strong></span> <span class='ocrx_word' id='word_1_405' title='bbox 2726 2167 2943 2218; x_wconf 86' lang='lat' dir='ltr'><strong>causae,</strong></span> <span class='ocrx_word' id='word_1_406' title='bbox 2969 2160 3210 2207; x_wconf 79' lang='lat' dir='ltr'><strong>summae</strong></span> <span class='ocrx_word' id='word_1_407' title='bbox 3239 2152 3486 2206; x_wconf 67' lang='lat' dir='ltr'><strong>Videlicet</strong></span> <span class='ocrx_word' id='word_1_408' title='bbox 3512 2165 3578 2204; x_wconf 82' lang='lat' dir='ltr'><strong>ac</strong></span> 
     </span>
    </p>
   </div>
   <div class='ocr_carea' id='block_1_51' title="bbox 1993 2242 3579 2315">
    <p class='ocr_par' dir='ltr' id='par_1_51' title="bbox 1993 2242 3579 2315">
     <span class='ocr_line' id='line_1_51' title="bbox 1993 2242 3579 2315; baseline -0.003 -16"><span class='ocrx_word' id='word_1_409' title='bbox 1993 2255 2213 2299; x_wconf 87' lang='lat' dir='ltr'><strong>sanetae</strong></span> <span class='ocrx_word' id='word_1_410' title='bbox 2252 2242 2557 2310; x_wconf 82' lang='lat' dir='ltr'><strong>Trinitatis,</strong></span> <span class='ocrx_word' id='word_1_411' title='bbox 2583 2244 3022 2315; x_wconf 88' lang='lat' dir='ltr'><strong>participationes</strong></span> <span class='ocrx_word' id='word_1_412' title='bbox 3063 2251 3209 2307; x_wconf 90' lang='lat' dir='ltr'><strong>sunt,</strong></span> <span class='ocrx_word' id='word_1_413' title='bbox 3251 2251 3413 2312; x_wconf 87' lang='lat' dir='ltr'><strong>atque</strong></span> <span class='ocrx_word' id='word_1_414' title='bbox 3457 2242 3579 2297; x_wconf 86' lang='lat' dir='ltr'><strong>ideo</strong></span> 
     </span>
    </p>
   </div>
   <div class='ocr_carea' id='block_1_52' title="bbox 1994 2332 3575 2406">
    <p class='ocr_par' dir='ltr' id='par_1_52' title="bbox 1994 2332 3575 2406">
     <span class='ocr_line' id='line_1_52' title="bbox 1994 2332 3575 2406; baseline -0.001 -19"><span class='ocrx_word' id='word_1_415' title='bbox 1994 2351 2093 2406; x_wconf 90' lang='lat' dir='ltr'><strong>per</strong></span> <span class='ocrx_word' id='word_1_416' title='bbox 2117 2350 2176 2390; x_wconf 90' lang='lat' dir='ltr'><strong>se</strong></span> <span class='ocrx_word' id='word_1_417' title='bbox 2205 2335 2458 2389; x_wconf 86' lang='lat' dir='ltr'><strong>dicuntur</strong></span> <span class='ocrx_word' id='word_1_418' title='bbox 2499 2348 2638 2398; x_wconf 88' lang='lat' dir='ltr'><strong>esse,</strong></span> <span class='ocrx_word' id='word_1_419' title='bbox 2683 2335 2808 2404; x_wconf 88' lang='lat' dir='ltr'><strong>quia</strong></span> <span class='ocrx_word' id='word_1_420' title='bbox 2832 2334 2978 2387; x_wconf 88' lang='lat' dir='ltr'><strong>nulla</strong></span> <span class='ocrx_word' id='word_1_421' title='bbox 3010 2342 3261 2388; x_wconf 85' lang='lat' dir='ltr'><strong>creatura</strong></span> <span class='ocrx_word' id='word_1_422' title='bbox 3289 2333 3432 2387; x_wconf 89' lang='lat' dir='ltr'><strong>inter</strong></span> <span class='ocrx_word' id='word_1_423' title='bbox 3462 2332 3575 2400; x_wconf 80' lang='lat' dir='ltr'><strong>ipsa</strong></span> 
     </span>
    </p>
   </div>
   <div class='ocr_carea' id='block_1_53' title="bbox 1994 2422 3573 2492">
    <p class='ocr_par' dir='ltr' id='par_1_53' title="bbox 1994 2422 3573 2492">
     <span class='ocr_line' id='line_1_53' title="bbox 1994 2422 3573 2492; baseline -0.004 -10"><span class='ocrx_word' id='word_1_424' title='bbox 1994 2436 2049 2483; x_wconf 91' lang='lat' dir='ltr'><strong>et</strong></span> <span class='ocrx_word' id='word_1_425' title='bbox 2075 2441 2235 2480; x_wconf 84' lang='lat' dir='ltr'><strong>unain</strong></span> <span class='ocrx_word' id='word_1_426' title='bbox 2262 2426 2502 2480; x_wconf 87' lang='lat' dir='ltr'><strong>ontninm</strong></span> <span class='ocrx_word' id='word_1_427' title='bbox 2539 2438 2756 2477; x_wconf 84' lang='lat' dir='ltr'><strong>causam</strong></span> <span class='ocrx_word' id='word_1_428' title='bbox 2794 2424 3108 2492; x_wconf 88' lang='lat' dir='ltr'><strong>interposita</strong></span> <span class='ocrx_word' id='word_1_429' title='bbox 3137 2432 3242 2477; x_wconf 91' lang='lat' dir='ltr'><strong>est.</strong></span> <span class='ocrx_word' id='word_1_430' title='bbox 3279 2422 3346 2476; x_wconf 83' lang='lat' dir='ltr'><strong>Et</strong></span> <span class='ocrx_word' id='word_1_431' title='bbox 3379 2424 3433 2476; x_wconf 88' lang='lat' dir='ltr'><strong>in</strong></span> <span class='ocrx_word' id='word_1_432' title='bbox 3460 2422 3573 2492; x_wconf 72' lang='lat' dir='ltr'><strong>ipsa</strong></span> 
     </span>
    </p>
   </div>
   <div class='ocr_carea' id='block_1_54' title="bbox 1994 2512 3574 2583">
    <p class='ocr_par' dir='ltr' id='par_1_54' title="bbox 1994 2512 3574 2583">
     <span class='ocr_line' id='line_1_54' title="bbox 1994 2512 3574 2583; baseline -0.005 -9"><span class='ocrx_word' id='word_1_433' title='bbox 1994 2519 2120 2574; x_wconf 88' lang='lat' dir='ltr'><strong>dum</strong></span> <span class='ocrx_word' id='word_1_434' title='bbox 2160 2516 2572 2571; x_wconf 90' lang='lat' dir='ltr'><strong>immutabiliter</strong></span> <span class='ocrx_word' id='word_1_435' title='bbox 2612 2515 2931 2577; x_wconf 88' lang='lat' dir='ltr'><strong>subsistunt,</strong></span> <span class='ocrx_word' id='word_1_436' title='bbox 2968 2512 3343 2583; x_wconf 88' lang='lat' dir='ltr'><strong>primordiales</strong></span> <span class='ocrx_word' id='word_1_437' title='bbox 3379 2527 3574 2567; x_wconf 66' lang='lat' dir='ltr'><strong>causa</strong></span> 
     </span>
    </p>
   </div>
   <div class='ocr_carea' id='block_1_55' title="bbox 1991 2604 3574 2675">
    <p class='ocr_par' dir='ltr' id='par_1_55' title="bbox 1991 2604 3574 2675">
     <span class='ocr_line' id='line_1_55' title="bbox 1991 2604 3574 2675; baseline -0.005 -11"><span class='ocrx_word' id='word_1_438' title='bbox 1991 2611 2215 2664; x_wconf 88' lang='lat' dir='ltr'><strong>aliarum</strong></span> <span class='ocrx_word' id='word_1_439' title='bbox 2260 2623 2546 2663; x_wconf 87' lang='lat' dir='ltr'><strong>causarum</strong></span> <span class='ocrx_word' id='word_1_440' title='bbox 2596 2607 2935 2675; x_wconf 85' lang='lat' dir='ltr'><strong>sequentium</strong></span> <span class='ocrx_word' id='word_1_441' title='bbox 2984 2620 3043 2660; x_wconf 89' lang='lat' dir='ltr'><strong>se</strong></span> <span class='ocrx_word' id='word_1_442' title='bbox 3082 2614 3207 2659; x_wconf 88' lang='lat' dir='ltr'><strong>sunt</strong></span> <span class='ocrx_word' id='word_1_443' title='bbox 3231 2604 3278 2635; x_wconf 80' lang='lat'>&quot;</span> <span class='ocrx_word' id='word_1_444' title='bbox 3302 2618 3473 2674; x_wconf 85' lang='lat' dir='ltr'><strong>usque</strong></span> <span class='ocrx_word' id='word_1_445' title='bbox 3507 2605 3574 2656; x_wconf 87' lang='lat' dir='ltr'><strong>ad</strong></span> 
     </span>
    </p>
   </div>
   <div class='ocr_carea' id='block_1_56' title="bbox 1996 2692 3573 2755">
    <p class='ocr_par' dir='ltr' id='par_1_56' title="bbox 1996 2692 3573 2755">
     <span class='ocr_line' id='line_1_56' title="bbox 1996 2692 3573 2755; baseline -0.007 0"><span class='ocrx_word' id='word_1_446' title='bbox 1996 2710 2270 2755; x_wconf 79' lang='lat' dir='ltr'><strong>extremos</strong></span> <span class='ocrx_word' id='word_1_447' title='bbox 2293 2700 2455 2751; x_wconf 90' lang='lat' dir='ltr'><strong>totius</strong></span> <span class='ocrx_word' id='word_1_448' title='bbox 2479 2706 2701 2750; x_wconf 86' lang='lat' dir='ltr'><strong>naturae</strong></span> <span class='ocrx_word' id='word_1_449' title='bbox 2728 2696 2975 2751; x_wconf 86' lang='lat' dir='ltr'><strong>conditae</strong></span> <span class='ocrx_word' id='word_1_450' title='bbox 2995 2695 3123 2749; x_wconf 90' lang='lat' dir='ltr'><strong>etin</strong></span> <span class='ocrx_word' id='word_1_451' title='bbox 3149 2692 3415 2747; x_wconf 76' lang='lat' dir='ltr'><strong>inﬁnitum</strong></span> <span class='ocrx_word' id='word_1_452' title='bbox 3440 2692 3573 2746; x_wconf 84' lang='lat' dir='ltr'><strong>mul-</strong></span> 
     </span>
    </p>
   </div>
   <div class='ocr_carea' id='block_1_57' title="bbox 1993 2780 3569 2858">
    <p class='ocr_par' dir='ltr' id='par_1_57' title="bbox 1993 2780 3569 2858">
     <span class='ocr_line' id='line_1_57' title="bbox 1993 2780 3569 2858; baseline -0.005 -15"><span class='ocrx_word' id='word_1_453' title='bbox 1993 2790 2261 2858; x_wconf 88' lang='lat' dir='ltr'><strong>tiplicatae</strong></span> <span class='ocrx_word' id='word_1_454' title='bbox 2286 2788 2566 2849; x_wconf 88' lang='lat' dir='ltr'><strong>terminos,</strong></span> <span class='ocrx_word' id='word_1_455' title='bbox 2582 2786 2634 2839; x_wconf 92' lang='lat' dir='ltr'><strong>in</strong></span> <span class='ocrx_word' id='word_1_456' title='bbox 2651 2786 2695 2824; x_wconf 75' lang='grc'><strong>³⁸</strong></span> <span class='ocrx_word' id='word_1_457' title='bbox 2720 2785 2984 2840; x_wconf 87' lang='lat' dir='ltr'><strong>inlinitnm</strong></span> <span class='ocrx_word' id='word_1_458' title='bbox 3008 2784 3148 2846; x_wconf 90' lang='lat' dir='ltr'><strong>dico,</strong></span> <span class='ocrx_word' id='word_1_459' title='bbox 3176 2798 3281 2837; x_wconf 89' lang='lat' dir='ltr'><strong>non</strong></span> <span class='ocrx_word' id='word_1_460' title='bbox 3304 2780 3569 2842; x_wconf 80' lang='lat' dir='ltr'><strong>Creatori.</strong></span> 
     </span>
    </p>
   </div>
   <div class='ocr_carea' id='block_1_58' title="bbox 1991 2875 3577 2945">
    <p class='ocr_par' dir='ltr' id='par_1_58' title="bbox 1991 2875 3577 2945">
     <span class='ocr_line' id='line_1_58' title="bbox 1991 2875 3577 2945; baseline -0.005 -12"><span class='ocrx_word' id='word_1_461' title='bbox 1991 2881 2084 2935; x_wconf 85' lang='lat' dir='ltr'><strong>sed</strong></span> <span class='ocrx_word' id='word_1_462' title='bbox 2119 2889 2435 2941; x_wconf 87' lang='lat' dir='ltr'><strong>creaturae;</strong></span> <span class='ocrx_word' id='word_1_463' title='bbox 2476 2877 2597 2931; x_wconf 78' lang='lat' dir='ltr'><strong>[iiiis</strong></span> <span class='ocrx_word' id='word_1_464' title='bbox 2626 2878 2770 2931; x_wconf 89' lang='lat' dir='ltr'><strong>enim</strong></span> <span class='ocrx_word' id='word_1_465' title='bbox 2801 2875 3263 2945; x_wconf 87' lang='lat' dir='ltr'><strong>tnultiplicationis</strong></span> <span class='ocrx_word' id='word_1_466' title='bbox 3297 2884 3577 2929; x_wconf 83' lang='lat' dir='ltr'><strong>creatura-</strong></span> 
     </span>
    </p>
   </div>
   <div class='ocr_carea' id='block_1_59' title="bbox 1993 2961 3578 3040">
    <p class='ocr_par' dir='ltr' id='par_1_59' title="bbox 1993 2961 3578 3040">
     <span class='ocr_line' id='line_1_59' title="bbox 1993 2961 3578 3040; baseline -0.005 -15"><span class='ocrx_word' id='word_1_467' title='bbox 1993 2985 2108 3025; x_wconf 91' lang='lat' dir='ltr'><strong>rum</strong></span> <span class='ocrx_word' id='word_1_468' title='bbox 2133 2970 2231 3025; x_wconf 87' lang='lat' dir='ltr'><strong>soli</strong></span> <span class='ocrx_word' id='word_1_469' title='bbox 2259 2969 2501 3024; x_wconf 78' lang='lat' dir='ltr'><strong>Creatori</strong></span> <span class='ocrx_word' id='word_1_470' title='bbox 2525 2971 2772 3040; x_wconf 86' lang='lat' dir='ltr'><strong>cognitus</strong></span> <span class='ocrx_word' id='word_1_471' title='bbox 2795 2976 2901 3031; x_wconf 86' lang='lat' dir='ltr'><strong>est,</strong></span> <span class='ocrx_word' id='word_1_472' title='bbox 2924 2965 3047 3035; x_wconf 89' lang='lat' dir='ltr'><strong>quia</strong></span> <span class='ocrx_word' id='word_1_473' title='bbox 3077 2966 3194 3034; x_wconf 88' lang='lat' dir='ltr'><strong>ipse</strong></span> <span class='ocrx_word' id='word_1_474' title='bbox 3218 2974 3273 3019; x_wconf 89' lang='lat' dir='ltr'><strong>et</strong></span> <span class='ocrx_word' id='word_1_475' title='bbox 3298 2979 3406 3019; x_wconf 90' lang='lat' dir='ltr'><strong>non</strong></span> <span class='ocrx_word' id='word_1_476' title='bbox 3436 2961 3578 3017; x_wconf 81' lang='lat' dir='ltr'><strong>alius</strong></span> 
     </span>
    </p>
   </div>
   <div class='ocr_carea' id='block_1_60' title="bbox 1990 3058 3576 3128">
    <p class='ocr_par' dir='ltr' id='par_1_60' title="bbox 1990 3058 3576 3128">
     <span class='ocr_line' id='line_1_60' title="bbox 1990 3058 3576 3128; baseline -0.003 -12"><span class='ocrx_word' id='word_1_477' title='bbox 1990 3070 2093 3116; x_wconf 88' lang='lat' dir='ltr'><strong>est.</strong></span> <span class='ocrx_word' id='word_1_478' title='bbox 2146 3059 2283 3114; x_wconf 89' lang='lat' dir='ltr'><strong>Sunt</strong></span> <span class='ocrx_word' id='word_1_479' title='bbox 2332 3058 2496 3128; x_wconf 82' lang='lat' dir='ltr'><strong>igitur</strong></span> <span class='ocrx_word' id='word_1_480' title='bbox 2528 3058 2903 3127; x_wconf 87' lang='lat' dir='ltr'><strong>primordiales</strong></span> <span class='ocrx_word' id='word_1_481' title='bbox 2940 3072 3168 3123; x_wconf 84' lang='lat' dir='ltr'><strong>causae,</strong></span> <span class='ocrx_word' id='word_1_482' title='bbox 3211 3072 3350 3128; x_wconf 87' lang='lat' dir='ltr'><strong>quas</strong></span> <span class='ocrx_word' id='word_1_483' title='bbox 3396 3072 3576 3112; x_wconf 88' lang='lat' dir='ltr'><strong>rerum</strong></span> 
     </span>
    </p>
   </div>
   <div class='ocr_carea' id='block_1_61' title="bbox 307 3144 3576 3227">
    <p class='ocr_par' dir='ltr' id='par_1_61' title="bbox 307 3144 3576 3227">
     <span class='ocr_line' id='line_1_61' title="bbox 307 3144 3576 3227; baseline -0.005 -9"><span class='ocrx_word' id='word_1_484' title='bbox 307 3164 506 3218; x_wconf 85' lang='lat' dir='ltr'><strong>cativae</strong></span> <span class='ocrx_word' id='word_1_485' title='bbox 535 3162 577 3194; x_wconf 72' lang='grc'><strong>’⁸</strong></span> <span class='ocrx_word' id='word_1_486' title='bbox 604 3161 804 3216; x_wconf 72' lang='lat' dir='ltr'><strong>virtutis</strong></span> <span class='ocrx_word' id='word_1_487' title='bbox 835 3159 1247 3227; x_wconf 83' lang='lat' dir='ltr'><strong>coessentiaeque</strong></span> <span class='ocrx_word' id='word_1_488' title='bbox 1275 3157 1317 3188; x_wconf 84' lang='grc'><strong>¹⁹</strong></span> <span class='ocrx_word' id='word_1_489' title='bbox 1352 3158 1405 3210; x_wconf 89' lang='lat' dir='ltr'><strong>in</strong></span> <span class='ocrx_word' id='word_1_490' title='bbox 1427 3156 1749 3218; x_wconf 80' lang='lat' dir='ltr'><strong>substantiis,</strong></span> <span class='ocrx_word' id='word_1_491' title='bbox 1786 3168 1888 3206; x_wconf 87' lang='lat' dir='ltr'><strong>non</strong></span> <span class='ocrx_word' id='word_1_492' title='bbox 1917 3144 1958 3203; x_wconf 87' lang='lat' dir='ltr'><strong>C</strong></span> <span class='ocrx_word' id='word_1_493' title='bbox 1991 3151 2229 3205; x_wconf 90' lang='lat' dir='ltr'><strong>omnium</strong></span> <span class='ocrx_word' id='word_1_494' title='bbox 2257 3150 2518 3219; x_wconf 87' lang='lat' dir='ltr'><strong>principia</strong></span> <span class='ocrx_word' id='word_1_495' title='bbox 2556 3149 2723 3203; x_wconf 80' lang='lat' dir='ltr'><strong>divini</strong></span> <span class='ocrx_word' id='word_1_496' title='bbox 2750 3151 3018 3217; x_wconf 89' lang='lat' dir='ltr'><strong>sapientes</strong></span> <span class='ocrx_word' id='word_1_497' title='bbox 3042 3149 3336 3219; x_wconf 86' lang='lat' dir='ltr'><strong>appellant,</strong></span> <span class='ocrx_word' id='word_1_498' title='bbox 3374 3163 3471 3219; x_wconf 88' lang='lat' dir='ltr'><strong>per</strong></span> <span class='ocrx_word' id='word_1_499' title='bbox 3491 3162 3576 3204; x_wconf 82' lang='lat' dir='ltr'><strong>so-</strong></span> 
     </span>
    </p>
   </div>
   <div class='ocr_carea' id='block_1_62' title="bbox 310 3240 1883 3321">
    <p class='ocr_par' dir='ltr' id='par_1_62' title="bbox 310 3240 1883 3321">
     <span class='ocr_line' id='line_1_62' title="bbox 310 3240 1883 3321; baseline -0.01 -16"><span class='ocrx_word' id='word_1_500' title='bbox 310 3261 364 3305; x_wconf 88' lang='lat' dir='ltr'><strong>ut</strong></span> <span class='ocrx_word' id='word_1_501' title='bbox 390 3252 729 3321; x_wconf 83' lang='lat' dir='ltr'><strong>compositum</strong></span> <span class='ocrx_word' id='word_1_502' title='bbox 758 3264 824 3302; x_wconf 74' lang='lat' dir='ltr'><strong>ex</strong></span> <span class='ocrx_word' id='word_1_503' title='bbox 846 3248 925 3301; x_wconf 86' lang='lat' dir='ltr'><strong>his</strong></span> <span class='ocrx_word' id='word_1_504' title='bbox 950 3247 1268 3315; x_wconf 85' lang='lat' dir='ltr'><strong>suscipiatur</strong></span> <span class='ocrx_word' id='word_1_505' title='bbox 1287 3244 1539 3303; x_wconf 73' lang='lat' dir='ltr'><strong>divinum,</strong></span> <span class='ocrx_word' id='word_1_506' title='bbox 1569 3242 1721 3311; x_wconf 86' lang='lat' dir='ltr'><strong>quasi</strong></span> <span class='ocrx_word' id='word_1_507' title='bbox 1748 3240 1883 3291; x_wconf 87' lang='lat' dir='ltr'><strong>acci-</strong></span> 
     </span>
    </p>
   </div>
   <div class='ocr_carea' id='block_1_63' title="bbox 308 3328 1886 3395">
    <p class='ocr_par' dir='ltr' id='par_1_63' title="bbox 308 3328 1886 3395">
     <span class='ocr_line' id='line_1_63' title="bbox 308 3328 1886 3395; baseline -0.01 0"><span class='ocrx_word' id='word_1_508' title='bbox 308 3343 551 3395; x_wconf 81' lang='lat' dir='ltr'><strong>dentibus</strong></span> <span class='ocrx_word' id='word_1_509' title='bbox 576 3350 622 3392; x_wconf 90' lang='lat' dir='ltr'><strong>et</strong></span> <span class='ocrx_word' id='word_1_510' title='bbox 648 3350 750 3392; x_wconf 85' lang='lat' dir='ltr'><strong>non</strong></span> <span class='ocrx_word' id='word_1_511' title='bbox 777 3340 832 3391; x_wconf 87' lang='lat' dir='ltr'><strong>in</strong></span> <span class='ocrx_word' id='word_1_512' title='bbox 858 3338 933 3391; x_wconf 88' lang='lat' dir='ltr'><strong>eis</strong></span> <span class='ocrx_word' id='word_1_513' title='bbox 968 3336 1249 3389; x_wconf 81' lang='lat' dir='ltr'><strong>subsistens</strong></span> <span class='ocrx_word' id='word_1_514' title='bbox 1275 3332 1538 3386; x_wconf 80' lang='lat' dir='ltr'><strong>credatur.</strong></span> <span class='ocrx_word' id='word_1_515' title='bbox 1566 3328 1762 3383; x_wconf 75' lang='lat' dir='ltr'><strong>Movcri</strong></span> <span class='ocrx_word' id='word_1_516' title='bbox 1784 3328 1886 3380; x_wconf 84' lang='lat' dir='ltr'><strong>ita-</strong></span> 
     </span>
    </p>
   </div>
   <div class='ocr_carea' id='block_1_64' title="bbox 306 3425 1886 3503">
    <p class='ocr_par' dir='ltr' id='par_1_64' title="bbox 306 3425 1886 3503">
     <span class='ocr_line' id='line_1_64' title="bbox 306 3425 1886 3503; baseline -0.008 -19"><span class='ocrx_word' id='word_1_517' title='bbox 306 3446 407 3503; x_wconf 85' lang='lat' dir='ltr'><strong>que</strong></span> <span class='ocrx_word' id='word_1_518' title='bbox 437 3428 695 3482; x_wconf 78' lang='lat' dir='ltr'><strong>Dirinitas</strong></span> <span class='ocrx_word' id='word_1_519' title='bbox 720 3427 915 3480; x_wconf 83' lang='lat' dir='ltr'><strong>dicitur</strong></span> <span class='ocrx_word' id='word_1_520' title='bbox 933 3465 947 3489; x_wconf 96' lang='lat'><strong>,</strong></span> <span class='ocrx_word' id='word_1_521' title='bbox 974 3440 1133 3478; x_wconf 86' lang='lat' dir='ltr'><strong>causa</strong></span> <span class='ocrx_word' id='word_1_522' title='bbox 1163 3425 1349 3495; x_wconf 82' lang='lat' dir='ltr'><strong>quippe</strong></span> <span class='ocrx_word' id='word_1_523' title='bbox 1370 3432 1464 3484; x_wconf 84' lang='lat' dir='ltr'><strong>est,</strong></span> <span class='ocrx_word' id='word_1_524' title='bbox 1496 3437 1587 3489; x_wconf 78' lang='lat' dir='ltr'><strong>per</strong></span> <span class='ocrx_word' id='word_1_525' title='bbox 1606 3434 1753 3490; x_wconf 85' lang='lat' dir='ltr'><strong>quem</strong></span> <span class='ocrx_word' id='word_1_526' title='bbox 1776 3434 1886 3471; x_wconf 77' lang='grc' dir='ltr'><strong>ηιοο</strong></span> 
     </span>
    </p>
   </div>
   <div class='ocr_carea' id='block_1_65' title="bbox 309 3508 1885 3586">
    <p class='ocr_par' dir='ltr' id='par_1_65' title="bbox 309 3508 1885 3586">
     <span class='ocr_line' id='line_1_65' title="bbox 309 3508 1885 3586; baseline -0.009 -13"><span class='ocrx_word' id='word_1_527' title='bbox 309 3519 433 3573; x_wconf 86' lang='lat' dir='ltr'><strong>dum</strong></span> <span class='ocrx_word' id='word_1_528' title='bbox 478 3517 711 3573; x_wconf 80' lang='lat' dir='ltr'><strong>subsistit</strong></span> <span class='ocrx_word' id='word_1_529' title='bbox 757 3514 1141 3586; x_wconf 83' lang='lat' dir='ltr'><strong>inquisitionis;</strong></span> <span class='ocrx_word' id='word_1_530' title='bbox 1186 3527 1308 3567; x_wconf 77' lang='lat' dir='ltr'><strong>nam</strong></span> <span class='ocrx_word' id='word_1_531' title='bbox 1354 3513 1465 3564; x_wconf 83' lang='lat' dir='ltr'><strong>sine</strong></span> <span class='ocrx_word' id='word_1_532' title='bbox 1502 3508 1885 3563; x_wconf 84' lang='lat' dir='ltr'><strong>illuminatione</strong></span> 
     </span>
    </p>
   </div>
   <div class='ocr_carea' id='block_1_66' title="bbox 306 3596 1887 3670">
    <p class='ocr_par' dir='ltr' id='par_1_66' title="bbox 306 3596 1887 3670">
     <span class='ocr_line' id='line_1_66' title="bbox 306 3596 1887 3670; baseline -0.009 -9"><span class='ocrx_word' id='word_1_533' title='bbox 306 3608 499 3663; x_wconf 82' lang='lat' dir='ltr'><strong>intueri</strong></span> <span class='ocrx_word' id='word_1_534' title='bbox 554 3602 889 3660; x_wconf 81' lang='lat' dir='ltr'><strong>&#39;Divinitatem</strong></span> <span class='ocrx_word' id='word_1_535' title='bbox 934 3600 1331 3670; x_wconf 86' lang='lat' dir='ltr'><strong>impossibilium</strong></span> <span class='ocrx_word' id='word_1_536' title='bbox 1365 3609 1459 3653; x_wconf 87' lang='lat' dir='ltr'><strong>est.</strong></span> <span class='ocrx_word' id='word_1_537' title='bbox 1510 3596 1639 3652; x_wconf 76' lang='lat' dir='ltr'><strong>Item</strong></span> <span class='ocrx_word' id='word_1_538' title='bbox 1694 3597 1887 3648; x_wconf 82' lang='lat' dir='ltr'><strong>dicitur</strong></span> 
     </span>
    </p>
   </div>
   <div class='ocr_carea' id='block_1_67' title="bbox 310 3687 1885 3768">
    <p class='ocr_par' dir='ltr' id='par_1_67' title="bbox 310 3687 1885 3768">
     <span class='ocr_line' id='line_1_67' title="bbox 310 3687 1885 3768; baseline -0.008 -16"><span class='ocrx_word' id='word_1_539' title='bbox 310 3699 504 3753; x_wconf 72' lang='lat' dir='ltr'><strong>moveri</strong></span> <span class='ocrx_word' id='word_1_540' title='bbox 532 3713 625 3768; x_wconf 91' lang='lat' dir='ltr'><strong>per</strong></span> <span class='ocrx_word' id='word_1_541' title='bbox 646 3693 1118 3765; x_wconf 76' lang='lat' dir='ltr'><strong>manifestationem</strong></span> <span class='ocrx_word' id='word_1_542' title='bbox 1149 3690 1542 3761; x_wconf 80' lang='lat' dir='ltr'><strong>particulariter</strong></span> <span class='ocrx_word' id='word_1_543' title='bbox 1563 3687 1885 3757; x_wconf 78' lang='lat' dir='ltr'><strong>perfectioris</strong></span> 
     </span>
    </p>
   </div>
   <div class='ocr_carea' id='block_1_68' title="bbox 308 3778 1884 3859">
    <p class='ocr_par' dir='ltr' id='par_1_68' title="bbox 308 3778 1884 3859">
     <span class='ocr_line' id='line_1_68' title="bbox 308 3778 1884 3859; baseline -0.009 -14"><span class='ocrx_word' id='word_1_544' title='bbox 308 3792 374 3844; x_wconf 84' lang='lat' dir='ltr'><strong>de</strong></span> <span class='ocrx_word' id='word_1_545' title='bbox 401 3792 515 3859; x_wconf 85' lang='lat' dir='ltr'><strong>ipsa</strong></span> <span class='ocrx_word' id='word_1_546' title='bbox 546 3779 764 3841; x_wconf 75' lang='lat' dir='ltr'><strong>rationis</strong></span> <span class='ocrx_word' id='word_1_547' title='bbox 792 3785 1074 3841; x_wconf 85' lang='lat' dir='ltr'><strong>secundum</strong></span> <span class='ocrx_word' id='word_1_548' title='bbox 1106 3797 1310 3839; x_wconf 87' lang='lat' dir='ltr'><strong>sacram</strong></span> <span class='ocrx_word' id='word_1_549' title='bbox 1348 3780 1674 3849; x_wconf 86' lang='lat' dir='ltr'><strong>Scripturam</strong></span> <span class='ocrx_word' id='word_1_550' title='bbox 1707 3778 1772 3831; x_wconf 87' lang='lat' dir='ltr'><strong>ab</strong></span> <span class='ocrx_word' id='word_1_551' title='bbox 1803 3779 1884 3831; x_wconf 88' lang='lat' dir='ltr'><strong>in-</strong></span> 
     </span>
    </p>
   </div>
   <div class='ocr_carea' id='block_1_69' title="bbox 308 3870 1885 3949">
    <p class='ocr_par' dir='ltr' id='par_1_69' title="bbox 308 3870 1885 3949">
     <span class='ocr_line' id='line_1_69' title="bbox 308 3870 1885 3949; baseline -0.008 -12"><span class='ocrx_word' id='word_1_552' title='bbox 308 3883 529 3938; x_wconf 81' lang='lat' dir='ltr'><strong>choante</strong></span> <span class='ocrx_word' id='word_1_553' title='bbox 558 3881 767 3936; x_wconf 88' lang='lat' dir='ltr'><strong>Patrem</strong></span> <span class='ocrx_word' id='word_1_554' title='bbox 788 3879 1020 3949; x_wconf 75' lang='lat' dir='ltr'><strong>conﬁteri</strong></span> <span class='ocrx_word' id='word_1_555' title='bbox 1043 3888 1088 3931; x_wconf 91' lang='lat' dir='ltr'><strong>et</strong></span> <span class='ocrx_word' id='word_1_556' title='bbox 1123 3883 1451 3947; x_wconf 69' lang='lat' dir='ltr'><strong>promovente</strong></span> <span class='ocrx_word' id='word_1_557' title='bbox 1476 3873 1543 3926; x_wconf 88' lang='lat' dir='ltr'><strong>ad</strong></span> <span class='ocrx_word' id='word_1_558' title='bbox 1569 3870 1615 3903; x_wconf 71' lang='grc' dir='ltr'><strong>’θ</strong></span> <span class='ocrx_word' id='word_1_559' title='bbox 1636 3872 1885 3941; x_wconf 77' lang='lat' dir='ltr'><strong>conﬁten-</strong></span> 
     </span>
    </p>
   </div>
   <div class='ocr_carea' id='block_1_70' title="bbox 310 3954 1887 4033">
    <p class='ocr_par' dir='ltr' id='par_1_70' title="bbox 310 3954 1887 4033">
     <span class='ocr_line' id='line_1_70' title="bbox 310 3954 1887 4033; baseline -0.009 -4"><span class='ocrx_word' id='word_1_560' title='bbox 310 3974 436 4031; x_wconf 75' lang='lat' dir='ltr'><strong>dum</strong></span> <span class='ocrx_word' id='word_1_561' title='bbox 462 3986 576 4025; x_wconf 84' lang='lat' dir='ltr'><strong>cum</strong></span> <span class='ocrx_word' id='word_1_562' title='bbox 594 3969 756 4025; x_wconf 85' lang='lat' dir='ltr'><strong>Patre</strong></span> <span class='ocrx_word' id='word_1_563' title='bbox 773 3968 820 4023; x_wconf 83' lang='lat' dir='ltr'><strong><em>F</em></strong></span> <span class='ocrx_word' id='word_1_564' title='bbox 823 3969 991 4033; x_wconf 85' lang='lat' dir='ltr'><strong>ilium,</strong></span> <span class='ocrx_word' id='word_1_565' title='bbox 1016 3977 1062 4021; x_wconf 91' lang='lat' dir='ltr'><strong>et</strong></span> <span class='ocrx_word' id='word_1_566' title='bbox 1080 3982 1195 4022; x_wconf 86' lang='lat' dir='ltr'><strong>cum</strong></span> <span class='ocrx_word' id='word_1_567' title='bbox 1210 3954 1385 4021; x_wconf 36' lang='lat' dir='ltr'><strong>.Patre</strong></span> <span class='ocrx_word' id='word_1_568' title='bbox 1410 3974 1457 4019; x_wconf 87' lang='lat' dir='ltr'><strong>et</strong></span> <span class='ocrx_word' id='word_1_569' title='bbox 1478 3962 1616 4017; x_wconf 84' lang='lat' dir='ltr'><strong>Filio</strong></span> <span class='ocrx_word' id='word_1_570' title='bbox 1634 3960 1887 4031; x_wconf 73' lang='lat' dir='ltr'><strong>Spiritum</strong></span> 
     </span>
    </p>
   </div>
   <div class='ocr_carea' id='block_1_71' title="bbox 236 4053 1883 4131">
    <p class='ocr_par' dir='ltr' id='par_1_71' title="bbox 236 4053 1883 4131">
     <span class='ocr_line' id='line_1_71' title="bbox 236 4053 1883 4131; baseline -0.008 -13"><span class='ocrx_word' id='word_1_571' title='bbox 236 4072 246 4080; x_wconf 87' lang='lat'>&#39;</span> <span class='ocrx_word' id='word_1_572' title='bbox 309 4071 550 4117; x_wconf 87' lang='lat' dir='ltr'><strong>sanctum</strong></span> <span class='ocrx_word' id='word_1_573' title='bbox 579 4061 961 4131; x_wconf 85' lang='lat' dir='ltr'><strong>accipiendum,</strong></span> <span class='ocrx_word' id='word_1_574' title='bbox 985 4067 1033 4111; x_wconf 91' lang='lat' dir='ltr'><strong>et</strong></span> <span class='ocrx_word' id='word_1_575' title='bbox 1061 4058 1347 4111; x_wconf 84' lang='lat' dir='ltr'><strong>coadorare</strong></span> <span class='ocrx_word' id='word_1_576' title='bbox 1373 4055 1602 4109; x_wconf 86' lang='lat' dir='ltr'><strong>eruditos</strong></span> <span class='ocrx_word' id='word_1_577' title='bbox 1626 4053 1883 4123; x_wconf 86' lang='lat' dir='ltr'><strong>pulsante,</strong></span> 
     </span>
    </p>
   </div>
   <div class='ocr_carea' id='block_1_72' title="bbox 310 4142 1887 4220">
    <p class='ocr_par' dir='ltr' id='par_1_72' title="bbox 310 4142 1887 4220">
     <span class='ocr_line' id='line_1_72' title="bbox 310 4142 1887 4220; baseline -0.006 -17"><span class='ocrx_word' id='word_1_578' title='bbox 310 4150 597 4204; x_wconf 84' lang='lat' dir='ltr'><strong>trinitatem</strong></span> <span class='ocrx_word' id='word_1_579' title='bbox 615 4148 896 4220; x_wconf 73' lang='lat' dir='ltr'><strong>perfectam</strong></span> <span class='ocrx_word' id='word_1_580' title='bbox 922 4148 980 4200; x_wconf 85' lang='lat' dir='ltr'><strong>in</strong></span> <span class='ocrx_word' id='word_1_581' title='bbox 1005 4148 1207 4200; x_wconf 88' lang='lat' dir='ltr'><strong>unitate</strong></span> <span class='ocrx_word' id='word_1_582' title='bbox 1231 4144 1482 4215; x_wconf 79' lang='lat' dir='ltr'><strong>perfecta,</strong></span> <span class='ocrx_word' id='word_1_583' title='bbox 1506 4142 1563 4197; x_wconf 89' lang='lat' dir='ltr'><strong>id</strong></span> <span class='ocrx_word' id='word_1_584' title='bbox 1603 4151 1698 4206; x_wconf 89' lang='lat' dir='ltr'><strong>est,</strong></span> <span class='ocrx_word' id='word_1_585' title='bbox 1730 4156 1887 4194; x_wconf 87' lang='lat' dir='ltr'><strong>unam</strong></span> 
     </span>
    </p>
   </div>
   <div class='ocr_carea' id='block_1_73' title="bbox 309 4228 1887 4304">
    <p class='ocr_par' dir='ltr' id='par_1_73' title="bbox 309 4228 1887 4304">
     <span class='ocr_line' id='line_1_73' title="bbox 309 4228 1887 4304; baseline -0.007 -8"><span class='ocrx_word' id='word_1_586' title='bbox 309 4241 586 4296; x_wconf 79' lang='lat' dir='ltr'><strong>essentiam</strong></span> <span class='ocrx_word' id='word_1_587' title='bbox 615 4251 660 4295; x_wconf 89' lang='lat' dir='ltr'><strong>et</strong></span> <span class='ocrx_word' id='word_1_588' title='bbox 688 4240 935 4293; x_wconf 84' lang='lat' dir='ltr'><strong>deitatem</strong></span> <span class='ocrx_word' id='word_1_589' title='bbox 979 4248 1027 4292; x_wconf 88' lang='lat' dir='ltr'><strong>et</strong></span> <span class='ocrx_word' id='word_1_590' title='bbox 1072 4237 1352 4304; x_wconf 81' lang='lat' dir='ltr'><strong>potentiam</strong></span> <span class='ocrx_word' id='word_1_591' title='bbox 1377 4244 1425 4288; x_wconf 86' lang='lat' dir='ltr'><strong>et</strong></span> <span class='ocrx_word' id='word_1_592' title='bbox 1453 4233 1806 4303; x_wconf 88' lang='lat' dir='ltr'><strong>operationem</strong></span> <span class='ocrx_word' id='word_1_593' title='bbox 1832 4228 1887 4285; x_wconf 81' lang='lat' dir='ltr'><strong>in</strong></span> 
     </span>
    </p>
   </div>
   <div class='ocr_carea' id='block_1_74' title="bbox 310 4324 1888 4398">
    <p class='ocr_par' dir='ltr' id='par_1_74' title="bbox 310 4324 1888 4398">
     <span class='ocr_line' id='line_1_74' title="bbox 310 4324 1888 4398; baseline -0.004 -15"><span class='ocrx_word' id='word_1_594' title='bbox 310 4330 477 4385; x_wconf 84' lang='lat' dir='ltr'><strong>tribus</strong></span> <span class='ocrx_word' id='word_1_595' title='bbox 519 4331 841 4385; x_wconf 84' lang='lat' dir='ltr'><strong>substantiis.</strong></span> <span class='ocrx_word' id='word_1_596' title='bbox 896 4328 991 4384; x_wconf 82' lang='lat' dir='ltr'><strong>His</strong></span> <span class='ocrx_word' id='word_1_597' title='bbox 1038 4330 1219 4398; x_wconf 88' lang='lat' dir='ltr'><strong>itaque</strong></span> <span class='ocrx_word' id='word_1_598' title='bbox 1266 4326 1357 4382; x_wconf 61' lang='lat' dir='ltr'><strong>de&#39;</strong></span> <span class='ocrx_word' id='word_1_599' title='bbox 1387 4337 1597 4381; x_wconf 86' lang='lat' dir='ltr'><strong>summa</strong></span> <span class='ocrx_word' id='word_1_600' title='bbox 1645 4324 1888 4378; x_wconf 90' lang='lat' dir='ltr'><strong>omnium</strong></span> 
     </span>
    </p>
   </div>
   <div class='ocr_carea' id='block_1_75' title="bbox 313 4416 1890 4488">
    <p class='ocr_par' dir='ltr' id='par_1_75' title="bbox 313 4416 1890 4488">
     <span class='ocr_line' id='line_1_75' title="bbox 313 4416 1890 4488; baseline -0.005 -13"><span class='ocrx_word' id='word_1_601' title='bbox 313 4434 476 4475; x_wconf 76' lang='lat' dir='ltr'><strong>causa</strong></span> <span class='ocrx_word' id='word_1_602' title='bbox 502 4435 785 4475; x_wconf 84' lang='lat' dir='ltr'><strong>causarum</strong></span> <span class='ocrx_word' id='word_1_603' title='bbox 809 4420 1104 4476; x_wconf 86' lang='lat' dir='ltr'><strong>secundum</strong></span> <span class='ocrx_word' id='word_1_604' title='bbox 1128 4419 1451 4488; x_wconf 83' lang='lat' dir='ltr'><strong>parvitatem</strong></span> <span class='ocrx_word' id='word_1_605' title='bbox 1475 4424 1693 4471; x_wconf 84' lang='lat' dir='ltr'><strong>nostrae</strong></span> <span class='ocrx_word' id='word_1_606' title='bbox 1715 4416 1890 4469; x_wconf 86' lang='lat' dir='ltr'><strong>inten-</strong></span> 
     </span>
    </p>
   </div>
   <div class='ocr_carea' id='block_1_76' title="bbox 1990 3240 3575 3311">
    <p class='ocr_par' dir='ltr' id='par_1_76' title="bbox 1990 3240 3575 3311">
     <span class='ocr_line' id='line_1_76' title="bbox 1990 3240 3575 3311; baseline -0.001 -15"><span class='ocrx_word' id='word_1_607' title='bbox 1990 3242 2159 3310; x_wconf 89' lang='lat' dir='ltr'><strong>ipsam</strong></span> <span class='ocrx_word' id='word_1_608' title='bbox 2192 3242 2424 3305; x_wconf 83' lang='lat' dir='ltr'><strong>bonitas,</strong></span> <span class='ocrx_word' id='word_1_609' title='bbox 2472 3255 2569 3309; x_wconf 84' lang='lat' dir='ltr'><strong>per</strong></span> <span class='ocrx_word' id='word_1_610' title='bbox 2614 3240 2846 3309; x_wconf 85' lang='lat' dir='ltr'><strong>seipsam</strong></span> <span class='ocrx_word' id='word_1_611' title='bbox 2893 3241 3158 3305; x_wconf 88' lang='lat' dir='ltr'><strong>essentia,</strong></span> <span class='ocrx_word' id='word_1_612' title='bbox 3198 3255 3294 3311; x_wconf 91' lang='lat' dir='ltr'><strong>per</strong></span> <span class='ocrx_word' id='word_1_613' title='bbox 3341 3240 3575 3311; x_wconf 86' lang='lat' dir='ltr'><strong>seipsam</strong></span> 
     </span>
    </p>
   </div>
   <div class='ocr_carea' id='block_1_77' title="bbox 1986 3330 3577 3405">
    <p class='ocr_par' dir='ltr' id='par_1_77' title="bbox 1986 3330 3577 3405">
     <span class='ocr_line' id='line_1_77' title="bbox 1986 3330 3577 3405; baseline 0 -21"><span class='ocrx_word' id='word_1_614' title='bbox 1986 3332 2119 3393; x_wconf 88' lang='lat' dir='ltr'><strong>vita,</strong></span> <span class='ocrx_word' id='word_1_615' title='bbox 2149 3345 2246 3405; x_wconf 89' lang='lat' dir='ltr'><strong>per</strong></span> <span class='ocrx_word' id='word_1_616' title='bbox 2274 3331 2505 3398; x_wconf 85' lang='lat' dir='ltr'><strong>seipsam</strong></span> <span class='ocrx_word' id='word_1_617' title='bbox 2533 3332 2796 3398; x_wconf 81' lang='lat' dir='ltr'><strong>sapientia</strong></span> <span class='ocrx_word' id='word_1_618' title='bbox 2816 3372 2828 3393; x_wconf 90' lang='lat'><strong>,</strong></span> <span class='ocrx_word' id='word_1_619' title='bbox 2856 3344 2952 3400; x_wconf 88' lang='lat' dir='ltr'><strong>per</strong></span> <span class='ocrx_word' id='word_1_620' title='bbox 2972 3331 3202 3398; x_wconf 89' lang='lat' dir='ltr'><strong>seipsam</strong></span> <span class='ocrx_word' id='word_1_621' title='bbox 3235 3330 3452 3393; x_wconf 88' lang='lat' dir='ltr'><strong>veritas,</strong></span> <span class='ocrx_word' id='word_1_622' title='bbox 3479 3344 3577 3399; x_wconf 82' lang='lat' dir='ltr'><strong>per</strong></span> 
     </span>
    </p>
   </div>
   <div class='ocr_carea' id='block_1_78' title="bbox 1987 3421 3573 3490">
    <p class='ocr_par' dir='ltr' id='par_1_78' title="bbox 1987 3421 3573 3490">
     <span class='ocr_line' id='line_1_78' title="bbox 1987 3421 3573 3490; baseline -0.001 -14"><span class='ocrx_word' id='word_1_623' title='bbox 1987 3422 2217 3490; x_wconf 84' lang='lat' dir='ltr'><strong>seipsam</strong></span> <span class='ocrx_word' id='word_1_624' title='bbox 2252 3421 2554 3474; x_wconf 86' lang='lat' dir='ltr'><strong>intellectus</strong></span> <span class='ocrx_word' id='word_1_625' title='bbox 2575 3460 2588 3483; x_wconf 94' lang='lat'><strong>,</strong></span> <span class='ocrx_word' id='word_1_626' title='bbox 2619 3434 2716 3489; x_wconf 90' lang='lat' dir='ltr'><strong>per</strong></span> <span class='ocrx_word' id='word_1_627' title='bbox 2748 3421 2979 3490; x_wconf 85' lang='lat' dir='ltr'><strong>seipsam</strong></span> <span class='ocrx_word' id='word_1_628' title='bbox 3008 3422 3149 3475; x_wconf 91' lang='lat' dir='ltr'><strong>ratio</strong></span> <span class='ocrx_word' id='word_1_629' title='bbox 3169 3460 3184 3485; x_wconf 94' lang='lat'><strong>,</strong></span> <span class='ocrx_word' id='word_1_630' title='bbox 3223 3430 3320 3490; x_wconf 85' lang='lat' dir='ltr'><strong>per</strong></span> <span class='ocrx_word' id='word_1_631' title='bbox 3341 3422 3573 3490; x_wconf 86' lang='lat' dir='ltr'><strong>seipsam</strong></span> 
     </span>
    </p>
   </div>
   <div class='ocr_carea' id='block_1_79' title="bbox 1984 3511 3569 3583">
    <p class='ocr_par' dir='ltr' id='par_1_79' title="bbox 1984 3511 3569 3583">
     <span class='ocr_line' id='line_1_79' title="bbox 1984 3511 3569 3583; baseline -0.003 -13"><span class='ocrx_word' id='word_1_632' title='bbox 1984 3513 2185 3575; x_wconf 76' lang='lat' dir='ltr'><strong>virtus,</strong></span> <span class='ocrx_word' id='word_1_633' title='bbox 2217 3527 2313 3582; x_wconf 87' lang='lat' dir='ltr'><strong>per</strong></span> <span class='ocrx_word' id='word_1_634' title='bbox 2336 3511 2566 3581; x_wconf 74' lang='lat' dir='ltr'><strong>seipsam</strong></span> <span class='ocrx_word' id='word_1_635' title='bbox 2593 3511 2801 3580; x_wconf 86' lang='lat' dir='ltr'><strong>jnstitia</strong></span> <span class='ocrx_word' id='word_1_636' title='bbox 2825 3552 2838 3576; x_wconf 94' lang='lat'><strong>,</strong></span> <span class='ocrx_word' id='word_1_637' title='bbox 2874 3527 2973 3583; x_wconf 88' lang='lat' dir='ltr'><strong>per</strong></span> <span class='ocrx_word' id='word_1_638' title='bbox 3000 3514 3234 3582; x_wconf 87' lang='lat' dir='ltr'><strong>seipsam</strong></span> <span class='ocrx_word' id='word_1_639' title='bbox 3262 3513 3438 3578; x_wconf 86' lang='lat' dir='ltr'><strong>salus,</strong></span> <span class='ocrx_word' id='word_1_640' title='bbox 3467 3527 3569 3583; x_wconf 89' lang='lat' dir='ltr'><strong>per</strong></span> 
     </span>
    </p>
   </div>
   <div class='ocr_carea' id='block_1_80' title="bbox 1987 3603 3577 3676">
    <p class='ocr_par' dir='ltr' id='par_1_80' title="bbox 1987 3603 3577 3676">
     <span class='ocr_line' id='line_1_80' title="bbox 1987 3603 3577 3676; baseline -0.001 -17"><span class='ocrx_word' id='word_1_641' title='bbox 1987 3606 2219 3673; x_wconf 87' lang='lat' dir='ltr'><strong>seipsam</strong></span> <span class='ocrx_word' id='word_1_642' title='bbox 2257 3603 2599 3671; x_wconf 70' lang='lat' dir='ltr'><strong>inagnitndo,</strong></span> <span class='ocrx_word' id='word_1_643' title='bbox 2626 3618 2724 3674; x_wconf 89' lang='lat' dir='ltr'><strong>per</strong></span> <span class='ocrx_word' id='word_1_644' title='bbox 2750 3606 2987 3675; x_wconf 86' lang='lat' dir='ltr'><strong>seipsam</strong></span> <span class='ocrx_word' id='word_1_645' title='bbox 3014 3606 3440 3676; x_wconf 76' lang='lat' dir='ltr'><strong>omnipotentis,</strong></span> <span class='ocrx_word' id='word_1_646' title='bbox 3478 3618 3577 3673; x_wconf 86' lang='lat' dir='ltr'><strong>per</strong></span> 
     </span>
    </p>
   </div>
   <div class='ocr_carea' id='block_1_81' title="bbox 1986 3693 3577 3764">
    <p class='ocr_par' dir='ltr' id='par_1_81' title="bbox 1986 3693 3577 3764">
     <span class='ocr_line' id='line_1_81' title="bbox 1986 3693 3577 3764; baseline -0.002 -14"><span class='ocrx_word' id='word_1_647' title='bbox 1986 3694 2218 3763; x_wconf 87' lang='lat' dir='ltr'><strong>seipsam</strong></span> <span class='ocrx_word' id='word_1_648' title='bbox 2243 3693 2557 3757; x_wconf 89' lang='lat' dir='ltr'><strong>aeternitas,</strong></span> <span class='ocrx_word' id='word_1_649' title='bbox 2583 3708 2678 3763; x_wconf 84' lang='lat' dir='ltr'><strong>per</strong></span> <span class='ocrx_word' id='word_1_650' title='bbox 2700 3695 2932 3763; x_wconf 88' lang='lat' dir='ltr'><strong>seipsam</strong></span> <span class='ocrx_word' id='word_1_651' title='bbox 2964 3710 3087 3764; x_wconf 69' lang='lat' dir='ltr'><strong>pax,</strong></span> <span class='ocrx_word' id='word_1_652' title='bbox 3112 3705 3167 3749; x_wconf 90' lang='lat' dir='ltr'><strong>et</strong></span> <span class='ocrx_word' id='word_1_653' title='bbox 3185 3709 3376 3749; x_wconf 81' lang='lat' dir='ltr'><strong>omnes</strong></span> <span class='ocrx_word' id='word_1_654' title='bbox 3405 3694 3577 3747; x_wconf 85' lang='lat' dir='ltr'><strong>virtu-</strong></span> 
     </span>
    </p>
   </div>
   <div class='ocr_carea' id='block_1_82' title="bbox 1988 3785 3577 3855">
    <p class='ocr_par' dir='ltr' id='par_1_82' title="bbox 1988 3785 3577 3855">
     <span class='ocr_line' id='line_1_82' title="bbox 1988 3785 3577 3855; baseline 0 -14"><span class='ocrx_word' id='word_1_655' title='bbox 1988 3796 2069 3841; x_wconf 88' lang='lat' dir='ltr'><strong>tes</strong></span> <span class='ocrx_word' id='word_1_656' title='bbox 2088 3795 2144 3841; x_wconf 87' lang='lat' dir='ltr'><strong>et</strong></span> <span class='ocrx_word' id='word_1_657' title='bbox 2169 3786 2426 3849; x_wconf 87' lang='lat' dir='ltr'><strong>rationes,</strong></span> <span class='ocrx_word' id='word_1_658' title='bbox 2452 3801 2589 3855; x_wconf 87' lang='lat' dir='ltr'><strong>quas</strong></span> <span class='ocrx_word' id='word_1_659' title='bbox 2620 3787 2785 3840; x_wconf 90' lang='lat' dir='ltr'><strong>semel</strong></span> <span class='ocrx_word' id='word_1_660' title='bbox 2810 3795 2864 3839; x_wconf 91' lang='lat' dir='ltr'><strong>et</strong></span> <span class='ocrx_word' id='word_1_661' title='bbox 2885 3787 3046 3841; x_wconf 89' lang='lat' dir='ltr'><strong>simul</strong></span> <span class='ocrx_word' id='word_1_662' title='bbox 3069 3786 3233 3842; x_wconf 86' lang='lat' dir='ltr'><strong>Pater</strong></span> <span class='ocrx_word' id='word_1_663' title='bbox 3260 3786 3384 3841; x_wconf 80' lang='lat' dir='ltr'><strong>fecit</strong></span> <span class='ocrx_word' id='word_1_664' title='bbox 3408 3787 3461 3840; x_wconf 92' lang='lat' dir='ltr'><strong>in</strong></span> <span class='ocrx_word' id='word_1_665' title='bbox 3485 3785 3577 3841; x_wconf 80' lang='lat' dir='ltr'><strong>Fi-</strong></span> 
     </span>
    </p>
   </div>
   <div class='ocr_carea' id='block_1_83' title="bbox 1988 3870 3571 3944">
    <p class='ocr_par' dir='ltr' id='par_1_83' title="bbox 1988 3870 3571 3944">
     <span class='ocr_line' id='line_1_83' title="bbox 1988 3870 3571 3944; baseline 0 -14"><span class='ocrx_word' id='word_1_666' title='bbox 1988 3876 2081 3938; x_wconf 90' lang='lat' dir='ltr'><strong>lio,</strong></span> <span class='ocrx_word' id='word_1_667' title='bbox 2106 3885 2160 3930; x_wconf 89' lang='lat' dir='ltr'><strong>et</strong></span> <span class='ocrx_word' id='word_1_668' title='bbox 2183 3870 2478 3930; x_wconf 60' lang='lat' dir='ltr'><strong>secundum</strong></span> <span class='ocrx_word' id='word_1_669' title='bbox 2505 3889 2643 3944; x_wconf 89' lang='lat' dir='ltr'><strong>quas</strong></span> <span class='ocrx_word' id='word_1_670' title='bbox 2665 3878 2800 3931; x_wconf 90' lang='lat' dir='ltr'><strong>ordo</strong></span> <span class='ocrx_word' id='word_1_671' title='bbox 2829 3877 3068 3931; x_wconf 90' lang='lat' dir='ltr'><strong>omnium</strong></span> <span class='ocrx_word' id='word_1_672' title='bbox 3098 3891 3278 3931; x_wconf 90' lang='lat' dir='ltr'><strong>rerum</strong></span> <span class='ocrx_word' id='word_1_673' title='bbox 3304 3891 3334 3929; x_wconf 89' lang='lat' dir='ltr'><strong>a</strong></span> <span class='ocrx_word' id='word_1_674' title='bbox 3356 3890 3571 3931; x_wconf 87' lang='lat' dir='ltr'><strong>summo</strong></span> 
     </span>
    </p>
   </div>
   <div class='ocr_carea' id='block_1_84' title="bbox 1990 3965 3577 4035">
    <p class='ocr_par' dir='ltr' id='par_1_84' title="bbox 1990 3965 3577 4035">
     <span class='ocr_line' id='line_1_84' title="bbox 1990 3965 3577 4035; baseline -0.001 -14"><span class='ocrx_word' id='word_1_675' title='bbox 1990 3981 2159 4035; x_wconf 89' lang='lat' dir='ltr'><strong>usque</strong></span> <span class='ocrx_word' id='word_1_676' title='bbox 2214 3966 2465 4021; x_wconf 89' lang='lat' dir='ltr'><strong>deorsum</strong></span> <span class='ocrx_word' id='word_1_677' title='bbox 2517 3967 2745 4031; x_wconf 79' lang='lat' dir='ltr'><strong>texitur,</strong></span> <span class='ocrx_word' id='word_1_678' title='bbox 2794 3966 2897 4022; x_wconf 81' lang='lat' dir='ltr'><strong>ltoe</strong></span> <span class='ocrx_word' id='word_1_679' title='bbox 2937 3976 3048 4033; x_wconf 82' lang='lat' dir='ltr'><strong>est,</strong></span> <span class='ocrx_word' id='word_1_680' title='bbox 3102 3968 3170 4021; x_wconf 87' lang='lat' dir='ltr'><strong>ab</strong></span> <span class='ocrx_word' id='word_1_681' title='bbox 3225 3965 3577 4021; x_wconf 77' lang='lat' dir='ltr'><strong>intellectuali</strong></span> 
     </span>
    </p>
   </div>
   <div class='ocr_carea' id='block_1_85' title="bbox 1989 4057 3583 4127">
    <p class='ocr_par' dir='ltr' id='par_1_85' title="bbox 1989 4057 3583 4127">
     <span class='ocr_line' id='line_1_85' title="bbox 1989 4057 3583 4127; baseline -0.002 -15"><span class='ocrx_word' id='word_1_682' title='bbox 1989 4066 2258 4121; x_wconf 88' lang='lat' dir='ltr'><strong>creatura,</strong></span> <span class='ocrx_word' id='word_1_683' title='bbox 2293 4072 2430 4127; x_wconf 86' lang='lat' dir='ltr'><strong>quae</strong></span> <span class='ocrx_word' id='word_1_684' title='bbox 2469 4057 2577 4112; x_wconf 84' lang='lat' dir='ltr'><strong>Deo</strong></span> <span class='ocrx_word' id='word_1_685' title='bbox 2607 4067 2727 4127; x_wconf 89' lang='lat' dir='ltr'><strong>post</strong></span> <span class='ocrx_word' id='word_1_686' title='bbox 2758 4058 2925 4112; x_wconf 82' lang='lat' dir='ltr'><strong>Deum</strong></span> <span class='ocrx_word' id='word_1_687' title='bbox 2963 4058 3210 4126; x_wconf 77' lang='lat' dir='ltr'><strong>proxima</strong></span> <span class='ocrx_word' id='word_1_688' title='bbox 3250 4066 3355 4121; x_wconf 86' lang='lat' dir='ltr'><strong>est,</strong></span> <span class='ocrx_word' id='word_1_689' title='bbox 3398 4068 3583 4125; x_wconf 70' lang='lat' dir='ltr'><strong>usque</strong></span> 
     </span>
    </p>
   </div>
   <div class='ocr_carea' id='block_1_86' title="bbox 1988 4149 3575 4216">
    <p class='ocr_par' dir='ltr' id='par_1_86' title="bbox 1988 4149 3575 4216">
     <span class='ocr_line' id='line_1_86' title="bbox 1988 4149 3575 4216; baseline -0.002 -15"><span class='ocrx_word' id='word_1_690' title='bbox 1988 4149 2056 4203; x_wconf 88' lang='lat' dir='ltr'><strong>ad</strong></span> <span class='ocrx_word' id='word_1_691' title='bbox 2083 4156 2388 4203; x_wconf 78' lang='lat' dir='ltr'><strong>extremum</strong></span> <span class='ocrx_word' id='word_1_692' title='bbox 2422 4163 2600 4202; x_wconf 90' lang='lat' dir='ltr'><strong>rerum</strong></span> <span class='ocrx_word' id='word_1_693' title='bbox 2630 4149 2871 4203; x_wconf 92' lang='lat' dir='ltr'><strong>omnium</strong></span> <span class='ocrx_word' id='word_1_694' title='bbox 2896 4149 3142 4203; x_wconf 89' lang='lat' dir='ltr'><strong>ordinem</strong></span> <span class='ocrx_word' id='word_1_695' title='bbox 3162 4187 3177 4212; x_wconf 88' lang='lat'><strong>,</strong></span> <span class='ocrx_word' id='word_1_696' title='bbox 3211 4162 3316 4216; x_wconf 88' lang='lat' dir='ltr'><strong>quo</strong></span> <span class='ocrx_word' id='word_1_697' title='bbox 3343 4159 3575 4215; x_wconf 66' lang='lat' dir='ltr'><strong>ccl&#39;pora</strong></span> 
     </span>
    </p>
   </div>
   <div class='ocr_carea' id='block_1_87' title="bbox 1990 4238 3574 4309">
    <p class='ocr_par' dir='ltr' id='par_1_87' title="bbox 1990 4238 3574 4309">
     <span class='ocr_line' id='line_1_87' title="bbox 1990 4238 3574 4309; baseline -0.003 -14"><span class='ocrx_word' id='word_1_698' title='bbox 1990 4240 2350 4295; x_wconf 87' lang='lat' dir='ltr'><strong>continentur.</strong></span> <span class='ocrx_word' id='word_1_699' title='bbox 2383 4239 2749 4309; x_wconf 83' lang='lat' dir='ltr'><strong>Quaecunque</strong></span> <span class='ocrx_word' id='word_1_700' title='bbox 2769 4240 2912 4294; x_wconf 84' lang='lat' dir='ltr'><strong>enim</strong></span> <span class='ocrx_word' id='word_1_701' title='bbox 2941 4241 3078 4294; x_wconf 83' lang='lat' dir='ltr'><strong>bona</strong></span> <span class='ocrx_word' id='word_1_702' title='bbox 3106 4247 3251 4303; x_wconf 89' lang='lat' dir='ltr'><strong>sunt,</strong></span> <span class='ocrx_word' id='word_1_703' title='bbox 3279 4238 3574 4309; x_wconf 82' lang='lat' dir='ltr'><strong>participa-</strong></span> 
     </span>
    </p>
   </div>
   <div class='ocr_carea' id='block_1_88' title="bbox 1991 4331 3573 4401">
    <p class='ocr_par' dir='ltr' id='par_1_88' title="bbox 1991 4331 3573 4401">
     <span class='ocr_line' id='line_1_88' title="bbox 1991 4331 3573 4401; baseline -0.001 -17"><span class='ocrx_word' id='word_1_704' title='bbox 1991 4332 2137 4385; x_wconf 88' lang='lat' dir='ltr'><strong>tione</strong></span> <span class='ocrx_word' id='word_1_705' title='bbox 2171 4344 2266 4400; x_wconf 90' lang='lat' dir='ltr'><strong>per</strong></span> <span class='ocrx_word' id='word_1_706' title='bbox 2294 4346 2352 4386; x_wconf 90' lang='lat' dir='ltr'><strong>se</strong></span> <span class='ocrx_word' id='word_1_707' title='bbox 2384 4331 2567 4386; x_wconf 76' lang='lat' dir='ltr'><strong>boni&quot;</strong></span> <span class='ocrx_word' id='word_1_708' title='bbox 2588 4331 2726 4386; x_wconf 88' lang='lat' dir='ltr'><strong>bona</strong></span> <span class='ocrx_word' id='word_1_709' title='bbox 2757 4340 2911 4398; x_wconf 88' lang='lat' dir='ltr'><strong>sunt;</strong></span> <span class='ocrx_word' id='word_1_710' title='bbox 2939 4341 2994 4386; x_wconf 89' lang='lat' dir='ltr'><strong>et</strong></span> <span class='ocrx_word' id='word_1_711' title='bbox 3011 4344 3362 4401; x_wconf 86' lang='lat' dir='ltr'><strong>quaecunque</strong></span> <span class='ocrx_word' id='word_1_712' title='bbox 3386 4342 3573 4384; x_wconf 82' lang='lat' dir='ltr'><strong>essen-</strong></span> 
     </span>
    </p>
   </div>
   <div class='ocr_carea' id='block_1_89' title="bbox 1995 4418 3575 4488">
    <p class='ocr_par' dir='ltr' id='par_1_89' title="bbox 1995 4418 3575 4488">
     <span class='ocr_line' id='line_1_89' title="bbox 1995 4418 3575 4488; baseline -0.002 -15"><span class='ocrx_word' id='word_1_713' title='bbox 1995 4420 2198 4475; x_wconf 88' lang='lat' dir='ltr'><strong>tialiter</strong></span> <span class='ocrx_word' id='word_1_714' title='bbox 2240 4429 2296 4475; x_wconf 84' lang='lat' dir='ltr'><strong>et</strong></span> <span class='ocrx_word' id='word_1_715' title='bbox 2335 4421 2764 4477; x_wconf 84' lang='lat' dir='ltr'><strong>substantialiter</strong></span> <span class='ocrx_word' id='word_1_716' title='bbox 2802 4419 3118 4483; x_wconf 82' lang='lat' dir='ltr'><strong>subsistunt,</strong></span> <span class='ocrx_word' id='word_1_717' title='bbox 3162 4418 3575 4488; x_wconf 82' lang='lat' dir='ltr'><strong>participatione</strong></span> 
     </span>
    </p>
   </div>
   <div class='ocr_carea' id='block_1_90' title="bbox 309 4479 3575 4582">
    <p class='ocr_par' dir='ltr' id='par_1_90' title="bbox 309 4479 3575 4582">
     <span class='ocr_line' id='line_1_90' title="bbox 309 4479 3575 4582; baseline -0.001 -17"><span class='ocrx_word' id='word_1_718' title='bbox 309 4508 507 4573; x_wconf 86' lang='lat' dir='ltr'><strong>tionis,</strong></span> <span class='ocrx_word' id='word_1_719' title='bbox 531 4523 744 4578; x_wconf 89' lang='lat' dir='ltr'><strong>quoquo</strong></span> <span class='ocrx_word' id='word_1_720' title='bbox 767 4509 926 4564; x_wconf 87' lang='lat' dir='ltr'><strong>modo</strong></span> <span class='ocrx_word' id='word_1_721' title='bbox 954 4509 1064 4563; x_wconf 88' lang='lat' dir='ltr'><strong>sint</strong></span> <span class='ocrx_word' id='word_1_722' title='bbox 1084 4510 1152 4574; x_wconf 78' lang='lat'><strong>“,</strong></span> <span class='ocrx_word' id='word_1_723' title='bbox 1183 4507 1539 4579; x_wconf 74' lang='lat' dir='ltr'><strong>investigatis,</strong></span> <span class='ocrx_word' id='word_1_724' title='bbox 1570 4518 1676 4562; x_wconf 90' lang='lat' dir='ltr'><strong>non</strong></span> <span class='ocrx_word' id='word_1_725' title='bbox 1709 4517 1891 4560; x_wconf 88' lang='lat' dir='ltr'><strong>autem</strong></span> <span class='ocrx_word' id='word_1_726' title='bbox 1922 4479 1970 4537; x_wconf 71' lang='grc' dir='ltr'><strong>θ</strong></span> <span class='ocrx_word' id='word_1_727' title='bbox 1998 4512 2167 4581; x_wconf 90' lang='lat' dir='ltr'><strong>ipsius</strong></span> <span class='ocrx_word' id='word_1_728' title='bbox 2192 4526 2288 4581; x_wconf 91' lang='lat' dir='ltr'><strong>per</strong></span> <span class='ocrx_word' id='word_1_729' title='bbox 2313 4513 2548 4582; x_wconf 90' lang='lat' dir='ltr'><strong>seipsam</strong></span> <span class='ocrx_word' id='word_1_730' title='bbox 2569 4514 2835 4568; x_wconf 86' lang='lat' dir='ltr'><strong>essentiae</strong></span> <span class='ocrx_word' id='word_1_731' title='bbox 2860 4479 3193 4578; x_wconf 57' lang='lat' dir='ltr'><strong>subsistunt;</strong></span> <span class='ocrx_word' id='word_1_732' title='bbox 3217 4479 3575 4580; x_wconf 74' lang='lat' dir='ltr'><strong>quaecunque</strong></span> 
     </span>
    </p>
   </div>
   <div class='ocr_carea' id='block_1_91' title="bbox 313 4600 1891 4670">
    <p class='ocr_par' dir='ltr' id='par_1_91' title="bbox 313 4600 1891 4670">
     <span class='ocr_line' id='line_1_91' title="bbox 313 4600 1891 4670; baseline -0.002 -15"><span class='ocrx_word' id='word_1_733' title='bbox 313 4608 521 4655; x_wconf 82' lang='lat' dir='ltr'><strong>temere</strong></span> <span class='ocrx_word' id='word_1_734' title='bbox 550 4600 807 4665; x_wconf 76' lang='lat' dir='ltr'><strong>deﬁnitis,</strong></span> <span class='ocrx_word' id='word_1_735' title='bbox 836 4602 902 4655; x_wconf 90' lang='lat' dir='ltr'><strong>ad</strong></span> <span class='ocrx_word' id='word_1_736' title='bbox 930 4600 1304 4670; x_wconf 85' lang='lat' dir='ltr'><strong>primordiales</strong></span> <span class='ocrx_word' id='word_1_737' title='bbox 1337 4614 1548 4664; x_wconf 86' lang='lat' dir='ltr'><strong>causas,</strong></span> <span class='ocrx_word' id='word_1_738' title='bbox 1584 4600 1728 4654; x_wconf 85' lang='lat' dir='ltr'><strong>circa</strong></span> <span class='ocrx_word' id='word_1_739' title='bbox 1754 4610 1891 4667; x_wconf 87' lang='lat' dir='ltr'><strong>quas</strong></span> 
     </span>
    </p>
   </div>
   <div class='ocr_carea' id='block_1_92' title="bbox 309 4688 1888 4760">
    <p class='ocr_par' dir='ltr' id='par_1_92' title="bbox 309 4688 1888 4760">
     <span class='ocr_line' id='line_1_92' title="bbox 309 4688 1888 4760; baseline -0.002 -14"><span class='ocrx_word' id='word_1_740' title='bbox 309 4700 496 4746; x_wconf 80' lang='lat' dir='ltr'><strong>nostra</strong></span> <span class='ocrx_word' id='word_1_741' title='bbox 537 4690 830 4760; x_wconf 86' lang='lat' dir='ltr'><strong>disputatio</strong></span> <span class='ocrx_word' id='word_1_742' title='bbox 876 4699 1158 4757; x_wconf 87' lang='lat' dir='ltr'><strong>versatur,</strong></span> <span class='ocrx_word' id='word_1_743' title='bbox 1205 4692 1558 4747; x_wconf 88' lang='lat' dir='ltr'><strong>redeundum.</strong></span> <span class='ocrx_word' id='word_1_744' title='bbox 1600 4689 1749 4745; x_wconf 75' lang='lat' dir='ltr'><strong>Disc.</strong></span> <span class='ocrx_word' id='word_1_745' title='bbox 1782 4688 1888 4743; x_wconf 74' lang='lat' dir='ltr'><strong>Re-</strong></span> 
     </span>
    </p>
   </div>
   <div class='ocr_carea' id='block_1_93' title="bbox 315 4778 1742 4845">
    <p class='ocr_par' dir='ltr' id='par_1_93' title="bbox 315 4778 1742 4845">
     <span class='ocr_line' id='line_1_93' title="bbox 315 4778 1742 4845; baseline -0.001 -10"><span class='ocrx_word' id='word_1_746' title='bbox 315 4778 587 4836; x_wconf 84' lang='lat' dir='ltr'><strong>deundum</strong></span> <span class='ocrx_word' id='word_1_747' title='bbox 618 4793 782 4845; x_wconf 85' lang='lat' dir='ltr'><strong>sane;</strong></span> <span class='ocrx_word' id='word_1_748' title='bbox 818 4780 950 4834; x_wconf 86' lang='lat' dir='ltr'><strong>satis</strong></span> <span class='ocrx_word' id='word_1_749' title='bbox 978 4779 1124 4835; x_wconf 88' lang='lat' dir='ltr'><strong>enim</strong></span> <span class='ocrx_word' id='word_1_750' title='bbox 1149 4781 1195 4812; x_wconf 80' lang='lat'>“</span> <span class='ocrx_word' id='word_1_751' title='bbox 1227 4783 1294 4836; x_wconf 88' lang='lat' dir='ltr'><strong>de</strong></span> <span class='ocrx_word' id='word_1_752' title='bbox 1318 4782 1402 4835; x_wconf 88' lang='lat' dir='ltr'><strong>bis</strong></span> <span class='ocrx_word' id='word_1_753' title='bbox 1430 4792 1513 4835; x_wconf 85' lang='lat' dir='ltr'><strong>est</strong></span> <span class='ocrx_word' id='word_1_754' title='bbox 1543 4789 1742 4835; x_wconf 85' lang='lat' dir='ltr'><strong>aetum.</strong></span> 
     </span>
    </p>
   </div>
   <div class='ocr_carea' id='block_1_94' title="bbox 382 4866 1888 4940">
    <p class='ocr_par' dir='ltr' id='par_1_94' title="bbox 382 4866 1888 4940">
     <span class='ocr_line' id='line_1_94' title="bbox 382 4866 1888 4940; baseline -0.001 -16"><span class='ocrx_word' id='word_1_755' title='bbox 382 4868 476 4924; x_wconf 76' lang='lat'><strong>56.</strong></span> <span class='ocrx_word' id='word_1_756' title='bbox 509 4866 651 4924; x_wconf 75' lang='lat' dir='ltr'><strong>Ilsc.</strong></span> <span class='ocrx_word' id='word_1_757' title='bbox 683 4867 892 4925; x_wconf 81' lang='lat' dir='ltr'><strong>Causae</strong></span> <span class='ocrx_word' id='word_1_758' title='bbox 920 4870 1103 4939; x_wconf 86' lang='lat' dir='ltr'><strong>itaque</strong></span> <span class='ocrx_word' id='word_1_759' title='bbox 1125 4870 1502 4940; x_wconf 87' lang='lat' dir='ltr'><strong>primordiales</strong></span> <span class='ocrx_word' id='word_1_760' title='bbox 1544 4877 1698 4932; x_wconf 87' lang='lat' dir='ltr'><strong>sunt,</strong></span> <span class='ocrx_word' id='word_1_761' title='bbox 1744 4868 1888 4938; x_wconf 87' lang='lat' dir='ltr'><strong>quod</strong></span> 
     </span>
    </p>
   </div>
   <div class='ocr_carea' id='block_1_95' title="bbox 309 4955 1890 5029">
    <p class='ocr_par' dir='ltr' id='par_1_95' title="bbox 309 4955 1890 5029">
     <span class='ocr_line' id='line_1_95' title="bbox 309 4955 1890 5029; baseline -0.001 -14"><span class='ocrx_word' id='word_1_762' title='bbox 309 4961 372 5015; x_wconf 83' lang='lat' dir='ltr'><strong>et</strong></span> <span class='ocrx_word' id='word_1_763' title='bbox 422 4955 480 5013; x_wconf 84' lang='lat' dir='ltr'><strong>in</strong></span> <span class='ocrx_word' id='word_1_764' title='bbox 517 4958 965 5029; x_wconf 73' lang='lat' dir='ltr'><strong>praecedentibus</strong></span> <span class='ocrx_word' id='word_1_765' title='bbox 1015 4960 1280 5027; x_wconf 78' lang='lat' dir='ltr'><strong>dixeram,</strong></span> <span class='ocrx_word' id='word_1_766' title='bbox 1325 4974 1461 5029; x_wconf 84' lang='lat' dir='ltr'><strong>quas</strong></span> <span class='ocrx_word' id='word_1_767' title='bbox 1507 4957 1700 5014; x_wconf 86' lang='lat' dir='ltr'><strong>Graeci</strong></span> <span class='ocrx_word' id='word_1_768' title='bbox 1739 4958 1890 5014; x_wconf 87' lang='lat' dir='ltr'><strong>ideas</strong></span> 
     </span>
    </p>
   </div>
   <div class='ocr_carea' id='block_1_96' title="bbox 308 5046 1887 5118">
    <p class='ocr_par' dir='ltr' id='par_1_96' title="bbox 308 5046 1887 5118">
     <span class='ocr_line' id='line_1_96' title="bbox 308 5046 1887 5118; baseline 0.001 -14"><span class='ocrx_word' id='word_1_769' title='bbox 308 5057 528 5114; x_wconf 79' lang='lat' dir='ltr'><strong>vocant,</strong></span> <span class='ocrx_word' id='word_1_770' title='bbox 556 5046 661 5105; x_wconf 81' lang='lat' dir='ltr'><strong>hoc</strong></span> <span class='ocrx_word' id='word_1_771' title='bbox 690 5058 792 5113; x_wconf 86' lang='lat' dir='ltr'><strong>est,</strong></span> <span class='ocrx_word' id='word_1_772' title='bbox 817 5050 1025 5118; x_wconf 76' lang='lat' dir='ltr'><strong>species</strong></span> <span class='ocrx_word' id='word_1_773' title='bbox 1047 5052 1132 5107; x_wconf 85' lang='lat' dir='ltr'><strong>vel</strong></span> <span class='ocrx_word' id='word_1_774' title='bbox 1152 5051 1353 5108; x_wconf 82' lang='lat' dir='ltr'><strong>formas</strong></span> <span class='ocrx_word' id='word_1_775' title='bbox 1378 5059 1626 5107; x_wconf 83' lang='lat' dir='ltr'><strong>aeternas</strong></span> <span class='ocrx_word' id='word_1_776' title='bbox 1647 5049 1692 5081; x_wconf 79' lang='grc'><strong>⁸³</strong></span> <span class='ocrx_word' id='word_1_777' title='bbox 1717 5056 1773 5105; x_wconf 82' lang='lat' dir='ltr'><strong>et</strong></span> <span class='ocrx_word' id='word_1_778' title='bbox 1803 5050 1887 5105; x_wconf 89' lang='lat' dir='ltr'><strong>in-</strong></span> 
     </span>
    </p>
   </div>
   <div class='ocr_carea' id='block_1_97' title="bbox 316 5139 1889 5214">
    <p class='ocr_par' dir='ltr' id='par_1_97' title="bbox 316 5139 1889 5214">
     <span class='ocr_line' id='line_1_97' title="bbox 316 5139 1889 5214; baseline 0 -18"><span class='ocrx_word' id='word_1_779' title='bbox 316 5140 726 5197; x_wconf 70' lang='lat' dir='ltr'><strong>commutabile:</strong></span> <span class='ocrx_word' id='word_1_780' title='bbox 752 5140 1009 5209; x_wconf 67' lang='lat' dir='ltr'><strong>saliares,</strong></span> <span class='ocrx_word' id='word_1_781' title='bbox 1039 5139 1333 5200; x_wconf 80' lang='lat' dir='ltr'><strong>secundum</strong></span> <span class='ocrx_word' id='word_1_782' title='bbox 1359 5154 1511 5213; x_wconf 83' lang='lat' dir='ltr'><strong>quas,</strong></span> <span class='ocrx_word' id='word_1_783' title='bbox 1535 5152 1590 5199; x_wconf 88' lang='lat' dir='ltr'><strong>et</strong></span> <span class='ocrx_word' id='word_1_784' title='bbox 1611 5144 1665 5198; x_wconf 87' lang='lat' dir='ltr'><strong>in</strong></span> <span class='ocrx_word' id='word_1_785' title='bbox 1694 5142 1889 5214; x_wconf 81' lang='lat' dir='ltr'><strong>quibus</strong></span> 
     </span>
    </p>
   </div>
   <div class='ocr_carea' id='block_1_98' title="bbox 1996 4600 3572 4673">
    <p class='ocr_par' dir='ltr' id='par_1_98' title="bbox 1996 4600 3572 4673">
     <span class='ocr_line' id='line_1_98' title="bbox 1996 4600 3572 4673; baseline -0.003 -18"><span class='ocrx_word' id='word_1_786' title='bbox 1996 4602 2201 4668; x_wconf 88' lang='lat' dir='ltr'><strong>vivunt,</strong></span> <span class='ocrx_word' id='word_1_787' title='bbox 2236 4602 2649 4673; x_wconf 87' lang='lat' dir='ltr'><strong>participatione</strong></span> <span class='ocrx_word' id='word_1_788' title='bbox 2687 4618 2783 4673; x_wconf 90' lang='lat' dir='ltr'><strong>per</strong></span> <span class='ocrx_word' id='word_1_789' title='bbox 2813 4602 3047 4671; x_wconf 85' lang='lat' dir='ltr'><strong>seipsam</strong></span> <span class='ocrx_word' id='word_1_790' title='bbox 3085 4602 3225 4655; x_wconf 88' lang='lat' dir='ltr'><strong>vitae</strong></span> <span class='ocrx_word' id='word_1_791' title='bbox 3260 4600 3425 4654; x_wconf 89' lang='lat' dir='ltr'><strong>vitam</strong></span> <span class='ocrx_word' id='word_1_792' title='bbox 3449 4610 3572 4668; x_wconf 84' lang='lat' dir='ltr'><strong>pos-</strong></span> 
     </span>
    </p>
   </div>
   <div class='ocr_carea' id='block_1_99' title="bbox 1996 4691 3571 4764">
    <p class='ocr_par' dir='ltr' id='par_1_99' title="bbox 1996 4691 3571 4764">
     <span class='ocr_line' id='line_1_99' title="bbox 1996 4691 3571 4764; baseline -0.002 -17"><span class='ocrx_word' id='word_1_793' title='bbox 1996 4693 2192 4749; x_wconf 85' lang='lat' dir='ltr'><strong>sident.</strong></span> <span class='ocrx_word' id='word_1_794' title='bbox 2222 4692 2484 4748; x_wconf 88' lang='lat' dir='ltr'><strong>Similiter</strong></span> <span class='ocrx_word' id='word_1_795' title='bbox 2504 4708 2855 4764; x_wconf 87' lang='lat' dir='ltr'><strong>quaecunque</strong></span> <span class='ocrx_word' id='word_1_796' title='bbox 2876 4694 3160 4764; x_wconf 83' lang='lat' dir='ltr'><strong>sapiuntet</strong></span> <span class='ocrx_word' id='word_1_797' title='bbox 3185 4691 3487 4762; x_wconf 84' lang='lat' dir='ltr'><strong>intelligunt</strong></span> <span class='ocrx_word' id='word_1_798' title='bbox 3513 4696 3571 4744; x_wconf 74' lang='grc' dir='ltr'><strong>ει</strong></span> 
     </span>
    </p>
   </div>
   <div class='ocr_carea' id='block_1_100' title="bbox 1993 4780 3571 4853">
    <p class='ocr_par' dir='ltr' id='par_1_100' title="bbox 1993 4780 3571 4853">
     <span class='ocr_line' id='line_1_100' title="bbox 1993 4780 3571 4853; baseline -0.002 -16"><span class='ocrx_word' id='word_1_799' title='bbox 1993 4782 2335 4838; x_wconf 72' lang='lat' dir='ltr'><strong>rationabilis</strong></span> <span class='ocrx_word' id='word_1_800' title='bbox 2355 4793 2499 4848; x_wconf 83' lang='lat' dir='ltr'><strong>sunt,</strong></span> <span class='ocrx_word' id='word_1_801' title='bbox 2529 4784 2940 4853; x_wconf 88' lang='lat' dir='ltr'><strong>participatione</strong></span> <span class='ocrx_word' id='word_1_802' title='bbox 2961 4797 3057 4853; x_wconf 89' lang='lat' dir='ltr'><strong>per</strong></span> <span class='ocrx_word' id='word_1_803' title='bbox 3086 4783 3317 4853; x_wconf 88' lang='lat' dir='ltr'><strong>seipsam</strong></span> <span class='ocrx_word' id='word_1_804' title='bbox 3351 4780 3571 4850; x_wconf 85' lang='lat' dir='ltr'><strong>sapien-</strong></span> 
     </span>
    </p>
   </div>
   <div class='ocr_carea' id='block_1_101' title="bbox 1994 4873 3571 4946">
    <p class='ocr_par' dir='ltr' id='par_1_101' title="bbox 1994 4873 3571 4946">
     <span class='ocr_line' id='line_1_101' title="bbox 1994 4873 3571 4946; baseline -0.001 -20"><span class='ocrx_word' id='word_1_805' title='bbox 1994 4873 2118 4939; x_wconf 86' lang='lat' dir='ltr'><strong>tiae,</strong></span> <span class='ocrx_word' id='word_1_806' title='bbox 2159 4882 2215 4928; x_wconf 90' lang='lat' dir='ltr'><strong>et</strong></span> <span class='ocrx_word' id='word_1_807' title='bbox 2250 4888 2347 4944; x_wconf 89' lang='lat' dir='ltr'><strong>per</strong></span> <span class='ocrx_word' id='word_1_808' title='bbox 2382 4875 2614 4945; x_wconf 87' lang='lat' dir='ltr'><strong>seipsam</strong></span> <span class='ocrx_word' id='word_1_809' title='bbox 2659 4876 3076 4946; x_wconf 78' lang='lat' dir='ltr'><strong>intelligentiae,</strong></span> <span class='ocrx_word' id='word_1_810' title='bbox 3116 4884 3166 4930; x_wconf 89' lang='lat' dir='ltr'><strong>et</strong></span> <span class='ocrx_word' id='word_1_811' title='bbox 3205 4888 3304 4945; x_wconf 89' lang='lat' dir='ltr'><strong>per</strong></span> <span class='ocrx_word' id='word_1_812' title='bbox 3335 4875 3571 4941; x_wconf 77' lang='lat' dir='ltr'><strong>seipsam</strong></span> 
     </span>
    </p>
   </div>
   <div class='ocr_carea' id='block_1_102' title="bbox 1992 4952 3573 5043">
    <p class='ocr_par' dir='ltr' id='par_1_102' title="bbox 1992 4952 3573 5043">
     <span class='ocr_line' id='line_1_102' title="bbox 1992 4952 3573 5043; baseline -0.003 -25"><span class='ocrx_word' id='word_1_813' title='bbox 1992 4964 2229 5019; x_wconf 82' lang='lat' dir='ltr'><strong>rationis</strong></span> <span class='ocrx_word' id='word_1_814' title='bbox 2242 4966 2659 5043; x_wconf 68' lang='lat' dir='ltr'><strong>participatione</strong></span> <span class='ocrx_word' id='word_1_815' title='bbox 2687 4966 2924 5035; x_wconf 84' lang='lat' dir='ltr'><strong>sapiunt,</strong></span> <span class='ocrx_word' id='word_1_816' title='bbox 2958 4973 3014 5021; x_wconf 89' lang='lat' dir='ltr'><strong>et</strong></span> <span class='ocrx_word' id='word_1_817' title='bbox 3044 4952 3372 5033; x_wconf 75' lang='lat' dir='ltr'><strong>intelligunt,</strong></span> <span class='ocrx_word' id='word_1_818' title='bbox 3398 4971 3455 5016; x_wconf 89' lang='lat' dir='ltr'><strong>et</strong></span> <span class='ocrx_word' id='word_1_819' title='bbox 3480 4973 3573 5015; x_wconf 70' lang='lat' dir='ltr'><strong>ra-</strong></span> 
     </span>
    </p>
   </div>
   <div class='ocr_carea' id='block_1_103' title="bbox 1992 5053 3571 5112">
    <p class='ocr_par' dir='ltr' id='par_1_103' title="bbox 1992 5053 3571 5112">
     <span class='ocr_line' id='line_1_103' title="bbox 1992 5053 3571 5112; baseline -0.001 -5"><span class='ocrx_word' id='word_1_820' title='bbox 1992 5054 2341 5110; x_wconf 76' lang='lat' dir='ltr'><strong>tiocinantur.</strong></span> <span class='ocrx_word' id='word_1_821' title='bbox 2407 5056 2605 5111; x_wconf 82' lang='lat' dir='ltr'><strong>Eodem</strong></span> <span class='ocrx_word' id='word_1_822' title='bbox 2671 5057 2831 5112; x_wconf 91' lang='lat' dir='ltr'><strong>modo</strong></span> <span class='ocrx_word' id='word_1_823' title='bbox 2887 5058 2955 5112; x_wconf 89' lang='lat' dir='ltr'><strong>de</strong></span> <span class='ocrx_word' id='word_1_824' title='bbox 3012 5057 3211 5112; x_wconf 85' lang='lat' dir='ltr'><strong>ceteris</strong></span> <span class='ocrx_word' id='word_1_825' title='bbox 3254 5053 3571 5109; x_wconf 82' lang='lat' dir='ltr'><strong>dicendum.</strong></span> 
     </span>
    </p>
   </div>
   <div class='ocr_carea' id='block_1_104' title="bbox 1993 5138 3573 5217">
    <p class='ocr_par' dir='ltr' id='par_1_104' title="bbox 1993 5138 3573 5217">
     <span class='ocr_line' id='line_1_104' title="bbox 1993 5138 3573 5217; baseline -0.004 -18"><span class='ocrx_word' id='word_1_826' title='bbox 1993 5142 2151 5200; x_wconf 76' lang='lat' dir='ltr'><strong>Nulla</strong></span> <span class='ocrx_word' id='word_1_827' title='bbox 2183 5144 2447 5214; x_wconf 67' lang='lat' dir='ltr'><strong>siquidem</strong></span> <span class='ocrx_word' id='word_1_828' title='bbox 2471 5145 2662 5211; x_wconf 72' lang='lat' dir='ltr'><strong>virtus,</strong></span> <span class='ocrx_word' id='word_1_829' title='bbox 2695 5146 2809 5201; x_wconf 86' lang='lat' dir='ltr'><strong>sive</strong></span> <span class='ocrx_word' id='word_1_830' title='bbox 2832 5144 3122 5217; x_wconf 85' lang='lat' dir='ltr'><strong>generalis,</strong></span> <span class='ocrx_word' id='word_1_831' title='bbox 3154 5145 3269 5200; x_wconf 86' lang='lat' dir='ltr'><strong>sive</strong></span> <span class='ocrx_word' id='word_1_832' title='bbox 3292 5138 3573 5214; x_wconf 81' lang='lat' dir='ltr'><strong>specialis,</strong></span> 
     </span>
    </p>
   </div>
   <div class='ocr_carea' id='block_1_105' title="bbox 1599 5264 2286 5329">
    <p class='ocr_par' dir='ltr' id='par_1_105' title="bbox 1599 5264 2286 5329">
     <span class='ocr_line' id='line_1_105' title="bbox 1599 5264 2286 5329; baseline 0.001 -1"><span class='ocrx_word' id='word_1_833' title='bbox 1599 5272 1854 5329; x_wconf 74' lang='lat' dir='ltr'><strong>VARIAE</strong></span> <span class='ocrx_word' id='word_1_834' title='bbox 1885 5264 2286 5329; x_wconf 77' lang='lat' dir='ltr'><strong>LECTIONES.</strong></span> 
     </span>
    </p>
   </div>
   <div class='ocr_carea' id='block_1_106' title="bbox 394 5383 1887 5454">
    <p class='ocr_par' dir='ltr' id='par_1_106' title="bbox 394 5383 1887 5454">
     <span class='ocr_line' id='line_1_106' title="bbox 394 5383 1887 5454; baseline 0.002 -16"><span class='ocrx_word' id='word_1_835' title='bbox 394 5384 469 5438; x_wconf 67' lang='grc' dir='ltr'><strong>ιη</strong></span> <span class='ocrx_word' id='word_1_836' title='bbox 490 5385 837 5454; x_wconf 65' lang='grc' dir='ltr'><strong>ιιυπιιιιιιίιω.</strong></span> <span class='ocrx_word' id='word_1_837' title='bbox 913 5394 934 5424; x_wconf 76' lang='grc'><strong>⁸</strong></span> <span class='ocrx_word' id='word_1_838' title='bbox 954 5386 1021 5439; x_wconf 85' lang='lat' dir='ltr'><strong>sit</strong></span> <span class='ocrx_word' id='word_1_839' title='bbox 1048 5400 1168 5454; x_wconf 79' lang='lat' dir='ltr'><strong>om.</strong></span> <span class='ocrx_word' id='word_1_840' title='bbox 1200 5383 1259 5439; x_wconf 75' lang='lat' dir='ltr'><strong>Ct.</strong></span> <span class='ocrx_word' id='word_1_841' title='bbox 1340 5385 1361 5416; x_wconf 85' lang='grc'>³</span> <span class='ocrx_word' id='word_1_842' title='bbox 1403 5385 1443 5438; x_wconf 83' lang='grc' dir='ltr'><strong>Α</strong></span> <span class='ocrx_word' id='word_1_843' title='bbox 1470 5386 1726 5453; x_wconf 78' lang='lat' dir='ltr'><strong>inﬁnitae.</strong></span> <span class='ocrx_word' id='word_1_844' title='bbox 1804 5385 1887 5441; x_wconf 63' lang='lat' dir='ltr'><strong>‘A</strong></span> 
     </span>
    </p>
   </div>
   <div class='ocr_carea' id='block_1_107' title="bbox 311 5453 1353 5524">
    <p class='ocr_par' dir='ltr' id='par_1_107' title="bbox 311 5453 1353 5524">
     <span class='ocr_line' id='line_1_107' title="bbox 311 5453 1353 5524; baseline -0.002 -15"><span class='ocrx_word' id='word_1_845' title='bbox 311 5457 467 5511; x_wconf 79' lang='lat' dir='ltr'><strong>ritur.</strong></span> <span class='ocrx_word' id='word_1_846' title='bbox 543 5453 643 5507; x_wconf 17' lang='lat' dir='ltr'><strong>‘VA</strong></span> <span class='ocrx_word' id='word_1_847' title='bbox 685 5454 968 5524; x_wconf 82' lang='lat' dir='ltr'><strong>appetitur.</strong></span> <span class='ocrx_word' id='word_1_848' title='bbox 1044 5453 1066 5485; x_wconf 83' lang='lat'>&#39;</span> <span class='ocrx_word' id='word_1_849' title='bbox 1101 5455 1142 5508; x_wconf 83' lang='lat' dir='ltr'><strong>A</strong></span> <span class='ocrx_word' id='word_1_850' title='bbox 1174 5469 1353 5524; x_wconf 85' lang='lat' dir='ltr'><strong>supra.</strong></span> 
     </span>
    </p>
   </div>
   <div class='ocr_carea' id='block_1_108' title="bbox 312 5522 1737 5605">
    <p class='ocr_par' dir='ltr' id='par_1_108' title="bbox 312 5522 1737 5605">
     <span class='ocr_line' id='line_1_108' title="bbox 312 5522 1737 5605; baseline -0.001 -27"><span class='ocrx_word' id='word_1_851' title='bbox 312 5526 359 5578; x_wconf 82' lang='grc' dir='ltr'><strong>Α</strong></span> <span class='ocrx_word' id='word_1_852' title='bbox 386 5533 640 5605; x_wconf 59' lang='lat' dir='ltr'><strong>movetyr.</strong></span> <span class='ocrx_word' id='word_1_853' title='bbox 715 5522 763 5556; x_wconf 72' lang='lat'>“</span> <span class='ocrx_word' id='word_1_854' title='bbox 799 5524 1126 5605; x_wconf 41' lang='lat' dir='ltr'><strong>sise-om..A.</strong></span> <span class='ocrx_word' id='word_1_855' title='bbox 1194 5524 1249 5605; x_wconf 38' lang='grc' dir='ltr'><strong>ζ’</strong></span> <span class='ocrx_word' id='word_1_856' title='bbox 1355 5524 1542 5605; x_wconf 48' lang='grc' dir='ltr'><em>μήτηρ</em></span> <span class='ocrx_word' id='word_1_857' title='bbox 1566 5522 1667 5605; x_wconf 58' lang='lat' dir='ltr'><strong>m“</strong></span> 
     </span>
    </p>
   </div>
   <div class='ocr_carea' id='block_1_109' title="bbox 311 5592 1415 5663">
    <p class='ocr_par' dir='ltr' id='par_1_109' title="bbox 311 5592 1415 5663">
     <span class='ocr_line' id='line_1_109' title="bbox 311 5592 1415 5663; baseline -0.001 -15"><span class='ocrx_word' id='word_1_858' title='bbox 311 5594 839 5663; x_wconf 61' lang='lat' dir='ltr'><strong>egessentinsumque.</strong></span> <span class='ocrx_word' id='word_1_859' title='bbox 914 5594 960 5626; x_wconf 68' lang='grc' dir='ltr'><strong>’θ</strong></span> <span class='ocrx_word' id='word_1_860' title='bbox 980 5595 1023 5651; x_wconf 80' lang='lat' dir='ltr'><strong><em>C</em></strong></span> <span class='ocrx_word' id='word_1_861' title='bbox 1042 5594 1118 5648; x_wconf 87' lang='lat' dir='ltr'><strong>in.</strong></span> <span class='ocrx_word' id='word_1_862' title='bbox 1194 5592 1238 5625; x_wconf 85' lang='lat'>“</span> <span class='ocrx_word' id='word_1_863' title='bbox 1264 5592 1415 5649; x_wconf 79' lang='lat' dir='ltr'><strong>Asie.</strong></span> 
     </span>
    </p>
   </div>
   <div class='ocr_carea' id='block_1_110' title="bbox 318 5658 1150 5719">
    <p class='ocr_par' dir='ltr' id='par_1_110' title="bbox 318 5658 1150 5719">
     <span class='ocr_line' id='line_1_110' title="bbox 318 5658 1150 5719; baseline 0.011 -9"><span class='ocrx_word' id='word_1_864' title='bbox 318 5658 364 5692; x_wconf 70' lang='grc' dir='ltr'><strong><em>υ</em></strong></span> <span class='ocrx_word' id='word_1_865' title='bbox 390 5668 440 5713; x_wconf 90' lang='lat' dir='ltr'><strong>et</strong></span> <span class='ocrx_word' id='word_1_866' title='bbox 457 5674 562 5716; x_wconf 85' lang='lat' dir='ltr'><strong>om.</strong></span> <span class='ocrx_word' id='word_1_867' title='bbox 592 5662 658 5719; x_wconf 78' lang='grc' dir='ltr'><strong>Α.</strong></span> <span class='ocrx_word' id='word_1_868' title='bbox 731 5658 777 5697; x_wconf 62' lang='grc'><strong>³⁷</strong></span> <span class='ocrx_word' id='word_1_869' title='bbox 806 5674 926 5719; x_wconf 82' lang='lat' dir='ltr'><strong>sunt</strong></span> <span class='ocrx_word' id='word_1_870' title='bbox 953 5679 1060 5719; x_wconf 93' lang='lat' dir='ltr'><strong>om.</strong></span> <span class='ocrx_word' id='word_1_871' title='bbox 1085 5664 1150 5719; x_wconf 76' lang='grc' dir='ltr'><strong>Α.</strong></span> 
     </span>
    </p>
   </div>
   <div class='ocr_carea' id='block_1_111' title="bbox 1920 5401 2102 5457">
    <p class='ocr_par' dir='ltr' id='par_1_111' title="bbox 1920 5401 2102 5457">
     <span class='ocr_line' id='line_1_111' title="bbox 1920 5401 2102 5457; baseline -0.011 -16"><span class='ocrx_word' id='word_1_872' title='bbox 1920 5401 2102 5457; x_wconf 80' lang='lat' dir='ltr'><strong>quum.</strong></span> 
     </span>
    </p>
   </div>
   <div class='ocr_carea' id='block_1_112' title="bbox 1431 5453 1987 5525">
    <p class='ocr_par' dir='ltr' id='par_1_112' title="bbox 1431 5453 1987 5525">
     <span class='ocr_line' id='line_1_112' title="bbox 1431 5453 1987 5525; baseline 0.002 -17"><span class='ocrx_word' id='word_1_873' title='bbox 1431 5453 1472 5525; x_wconf 51' lang='grc' dir='ltr'><strong>ἕο</strong></span> <span class='ocrx_word' id='word_1_874' title='bbox 1506 5457 1549 5507; x_wconf 83' lang='grc' dir='ltr'>Α</span> <span class='ocrx_word' id='word_1_875' title='bbox 1584 5453 1987 5525; x_wconf 71' lang='lat' dir='ltr'><strong>concupiscitur.</strong></span> 
     </span>
    </p>
   </div>
   <div class='ocr_carea' id='block_1_113' title="bbox 1757 5537 2034 5595">
    <p class='ocr_par' dir='ltr' id='par_1_113' title="bbox 1757 5537 2034 5595">
     <span class='ocr_line' id='line_1_113' title="bbox 1757 5537 2034 5595; baseline -0.004 -15"><span class='ocrx_word' id='word_1_876' title='bbox 1757 5537 2034 5595; x_wconf 81' lang='lat' dir='ltr'><strong>permovet.</strong></span> 
     </span>
    </p>
   </div>
   <div class='ocr_carea' id='block_1_114' title="bbox 1492 5593 2557 5662">
    <p class='ocr_par' dir='ltr' id='par_1_114' title="bbox 1492 5593 2557 5662">
     <span class='ocr_line' id='line_1_114' title="bbox 1492 5593 2557 5662; baseline 0.001 -12"><span class='ocrx_word' id='word_1_877' title='bbox 1492 5593 1537 5625; x_wconf 85' lang='lat'>“</span> <span class='ocrx_word' id='word_1_878' title='bbox 1565 5594 1656 5652; x_wconf 85' lang='lat' dir='ltr'><strong>Sic</strong></span> <span class='ocrx_word' id='word_1_879' title='bbox 1675 5595 1741 5662; x_wconf 82' lang='lat' dir='ltr'><strong>A;</strong></span> <span class='ocrx_word' id='word_1_880' title='bbox 1759 5593 1808 5654; x_wconf 67' lang='grc' dir='ltr'><strong>’ϐ</strong></span> <span class='ocrx_word' id='word_1_881' title='bbox 1829 5607 1909 5651; x_wconf 86' lang='lat' dir='ltr'><strong>sat</strong></span> <span class='ocrx_word' id='word_1_882' title='bbox 1930 5612 2073 5651; x_wconf 70' lang='lat' dir='ltr'><strong>nam.</strong></span> <span class='ocrx_word' id='word_1_883' title='bbox 2147 5597 2195 5629; x_wconf 83' lang='lat'>&quot;</span> <span class='ocrx_word' id='word_1_884' title='bbox 2221 5598 2268 5651; x_wconf 79' lang='grc' dir='ltr'><strong>Δ</strong></span> <span class='ocrx_word' id='word_1_885' title='bbox 2295 5593 2557 5653; x_wconf 77' lang='lat' dir='ltr'><strong>aeternae.</strong></span> 
     </span>
    </p>
   </div>
   <div class='ocr_carea' id='block_1_115' title="bbox 1227 5663 2618 5737">
    <p class='ocr_par' dir='ltr' id='par_1_115' title="bbox 1227 5663 2618 5737">
     <span class='ocr_line' id='line_1_115' title="bbox 1227 5663 2618 5737; baseline 0.004 -19"><span class='ocrx_word' id='word_1_886' title='bbox 1227 5663 1272 5695; x_wconf 82' lang='lat'><strong><em>“</em></strong></span> <span class='ocrx_word' id='word_1_887' title='bbox 1299 5674 1419 5719; x_wconf 81' lang='lat' dir='ltr'><strong>sunt</strong></span> <span class='ocrx_word' id='word_1_888' title='bbox 1444 5679 1552 5719; x_wconf 86' lang='lat' dir='ltr'><strong>om.</strong></span> <span class='ocrx_word' id='word_1_889' title='bbox 1579 5666 1644 5721; x_wconf 78' lang='grc' dir='ltr'><strong>Δ.</strong></span> <span class='ocrx_word' id='word_1_890' title='bbox 1720 5666 1765 5700; x_wconf 72' lang='grc' dir='ltr'><strong><em>ὀ</em></strong></span> <span class='ocrx_word' id='word_1_891' title='bbox 1778 5669 1830 5719; x_wconf 87' lang='lat' dir='ltr'><strong>in</strong></span> <span class='ocrx_word' id='word_1_892' title='bbox 1859 5681 1966 5721; x_wconf 89' lang='lat' dir='ltr'><strong>om.</strong></span> <span class='ocrx_word' id='word_1_893' title='bbox 1997 5667 2064 5720; x_wconf 77' lang='grc' dir='ltr'><strong>Δ.</strong></span> <span class='ocrx_word' id='word_1_894' title='bbox 2142 5666 2187 5701; x_wconf 74' lang='grc'><strong><em>³⁸</em></strong></span> <span class='ocrx_word' id='word_1_895' title='bbox 2206 5668 2249 5720; x_wconf 78' lang='grc' dir='ltr'><strong>Δ</strong></span> <span class='ocrx_word' id='word_1_896' title='bbox 2273 5668 2412 5737; x_wconf 77' lang='lat' dir='ltr'><strong>boni,</strong></span> <span class='ocrx_word' id='word_1_897' title='bbox 2438 5683 2528 5729; x_wconf 77' lang='lat' dir='ltr'><strong>per</strong></span> <span class='ocrx_word' id='word_1_898' title='bbox 2548 5684 2618 5723; x_wconf 85' lang='lat' dir='ltr'><strong>se.</strong></span> 
     </span>
    </p>
   </div>
   <div class='ocr_carea' id='block_1_116' title="bbox 2180 5388 3576 5459">
    <p class='ocr_par' dir='ltr' id='par_1_116' title="bbox 2180 5388 3576 5459">
     <span class='ocr_line' id='line_1_116' title="bbox 2180 5388 3576 5459; baseline 0.001 -17"><span class='ocrx_word' id='word_1_899' title='bbox 2180 5389 2201 5420; x_wconf 85' lang='grc'>⁸</span> <span class='ocrx_word' id='word_1_900' title='bbox 2225 5392 2397 5458; x_wconf 79' lang='lat' dir='ltr'><strong>Aper</strong></span> <span class='ocrx_word' id='word_1_901' title='bbox 2416 5393 2657 5459; x_wconf 80' lang='lat' dir='ltr'><strong>seipsam.</strong></span> <span class='ocrx_word' id='word_1_902' title='bbox 2734 5389 2755 5421; x_wconf 81' lang='grc'><strong><em>⁸</em></strong></span> <span class='ocrx_word' id='word_1_903' title='bbox 2780 5392 2825 5444; x_wconf 86' lang='grc' dir='ltr'><strong>Δ</strong></span> <span class='ocrx_word' id='word_1_904' title='bbox 2847 5392 3226 5459; x_wconf 81' lang='lat' dir='ltr'><strong>concupiscent.</strong></span> <span class='ocrx_word' id='word_1_905' title='bbox 3302 5388 3323 5419; x_wconf 71' lang='grc' dir='ltr'><strong><em>τ</em></strong></span> <span class='ocrx_word' id='word_1_906' title='bbox 3352 5388 3576 5459; x_wconf 67' lang='lat' dir='ltr'><strong>Aquas-</strong></span> 
     </span>
    </p>
   </div>
   <div class='ocr_carea' id='block_1_117' title="bbox 2066 5408 3574 5529">
    <p class='ocr_par' dir='ltr' id='par_1_117' title="bbox 2066 5408 3574 5529">
     <span class='ocr_line' id='line_1_117' title="bbox 2066 5408 3574 5459; baseline 0.003 -20"><span class='ocrx_word' id='word_1_907' title='bbox 2066 5408 2102 5439; x_wconf 87' lang='lat' dir='ltr'><strong>l.</strong></span> <span class='ocrx_word' id='word_1_908' title='bbox 2180 5408 2201 5420; x_wconf 85' lang='lat'><strong>&#39;</strong></span> <span class='ocrx_word' id='word_1_909' title='bbox 2225 5408 2397 5458; x_wconf 65' lang='lat' dir='ltr'><strong>Aper</strong></span> <span class='ocrx_word' id='word_1_910' title='bbox 2416 5408 2487 5444; x_wconf 84' lang='lat' dir='ltr'><strong>set</strong></span> <span class='ocrx_word' id='word_1_911' title='bbox 2525 5408 2657 5443; x_wconf 70' lang='lat' dir='ltr'><strong>nam.</strong></span> <span class='ocrx_word' id='word_1_912' title='bbox 2735 5408 2755 5421; x_wconf 87' lang='lat'><em>‘</em></span> <span class='ocrx_word' id='word_1_913' title='bbox 2780 5408 3226 5459; x_wconf 71' lang='grc' dir='ltr'><strong>Λεοπεκρητεηι.</strong></span> <span class='ocrx_word' id='word_1_914' title='bbox 3308 5408 3320 5419; x_wconf 93' lang='lat'>&#39;</span> <span class='ocrx_word' id='word_1_915' title='bbox 3352 5408 3574 5455; x_wconf 65' lang='grc' dir='ltr'><strong>λιμαι-</strong></span> 
     </span>
     <span class='ocr_line' id='line_1_118' title="bbox 2066 5408 3574 5529; baseline 0.002 -18"><span class='ocrx_word' id='word_1_916' title='bbox 2066 5458 2277 5529; x_wconf 15' lang='grc' dir='ltr'><strong>’ίᾼίὶη</strong></span> <span class='ocrx_word' id='word_1_917' title='bbox 2327 5473 2435 5513; x_wconf 92' lang='lat' dir='ltr'><strong>om.</strong></span> <span class='ocrx_word' id='word_1_918' title='bbox 2624 5460 2667 5491; x_wconf 78' lang='lat'>“</span> <span class='ocrx_word' id='word_1_919' title='bbox 2696 5458 2740 5513; x_wconf 80' lang='grc' dir='ltr'><strong>Α</strong></span> <span class='ocrx_word' id='word_1_920' title='bbox 2780 5462 3149 5529; x_wconf 83' lang='lat' dir='ltr'><strong>usqnetriada</strong></span> <span class='ocrx_word' id='word_1_921' title='bbox 3194 5468 3324 5515; x_wconf 88' lang='lat' dir='ltr'><strong>stat.</strong></span> <span class='ocrx_word' id='word_1_922' title='bbox 3399 5456 3574 5529; x_wconf 54' lang='lat' dir='ltr'><strong>&quot;Si:</strong></span> 
     </span>
    </p>
   </div>
   <div class='ocr_carea' id='block_1_118' title="bbox 2113 5526 3573 5601">
    <p class='ocr_par' dir='ltr' id='par_1_118' title="bbox 2113 5526 3573 5601">
     <span class='ocr_line' id='line_1_119' title="bbox 2113 5526 3573 5601; baseline 0 -18"><span class='ocrx_word' id='word_1_923' title='bbox 2113 5528 2440 5601; x_wconf 8' lang='lat' dir='ltr'><strong>&quot;ﬁgsapere</strong></span> <span class='ocrx_word' id='word_1_924' title='bbox 2480 5545 2732 5601; x_wconf 81' lang='lat' dir='ltr'><strong>unquam.</strong></span> <span class='ocrx_word' id='word_1_925' title='bbox 2805 5526 2922 5584; x_wconf 52' lang='lat' dir='ltr'><strong>&quot;&#39;A</strong></span> <span class='ocrx_word' id='word_1_926' title='bbox 2967 5529 3394 5601; x_wconf 27' lang='lat' dir='ltr'><strong>signiﬁcatione:</strong></span> <span class='ocrx_word' id='word_1_927' title='bbox 3437 5526 3573 5601; x_wconf 78' lang='lat' dir='ltr'><strong>”__A</strong></span> 
     </span>
    </p>
   </div>
   <div class='ocr_carea' id='block_1_119' title="bbox 2630 5595 3568 5663">
    <p class='ocr_par' dir='ltr' id='par_1_119' title="bbox 2630 5595 3568 5663">
     <span class='ocr_line' id='line_1_120' title="bbox 2630 5595 3568 5663; baseline -0.003 -10"><span class='ocrx_word' id='word_1_928' title='bbox 2630 5599 2676 5630; x_wconf 76' lang='lat'><em>“</em></span> <span class='ocrx_word' id='word_1_929' title='bbox 2697 5600 2742 5653; x_wconf 77' lang='grc' dir='ltr'>Α</span> <span class='ocrx_word' id='word_1_930' title='bbox 2772 5608 2974 5654; x_wconf 75' lang='lat' dir='ltr'><strong>vocant.</strong></span> <span class='ocrx_word' id='word_1_931' title='bbox 3014 5595 3035 5601; x_wconf 64' lang='grc'><strong>⁷</strong></span> <span class='ocrx_word' id='word_1_932' title='bbox 3052 5595 3298 5663; x_wconf 57' lang='lat' dir='ltr'><strong>&quot;&#39;SieA;</strong></span> <span class='ocrx_word' id='word_1_933' title='bbox 3321 5595 3431 5654; x_wconf 85' lang='lat' dir='ltr'><strong>Cin</strong></span> <span class='ocrx_word' id='word_1_934' title='bbox 3458 5595 3568 5651; x_wconf 81' lang='lat' dir='ltr'><strong>Itis.</strong></span> 
     </span>
    </p>
   </div>
  </div>
