3912 6154
373 322 470 374 617
1181 312 1267 364 DE
1307 307 1639 364 DlVlSlONEL
1683 301 1860 358 ΧᾹΤΞζ

1925 300 2029 354 ΑΕ.
2072 327 2140 340 --
2177 292 2377 350 LIBER
2417 286 2799 346 SECUNDUS.

3523 283 3633 332 GH?

375 436 425 486 ln
461 439 652 484 natura
695 442 868 480 rerum
914 426 1203 484 invenitur,
1246 438 1384 492 quae
1437 440 1463 474 ει
1506 419 1940 489 prin‘wrt‘tialilms
1973 417 2014 472 Α
2047 412 2311 464 unitatem.
2338 417 2382 460 et
2408 403 2762 459 ordiuatorum
2785 409 2838 453 ut
2865 398 3340 492 ordinatorum‘per
3363 412 3417 492 se
3458 395 3631 492 ipsam-

375 515 551 575 causis
580 515 833 572 ineffabili
869 515 1274 584 participatione
1300 529 1402 566 non
1437 511 1708 581 procedat.
1752 508 1854 563 Sed
1881 522 1946 561 ne

374 612 495 681 quis
523 609 816 666 existinmt,
846 620 983 673 quae
1022 607 1086 657 dc
1125 604 1559 673 pl‘llllOl‘tllallltllS
1587 601 1767 656 causis
1805 598 1942 652 dixi-

376 715 516 761 mus,
544 698 739 752 nullius
764 695 1103 748 auctoritatis
1135 694 1432 748 munimine
1458 692 1654 752 fulciri,
1678 689 1944 758 quaedam

372 803 438 843 ex
476 788 614 840 libro
643 787 811 840 sancti
841 786 1010 852 patris
1053 784 1072 814 ‘
1111 783 1344 853 Dionysii
1389 783 1454 834 tle
1479 781 1674 833 divinis
1707 778 1947 832 Numini-

373 878 472 932 bus
503 878 626 929 huic
652 876 799 944 operi
849 877 1088 927 inserere
1129 888 1232 925 non
1271 872 1625 938 inrungruum
1669 870 1941 922 duximus.

375 970 517 1024 Dtsc.
552 967 635 1021 Nil
671 969 867 1037 aptius,
908 967 978 1018 nil
1013 966 1154 1018 veris
1198 963 1495 1017 rationibus
1537 962 1945 1017 convenientius

372 1059 730 1129 subiungitur,
745 1073 906 1126 quam
924 1065 1231 1110 sancmrum
1257 1055 1473 1108 Patrum
1503 1055 1816 1108 inconcussa
1832 1067 1948 1119 pro-

373 1147 672 1220 baliiﬁsqne
711 1151 1023 1204 aucturitas.
1072 1148 1209 1202 Msa.
1257 1149 1344 1200 Ait
1381 1163 1509 1216 ergo
1554 1147 1604 1199 in
1663 1145 1947 1198 undecimo

370 1241 629 1311 praedicti
653 1241 733 1294 sui
766 1239 893 1293 liltri
925 1239 1160 1308 capitulo
1187 1257 1198 1290 :
1233 1237 1373 1301 Quid
1404 1248 1574 1290 autent
1608 1238 1836 1296 omnino,
1867 1236 1947 1288 in-

369 1334 508 1402 quis,
552 1332 690 1401 quod
735 1347 824 1399 per
859 1331 1084 1397 seipsum
1140 1345 1249 1381 esse
1286 1329 1479 1380 dictant
1518 1337 1612 1387 est,
1657 1335 1747 1376 aut
1792 1325 1810 1353 '
1857 1340 1948 1392 per

373 1423 592 1491 «ipsum
625 1421 748 1480 vita,
788 1430 876 1472 aut
899 1434 1233 1488 quaecunque
1255 1416 1488 1469 absolute
1516 1425 1562 1468 et
1591 1413 1949 1482 principaliter

372 1530 478 1567 esse
532 1513 884 1581 exposuimus.
949 1509 1068 1563 Hoc
1125 1510 1345 1562 dicimus
1403 1525 1505 1562 non
1559 1518 1633 1560 est
1696 1522 1946 1574 pravum,

374 1604 457 1658 ted
482 1613 706 1661 rectum,
750 1611 798 1655 et
836 1601 1119 1669 simplicem
1163 1600 1565 1653 declarationem
1607 1598 1777 1650 habet.
1827 1594 1948 1650 Non

373 1697 503 1748 enim
540 1696 816 1748 essentiam
851 1693 1114 1762 quandam
1147 1693 1375 1745 tlivinam
1407 1690 1484 1744 vel
1515 1690 1804 1758 angelicam
1835 1705 1945 1742 esse

2048 498 2450 557 ordinationem,
2480 504 2526 548 et
2561 492 2803 549 aliorum,
2846 501 3180 557 quaecunque
3224 482 3264 514 “
3311 484 3468 553 hujus
3518 485 3626 536 sive

2045 589 2201 658 hujus
2238 589 2339 640 sive
2384 585 2425 615 ¹²
2473 584 2742 637 amborum
2788 577 3131 631 multorumve
3159 575 3201 605 ¹³
3227 574 3618 643 participantia,

2046 681 2140 732 hoc
2165 689 2252 730 aut
2281 680 2376 728 hoc
2400 685 2488 727 aut
2513 674 2663 726 antbo
2687 681 2773 722 aut
2808 667 2970 721 multa
3001 677 3144 728 sunt,
3172 681 3263 734 per
3287 682 3339 717 se
3367 668 3478 731 ipsa
3501 679 3622 732 par~

2046 766 2314 832 ticipantia
2345 765 2592 828 invenies,
2631 763 2791 828 ipsius
2818 775 2925 811 esse
2951 757 3177 825 primum
3205 772 3264 806 ea
3303 753 3622 823 participan-

2047 859 2214 920 tia,_et
2249 857 2312 909 ab
2344 872 2402 908 eo
2435 870 2543 906 esse
2573 853 2795 920 primum
2835 847 3037 916 quidem
3084 844 3395 906 existentia;
3437 842 3622 895 deinde

2046 948 2202 1015 hujus
2243 955 2331 998 aut
2366 944 2524 1011 hujus
2563 940 2812 1010 principia
2853 938 3146 999 existentia,
3181 943 3228 988 et
3247 933 3622 1002 participando

2045 1053 2106 1088 eo
2130 1034 2174 1066 “t
2201 1051 2309 1087 esse
2338 1030 2609 1085 existentia
2646 1028 2974 1097 participato.
3009 1024 3066 1079 Si
3103 1034 3272 1077 autent
3304 1023 3429 1075 haec
3462 1021 3629 1075 parti-

2047 1127 2302 1194 cipatione
2325 1140 2433 1177 esse
2468 1129 2609 1183 sunt,
2641 1118 2803 1170 multo
2839 1117 3002 1186 magis
3028 1131 3204 1168 eorum
3233 1113 3622 1183 participantia.

2048 1218 2113 1271 Et
2150 1217 2308 1286 paulo
2357 1224 2476 1284 post
2519 1231 2531 1264 :
2575 1210 2779 1263 Etenim
2810 1209 2864 1261 in
2902 1206 3120 1259 monade
3166 1205 3330 1258 omnis
3380 1220 3624 1257 numerus

2049 1318 2166 1358 ante
2195 1305 2425 1357 subsistit
2449 1343 2462 1368 ,
2495 1311 2542 1355 et
2572 1301 2719 1352 habet
2747 1314 2950 1350 omnem
2981 1312 3248 1348 numerum
3289 1312 3470 1348 manas
3499 1296 3551 1348 in
3569 1310 3626 1348 se

2049 1397 2161 1463 ipsa
2181 1394 2548 1462 singulariter,
2581 1399 2626 1441 et
2657 1388 2823 1440 omnis
2856 1401 3101 1439 nuuterus
3135 1385 3312 1436 unitur
3341 1385 3546 1452 quidem
3574 1385 3627 1437 in

2049 1487 2289 1538 monade.
2327 1483 2596 1549 Quantum
2634 1489 2804 1532 autem
2837 1496 2868 1530 a
2900 1477 2943 1507 ⁸⁸
2978 1476 3197 1528 monade
3229 1476 3484 1542 provenit,
3510 1483 3627 1527 tan-

2048 1588 2157 1631 tum
2187 1575 2496 1628 discernitur
2516 1580 2560 1624 et
2592 1567 2987 1636 multiplicatur.
3021 1565 3086 1617 Et
3110 1565 3160 1617 in
3184 1574 3357 1618 centro
3387 1581 3561 1617 omnes
3585 1565 3629 1596 "

2052 1667 2232 1724 circuli
2278 1665 2445 1718 lineae
2480 1662 2760 1716 secundum
2799 1659 3021 1727 primaut
3059 1659 3307 1710 unitatem
3344 1655 3632 1711 consubsti-

375 1786 590 1838 “cimus
621 1785 642 1816 3
684 1801 774 1854 per
795 1745 1014 1852 δείρδαη,
1043 1783 1310 1835 “mendo
1351 1745 1626 1843 πίεται(ιὶ
1648 1797 1780 1850 quae
1801 1790 1942 1844 sum,
1975 1772 2019 1830 Β
2049 1769 2189 1813 ttttae
2211 1766 2364 1819 sunt;
2392 1765 2436 1808 et
2460 1769 2633 1808 omnes
2655 1751 2804 1805 habet
2826 1750 3028 1818 signum
3056 1748 3106 1800 in
3129 1751 3395 1817 semetipso
3416 1745 3630 1818 simpla:

371 1889 606 1927 causam.
636 1870 970 1926 Solummodo
985 1873 1121 1924 enim
1144 1871 1397 1924 existendi
1429 1871 1623 1931 omnia,
1658 1885 1790 1940 quae
1804 1879 1946 1932 sunt,

374 1973 414 2015 rt
443 1963 756 2017 subsistendi
783 1963 802 1992 δ
826 1964 992 2030 ipsum
1019 1979 1127 2017 esse
1168 1962 1598 2030 superessentiale
1634 1962 1950 2030 principium

372 2065 416 2105 et
473 2053 727 2106 essentiae
766 2051 788 2082 ⁸
834 2051 1060 2110 causale,
1109 2067 1271 2121 neque
1306 2052 1440 2104 vitae
1478 2060 1740 2120 parentem
1787 2049 1951 2102 aliam

371 2143 616 2196 deitatem
657 2153 862 2212 praeter
897 2143 1284 2210 superdivinam
1323 2143 1584 2204 omnium,
1615 2158 1950 2210 quaecunque

362 2235 547 2288 vivunt
585 2242 633 2287 et
660 2234 831 2286 editae
866 2234 997 2286 vitae
1025 2250 1239 2286 causam
1263 2234 1445 2286 vitam.
1470 2232 1574 2285 Sed
1609 2249 1700 2298 per
1723 2233 1950 2301 seipsum

370 2341 478 2378 esse
523 2333 571 2378 et
612 2341 704 2389 per
745 2324 966 2392 seipsrtm
1007 2324 1166 2376 vitam
1203 2336 1250 2376 et
1293 2340 1386 2392 per
1438 2324 1660 2392 seipsam
1707 2323 1951 2376 deitatem

369 2416 594 2469 dicimus
625 2413 986 2483 principaliter
1020 2415 1228 2484 quidem
1259 2425 1304 2467 et
1337 2415 1664 2483 deiformiter
1684 2425 1731 2467 et
1763 2432 1953 2468 causa-

369 2505 487 2559 liter
507 2521 669 2558 unum
703 2521 933 2558 omnium
967 2505 1410 2574 superprincipale
1441 2516 1487 2558 et
1524 2506 1953 2575 superesscntiale

360 2596 683 2663 principium
714 2606 762 2650 et
811 2614 1049 2661 causam,
1075 2597 1453 2666 participaliter
1491 2608 1670 2655 autent.
1691 2600 1859 2652 editas
1888 2616 1953 2653 ex

367 2686 478 2742 Deo
522 2704 628 2742 non
669 2689 1014 2757 participante
1054 2690 1296 2756 providos
1325 2693 1555 2752 virtutes,
1586 2706 1692 2757 .per
1730 2692 1951 2757 seipsam

369 2779 776 2849 deiﬁcationem,
801 2797 932 2849 quas
960 2781 1230 2834 existentia
1263 2783 1469 2850 propr-ie
1506 2782 1707 2834 sibimet
1733 2783 1950 2851 partici-

372 2881 517 2939 pant,
539 2880 584 2924 et
609 2871 902 2934 existentia,
926 2880 971 2923 et
990 2871 1229 2929 viventia.
1255 2880 1300 2922 et
1323 2870 1500 2922 divina
1527 2881 1670 2933 sunt,
1698 2881 1744 2923 et
1768 2871 1952 2923 dicun-

369 2973 476 3026 tur,
501 2971 548 3016 et
572 2961 679 3015 alia
708 2963 967 3014 similiter.
1018 2959 1246 3014 Proinde
1279 2961 1300 2991 ⁶
1329 2971 1375 3014 et
1405 2962 1692 3029 primarum
1719 2962 1951 3029 ipsarum

371 3055 597 3122 optimus
621 3055 930 3106 substitutor
956 3053 1150 3106 dicitur
1169 3069 1278 3106 esse
1298 3092 1313 3115 ,
1347 3052 1534 3104 deinde
1548 3050 1950 3120 particularium

357 3118 624 3211 ipsarum,
654 3142 841 3196 deinde
869 3140 1097 3194 totarum
1125 3148 1265 3210 ipsas
1294 3118 1742 3209 participahtium,
1765 3139 1948 3192 deinde

2055 3123 2290 3192 formiter
2315 3129 2360 3171 et
2395 3118 2539 3170 unita

373 3231 763 3297 particulariter
788 3249 876 3285 eas
909 3231 1359 3301 participantium.
1397 3229 1462 3282 Et
1500 3231 1626 3299 quid
1655 3237 1850 3297 oportet
1887 3227 1951 3280 de

365 3323 451 3374 his
481 3322 686 3383 dicere,
715 3323 926 3392 quando
957 3321 1165 3390 quidam
1209 3321 1502 3374 divinorum
1537 3330 1832 3373 nostrorum
1859 3335 1949 3370 sa-

375 3428 580 3467 crorum
610 3413 981 3482 magistrorum
1008 3428 1098 3479 per
1127 3412 1349 3479 seipsam
1385 3411 1622 3464 bonitatis
1652 3419 1698 3462 et
1743 3409 1952 3461 deitatis

363 3503 779 3557 substitutricem
828 3503 848 3534 ⁷
893 3503 1039 3556 aiunt
1088 3502 1363 3571 plusquam
1413 3503 1661 3571 optimam
1728 3509 1775 3552 et
1809 3498 1958 3568 plus-

364 3610 525 3660 .qnam
561 3594 792 3647 divinam
832 3610 923 3662 per
961 3597 1182 3661 seipsam
1222 3594 1501 3646 bonitatem
1532 3606 1577 3645 et
1608 3592 1952 3653 divinitatem,

375 3686 597 3738 dicentes
623 3701 733 3738 esse
760 3685 1038 3752 beneficam
1084 3694 1131 3736 et
1175 3685 1416 3752 deiﬁcum
1443 3701 1505 3736 es:
1542 3683 1648 3736 Deo
1673 3685 1953 3751 proceden-

375 3786 471 3829 tem
502 3776 874 3840 donationem,
927 3786 972 3828 et
1001 3792 1091 3844 per
1115 3793 1168 3829 se
1198 3777 1362 3844 ipsam
1401 3777 1623 3843 formam
1645 3791 1737 3844 per
1766 3791 1838 3837 se,
1871 3775 1952 3842 ip-

369 3884 484 3920 sam
509 3867 821 3937 formiﬁcam
837 3867 1118 3935 fusionem,
1145 3877 1191 3919 et
1217 3877 1377 3920 totam
1407 3867 1714 3935 formam,ei
1733 3865 1958 3934 particu-

371 3955 534 4010 larem
575 3955 822 4024 formam,
857 3968 904 4009 et
947 3955 1309 4010 universaliter
1335 3957 1491 4019 bona,
1524 3967 1570 4010 et
1619 3972 1956 4025 quaecunque

380 4045 481 4098 alia
509 4046 795 4106 secundum
819 4047 1036 4100 eundem
1069 4047 1219 4099 .dicta
1249 4058 1368 4100 sunt
1390 4060 1434 4100 et
1463 4049 1698 4101 dicentur
1724 4051 1952 4107 modum,

381 4136 702 4190 declarantia
760 4139 1135 4205 providentiam
1184 4149 1232 4191 et
1284 4139 1564 4194 bonitatem
1617 4139 1954 4206 participatas

381 4227 441 4278 ab
463 4227 824 4290 existentibus,
851 4243 915 4280 ex
945 4227 1051 4281 Deo
1090 4245 1193 4281 non
1218 4230 1562 4298 participante
1583 4229 1954 4293 provenientes,
2001 4267 2006 4271 -

379 4330 422 4369 et
452 4318 474 4350 ⁸
498 4317 708 4386 copiosa
748 4318 956 4385 fusione
985 4327 1030 4370 et
1054 4328 1486 4385 superscatentcs,
1520 4329 1571 4368 ut
1605 4316 1822 4386 diligens
1847 4334 1954 4369 om-

373 4407 520 4475 nium
546 4406 776 4460 causalis
805 4409 1076 4460 summitas
1111 4409 1343 4461 omnium
1380 4417 1424 4459 et
1455 4407 1881 4477 superessentiale
1909 4418 1954 4460 et

2055 1847 2216 1900 lineas
2257 1844 2587 1914 uniformiter
2621 1842 2795 1895 unitas
2841 1838 2910 1890 ad
2945 1855 2997 1891 se
3029 1838 3244 1890 invicem
3284 1845 3331 1889 et
3363 1839 3429 1889 ad
3468 1853 3632 1892 unum

2052 1938 2392 2007 principium,
2421 1952 2484 1989 ex
2506 1950 2608 2000 quo
2635 1931 2942 2003 procedunt,
2972 1939 3018 1983 et
3054 1930 3107 1982 in
3139 1930 3247 1996 ipso
3279 1929 3483 1998 quidem
3514 1945 3631 1981 cen—

2053 2037 2132 2080 tro
2161 2024 2519 2079 universaliter
2548 2023 2870 2076 adnitantur.
2899 2019 3174 2089 Paulisper
3197 2019 3239 2050 "
3272 2031 3440 2072 autem
3470 2037 3526 2072 eo
3556 2020 3631 2071 di-

2052 2126 2248 2171 stantes
2276 2113 2540 2183 paulisper
2560 2113 2600 2144 “
2615 2113 3006 2177 discernuntur,
3024 2112 3189 2180 magis
3203 2121 3370 2164 autem
3391 2111 3633 2164 receden-

2053 2223 2125 2266 tes
2167 2213 2333 2281 magis
2363 2221 2409 2264 et
2438 2209 2757 2277 simpliciter,
2797 2217 3050 2276 quantuut
3089 2215 3264 2260 centro
3293 2205 3634 2274 proximiores

2053 2314 2194 2366 sunt,
2243 2313 2444 2356 tantum
2492 2310 2538 2354 et
2583 2300 2682 2368 ipsi
2730 2309 2776 2351 et
2821 2298 2920 2350 sibi
2949 2298 3165 2350 invicem
3210 2298 3532 2359 adnitantur,
3584 2305 3634 2350 ct

2051 2405 2301 2464 quantum
2331 2409 2412 2454 eo,
2443 2400 2646 2443 tantum
2669 2399 2715 2441 et
2739 2406 2769 2440 a
2796 2404 2850 2441 se
2886 2387 3106 2439 invicem.
3125 2386 3341 2439 distant.
3373 2385 3476 2439 Sed
3501 2395 3549 2439 et
3578 2387 3633 2440 itt

2055 2495 2164 2538 tota
2209 2483 2439 2536 omnium
2481 2489 2670 2532 natura
2713 2494 2888 2530 omnes
2934 2476 3214 2534 secundum
3262 2477 3494 2545 singulas
3539 2492 3635 2530 na-

2052 2587 2201 2630 turae
2246 2575 2471 2626 rationes
2516 2569 2818 2624 convolutae
2853 2578 2970 2621 sunt
3003 2584 3093 2636 per
3123 2583 3276 2620 unant
3306 2566 3632 2636 inconfusam

2054 2667 2329 2726 unitatem,
2360 2672 2406 2715 et
2439 2663 2490 2713 in
2523 2659 2694 2711 anima
2728 2659 2767 2689 ¹⁹
2790 2657 3124 2724 uniformiter
3154 2657 3433 2709 secundum
3460 2642 3632 2725 partes

2056 2757 2287 2809 omnium
2310 2753 2556 2822 providae
2585 2751 2743 2803 totius
2772 2748 3003 2816 corporis
3029 2748 3255 2799 virtutes.
3292 2745 3384 2798 Nil
3413 2763 3532 2814 ergo
3554 2747 3628 2798 in-

2056 2863 2390 2916 consequens,
2427 2860 2491 2897 ea:
2533 2843 2764 2895 obscuris
2803 2839 3115 2908 imaginibus
3154 2840 3207 2889 in
3247 2838 3475 2889 ontnium
3512 2854 3636 2890 cau-

2055 2940 2164 2996 sale
2189 2939 2544 2998 ascendentes,
2583 2951 2738 3002 super
2768 2933 3048 2985 mundanis
3085 2930 3248 2983 oculis
3295 2928 3636 2998 contemplari

2055 3033 2229 3084 omnia
2258 3032 2308 3082 in
2331 3029 2562 3082 omnium
2585 3023 2806 3087 causali,
2838 3032 2883 3075 et
2908 3023 3004 3074 sibi
3025 3022 3236 3073 invicem
3259 3020 3492 3088 apposita
3517 3021 3633 3072 uni‘

2566 3116 2607 3145 ²⁰
2630 3132 2646 3177 ;
2669 3113 2980 3183 principium
3017 3111 3149 3164 cnim
3178 3119 3251 3162 est
3279 3111 3631 3174 existentium,

2055 3230 2118 3267 ex
2145 3229 2246 3282 quo
2272 3221 2316 3264 et
2347 3212 2513 3279 ipsum
2544 3224 2670 3268 esse,
2700 3216 2745 3257 et
2778 3204 2951 3256 omnia
2974 3213 3229 3271 utcunque
3255 3201 3299 3234 "
3338 3202 3632 3262 existentia,

2058 3322 2207 3360 omne
2232 3303 2563 3372 principium,
2605 3297 2770 3352 omnis
2797 3298 2938 3365 linis,
2963 3313 3022 3348 ac
3045 3296 3088 3324 ²¹
3118 3294 3286 3346 omnis
3315 3293 3439 3358 vita,
3468 3292 3634 3347 omnis

2057 3394 2445 3455 immortalitas,
2470 3392 2634 3445 omnis
2658 3389 2934 3459 sapientia,
2963 3387 3129 3439 ontnis
3153 3384 3302 3448 ordo,
3331 3384 3496 3436 omnis
3520 3384 3638 3436 har-

2059 3488 2268 3544 monia.
2306 3483 2472 3537 omnis
2499 3484 2689 3542 virtus,
2721 3479 2884 3532 ontnis
2916 3476 3150 3530 custodia
3171 3518 3184 3539 ,
3215 3475 3378 3530 omnis
3409 3473 3638 3527 colloca-

2058 3580 2130 3631 tio
2161 3579 2226 3640 ”,
2259 3577 2426 3629 omnis
2456 3571 2782 3634 distributio,
2815 3568 2982 3622 omnis
3012 3565 3318 3629 intellectus,
3351 3565 3516 3617 omnis
3547 3579 3637 3617 ra-

2059 3675 2149 3735 tio,
2182 3672 2348 3724 omnis
2371 3686 2574 3733 sensus,
2603 3666 2770 3720 omnis
2801 3664 3028 3726 habitus,
3054 3663 3221 3716 omnis
3253 3670 3441 3723 status,
3469 3661 3637 3713 omnis

2058 3773 2250 3825 motus,
2287 3763 2453 3815 omnis
2482 3764 2672 3820 unitas,
2701 3773 2849 3810 omne
2876 3756 3161 3825 "judicium,
3187 3754 3350 3808 omnis
3381 3753 3634 3813 amicitia,

2065 3852 2230 3906 omnis
2261 3852 2563 3920 compactio,
2597 3849 2764 3902 omnis
2795 3846 3060 3907 discretio,
3091 3846 3259 3898 omnis
3290 3845 3563 3906 terminus,
3589 3854 3635 3895 et

2057 3941 2165 3995 alia
2197 3942 2501 3995 nominatim
2530 3939 2600 4002 ",
2625 3951 2960 4007 quaecunque
2997 3935 3059 3985 ab
3082 3951 3190 3987 esse
3218 3933 3490 3985 existentia
3520 3949 3634 3985 om-

2063 4036 2149 4089 nia
2180 4034 2614 4087 characterizant.
2645 4030 2709 4082 Et
2735 4036 2855 4097 post
2881 4025 3154 4095 aliquanta
3191 4043 3202 4077 :
3233 4023 3292 4078 Si
3321 4023 3454 4076 enim
3474 4024 3635 4092 juxta

2062 4142 2152 4179 no;
2197 4125 2278 4178 sol
2317 4122 2638 4176 sensibilium
2670 4119 2918 4172 essentias
2947 4127 2991 4169 et
3028 4115 3326 4185 qualitates,
3351 4122 3398 4164 et
3429 4113 3637 4182 quidem

2061 4218 2252 4274 ntnltas
2282 4229 2327 4271 et
2355 4217 2606 4269 discretas
2623 4213 2918 4273 existentes,
2943 4221 3116 4262 tamen
3135 4208 3240 4275 ipse
3258 4221 3389 4256 unus
3411 4205 3591 4258 existet
3611 4225 3634 4262 ι

2059 4321 2106 4364 et
2123 4307 2398 4374 uniformis
2412 4303 2714 4358 illuminans
2730 4301 2820 4353 lux
2837 4309 3064 4362 renovat,
3083 4307 3128 4350 et
3146 4296 3379 4358 nutrit,et
3396 4293 3635 4356 custodit,

2065 4412 2109 4457 et
2137 4401 2358 4472 perficit,
2391 4407 2438 4451 et
2465 4396 2734 4457 discernit,
2763 4404 2809 4447 ct
2858 4394 2986 4454 unit,
3013 4403 3058 4446 et
3091 4390 3304 4460 refovet,
3342 4398 3387 4442 et
3416 4387 3640 4456 fecunda

377 4496 773 4564 tttpcmaturale
799 4498 1007 4552 omnino
1048 4499 1404 4567 supet'excellit
1446 4515 1528 4562 ea,
1561 4515 1693 4566 quae
1725 4507 1842 4551 sunt
1879 4513 1958 4550 se-
1993 4487 2036 4544 Ι)
2064 4510 2172 4547 esse
2204 4491 2351 4559 facit,
2377 4499 2422 4542 et
2451 4496 2626 4558 auget,
2653 4497 2698 4539 et
2721 4494 2904 4544 mutat,
2927 4493 2973 4536 et
3005 4482 3244 4545 collocat,
3273 4491 3319 4533 et
3339 4479 3540 4548 plantat
3569 4479 3640 4544 ⁸⁵,

379 4587 601 4646 cundum
629 4587 1038 4658 qualemcunque
1064 4588 1338 4644 essent-iam
1361 4598 1405 4640 et
1435 4599 1697 4640 naturam.
1729 4586 1858 4640 Item
1887 4603 1950 4640 ex

379 4677 562 4730 collem
584 4677 734 4731 ’libro
754 4678 999 4746 capitulo
1044 4679 1232 4747 quinto
1268 4697 1279 4729 :
1320 4677 1582 4746 Principia
1625 4678 1955 4732 existentinm

381 4767 548 4819 omnia
575 4765 597 4796 ⁸
627 4767 789 4834 ipsius
815 4783 925 4820 esse
967 4768 1356 4835 participanda,
1383 4777 1428 4820 et
1454 4775 1594 4829 sunt,
1623 4777 1668 4820 et
1698 4767 1954 4834 principia

379 4866 518 4919 sunt,
549 4867 595 4911 et
618 4857 788 4926 primo
804 4866 944 4919 sunt,
967 4857 1152 4920 deinde
1174 4858 1427 4927 principia
1443 4868 1592 4912 sunt.
1623 4855 1686 4923 Et
1713 4859 1756 4910 si
1776 4858 1890 4926 quis
1913 4856 1954 4886 ¹⁰

372 4945 482 5000 «vult
517 4949 793 5001 viventium
824 4957 880 5002 ut
917 4948 1192 5000 viventium
1235 4949 1542 5016 principimn
1568 4947 1738 4999 dicere
1776 4964 1866 5014 per
1903 4963 1956 4999 sc

381 5040 541 5105 ipsam
589 5041 768 5103 vitam,
810 5049 857 5092 et
899 5038 1148 5092 similium
1190 5050 1242 5090 ut
1279 5038 1527 5090 similium
1563 5054 1652 5105 per
1697 5055 1748 5089 se
1791 5039 1954 5106 ipsam

377 5132 795 5197 similitudinem,
832 5142 879 5185 et
922 5133 1185 5184 ttuitorum
1211 5140 1262 5183 ut
1301 5132 1564 5183 unitorum
1595 5147 1685 5199 per
1711 5147 1764 5181 se
1793 5129 1956 5193 ipsam

2057 4595 2104 4639 et
2147 4591 2353 4636 renovat
2375 4581 2462 4644 ³⁸,
2509 4587 2557 4632 et
2599 4577 2820 4645 vivi/icat
2851 4575 3058 4637 omnia,
3098 4583 3143 4626 et
3180 4573 3414 4626 omnium
3447 4587 3639 4624 unum-

2056 4673 2297 4746 quodque
2336 4669 2543 4739 proprie
2579 4667 2676 4720 sibi
2706 4665 2924 4719 eundem
2961 4675 3006 4716 et
3044 4680 3203 4717 unum
3234 4661 3392 4715 solent
3426 4661 3645 4729 partici-

2058 4774 2169 4836 ραι,
2218 4771 2263 4816 et
2304 4759 2586 4813 multorum
2619 4756 3040 4827 participantium
3070 4772 3202 4812 unus
3244 4755 3323 4807 sol
3362 4770 3550 4806 causas
3586 4753 3640 4806 in

2052 4858 2222 4926 seipse
2238 4848 2865 4921 uniformiterpraeambit
2880 4847 3114 4912 ",tnulto
3132 4847 3291 4916 magis
3306 4863 3461 4914 super
3475 4857 3642 4897 terrae

2060 4957 2108 4999 et
2137 4946 2298 5014 ipsius
2330 4954 2375 4995 et
2401 4942 2574 4995 omnia
2603 4940 2652 4971 ³⁸
2679 4940 2905 4991 causalis
2922 4940 3234 5006 praeterisse
3258 4937 3301 4968 ²⁹
3329 4938 3435 5006 ipse
3461 4937 3504 4967 ³⁸
3527 4952 3638 4988 om-

2065 5036 2205 5088 nium
2227 5033 2555 5088 existentiunt
2584 5030 2946 5099 paradigmata
2972 5029 3255 5080 secundant
3280 5043 3438 5080 unam
3465 5041 3640 5084 super-

2063 5124 2389 5182 essentialem
2436 5122 2686 5175 unitatem
2727 5118 3128 5189 concctlcnrlum.
3168 5116 3360 5168 Deinde
3393 5128 3434 5166 ct
3470 5128 3642 5165 csscn-

1655 5257 1908 5311 VARIAE
1949 5252 2350 5309 LECTIONES.

437 5405 465 5436 ’ί
493 5406 658 5473 patris
679 5417 788 5456 om.
837 5403 902 5455 A.
981 5414 998 5442 ²
1031 5404 1071 5456 Α
1100 5414 1272 5473 atque.
1349 5403 1367 5432 ³
1398 5401 1437 5454 (Σ
1464 5401 1718 5473 dicamus.
1799 5397 1819 5427 ⁸
1849 5396 2158 5473 subsistendi
2182 5409 2292 5445 om.
2338 5392 2401 5473 Au.
2457 5391 2495 5471 ⁵
2594 5390 2888 5473 essentiam;

1561 5471 1602 5500 ⁸ο
1625 5469 1663 5522 C
1687 5485 1803 5537 que.
1841 5467 1879 5496 ¹¹
1908 5467 1945 5520 Α
1973 5469 2281 5537 quicunque.

1963 5537 2005 5566 ¹⁸
2029 5535 2073 5588 Α
2103 5534 2338 5586 breviter.

1634 5609 1679 5639 “
1731 5606 2036 5659 nominatim
2086 5603 2263 5656 MILA
2337 5602 2383 5634 ³⁵
2416 5610 2462 5653 ct
2504 5610 2702 5668 ptantat
2757 5613 2859 5650 um.
2915 5594 2976 5645 Α.

1771 5675 1817 5706 ³ο
1842 5677 1883 5728 Α
1911 5675 1961 5727 in
2012 5691 2084 5729 se.

1113 5471 1133 5502 ⁹
1163 5473 1204 5523 Α
1231 5474 1479 5524 omnium.

1056 5543 1098 5574 ¹⁶
1139 5544 1176 5594 Λ
1207 5559 1400 5594 omnes.

1194 5612 1240 5643 ⁸³
1263 5614 1301 5663 Α
1329 5611 1555 5664 collatio.

1212 5681 1256 5715 "
1284 5681 1324 5734 Λ
1367 5681 1692 5748 praeterisse.

383 5476 643 5528 stantiam.
720 5473 742 5504 ⁸
764 5484 811 5526 et
841 5488 948 5527 om.
974 5474 1037 5526 A.

381 5559 486 5598 om.
522 5546 585 5597 A.
647 5543 692 5574 ”
722 5559 755 5595 α
785 5557 892 5604 om,
915 5541 974 5596 C.

377 5623 670 5682 nurumque.
748 5613 792 5682 ξ’
822 5629 883 5664 ac
927 5627 1033 5666 om.
1063 5613 1124 5665 A.

373 5680 649 5749 ,pemmbit.
730 5680 773 5713 ’⁸
807 5683 850 5737 Α
880 5683 1130 5735 omnium.

1483 5541 1521 5572 ¹⁷
1553 5540 1596 5592 Α
1635 5538 1883 5591 Breviter.

2967 5387 2986 5417 ⁸
3017 5385 3055 5436 Λ
3091 5382 3333 5435 Perinde.
3409 5380 3428 5411 τ
3459 5376 3500 5433 C
3523 5380 3638 5430 sub-

2998 5453 3040 5484 ¹³
3061 5455 3102 5505 Α
3134 5451 3436 5504 multorum.
3513 5447 3557 5479 ”
3584 5466 3643 5502 eo

3264 5521 3306 5552 “
3340 5519 3432 5574 Sic
3471 5518 3541 5578 C:
3603 5521 3643 5570 A

3514 5589 3648 5646 "A

2359 5463 2402 5493 ³⁸
2423 5462 2525 5513 sive
2546 5461 2701 5528 hujus
2726 5474 2836 5528 om.
2863 5457 2924 5528 Α,

2417 5531 2523 5582 ¹⁹Α
2575 5523 2704 5582 alia.
2796 5526 2841 5557 ³ο
2881 5525 2919 5577 (Σ
2971 5523 3186 5575 unitate.

3051 5591 3095 5621 "
3125 5589 3164 5645 C
3200 5599 3436 5656 removet.
