3912 6154
262 301 363 366 νο

1610 292 1889 348 ΙΟΛΝΝἰΞ
1927 293 2121 349 SCOTI

3404 295 3508 354 διο

262 419 364 475 tias
406 411 620 466 udriucit
659 409 819 478 juxta
847 406 912 462 ab
957 405 1178 459 uacatio
1207 417 1570 473 egressionem.
1606 400 1834 457 Paradi-
1867 411 1914 467 Α
1941 405 2166 459 cundum
2194 421 2321 475 quas
2348 404 2459 474 ipsa
2488 402 2929 475 supernantith
2954 404 3226 459 existentiu
3257 406 3433 459 omnia
3460 418 3506 461 et

262 515 437 574 gmltm
474 511 646 556 autem
682 499 900 552 dicimus
937 511 1046 548 esse
1090 495 1227 562 ipsa;
1268 493 1321 545 in
1350 492 1455 547 Deo
1504 494 1831 547 eminentium

263 592 651 660 substerni/ica;
680 600 726 642 et
759 585 1088 655 uniformiter
1112 592 1405 653 praetextas
1431 583 1677 645 rationes,
1702 600 1831 651 quos

265 686 521 752 theologia
568 679 1064 751 praedestiuotione:
1097 685 1241 731 vocat
1282 685 1330 729 et
1377 676 1580 729 divinas
1612 686 1657 727 et
1698 677 1835 742 opt.‘-

262 793 373 827 mua
403 775 688 843 rotuntatcg
708 768 1037 843 existentiuut
1066 767 1364 839 discretim:
1394 776 1441 819 et
1473 763 1712 842 furtivas,
1745 782 1827 821 te-

1938 490 2338 565 praédestinovit
2368 503 2416 548 et
2439 493 2681 547 adduait.
2711 492 2779 548 Et
2802 492 2915 561 jam
2961 494 2977 524 ¹
3009 494 3133 547 lmic
3158 492 3297 548 libro
3323 496 3509 549 terrai.

1939 603 2040 641 nus
2064 597 2150 641 est
2193 585 2544 655 imponendus
2573 592 2632 638 ut
2661 584 2914 638 arbitror.
2944 583 3088 639 Disc.
3133 584 3209 639 Ita
3237 582 3353 640 ﬁat.
3398 583 3507 641 Ex.

1940 679 2089 749 plieit
2117 678 2253 734 liber
2283 677 2551 734 secundus
2580 687 2707 733 περι
2734 682 2992 732 omenti.

1222 953 1536 1047 INCIPI
1570 956 1610 1027 ἵ
1675 952 1965 1045 LIBER
2014 950 2459 1026 TERTIUS
2491 935 2537 1024 ³.

335 1134 471 1188 Μιο.
504 1132 559 1187 lu
588 1130 822 1186 secundo
846 1132 984 1185 libro
1021 1138 1130 1183 tota
1160 1127 1273 1182 fere
1302 1138 1516 1181 nostrae
1546 1128 1836 1180 ratiocina-

263 1229 423 1282 tionis
455 1226 680 1281 intentio
706 1234 789 1279 est
829 1223 1119 1278 constituta
1161 1223 1227 1276 de
1256 1223 1488 1275 secunda
1520 1222 1837 1275 universalis

262 1331 487 1373 naturae
512 1317 963 1379 consideratione,
993 1325 1066 1378 et,
1107 1324 1163 1367 ut
1203 1314 1277 1367 ita
1305 1313 1498 1375 dicam,
1530 1313 1698 1368 forma
1725 1328 1838 1367 sive

267 1412 463 1481 specie,
500 1423 854 1479 quaecunque
910 1404 1218 1461 verisimilia
1251 1404 1405 1459 nobis
1444 1404 1553 1458 visa
1595 1411 1738 1465 sunt,
1782 1412 1836 1457 et

259 1505 325 1556 ad
359 1502 640 1571 liquidum,
670 1507 726 1554 ut
754 1498 1005 1561 arbitror,
1038 1497 1284 1567 deducta,
1318 1511 1583 1565 veraeque
1617 1495 1838 1549 ratmnis

262 1592 701 1647 conclusionibus
737 1591 1054 1647 inconcusse
1084 1599 1311 1655 munita.
1344 1588 1515 1657 literis
1556 1587 1829 1642 mandare.

196 1688 201 1693 ’
265 1681 599 1738 Universalis
625 1688 804 1742 autem
835 1688 1061 1738 naturae
1087 1678 1320 1745 secunda
1344 1675 1735 1741 ’consideratio
1751 1683 1833 1728 est

263 1775 314 1828 lu
359 1788 422 1826 ea
465 1772 631 1842 ipsius
667 1778 841 1840 parte,
874 1784 1011 1840 quae
1040 1776 1095 1831 et
1136 1778 1355 1823 creatur
1387 1776 1441 1821 et
1482 1775 1651 1829 creat,
1682 1774 1737 1819 et
1777 1766 1830 1823 in

264 1878 364 1931 qua
392 1876 572 1918 rerum
603 1861 842 1923 omnium
871 1859 1153 1929 principia,
1187 1858 1289 1912 boc
1322 1865 1423 1920 est,
1463 1855 1837 1925 primordiales

263 1966 476 2016 causae,
509 1966 623 2015 seu,
652 1958 713 2005 ut
749 1964 910 2018 saepe
944 1947 1146 2003 dictum
1187 1956 1287 2011 est,
1321 1946 1839 2015 praedestinatiOues

264 2057 442 2098 rerum
472 2042 847 2104 creandarum,
876 2056 968 2095 seu
995 2040 1206 2094 divinae
1234 2037 1554 2101 voluntates,
1585 2045 1640 2090 et
1674 2040 1689 2067 δ
1716 2052 1810 2090 san

264 2144 470 2187 rtorum
491 2132 711 2187 Patrum
744 2133 1059 2195 auctoritas,
1083 2140 1134 2185 et
1166 2130 1278 2200 ipsa
1303 2139 1445 2184 recta
1474 2129 1681 2190 ratione
1711 2143 1809 2181 con

262 2224 400 2279 sulta
446 2223 644 2276 veritas
681 2222 870 2276 edocet
915 2235 1033 2275 esse
1079 2219 1485 2291 consideranda.
1535 2217 1634 2291 Ubi
1676 2218 1837 2291 etiam

263 2327 375 2381 ipsa
402 2312 421 2342 ⁵
461 2310 835 2381 disputationis
864 2310 1157 2379 necessitas
1186 2309 1453 2379 exigebat,
1482 2310 1746 2379 quaedam
1774 2310 1838 2363 de

266 2402 629 2478 incidentibus
682 2402 1087 2471 quaestionibus
1139 2400 1449 2473 principalis
1504 2402 1838 2471 quaestionis

266 2492 583 2547 revelandae
611 2491 784 2561 gratia
815 2490 1175 2558 introducere.
1207 2488 1356 2543 Nulla
1390 2490 1652 2561 siquidem
1689 2492 1807 2560 prin

262 2582 452 2653 ripalis
479 2582 725 2652 quaestio
761 2591 862 2646 est,
900 2591 960 2653 ut
994 2582 1201 2650 opinor,
1233 2597 1371 2652 quae
1401 2597 1504 2636 non
1539 2581 1839 2638 incidentes

263 2671 629 2739 quaestiones,
661 2669 787 2723 dum
828 2669 1069 2739 diligenti
1110 2671 1303 2723 mentis
1342 2671 1582 2724 contuitu
1617 2671 1837 2724 investi-

260 2771 441 2836 gatur,
473 2759 716 2837 recipiat.
762 2760 994 2828 Enodari
1026 2762 1169 2814 enim
1199 2760 1355 2815 aliter
1384 2762 1710 2830 impossibile
1732 2771 1834 2828 est,

262 2853 579 2922 praesertim
597 2868 719 2909 cum
740 2851 1098 2907 necessarium
1116 2862 1278 2921 atque
1303 2853 1645 2917 “inevitabile
1663 2852 1836 2919 ﬁeret,

266 2945 391 2995 dum
427 2945 493 2998 de
524 2943 803 3013 principiis
835 2959 1011 2997 rerum
1051 2943 1471 3013 disputabatnus.
1506 2944 1608 2999 hoc
1635 2954 1739 3008 est,
1772 2945 1838 3000 de

277 3035 727 3105 priuturdialibus
749 3033 950 3097 causis,
970 3032 1038 3086 de
1063 3047 1170 3084 uno
1191 3032 1353 3085 etiam
1379 3030 1620 3084 omnium
1644 3030 1847 3100 princi-

277 3125 386 3193 pio,
420 3124 529 3195 Deo
573 3124 849 3183 videlicet,
880 3121 973 3191 qui
999 3121 1150 3175 solus
1176 3131 1261 3174 est
1287 3120 1401 3173 sola
1428 3135 1491 3173 ac
1521 3122 1694 3189 prima
1721 3135 1847 3173 eau-

274 3231 461 3268 saruzn
490 3215 731 3269 omnium
786 3230 973 3273 causa,
1019 3222 1072 3264 et
1121 3213 1522 3280 supercausalis
1569 3227 1754 3273 causa,
1792 3221 1846 3265 et

274 3306 742 3376 supcreSsentialis
774 3305 1010 3367 bonitas,
1035 3304 1191 3372 cujus
1214 3304 1635 3373 participatione
1662 3304 1844 3357 omnia

271 3399 561 3469 princpio,
575 3408 625 3451 et
644 3412 833 3468 omnes
850 3412 1042 3449 causae
1056 3397 1296 3449 omniutn
1319 3411 1499 3449 rerum
1513 3397 1842 3460 subsismnl.

272 3492 387 3565 ipse
414 3506 539 3544 vero
565 3489 772 3543 nullum
794 3487 1103 3562 participat,
1129 3490 1253 3557 quia
1280 3489 1427 3542 omni
1460 3489 1728 3556 principio
1749 3503 1838 3542 su-

267 3581 470 3652 periori
502 3594 560 3633 se
593 3580 677 3651 vel
725 3594 909 3632 secum
960 3581 1234 3648 existenli,
1276 3596 1381 3632 non
1430 3590 1608 3634 tamen
1637 3581 1657 3611 ⁷
1687 3595 1837 3636 eccs-

266 3672 482 3726 8υιιιίιι11
509 3670 635 3730 sibi,
658 3673 885 3742 omnino
908 3680 1076 3732 cauet,
1100 3674 1242 3739 quod
1282 3673 1468 3727 animo
1485 3675 1831 3738 occurrebat,

266 3750 428 3803 inscii
474 3751 516 3803 ⁸.
554 3750 685 3816 Quis
707 3751 850 3806 enim
879 3751 945 3823 de
983 3753 1179 3821 creatis
1205 3755 1381 3810 causis
1413 3764 1556 3809 recte
1584 3757 1711 3825 quid
1749 3758 1830 3811 di-

266 3849 372 3903 cet,
403 3840 500 3895 uisi
534 3841 682 3911 prius
707 3842 920 3897 unicam
958 3844 1198 3898 omnium
1226 3860 1445 3898 causam
1476 3862 1573 3917 per
1605 3863 1662 3902 se
1706 3849 1819 3903 sub-

265 3929 567 3997 sistentem,
604 3940 660 3987 et
701 3947 732 3986 a
771 3932 914 3988 nulla
947 3936 1286 4004 praecedenti
1332 3953 1389 3991 se
1430 3947 1664 3991 creatam
1701 3953 1833 4008 pure

258 4020 572 4103 perspiciat,
607 4020 661 4075 in
687 4030 947 4091 quantum
966 4024 1031 4078 de
1056 4022 1309 4078 iueﬁ‘abili
1340 4025 1498 4079 datur
1519 4026 1640 4091 l'ari,
1664 4028 1835 4095 deque

263 4110 793 4185 incomprehensibili
831 4117 1247 4185 comprehendi,
1291 4117 1358 4172 de
1395 4130 1680 4187 superante
1714 4135 1833 4174 om-

260 4215 385 4258 nem
424 4204 752 4261 intellectum
784 4206 1044 4278 intelligi?
1078 4206 1209 4262 Cum
1251 4210 1335 4265 bis
1376 4212 1543 4265 etiam
1569 4213 1831 4281 quaedam

261 4291 330 4349 de
360 4294 533 4349 reditu
564 4310 744 4352 rerum
768 4297 1102 4353 mutabilium
1129 4308 1290 4373 atque
1314 4311 1713 4371 segregatartnn
1740 4317 1834 4371 per

262 4382 508 4442 diversas
537 4397 768 4451 naturae
800 4388 1093 4445 divisiones
1122 4399 1176 4444 et
1216 4402 1415 4460 partes,
1444 4392 1638 4462 quibus
1674 4410 1828 4448 mun-

258 4474 363 4530 dus
405 4474 506 4532 iste
538 4475 560 4509 '
597 4477 912 4547 perﬁcitur,
955 4482 1147 4535 iterum
1189 4481 1245 4535 in
1287 4482 1547 4553 principia
1597 4499 1724 4548 sua,
1764 4499 1827 4539 ex

259 4568 457 4639 quibus
489 4575 802 4642 procedunt,
843 4582 898 4628 et
933 4574 987 4629 in
1027 4576 1221 4645 quibus
1262 4576 1669 4645 immutabilitcr
1704 4580 1803 4633 sub

258 4659 482 4737 sistunt,
518 4659 646 4716 dttm
677 4661 800 4716 ﬁnis
830 4665 1067 4718 omnium
1095 4666 1319 4723 venerit.
1352 4683 1665 4738 eorumque,
1695 4683 1834 4738 quae

262 4749 319 4819 in
348 4761 498 4805 metu
532 4758 679 4817 sunt,
707 4761 881 4807 status
909 4757 1251 4829 apparuerit,
1294 4767 1411 4826 post
1439 4757 1481 4790 ¹⁰
1504 4773 1660 4827 quem
1704 4758 1833 4814 nihil

261 4840 602 4920 movebitur,
656 4842 891 4897 breviter
940 4844 1355 4913 praelibavimus
1389 4847 1447 4900 ¹¹.
1508 4847 1601 4901 His
1658 4849 1836 4916 itaque

260 4931 513 5007 aliisque,
544 4942 604 4987 ιιι
634 4933 887 4997 diximus,
920 4938 1138 4992 secundi
1166 4939 1427 4992 sermonis
1456 4938 1589 4992 ordo
1617 4943 1832 4993 texitur.

261 5024 465 5098 Deinde
490 5026 874 5096 consequentia
914 5029 1309 5095 quaestionum,
1354 5031 1404 5084 ni
1438 5030 1611 5092 fallor,
1650 5031 1836 5101 exigit,

262 5116 479 5188 tertium
516 5116 732 5183 librum,
759 5118 866 5173 Deo
902 5119 1055 5184 duce,
1085 5119 1151 5176 de
1188 5120 1342 5176 tertia
1380 5122 1703 5177 tutiv.-rs;dis
1740 5137 1835 5176 ua-

1941 1139 2094 1180 turae
2123 1125 2572 1187 consideratione,
2599 1122 2700 1177 hoc
2726 1131 2827 1186 est,
2856 1123 2920 1177 de
2941 1138 3003 1177 ea
3031 1133 3185 1192 parte
3207 1132 3510 1189 creaturae,

1937 1231 2077 1286 quae
2105 1224 2320 1270 creatur
2340 1224 2393 1270 et
2410 1230 2513 1268 non
2543 1222 2708 1276 creat,
2738 1213 2989 1283 quicquid
3013 1215 3167 1268 nobis
3191 1214 3243 1268 in
3268 1223 3450 1269 mente
3468 1215 3511 1251 "

1938 1324 2026 1360 .ux
2057 1318 2273 1361 aeterna
2291 1306 2624 1376 patefecerit,
2657 1307 2784 1360 texi.
2815 1306 2957 1361 Disc.
2991 1306 3107 1360 Non
3138 1307 3296 1361 aliter
3320 1308 3507 1377 dispu.

1941 1399 2086 1453 tand‘t
2132 1400 2270 1452 viam
2322 1398 2525 1466 ingredi
2573 1407 2819 1465 oportet.
2864 1406 2923 1451 ut
2977 1398 3224 1452 aestimo.
3281 1398 3416 1453 Nam
3464 1401 3507 1454 si

1941 1491 2145 1558 primus
2174 1489 2311 1544 liber
2334 1489 2401 1542 de
2430 1498 2621 1543 natura
2647 1488 2690 1520 ¹³
2718 1499 2909 1543 cuncta
2938 1497 3157 1543 creante
3170 1496 3226 1542 et
3251 1506 3280 1542 a
3304 1488 3448 1541 nulio
3466 1490 3511 1523 ιι

1938 1591 2146 1645 creata,
2185 1584 2357 1651 deque
2380 1581 2495 1635 solo
2525 1582 2633 1635 Deo
2667 1581 2956 1644 intellecta,
2987 1583 3256 1635 secundus
3289 1597 3418 1636 vero
3445 1582 3509 1636 de

1940 1690 2022 1738 ea,
2067 1688 2205 1742 quae
2231 1683 2284 1725 et
2315 1683 2532 1727 creatur
2555 1680 2607 1725 et
2638 1682 2806 1735 creat,
2836 1682 2892 1725 et
2921 1673 2972 1725 in
3001 1672 3307 1740 primordiis
3333 1685 3508 1724 rerum

1938 1766 2301 1837 cognoscitur,
2343 1765 2644 1820 rationabili
2694 1775 2891 1820 tractat
2935 1766 3304 1835 progressione
3336 1779 3352 1818 :
3384 1780 3510 1818 num

1937 1872 2166 1926 sequens
2201 1857 2245 1890 ι’
2274 1865 2377 1921 est,
2423 1866 2483 1909 ut
2516 1867 2571 1911 et
2602 1858 2791 1910 tertius
2827 1857 2891 1910 de
2919 1857 3095 1919 tertia,
3122 1870 3260 1924 quae
3297 1866 3513 1908 creatur

1937 1956 1989 2000 et
2028 1962 2134 2000 non
2164 1955 2341 2009 creat,
2388 1946 2787 2000 constitutionis
2826 1962 2955 2001 suae
2999 1946 3283 2001 materiam
3330 1945 3503 2001 susci-

1937 2036 2086 2107 piat?
2115 2036 2219 2091 Sed
2268 2038 2580 2106 priusquam
2624 2039 2689 2090 ad
2730 2036 3066 2092 enodandam
3105 2036 3246 2091 hanc
3290 2045 3512 2090 naturae

1939 2136 2143 2195 partem
2192 2135 2550 2189 transeamus,
2592 2142 2749 2181 nosse
2787 2127 2968 2192 velim,
3001 2142 3104 2197 qua
3149 2129 3357 2181 ratione
3390 2141 3510 2181 eam

1939 2228 2211 2281 naturam,
2245 2234 2383 2287 quae
2428 2220 2494 2273 ab
2536 2220 2776 2274 omnium
2811 2228 3124 2273 naturarum
3167 2218 3513 2272 universitate

1938 2322 2032 2377 per
2056 2309 2429 2369 excellentiam
2480 2318 2561 2364 sui
2613 2319 2776 2380 atque
2823 2310 3141 2363 inﬁnitatem
3187 2317 3513 2370 removetur,

1941 2400 2100 2453 veluti
2153 2400 2379 2469 primam
2423 2410 2629 2469 partem
2678 2400 2843 2468 ipsius
2889 2399 3257 2454 universitatis
3308 2413 3512 2468 ponere

1938 2490 2153 2545 voluisti
2246 2490 2582 2546 Universilas
2630 2492 2894 2559 siquidem
2947 2490 3240 2544 formarum
3295 2504 3512 2543 suarum

1938 2587 2280 2655 partiumque
2310 2584 2548 2639 numeris
2576 2584 2846 2653 impletur,
2882 2599 2945 2637 ac
2986 2598 3080 2652 per
3118 2583 3218 2635 hoc.
3250 2582 3301 2634 in
3337 2580 3513 2635 inlini-

1942 2682 2050 2727 tum
2101 2690 2204 2728 non
2257 2673 2638 2743 progreditur;
2692 2673 2804 2727 suis
2847 2673 2991 2726 enim
3041 2673 3241 2726 ﬁnibus
3299 2686 3491 2724 sursnn

1939 2781 2131 2820 versus
2167 2775 2329 2833 atque
2365 2766 2617 2818 deorsum
2666 2765 3003 2817 terminatur.
3042 2763 3123 2816 Ab
3168 2761 3512 2817 intellectuali

1908 2930 1912 2935 .
1940 2855 2202 2925 siquidem
2234 2864 2501 2917 creatura,
2534 2869 2671 2923 quae
2702 2855 2752 2906 in
2785 2854 2988 2923 angelis
3011 2863 3097 2906 est
3124 2853 3434 2913 constituta,
3461 2861 3517 2904 et

1940 2957 1998 2999 ut
2026 2946 2184 3000 altius
2214 2946 2585 3010 ascendamns,
2617 2960 2643 2996 a
2668 2944 3099 3014 primordialibus
3130 2946 3329 3008 causis,
3355 2960 3516 3013 supra

1940 3054 2073 3108 quas
2115 3053 2237 3092 vera
2288 3039 2425 3092 ratio
2469 3037 2539 3091 nil
2581 3037 2829 3106 superius
2871 3051 3083 3106 praeter
3128 3037 3298 3089 solum
3349 3036 3515 3090 Deum

1941 3131 2179 3197 reperit,
2223 3130 2523 3192 incboans,
2576 3144 2670 3199 per
2723 3114 3262 3182 naturaleset°dines
3316 3128 3517 3181 intelli-

1939 3221 2178 3291 gibiliutn
2231 3221 2655 3289 caelestiumque
2701 3220 3056 3273 essentiarum
3106 3228 3161 3271 et
3224 3219 3519 3271 visibilium

1938 3312 2192 3364 mnu-tum
2241 3312 2398 3364 istum
2432 3310 2892 3371 eonstitueutinm,
2931 3324 3098 3377 usque
3120 3309 3183 3361 ad
3213 3319 3521 3361 (‘Xlt‘t'mt'ttt

1941 3401 2105 3454 totius
2144 3408 2424 3454 creaturae
2451 3400 2715 3461 ordinem,
2747 3400 2836 3468 qui
2869 3398 3182 3467 corporLbns
3207 3414 3521 3467 con-portus.-

1935 3502 2041 3560 que
2089 3492 2432 3544 incrementis
2473 3506 2536 3543 ac
2584 3491 2919 3544 detrimentis
2945 3490 2986 3523 “
3030 3488 3299 3557 impletur,
3354 3490 3524 3542 variis

1937 3596 2150 3650 quoque
2174 3580 2576 3635 decessionibns
2605 3589 2656 3634 et
2680 3579 3114 3634 suceessionibus
3140 3580 3181 3610 ¹²
3207 3594 3304 3647 per
3324 3578 3520 3632 catho-

1937 3673 2163 3726 licorum
2194 3673 2582 3726 elementorum
2626 3673 2677 3726 in
2711 3673 2922 3743 propria
2964 3672 3186 3734 coitum,
3220 3685 3526 3739 eorumque

1936 3766 2127 3820 iterum
2149 3765 2189 3797 "'
2211 3766 2260 3818 in
2278 3764 2539 3819 catholica
2557 3764 2879 3819 solutionem
2902 3764 3195 3832 peragitur,
3217 3764 3522 3818 descendit.

1934 3857 2175 3911 Creatrix
2199 3872 2325 3911 vero
2350 3858 2390 3890 ¹⁹
2416 3856 2577 3910 totius
2609 3855 2974 3909 universitatis
3020 3863 3228 3916 natura,
3261 3855 3526 3923 quoniam

1937 3949 2143 4003 inlnuta
2176 3956 2278 4012 est,
2315 3948 2475 4003 nullis
2508 3947 2706 4002 ﬁnibus
2749 3961 2963 4000 sursum
2994 3944 3074 3998 vel
3103 3944 3357 3999 deorsum
3389 3960 3528 3999 con-

1940 4038 2210 4102 cluditur;
2253 4039 2366 4108 ipsa
2404 4037 2667 4108 siquidem
2716 4038 2889 4089 ambit
2935 4035 3147 4097 omnia,
3185 4044 3240 4088 et
3288 4049 3319 4087 a
3370 4034 3528 4087 nullo

1934 4128 2189 4183 ambitur.
2235 4128 2345 4184 Nec
2408 4130 2637 4192 mirmn,
2684 4128 2810 4181 dum
2862 4141 2963 4181 nec
3008 4141 3037 4179 a
3086 4124 3262 4192 scipsa
3313 4123 3522 4177 ambiri

1934 4221 2128 4275 sinitur
2148 4221 2215 4285 ⁸⁸,
2239 4221 2361 4291 quia
2415 4218 2791 4275 universaliter
2825 4218 2996 4271 nescit
3031 4215 3259 4276 ambiri;
3320 4228 3517 4281 quem.

1936 4312 2219 4374 admodum
2274 4308 2649 4364 nniversaliter
2700 4322 2729 4359 a
2778 4306 2972 4373 seipse,
3000 4316 3204 4373 quanto
3246 4302 3423 4370 magis
3456 4302 3528 4356 ab

1942 4400 2070 4471 alio,
2092 4398 2493 4469 comprehendi,
2516 4411 2609 4451 seu
2640 4396 2691 4448 in
2718 4394 2899 4461 aliquo
2920 4392 3139 4447 delinito
3156 4390 3237 4442 vel
3259 4390 3527 4444 delinibili

1941 4488 2425 4559 supernaturaliter
2483 4485 2673 4555 effugit
2732 4483 2975 4551 intelligi.
3027 4480 3140 4535 Nisi
3199 4478 3341 4533 forte
3398 4480 3532 4549 quis

1941 4581 2121 4643 dicat,
2149 4580 2203 4633 in
2246 4580 2349 4633 hoc
2386 4577 2500 4632 solo
2537 4592 2596 4632 se
2632 4576 2830 4637 ambit,
2863 4575 2987 4627 dmn
3042 4587 3102 4627 se
3141 4572 3282 4640 sapit
3321 4571 3530 4625 ambiri

1945 4686 2051 4727 non
2081 4684 2270 4740 posse;
2306 4669 2358 4722 in
2403 4669 2507 4736 hoc
2552 4682 2608 4721 se
2648 4662 3076 4733 comprehendit,
3115 4661 3241 4714 dum
3282 4674 3343 4713 se
3382 4661 3534 4730 sapit

1940 4761 2478 4833 comprehensibilem
2506 4761 2550 4792 ἰ
2580 4773 2684 4813 non
2710 4773 2860 4822 esse;
2914 4757 2966 4810 in
3007 4758 3106 4809 hoc
3145 4768 3203 4808 se
3247 4752 3530 4819 intelligit,

1943 4855 2067 4909 dum
2097 4855 2258 4923 sapit,
2298 4855 2351 4908 in
2383 4853 2491 4906 ullo
2522 4867 2580 4906 se
2607 4850 2830 4920 intelligi
2862 4845 3189 4918 impossibile
3218 4860 3364 4909 esse,
3394 4846 3533 4915 quia

1943 4961 2105 5000 omne
2134 4947 2274 5014 quod
2303 4954 2405 5009 est,
2437 4954 2490 4997 et
2518 4952 2693 5013 potest
2730 4955 2869 5003 esse,
2909 4948 3145 5008 superat.
3192 4936 3257 4990 Et
3288 4952 3420 4989 cum
3459 4934 3532 4989 ita

1943 5036 2036 5099 sit,
2068 5034 2349 5103 mtllusqne
2392 5043 2537 5089 recte
2576 5030 3065 5102 philosophantium
3107 5028 3191 5082 bis
3221 5028 3536 5081 rationibus

1949 5135 2150 5179 temere
2183 5126 2417 5190 resistat,
2451 5141 2547 5179 cur
2586 5127 2721 5178 intra
2758 5122 3124 5178 uniter-sitatis
3152 5120 3456 5177 divisiones
3503 5138 3533 5175 a

1539 5257 1786 5312 't‘AI‘ilAE
1824 5257 2221 5315 LECTIONES.
2252 5312 2259 5319 .

330 5388 349 5421 ⁸
398 5388 439 5445 C
496 5390 632 5446 Item
678 5391 819 5452 huic.
923 5391 943 5423 ³
984 5387 1025 5445 C
1066 5388 1261 5442 litteris
1308 5389 1544 5443 miniatis
1607 5408 1618 5441 :

261 5454 400 5516 libri.
479 5459 567 5515 Ἀ
600 5463 878 5516 secundae.
956 5458 978 5489 ⁸
1018 5459 1061 5512 Α
1110 5458 1241 5511 sicut
1272 5467 1343 5511 et.

258 5528 343 5595 [Α
396 5528 493 5583 ista
540 5531 784 5587 mundus.
866 5531 908 5563 “
958 5528 1001 5582 A
1045 5543 1152 5595 per.

1424 5461 1443 5489 ⁸
1480 5460 1589 5525 ipsa
1622 5477 1730 5515 otn.
1765 5462 1824 5516 C.

1235 5528 1272 5560 “
1301 5530 1339 5580 Λ
1380 5528 1761 5593 νει-Ιέί>.ίιειὶηιιι.ς.

258 5664 302 5720 ιο
429 5683 529 5739 non
571 5664 783 5729 sinitur.
859 5671 898 5702 "
932 5668 975 5722 Α
1020 5664 1491 5739 comprehenditur.

1690 5391 1878 5459 Incipit
1938 5394 2122 5447 tertius
2184 5393 2313 5447 lilzcr
2362 5399 2480 5468 περὶ
2529 5405 2740 5466 queui».

1690 5478 1730 5514 1.
1765 5462 1824 5515 C.
1902 5462 1995 5515 ⁶Λ
2048 5473 2116 5515 et.
2191 5463 2348 5515 'Pt'o
2406 5481 2503 5515 non
2564 5475 2731 5515 tamen

2048 5473 2116 5515 et.

1841 5533 1884 5563 ¹²
1912 5531 2001 5586 Sic
2028 5533 2103 5597 (1;
2130 5532 2169 5586 Α
2191 5533 2242 5587 in
2276 5545 2512 5588 mentem.

260 5593 362 5670 ξξῆ
400 5612 535 5653 nunc
563 5615 896 5670 consequens.
948 5599 996 5670 A"
1023 5593 1067 5652 Α
1096 5596 1413 5670 detrimentis
1438 5614 1554 5666 qur.
1616 5603 1650 5631 ι’
1683 5613 1729 5655 et
1765 5593 2171 5656 ritcressioniitur
2227 5617 2333 5657 om.
2388 5604 2453 5658 Λ.

3306 5405 3430 5439 seru
3444 5390 3535 5441 mli

3312 5475 3364 5510 τε)
3378 5466 3427 5509 le
3450 5462 3533 5511 'ri.

2813 5393 3237 5461 Asan-,et‘m'siat;

2191 5464 2213 5497 "
2244 5463 2348 5517 Pro
2406 5463 2503 5517 non
2536 5463 2731 5516 "tamen
2767 5468 2803 5514 tl
2861 5475 2906 5514 e:
2965 5479 3082 5514 mu.
3162 5463 3181 5490 ⁸
3218 5466 3244 5508 ~\

2594 5533 2637 5566 ¹⁸
2671 5535 2711 5587 Α
2749 5536 2809 5583 tif
2832 5546 3129 5586 t‘t.',i::ii|tl‘7‘.
3210 5530 3248 5558 ¹·
3284 5530 3319 5578 -\
3353 5530 3533 5580 nuli",

2521 5605 2560 5633 "'
2595 5604 2777 5657 itcrzuu
2809 5619 2913 5655 om.
2945 5604 3003 5654 Α.
3072 5599 3108 5628 ’³
3164 5614 3277 5649 ῐσίτό
3311 5615 3423 5648 (:zn.
3466 5609 3531 5651 Α.
