  <div class='ocr_page' id='page_1' title='image "/cluster/home/n/w/nwhite01/storage/ocr_20150623/122/hvd.32044054759840/348.png"; bbox 0 0 3912 6154; ppageno 0'>
   <div class='ocr_carea' id='block_1_1' title="bbox 317 300 410 356">
    <p class='ocr_par' dir='ltr' id='par_1_1' title="bbox 317 300 410 356">
     <span class='ocr_line' id='line_1_1' title="bbox 317 300 410 356; baseline 0.011 -1"><span class='ocrx_word' id='word_1_1' title='bbox 317 300 410 356; x_wconf 60' lang='lat' dir='ltr'><strong>Gil</strong></span> 
     </span>
    </p>
   </div>
   <div class='ocr_carea' id='block_1_2' title="bbox 1153 293 3572 359">
    <p class='ocr_par' dir='ltr' id='par_1_2' title="bbox 1153 293 3572 359">
     <span class='ocr_line' id='line_1_2' title="bbox 1153 293 3572 359; baseline -0.006 0"><span class='ocrx_word' id='word_1_2' title='bbox 1153 295 1244 359; x_wconf 77' lang='lat' dir='ltr'><strong>DE</strong></span> <span class='ocrx_word' id='word_1_3' title='bbox 1283 301 1622 359; x_wconf 76' lang='lat' dir='ltr'><strong>DiVlSlONE</strong></span> <span class='ocrx_word' id='word_1_4' title='bbox 1661 298 2013 356; x_wconf 62' lang='grc' dir='ltr'><strong>Μτυιιειε.</strong></span> <span class='ocrx_word' id='word_1_5' title='bbox 2049 331 2114 340; x_wconf 84' lang='grc'><strong><em>-</em></strong></span> <span class='ocrx_word' id='word_1_6' title='bbox 2157 295 2358 352; x_wconf 62' lang='lat' dir='ltr'><strong>tamen</strong></span> <span class='ocrx_word' id='word_1_7' title='bbox 2399 293 2724 348; x_wconf 73' lang='lat' dir='ltr'><strong>titt&#39;t‘tt‘s.</strong></span> <span class='ocrx_word' id='word_1_8' title='bbox 3467 295 3572 345; x_wconf 51' lang='lat' dir='ltr'><strong>cr:</strong></span> 
     </span>
    </p>
   </div>
   <div class='ocr_carea' id='block_1_3' title="bbox 317 402 3570 490">
    <p class='ocr_par' dir='ltr' id='par_1_3' title="bbox 317 402 3570 490">
     <span class='ocr_line' id='line_1_3' title="bbox 317 402 3570 490; baseline -0.006 -15"><span class='ocrx_word' id='word_1_9' title='bbox 317 431 368 475; x_wconf 83' lang='lat' dir='ltr'><strong>te</strong></span> <span class='ocrx_word' id='word_1_10' title='bbox 410 417 768 475; x_wconf 83' lang='lat' dir='ltr'><strong>constituatur</strong></span> <span class='ocrx_word' id='word_1_11' title='bbox 814 418 853 480; x_wconf 89' lang='lat'><strong>&#39;,</strong></span> <span class='ocrx_word' id='word_1_12' title='bbox 920 433 1024 473; x_wconf 83' lang='lat' dir='ltr'><strong>non</strong></span> <span class='ocrx_word' id='word_1_13' title='bbox 1069 415 1223 490; x_wconf 59' lang='lat' dir='ltr'><strong>iﬂane</strong></span> <span class='ocrx_word' id='word_1_14' title='bbox 1265 419 1439 472; x_wconf 66' lang='lat' dir='ltr'><strong>video.</strong></span> <span class='ocrx_word' id='word_1_15' title='bbox 1491 417 1628 473; x_wconf 67' lang='lat' dir='ltr'><strong>Mite.</strong></span> <span class='ocrx_word' id='word_1_16' title='bbox 1670 416 1725 470; x_wconf 81' lang='lat' dir='ltr'><strong>in</strong></span> <span class='ocrx_word' id='word_1_17' title='bbox 1757 413 1890 470; x_wconf 67' lang='lat' dir='ltr'><strong>divi~</strong></span> <span class='ocrx_word' id='word_1_18' title='bbox 1923 423 1962 476; x_wconf 77' lang='grc' dir='ltr'><strong>Α</strong></span> <span class='ocrx_word' id='word_1_19' title='bbox 1997 427 2215 470; x_wconf 88' lang='lat' dir='ltr'><strong>causam</strong></span> <span class='ocrx_word' id='word_1_20' title='bbox 2246 413 2264 442; x_wconf 77' lang='grc'>⁸</span> <span class='ocrx_word' id='word_1_21' title='bbox 2290 409 2652 464; x_wconf 60' lang='lat' dir='ltr'><strong>universitatis</strong></span> <span class='ocrx_word' id='word_1_22' title='bbox 2694 405 2942 459; x_wconf 81' lang='lat' dir='ltr'><strong>conditae</strong></span> <span class='ocrx_word' id='word_1_23' title='bbox 2971 402 3288 460; x_wconf 46' lang='lat' dir='ltr'><strong>cicatricem</strong></span> <span class='ocrx_word' id='word_1_24' title='bbox 3321 419 3570 472; x_wconf 52' lang='lat' dir='ltr'><strong>superae.</strong></span> 
     </span>
    </p>
   </div>
   <div class='ocr_carea' id='block_1_4' title="bbox 317 509 1894 570">
    <p class='ocr_par' dir='ltr' id='par_1_4' title="bbox 317 509 1894 570">
     <span class='ocr_line' id='line_1_4' title="bbox 317 509 1894 570; baseline -0.008 0"><span class='ocrx_word' id='word_1_25' title='bbox 317 511 558 570; x_wconf 73' lang='lat' dir='ltr'><strong>sionibus</strong></span> <span class='ocrx_word' id='word_1_26' title='bbox 623 510 992 564; x_wconf 80' lang='lat' dir='ltr'><strong>universitatis</strong></span> <span class='ocrx_word' id='word_1_27' title='bbox 1056 509 1301 565; x_wconf 63' lang='lat' dir='ltr'><strong>conditae</strong></span> <span class='ocrx_word' id='word_1_28' title='bbox 1357 509 1500 562; x_wconf 68' lang='lat' dir='ltr'><strong>llllllO</strong></span> <span class='ocrx_word' id='word_1_29' title='bbox 1560 509 1716 562; x_wconf 89' lang='lat' dir='ltr'><strong>modo</strong></span> <span class='ocrx_word' id='word_1_30' title='bbox 1777 521 1894 560; x_wconf 89' lang='lat' dir='ltr'><strong>eam</strong></span> 
     </span>
    </p>
   </div>
   <div class='ocr_carea' id='block_1_5' title="bbox 315 597 1894 674">
    <p class='ocr_par' dir='ltr' id='par_1_5' title="bbox 315 597 1894 674">
     <span class='ocr_line' id='line_1_5' title="bbox 315 597 1894 674; baseline -0.006 -16"><span class='ocrx_word' id='word_1_31' title='bbox 315 603 614 674; x_wconf 80' lang='lat' dir='ltr'><strong>posuerim.</strong></span> <span class='ocrx_word' id='word_1_32' title='bbox 641 600 696 654; x_wconf 92' lang='lat' dir='ltr'><strong>ln</strong></span> <span class='ocrx_word' id='word_1_33' title='bbox 725 601 1082 655; x_wconf 87' lang='lat' dir='ltr'><strong>divisionilms</strong></span> <span class='ocrx_word' id='word_1_34' title='bbox 1109 611 1286 655; x_wconf 84' lang='lat' dir='ltr'><strong>autem</strong></span> <span class='ocrx_word' id='word_1_35' title='bbox 1320 600 1485 670; x_wconf 80' lang='lat' dir='ltr'><strong>ipsius</strong></span> <span class='ocrx_word' id='word_1_36' title='bbox 1512 597 1894 660; x_wconf 87' lang='lat' dir='ltr'><strong>universitatis,</strong></span> 
     </span>
    </p>
   </div>
   <div class='ocr_carea' id='block_1_6' title="bbox 319 687 1900 764">
    <p class='ocr_par' dir='ltr' id='par_1_6' title="bbox 319 687 1900 764">
     <span class='ocr_line' id='line_1_6' title="bbox 319 687 1900 764; baseline -0.003 -18"><span class='ocrx_word' id='word_1_37' title='bbox 319 708 462 764; x_wconf 83' lang='lat' dir='ltr'><strong>quae</strong></span> <span class='ocrx_word' id='word_1_38' title='bbox 489 708 595 748; x_wconf 91' lang='lat' dir='ltr'><strong>uno</strong></span> <span class='ocrx_word' id='word_1_39' title='bbox 624 700 850 747; x_wconf 85' lang='lat' dir='ltr'><strong>naturae</strong></span> <span class='ocrx_word' id='word_1_40' title='bbox 891 689 1208 746; x_wconf 88' lang='lat' dir='ltr'><strong>universalis</strong></span> <span class='ocrx_word' id='word_1_41' title='bbox 1242 691 1506 746; x_wconf 86' lang='lat' dir='ltr'><strong>vocabulo</strong></span> <span class='ocrx_word' id='word_1_42' title='bbox 1551 687 1900 758; x_wconf 77' lang='lat' dir='ltr'><strong>comprehen-</strong></span> 
     </span>
    </p>
   </div>
   <div class='ocr_carea' id='block_1_7' title="bbox 315 779 1902 851">
    <p class='ocr_par' dir='ltr' id='par_1_7' title="bbox 315 779 1902 851">
     <span class='ocr_line' id='line_1_7' title="bbox 315 779 1902 851; baseline -0.002 -16"><span class='ocrx_word' id='word_1_43' title='bbox 315 785 484 845; x_wconf 85' lang='lat' dir='ltr'><strong>ditur,</strong></span> <span class='ocrx_word' id='word_1_44' title='bbox 513 799 618 837; x_wconf 88' lang='lat' dir='ltr'><strong>non</strong></span> <span class='ocrx_word' id='word_1_45' title='bbox 649 797 772 843; x_wconf 89' lang='lat' dir='ltr'><strong>uno,</strong></span> <span class='ocrx_word' id='word_1_46' title='bbox 802 785 894 837; x_wconf 88' lang='lat' dir='ltr'><strong>sed</strong></span> <span class='ocrx_word' id='word_1_47' title='bbox 922 782 1198 850; x_wconf 87' lang='lat' dir='ltr'><strong>multiplici</strong></span> <span class='ocrx_word' id='word_1_48' title='bbox 1231 781 1454 836; x_wconf 77' lang='lat' dir='ltr'><strong>rationis</strong></span> <span class='ocrx_word' id='word_1_49' title='bbox 1482 779 1675 835; x_wconf 88' lang='lat' dir='ltr'><strong>intuittt</strong></span> <span class='ocrx_word' id='word_1_50' title='bbox 1704 794 1902 851; x_wconf 83' lang='lat' dir='ltr'><strong>ponen-</strong></span> 
     </span>
    </p>
   </div>
   <div class='ocr_carea' id='block_1_8' title="bbox 317 871 1898 942">
    <p class='ocr_par' dir='ltr' id='par_1_8' title="bbox 317 871 1898 942">
     <span class='ocr_line' id='line_1_8' title="bbox 317 871 1898 942; baseline -0.002 -15"><span class='ocrx_word' id='word_1_51' title='bbox 317 876 439 928; x_wconf 89' lang='lat' dir='ltr'><strong>dam</strong></span> <span class='ocrx_word' id='word_1_52' title='bbox 462 874 722 942; x_wconf 71' lang='lat' dir='ltr'><strong>iudicavi.</strong></span> <span class='ocrx_word' id='word_1_53' title='bbox 755 875 830 928; x_wconf 83' lang='lat' dir='ltr'><strong>Eo</strong></span> <span class='ocrx_word' id='word_1_54' title='bbox 863 888 1095 942; x_wconf 88' lang='lat' dir='ltr'><strong>namque</strong></span> <span class='ocrx_word' id='word_1_55' title='bbox 1127 873 1363 936; x_wconf 88' lang='lat' dir='ltr'><strong>nomine,</strong></span> <span class='ocrx_word' id='word_1_56' title='bbox 1396 871 1536 942; x_wconf 87' lang='lat' dir='ltr'><strong>quod</strong></span> <span class='ocrx_word' id='word_1_57' title='bbox 1569 880 1652 927; x_wconf 81' lang='lat' dir='ltr'><strong>est</strong></span> <span class='ocrx_word' id='word_1_58' title='bbox 1683 879 1898 934; x_wconf 88' lang='lat' dir='ltr'><strong>natura,</strong></span> 
     </span>
    </p>
   </div>
   <div class='ocr_carea' id='block_1_9' title="bbox 318 960 1902 1030">
    <p class='ocr_par' dir='ltr' id='par_1_9' title="bbox 318 960 1902 1030">
     <span class='ocr_line' id='line_1_9' title="bbox 318 960 1902 1030; baseline -0.003 -11"><span class='ocrx_word' id='word_1_59' title='bbox 318 980 423 1019; x_wconf 89' lang='lat' dir='ltr'><strong>non</strong></span> <span class='ocrx_word' id='word_1_60' title='bbox 471 961 643 1017; x_wconf 88' lang='lat' dir='ltr'><strong>solum</strong></span> <span class='ocrx_word' id='word_1_61' title='bbox 691 971 870 1017; x_wconf 85' lang='lat' dir='ltr'><strong>creata</strong></span> <span class='ocrx_word' id='word_1_62' title='bbox 917 961 1262 1026; x_wconf 74' lang='lat' dir='ltr'><strong>universitas,</strong></span> <span class='ocrx_word' id='word_1_63' title='bbox 1296 975 1479 1014; x_wconf 83' lang='lat' dir='ltr'><strong>verum</strong></span> <span class='ocrx_word' id='word_1_64' title='bbox 1525 961 1688 1015; x_wconf 89' lang='lat' dir='ltr'><strong>etiam</strong></span> <span class='ocrx_word' id='word_1_65' title='bbox 1732 960 1902 1030; x_wconf 81' lang='lat' dir='ltr'><strong>ipsius</strong></span> 
     </span>
    </p>
   </div>
   <div class='ocr_carea' id='block_1_10' title="bbox 320 1047 1901 1124">
    <p class='ocr_par' dir='ltr' id='par_1_10' title="bbox 320 1047 1901 1124">
     <span class='ocr_line' id='line_1_10' title="bbox 320 1047 1901 1124; baseline -0.003 -16"><span class='ocrx_word' id='word_1_66' title='bbox 320 1049 553 1108; x_wconf 64' lang='lat' dir='ltr'><strong>(reatris</strong></span> <span class='ocrx_word' id='word_1_67' title='bbox 579 1047 709 1106; x_wconf 84' lang='lat' dir='ltr'><strong>solet</strong></span> <span class='ocrx_word' id='word_1_68' title='bbox 735 1051 1046 1124; x_wconf 72' lang='lat' dir='ltr'><strong>significari.</strong></span> <span class='ocrx_word' id='word_1_69' title='bbox 1075 1050 1252 1106; x_wconf 84' lang='lat' dir='ltr'><strong>Prima</strong></span> <span class='ocrx_word' id='word_1_70' title='bbox 1287 1052 1550 1120; x_wconf 81' lang='lat' dir='ltr'><strong>siquidem</strong></span> <span class='ocrx_word' id='word_1_71' title='bbox 1586 1060 1638 1104; x_wconf 84' lang='lat' dir='ltr'><strong>et</strong></span> <span class='ocrx_word' id='word_1_72' title='bbox 1666 1050 1901 1104; x_wconf 82' lang='lat' dir='ltr'><strong>maxima</strong></span> 
     </span>
    </p>
   </div>
   <div class='ocr_carea' id='block_1_11' title="bbox 319 1139 1904 1198">
    <p class='ocr_par' dir='ltr' id='par_1_11' title="bbox 319 1139 1904 1198">
     <span class='ocr_line' id='line_1_11' title="bbox 319 1139 1904 1198; baseline -0.004 0"><span class='ocrx_word' id='word_1_73' title='bbox 319 1145 511 1198; x_wconf 74' lang='lat' dir='ltr'><strong>divisio</strong></span> <span class='ocrx_word' id='word_1_74' title='bbox 526 1153 609 1198; x_wconf 59' lang='lat' dir='ltr'><strong>est</strong></span> <span class='ocrx_word' id='word_1_75' title='bbox 631 1144 950 1196; x_wconf 83' lang='lat' dir='ltr'><strong>universalis</strong></span> <span class='ocrx_word' id='word_1_76' title='bbox 973 1153 1196 1196; x_wconf 88' lang='lat' dir='ltr'><strong>naturae</strong></span> <span class='ocrx_word' id='word_1_77' title='bbox 1220 1143 1268 1195; x_wconf 92' lang='lat' dir='ltr'><strong>in</strong></span> <span class='ocrx_word' id='word_1_78' title='bbox 1286 1142 1608 1197; x_wconf 82' lang='lat' dir='ltr'><strong>creatrirem</strong></span> <span class='ocrx_word' id='word_1_79' title='bbox 1639 1139 1904 1193; x_wconf 87' lang='lat' dir='ltr'><strong>universi-</strong></span> 
     </span>
    </p>
   </div>
   <div class='ocr_carea' id='block_1_12' title="bbox 321 1229 1902 1302">
    <p class='ocr_par' dir='ltr' id='par_1_12' title="bbox 321 1229 1902 1302">
     <span class='ocr_line' id='line_1_12' title="bbox 321 1229 1902 1302; baseline -0.002 -18"><span class='ocrx_word' id='word_1_80' title='bbox 321 1235 446 1287; x_wconf 88' lang='lat' dir='ltr'><strong>tatis</strong></span> <span class='ocrx_word' id='word_1_81' title='bbox 466 1233 798 1292; x_wconf 71' lang='lat' dir='ltr'><strong>eonditae.et</strong></span> <span class='ocrx_word' id='word_1_82' title='bbox 819 1243 1055 1286; x_wconf 79' lang='lat' dir='ltr'><strong>creatam</strong></span> <span class='ocrx_word' id='word_1_83' title='bbox 1077 1233 1128 1285; x_wconf 90' lang='lat' dir='ltr'><strong>in</strong></span> <span class='ocrx_word' id='word_1_84' title='bbox 1155 1232 1264 1302; x_wconf 88' lang='lat' dir='ltr'><strong>ipsa</strong></span> <span class='ocrx_word' id='word_1_85' title='bbox 1290 1231 1502 1284; x_wconf 79' lang='lat' dir='ltr'><strong>condita</strong></span> <span class='ocrx_word' id='word_1_86' title='bbox 1526 1229 1902 1289; x_wconf 84' lang='lat' dir='ltr'><strong>universitate,</strong></span> 
     </span>
    </p>
   </div>
   <div class='ocr_carea' id='block_1_13' title="bbox 322 1321 1900 1381">
    <p class='ocr_par' dir='ltr' id='par_1_13' title="bbox 322 1321 1900 1381">
     <span class='ocr_line' id='line_1_13' title="bbox 322 1321 1900 1381; baseline -0.004 -1"><span class='ocrx_word' id='word_1_87' title='bbox 322 1325 578 1381; x_wconf 86' lang='lat' dir='ltr'><strong>nimirum</strong></span> <span class='ocrx_word' id='word_1_88' title='bbox 610 1341 732 1380; x_wconf 91' lang='lat' dir='ltr'><strong>cum</strong></span> <span class='ocrx_word' id='word_1_89' title='bbox 763 1325 1024 1380; x_wconf 90' lang='lat' dir='ltr'><strong>naturalis</strong></span> <span class='ocrx_word' id='word_1_90' title='bbox 1056 1325 1155 1379; x_wconf 88' lang='lat' dir='ltr'><strong>ista</strong></span> <span class='ocrx_word' id='word_1_91' title='bbox 1185 1325 1376 1378; x_wconf 76' lang='lat' dir='ltr'><strong>divisio</strong></span> <span class='ocrx_word' id='word_1_92' title='bbox 1411 1325 1462 1377; x_wconf 93' lang='lat' dir='ltr'><strong>in</strong></span> <span class='ocrx_word' id='word_1_93' title='bbox 1491 1322 1740 1377; x_wconf 89' lang='lat' dir='ltr'><strong>omnibus</strong></span> <span class='ocrx_word' id='word_1_94' title='bbox 1777 1321 1900 1375; x_wconf 88' lang='lat' dir='ltr'><strong>uni-</strong></span> 
     </span>
    </p>
   </div>
   <div class='ocr_carea' id='block_1_14' title="bbox 323 1413 1901 1475">
    <p class='ocr_par' dir='ltr' id='par_1_14' title="bbox 323 1413 1901 1475">
     <span class='ocr_line' id='line_1_14' title="bbox 323 1413 1901 1475; baseline -0.004 -1"><span class='ocrx_word' id='word_1_95' title='bbox 323 1420 666 1475; x_wconf 85' lang='lat' dir='ltr'><strong>vcrsitatibns</strong></span> <span class='ocrx_word' id='word_1_96' title='bbox 700 1418 754 1472; x_wconf 89' lang='lat' dir='ltr'><strong>in</strong></span> <span class='ocrx_word' id='word_1_97' title='bbox 793 1418 1062 1473; x_wconf 75' lang='lat' dir='ltr'><strong>infinitum</strong></span> <span class='ocrx_word' id='word_1_98' title='bbox 1102 1418 1442 1472; x_wconf 68' lang='lat' dir='ltr'><strong>uniformiter</strong></span> <span class='ocrx_word' id='word_1_99' title='bbox 1471 1425 1739 1471; x_wconf 77' lang='lat' dir='ltr'><strong>servetur.</strong></span> <span class='ocrx_word' id='word_1_100' title='bbox 1769 1413 1901 1468; x_wconf 85' lang='lat' dir='ltr'><strong>Nam</strong></span> 
     </span>
    </p>
   </div>
   <div class='ocr_carea' id='block_1_15' title="bbox 323 1505 1903 1579">
    <p class='ocr_par' dir='ltr' id='par_1_15' title="bbox 323 1505 1903 1579">
     <span class='ocr_line' id='line_1_15' title="bbox 323 1505 1903 1579; baseline -0.003 -16"><span class='ocrx_word' id='word_1_101' title='bbox 323 1511 644 1566; x_wconf 72' lang='lat' dir='ltr'><strong>universalis</strong></span> <span class='ocrx_word' id='word_1_102' title='bbox 673 1510 795 1563; x_wconf 90' lang='lat' dir='ltr'><strong>boni</strong></span> <span class='ocrx_word' id='word_1_103' title='bbox 825 1509 996 1579; x_wconf 90' lang='lat' dir='ltr'><strong>prima</strong></span> <span class='ocrx_word' id='word_1_104' title='bbox 1023 1510 1190 1564; x_wconf 89' lang='lat' dir='ltr'><strong>sectio</strong></span> <span class='ocrx_word' id='word_1_105' title='bbox 1217 1517 1300 1562; x_wconf 87' lang='lat' dir='ltr'><strong>est</strong></span> <span class='ocrx_word' id='word_1_106' title='bbox 1349 1509 1401 1561; x_wconf 94' lang='lat' dir='ltr'><strong>in</strong></span> <span class='ocrx_word' id='word_1_107' title='bbox 1431 1508 1558 1561; x_wconf 83' lang='lat' dir='ltr'><strong>illud</strong></span> <span class='ocrx_word' id='word_1_108' title='bbox 1590 1521 1752 1560; x_wconf 90' lang='lat' dir='ltr'><strong>unum</strong></span> <span class='ocrx_word' id='word_1_109' title='bbox 1793 1520 1857 1561; x_wconf 84' lang='lat' dir='ltr'><strong>ac</strong></span> <span class='ocrx_word' id='word_1_110' title='bbox 1883 1505 1903 1546; x_wconf 78' lang='lat'><strong>&#39;-</strong></span> 
     </span>
    </p>
   </div>
   <div class='ocr_carea' id='block_1_16' title="bbox 323 1595 1904 1670">
    <p class='ocr_par' dir='ltr' id='par_1_16' title="bbox 323 1595 1904 1670">
     <span class='ocr_line' id='line_1_16' title="bbox 323 1595 1904 1670; baseline -0.004 -16"><span class='ocrx_word' id='word_1_111' title='bbox 323 1617 589 1656; x_wconf 87' lang='lat' dir='ltr'><strong>summtnn</strong></span> <span class='ocrx_word' id='word_1_112' title='bbox 654 1599 1094 1655; x_wconf 89' lang='lat' dir='ltr'><strong>incommutabile</strong></span> <span class='ocrx_word' id='word_1_113' title='bbox 1159 1615 1256 1670; x_wconf 85' lang='lat' dir='ltr'><strong>per</strong></span> <span class='ocrx_word' id='word_1_114' title='bbox 1315 1613 1374 1653; x_wconf 86' lang='lat' dir='ltr'><strong>se</strong></span> <span class='ocrx_word' id='word_1_115' title='bbox 1431 1609 1486 1654; x_wconf 89' lang='lat' dir='ltr'><strong>et</strong></span> <span class='ocrx_word' id='word_1_116' title='bbox 1547 1595 1904 1654; x_wconf 86' lang='lat' dir='ltr'><strong>substantiale</strong></span> 
     </span>
    </p>
   </div>
   <div class='ocr_carea' id='block_1_17' title="bbox 326 1685 1902 1758">
    <p class='ocr_par' dir='ltr' id='par_1_17' title="bbox 326 1685 1902 1758">
     <span class='ocr_line' id='line_1_17' title="bbox 326 1685 1902 1758; baseline -0.003 -17"><span class='ocrx_word' id='word_1_117' title='bbox 326 1689 546 1752; x_wconf 86' lang='lat' dir='ltr'><strong>bonum,</strong></span> <span class='ocrx_word' id='word_1_118' title='bbox 563 1705 628 1743; x_wconf 76' lang='lat' dir='ltr'><strong>ex</strong></span> <span class='ocrx_word' id='word_1_119' title='bbox 651 1703 759 1758; x_wconf 92' lang='lat' dir='ltr'><strong>quo</strong></span> <span class='ocrx_word' id='word_1_120' title='bbox 774 1704 934 1744; x_wconf 90' lang='lat' dir='ltr'><strong>omne</strong></span> <span class='ocrx_word' id='word_1_121' title='bbox 957 1687 1152 1749; x_wconf 89' lang='lat' dir='ltr'><strong>bonum</strong></span> <span class='ocrx_word' id='word_1_122' title='bbox 1179 1695 1380 1754; x_wconf 84' lang='lat' dir='ltr'><strong>manat,</strong></span> <span class='ocrx_word' id='word_1_123' title='bbox 1396 1699 1447 1740; x_wconf 86' lang='lat' dir='ltr'><strong>et</strong></span> <span class='ocrx_word' id='word_1_124' title='bbox 1465 1688 1516 1742; x_wconf 91' lang='lat' dir='ltr'><strong>in</strong></span> <span class='ocrx_word' id='word_1_125' title='bbox 1542 1686 1666 1740; x_wconf 83' lang='lat' dir='ltr'><strong>illud</strong></span> <span class='ocrx_word' id='word_1_126' title='bbox 1683 1685 1902 1746; x_wconf 80' lang='lat' dir='ltr'><strong>homno,</strong></span> 
     </span>
    </p>
   </div>
   <div class='ocr_carea' id='block_1_18' title="bbox 325 1761 1980 1848">
    <p class='ocr_par' dir='ltr' id='par_1_18' title="bbox 325 1761 1980 1848">
     <span class='ocr_line' id='line_1_18' title="bbox 325 1761 1980 1848; baseline 0.001 -21"><span class='ocrx_word' id='word_1_127' title='bbox 325 1777 463 1846; x_wconf 87' lang='lat' dir='ltr'><strong>quod</strong></span> <span class='ocrx_word' id='word_1_128' title='bbox 505 1777 921 1848; x_wconf 88' lang='lat' dir='ltr'><strong>participatione</strong></span> <span class='ocrx_word' id='word_1_129' title='bbox 959 1777 1154 1838; x_wconf 87' lang='lat' dir='ltr'><strong>summi</strong></span> <span class='ocrx_word' id='word_1_130' title='bbox 1203 1787 1258 1842; x_wconf 75' lang='lat' dir='ltr'><strong>ct,</strong></span> <span class='ocrx_word' id='word_1_131' title='bbox 1299 1773 1753 1830; x_wconf 80' lang='lat' dir='ltr'><strong>incommutabilis</strong></span> <span class='ocrx_word' id='word_1_132' title='bbox 1780 1761 1980 1828; x_wconf 75' lang='grc' dir='ltr'><strong>1ιοιιίἨ</strong></span> 
     </span>
    </p>
   </div>
   <div class='ocr_carea' id='block_1_19' title="bbox 329 1865 1902 1930">
    <p class='ocr_par' dir='ltr' id='par_1_19' title="bbox 329 1865 1902 1930">
     <span class='ocr_line' id='line_1_19' title="bbox 329 1865 1902 1930; baseline 0.001 -12"><span class='ocrx_word' id='word_1_133' title='bbox 329 1867 524 1920; x_wconf 65' lang='lat' dir='ltr'><strong>bonum</strong></span> <span class='ocrx_word' id='word_1_134' title='bbox 563 1876 667 1921; x_wconf 90' lang='lat' dir='ltr'><strong>est.</strong></span> <span class='ocrx_word' id='word_1_135' title='bbox 719 1865 983 1921; x_wconf 82' lang='lat' dir='ltr'><strong>Similiter</strong></span> <span class='ocrx_word' id='word_1_136' title='bbox 1020 1867 1343 1927; x_wconf 55' lang='lat' dir='ltr'><strong>universalis</strong></span> <span class='ocrx_word' id='word_1_137' title='bbox 1373 1867 1659 1930; x_wconf 58' lang='lat' dir='ltr'><strong>essentiae,</strong></span> <span class='ocrx_word' id='word_1_138' title='bbox 1689 1866 1902 1920; x_wconf 86' lang='lat' dir='ltr'><strong>univer-</strong></span> 
     </span>
    </p>
   </div>
   <div class='ocr_carea' id='block_1_20' title="bbox 329 1955 1907 2025">
    <p class='ocr_par' dir='ltr' id='par_1_20' title="bbox 329 1955 1907 2025">
     <span class='ocr_line' id='line_1_20' title="bbox 329 1955 1907 2025; baseline 0.003 -21"><span class='ocrx_word' id='word_1_139' title='bbox 329 1955 456 2009; x_wconf 75' lang='lat' dir='ltr'><strong>salis</strong></span> <span class='ocrx_word' id='word_1_140' title='bbox 479 1956 640 2020; x_wconf 88' lang='lat' dir='ltr'><strong>vitae,</strong></span> <span class='ocrx_word' id='word_1_141' title='bbox 660 1955 980 2010; x_wconf 85' lang='lat' dir='ltr'><strong>universalis</strong></span> <span class='ocrx_word' id='word_1_142' title='bbox 1001 1957 1320 2025; x_wconf 73' lang='lat' dir='ltr'><strong>sapientiae,</strong></span> <span class='ocrx_word' id='word_1_143' title='bbox 1344 1955 1664 2009; x_wconf 70' lang='lat' dir='ltr'><strong>universalis</strong></span> <span class='ocrx_word' id='word_1_144' title='bbox 1693 1957 1907 2009; x_wconf 87' lang='lat' dir='ltr'><strong>virtutis</strong></span> 
     </span>
    </p>
   </div>
   <div class='ocr_carea' id='block_1_21' title="bbox 327 2044 1906 2116">
    <p class='ocr_par' dir='ltr' id='par_1_21' title="bbox 327 2044 1906 2116">
     <span class='ocr_line' id='line_1_21' title="bbox 327 2044 1906 2116; baseline 0.003 -22"><span class='ocrx_word' id='word_1_145' title='bbox 327 2045 512 2098; x_wconf 76' lang='lat' dir='ltr'><strong>eadem</strong></span> <span class='ocrx_word' id='word_1_146' title='bbox 537 2044 852 2116; x_wconf 84' lang='lat' dir='ltr'><strong>principalis</strong></span> <span class='ocrx_word' id='word_1_147' title='bbox 885 2045 1079 2098; x_wconf 79' lang='lat' dir='ltr'><strong>divisio</strong></span> <span class='ocrx_word' id='word_1_148' title='bbox 1101 2054 1201 2099; x_wconf 84' lang='lat' dir='ltr'><strong>est.</strong></span> <span class='ocrx_word' id='word_1_149' title='bbox 1232 2044 1286 2098; x_wconf 93' lang='lat' dir='ltr'><strong>lu</strong></span> <span class='ocrx_word' id='word_1_150' title='bbox 1315 2045 1401 2099; x_wconf 87' lang='lat' dir='ltr'><strong>liis</strong></span> <span class='ocrx_word' id='word_1_151' title='bbox 1427 2045 1569 2099; x_wconf 86' lang='lat' dir='ltr'><strong>enim</strong></span> <span class='ocrx_word' id='word_1_152' title='bbox 1606 2045 1906 2114; x_wconf 67' lang='lat' dir='ltr'><strong>ceterisque</strong></span> 
     </span>
    </p>
   </div>
   <div class='ocr_carea' id='block_1_22' title="bbox 328 2133 1908 2204">
    <p class='ocr_par' dir='ltr' id='par_1_22' title="bbox 328 2133 1908 2204">
     <span class='ocr_line' id='line_1_22' title="bbox 328 2133 1908 2204; baseline 0.001 -18"><span class='ocrx_word' id='word_1_153' title='bbox 328 2133 595 2187; x_wconf 71' lang='lat' dir='ltr'><strong>similibus</strong></span> <span class='ocrx_word' id='word_1_154' title='bbox 636 2134 812 2204; x_wconf 87' lang='lat' dir='ltr'><strong>primo</strong></span> <span class='ocrx_word' id='word_1_155' title='bbox 861 2133 1191 2188; x_wconf 77' lang='lat' dir='ltr'><strong>discernitur</strong></span> <span class='ocrx_word' id='word_1_156' title='bbox 1242 2149 1305 2187; x_wconf 90' lang='lat' dir='ltr'><strong>ca</strong></span> <span class='ocrx_word' id='word_1_157' title='bbox 1358 2145 1547 2186; x_wconf 88' lang='lat' dir='ltr'><strong>natura</strong></span> <span class='ocrx_word' id='word_1_158' title='bbox 1575 2175 1588 2198; x_wconf 93' lang='lat'><strong>,</strong></span> <span class='ocrx_word' id='word_1_159' title='bbox 1633 2149 1771 2203; x_wconf 87' lang='lat' dir='ltr'><strong>quae</strong></span> <span class='ocrx_word' id='word_1_160' title='bbox 1813 2149 1908 2202; x_wconf 84' lang='lat' dir='ltr'><strong>per</strong></span> 
     </span>
    </p>
   </div>
   <div class='ocr_carea' id='block_1_23' title="bbox 329 2225 1910 2304">
    <p class='ocr_par' dir='ltr' id='par_1_23' title="bbox 329 2225 1910 2304">
     <span class='ocr_line' id='line_1_23' title="bbox 329 2225 1910 2304; baseline 0.001 -25"><span class='ocrx_word' id='word_1_161' title='bbox 329 2225 584 2294; x_wconf 77' lang='lat' dir='ltr'><strong>scipsam,</strong></span> <span class='ocrx_word' id='word_1_162' title='bbox 623 2241 652 2280; x_wconf 92' lang='lat' dir='ltr'><strong>a</strong></span> <span class='ocrx_word' id='word_1_163' title='bbox 683 2226 880 2296; x_wconf 87' lang='lat' dir='ltr'><strong>seipsa,</strong></span> <span class='ocrx_word' id='word_1_164' title='bbox 922 2226 974 2279; x_wconf 90' lang='lat' dir='ltr'><strong>in</strong></span> <span class='ocrx_word' id='word_1_165' title='bbox 1017 2228 1192 2304; x_wconf 80' lang='lat' dir='ltr'><strong>seipsa</strong></span> <span class='ocrx_word' id='word_1_166' title='bbox 1240 2240 1366 2280; x_wconf 85' lang='lat' dir='ltr'><strong>vere</strong></span> <span class='ocrx_word' id='word_1_167' title='bbox 1406 2235 1462 2280; x_wconf 89' lang='lat' dir='ltr'><strong>et</strong></span> <span class='ocrx_word' id='word_1_168' title='bbox 1501 2225 1910 2280; x_wconf 64' lang='lat' dir='ltr'><strong>llnll‘ltlltlbllllel‘</strong></span> 
     </span>
    </p>
   </div>
   <div class='ocr_carea' id='block_1_24' title="bbox 327 2317 1908 2386">
    <p class='ocr_par' dir='ltr' id='par_1_24' title="bbox 327 2317 1908 2386">
     <span class='ocr_line' id='line_1_24' title="bbox 327 2317 1908 2386; baseline -0.001 -15"><span class='ocrx_word' id='word_1_169' title='bbox 327 2317 562 2375; x_wconf 73' lang='lat' dir='ltr'><strong>essentia</strong></span> <span class='ocrx_word' id='word_1_170' title='bbox 604 2326 708 2379; x_wconf 88' lang='lat' dir='ltr'><strong>est,</strong></span> <span class='ocrx_word' id='word_1_171' title='bbox 747 2325 800 2373; x_wconf 89' lang='lat' dir='ltr'><strong>et</strong></span> <span class='ocrx_word' id='word_1_172' title='bbox 839 2318 971 2381; x_wconf 84' lang='lat' dir='ltr'><strong>vita,</strong></span> <span class='ocrx_word' id='word_1_173' title='bbox 1009 2326 1063 2379; x_wconf 83' lang='lat' dir='ltr'><strong>et</strong></span> <span class='ocrx_word' id='word_1_174' title='bbox 1102 2317 1389 2386; x_wconf 90' lang='lat' dir='ltr'><strong>sapientia.</strong></span> <span class='ocrx_word' id='word_1_175' title='bbox 1435 2325 1484 2370; x_wconf 88' lang='lat' dir='ltr'><strong>et</strong></span> <span class='ocrx_word' id='word_1_176' title='bbox 1523 2317 1714 2381; x_wconf 84' lang='lat' dir='ltr'><strong>virtus,</strong></span> <span class='ocrx_word' id='word_1_177' title='bbox 1747 2317 1816 2371; x_wconf 90' lang='lat' dir='ltr'><strong>ab</strong></span> <span class='ocrx_word' id='word_1_178' title='bbox 1844 2332 1908 2372; x_wconf 89' lang='lat' dir='ltr'><strong>ea</strong></span> 
     </span>
    </p>
   </div>
   <div class='ocr_carea' id='block_1_25' title="bbox 330 2408 1908 2483">
    <p class='ocr_par' dir='ltr' id='par_1_25' title="bbox 330 2408 1908 2483">
     <span class='ocr_line' id='line_1_25' title="bbox 330 2408 1908 2483; baseline 0.002 -20"><span class='ocrx_word' id='word_1_179' title='bbox 330 2419 548 2472; x_wconf 83' lang='lat' dir='ltr'><strong>natura,</strong></span> <span class='ocrx_word' id='word_1_180' title='bbox 589 2423 730 2477; x_wconf 84' lang='lat' dir='ltr'><strong>quae</strong></span> <span class='ocrx_word' id='word_1_181' title='bbox 753 2408 773 2439; x_wconf 85' lang='grc'>³</span> <span class='ocrx_word' id='word_1_182' title='bbox 794 2409 1206 2483; x_wconf 82' lang='lat' dir='ltr'><strong>participatione</strong></span> <span class='ocrx_word' id='word_1_183' title='bbox 1229 2408 1423 2464; x_wconf 88' lang='lat' dir='ltr'><strong>summi</strong></span> <span class='ocrx_word' id='word_1_184' title='bbox 1450 2409 1572 2463; x_wconf 92' lang='lat' dir='ltr'><strong>boni</strong></span> <span class='ocrx_word' id='word_1_185' title='bbox 1590 2419 1682 2464; x_wconf 90' lang='lat' dir='ltr'><strong>aut</strong></span> <span class='ocrx_word' id='word_1_186' title='bbox 1703 2420 1908 2466; x_wconf 88' lang='lat' dir='ltr'><strong>tantum</strong></span> 
     </span>
    </p>
   </div>
   <div class='ocr_carea' id='block_1_26' title="bbox 329 2499 1912 2564">
    <p class='ocr_par' dir='ltr' id='par_1_26' title="bbox 329 2499 1912 2564">
     <span class='ocr_line' id='line_1_26' title="bbox 329 2499 1912 2564; baseline 0.001 -10"><span class='ocrx_word' id='word_1_187' title='bbox 329 2507 444 2563; x_wconf 82' lang='lat' dir='ltr'><strong>est;</strong></span> <span class='ocrx_word' id='word_1_188' title='bbox 479 2509 567 2551; x_wconf 86' lang='lat' dir='ltr'><strong>aut</strong></span> <span class='ocrx_word' id='word_1_189' title='bbox 591 2509 644 2551; x_wconf 87' lang='lat' dir='ltr'><strong>et</strong></span> <span class='ocrx_word' id='word_1_190' title='bbox 679 2507 782 2560; x_wconf 87' lang='lat' dir='ltr'><strong>est,</strong></span> <span class='ocrx_word' id='word_1_191' title='bbox 811 2507 862 2552; x_wconf 92' lang='lat' dir='ltr'><strong>et</strong></span> <span class='ocrx_word' id='word_1_192' title='bbox 889 2499 1060 2564; x_wconf 88' lang='lat' dir='ltr'><strong>vivit;</strong></span> <span class='ocrx_word' id='word_1_193' title='bbox 1095 2506 1391 2563; x_wconf 76' lang='lat' dir='ltr'><strong>autcte51,</strong></span> <span class='ocrx_word' id='word_1_194' title='bbox 1421 2508 1474 2553; x_wconf 91' lang='lat' dir='ltr'><strong>et</strong></span> <span class='ocrx_word' id='word_1_195' title='bbox 1503 2501 1651 2563; x_wconf 82' lang='lat' dir='ltr'><strong>vivit,</strong></span> <span class='ocrx_word' id='word_1_196' title='bbox 1675 2510 1724 2554; x_wconf 88' lang='lat' dir='ltr'><strong>et</strong></span> <span class='ocrx_word' id='word_1_197' title='bbox 1749 2503 1912 2556; x_wconf 84' lang='lat' dir='ltr'><strong>sentit</strong></span> 
     </span>
    </p>
   </div>
   <div class='ocr_carea' id='block_1_27' title="bbox 331 2589 1914 2656">
    <p class='ocr_par' dir='ltr' id='par_1_27' title="bbox 331 2589 1914 2656">
     <span class='ocr_line' id='line_1_27' title="bbox 331 2589 1914 2656; baseline 0.001 -12"><span class='ocrx_word' id='word_1_198' title='bbox 331 2600 384 2644; x_wconf 84' lang='lat' dir='ltr'><strong>et</strong></span> <span class='ocrx_word' id='word_1_199' title='bbox 420 2591 776 2654; x_wconf 70' lang='lat' dir='ltr'><strong>ratiocinatnr</strong></span> <span class='ocrx_word' id='word_1_200' title='bbox 800 2589 850 2655; x_wconf 72' lang='grc'><strong>⁶;</strong></span> <span class='ocrx_word' id='word_1_201' title='bbox 885 2600 978 2646; x_wconf 89' lang='lat' dir='ltr'><strong>aut</strong></span> <span class='ocrx_word' id='word_1_202' title='bbox 1029 2605 1082 2646; x_wconf 88' lang='lat' dir='ltr'><strong>et</strong></span> <span class='ocrx_word' id='word_1_203' title='bbox 1109 2591 1130 2623; x_wconf 83' lang='grc'><strong><em>⁸</em></strong></span> <span class='ocrx_word' id='word_1_204' title='bbox 1155 2601 1258 2656; x_wconf 87' lang='lat' dir='ltr'><strong>est,</strong></span> <span class='ocrx_word' id='word_1_205' title='bbox 1289 2601 1343 2646; x_wconf 88' lang='lat' dir='ltr'><strong>et</strong></span> <span class='ocrx_word' id='word_1_206' title='bbox 1380 2594 1531 2656; x_wconf 84' lang='lat' dir='ltr'><strong>vivit,</strong></span> <span class='ocrx_word' id='word_1_207' title='bbox 1568 2602 1619 2645; x_wconf 86' lang='lat' dir='ltr'><strong>ct</strong></span> <span class='ocrx_word' id='word_1_208' title='bbox 1661 2593 1822 2646; x_wconf 80' lang='lat' dir='ltr'><strong>sentit</strong></span> <span class='ocrx_word' id='word_1_209' title='bbox 1859 2600 1914 2647; x_wconf 87' lang='lat' dir='ltr'><strong>et</strong></span> 
     </span>
    </p>
   </div>
   <div class='ocr_carea' id='block_1_28' title="bbox 333 2681 1911 2752">
    <p class='ocr_par' dir='ltr' id='par_1_28' title="bbox 333 2681 1911 2752">
     <span class='ocr_line' id='line_1_28' title="bbox 333 2681 1911 2752; baseline 0.001 -18"><span class='ocrx_word' id='word_1_210' title='bbox 333 2681 686 2734; x_wconf 78' lang='lat' dir='ltr'><strong>ratiocinatur</strong></span> <span class='ocrx_word' id='word_1_211' title='bbox 707 2691 760 2734; x_wconf 90' lang='lat' dir='ltr'><strong>ct</strong></span> <span class='ocrx_word' id='word_1_212' title='bbox 783 2683 921 2752; x_wconf 89' lang='lat' dir='ltr'><strong>sapit</strong></span> <span class='ocrx_word' id='word_1_213' title='bbox 943 2681 982 2733; x_wconf 73' lang='lat'><strong>°.</strong></span> <span class='ocrx_word' id='word_1_214' title='bbox 1013 2683 1729 2752; x_wconf 61' lang='lat' dir='ltr'><strong>Videsne,quemmlmodum</strong></span> <span class='ocrx_word' id='word_1_215' title='bbox 1751 2683 1911 2736; x_wconf 87' lang='lat' dir='ltr'><strong>totius</strong></span> 
     </span>
    </p>
   </div>
   <div class='ocr_carea' id='block_1_29' title="bbox 332 2769 1914 2841">
    <p class='ocr_par' dir='ltr' id='par_1_29' title="bbox 332 2769 1914 2841">
     <span class='ocr_line' id='line_1_29' title="bbox 332 2769 1914 2841; baseline 0.001 -16"><span class='ocrx_word' id='word_1_216' title='bbox 332 2769 710 2825; x_wconf 82' lang='lat' dir='ltr'><strong>universitatis</strong></span> <span class='ocrx_word' id='word_1_217' title='bbox 747 2769 999 2826; x_wconf 84' lang='lat' dir='ltr'><strong>conditor</strong></span> <span class='ocrx_word' id='word_1_218' title='bbox 1030 2772 1262 2841; x_wconf 88' lang='lat' dir='ltr'><strong>primunt</strong></span> <span class='ocrx_word' id='word_1_219' title='bbox 1294 2773 1346 2825; x_wconf 91' lang='lat' dir='ltr'><strong>in</strong></span> <span class='ocrx_word' id='word_1_220' title='bbox 1389 2771 1739 2826; x_wconf 76' lang='lat' dir='ltr'><strong>divisionibus</strong></span> <span class='ocrx_word' id='word_1_221' title='bbox 1775 2773 1914 2826; x_wconf 82' lang='lat' dir='ltr'><strong>obti-</strong></span> 
     </span>
    </p>
   </div>
   <div class='ocr_carea' id='block_1_30' title="bbox 335 2859 1914 2932">
    <p class='ocr_par' dir='ltr' id='par_1_30' title="bbox 335 2859 1914 2932">
     <span class='ocr_line' id='line_1_30' title="bbox 335 2859 1914 2932; baseline -0.001 -17"><span class='ocrx_word' id='word_1_222' title='bbox 335 2870 426 2917; x_wconf 88' lang='lat' dir='ltr'><strong>net</strong></span> <span class='ocrx_word' id='word_1_223' title='bbox 455 2861 677 2915; x_wconf 85' lang='lat' dir='ltr'><strong>locum?</strong></span> <span class='ocrx_word' id='word_1_224' title='bbox 705 2859 813 2915; x_wconf 66' lang='lat' dir='ltr'><strong>Nec</strong></span> <span class='ocrx_word' id='word_1_225' title='bbox 855 2861 1143 2926; x_wconf 87' lang='lat' dir='ltr'><strong>immerito,</strong></span> <span class='ocrx_word' id='word_1_226' title='bbox 1182 2863 1306 2917; x_wconf 90' lang='lat' dir='ltr'><strong>dum</strong></span> <span class='ocrx_word' id='word_1_227' title='bbox 1340 2863 1409 2918; x_wconf 89' lang='lat' dir='ltr'><strong>sit</strong></span> <span class='ocrx_word' id='word_1_228' title='bbox 1452 2862 1770 2932; x_wconf 81' lang='lat' dir='ltr'><strong>principium</strong></span> <span class='ocrx_word' id='word_1_229' title='bbox 1799 2878 1914 2916; x_wconf 79' lang='lat' dir='ltr'><strong>om-</strong></span> 
     </span>
    </p>
   </div>
   <div class='ocr_carea' id='block_1_31' title="bbox 337 2950 1913 3021">
    <p class='ocr_par' dir='ltr' id='par_1_31' title="bbox 337 2950 1913 3021">
     <span class='ocr_line' id='line_1_31' title="bbox 337 2950 1913 3021; baseline 0 -15"><span class='ocrx_word' id='word_1_230' title='bbox 337 2951 507 3014; x_wconf 86' lang='lat' dir='ltr'><strong>nium,</strong></span> <span class='ocrx_word' id='word_1_231' title='bbox 545 2958 599 3005; x_wconf 90' lang='lat' dir='ltr'><strong>et</strong></span> <span class='ocrx_word' id='word_1_232' title='bbox 647 2950 1024 3019; x_wconf 86' lang='lat' dir='ltr'><strong>inseparabilis</strong></span> <span class='ocrx_word' id='word_1_233' title='bbox 1069 2953 1136 3006; x_wconf 88' lang='lat' dir='ltr'><strong>ab</strong></span> <span class='ocrx_word' id='word_1_234' title='bbox 1180 2954 1327 3008; x_wconf 92' lang='lat' dir='ltr'><strong>omni</strong></span> <span class='ocrx_word' id='word_1_235' title='bbox 1375 2953 1706 3014; x_wconf 81' lang='lat' dir='ltr'><strong>diversit..tc,</strong></span> <span class='ocrx_word' id='word_1_236' title='bbox 1751 2968 1913 3021; x_wconf 81' lang='lat' dir='ltr'><strong>quatit</strong></span> 
     </span>
    </p>
   </div>
   <div class='ocr_carea' id='block_1_32' title="bbox 340 3040 1906 3112">
    <p class='ocr_par' dir='ltr' id='par_1_32' title="bbox 340 3040 1906 3112">
     <span class='ocr_line' id='line_1_32' title="bbox 340 3040 1906 3112; baseline -0.003 -13"><span class='ocrx_word' id='word_1_237' title='bbox 340 3040 598 3106; x_wconf 86' lang='lat' dir='ltr'><strong>condidit,</strong></span> <span class='ocrx_word' id='word_1_238' title='bbox 615 3050 669 3095; x_wconf 86' lang='lat' dir='ltr'><strong>et</strong></span> <span class='ocrx_word' id='word_1_239' title='bbox 685 3041 802 3094; x_wconf 88' lang='lat' dir='ltr'><strong>sine</strong></span> <span class='ocrx_word' id='word_1_240' title='bbox 827 3056 934 3112; x_wconf 89' lang='lat' dir='ltr'><strong>quo</strong></span> <span class='ocrx_word' id='word_1_241' title='bbox 961 3043 1257 3098; x_wconf 81' lang='lat' dir='ltr'><strong>subsistere</strong></span> <span class='ocrx_word' id='word_1_242' title='bbox 1285 3043 1562 3098; x_wconf 83' lang='lat' dir='ltr'><strong>conditor&quot;</strong></span> <span class='ocrx_word' id='word_1_243' title='bbox 1595 3058 1696 3096; x_wconf 89' lang='lat' dir='ltr'><strong>non</strong></span> <span class='ocrx_word' id='word_1_244' title='bbox 1713 3052 1906 3112; x_wconf 83' lang='lat' dir='ltr'><strong>potest.</strong></span> 
     </span>
    </p>
   </div>
   <div class='ocr_carea' id='block_1_33' title="bbox 339 3131 1914 3204">
    <p class='ocr_par' dir='ltr' id='par_1_33' title="bbox 339 3131 1914 3204">
     <span class='ocr_line' id='line_1_33' title="bbox 339 3131 1914 3204; baseline 0.001 -18"><span class='ocrx_word' id='word_1_245' title='bbox 339 3131 394 3186; x_wconf 80' lang='grc' dir='ltr'><strong>ιιι</strong></span> <span class='ocrx_word' id='word_1_246' title='bbox 442 3133 558 3204; x_wconf 87' lang='lat' dir='ltr'><strong>ipso</strong></span> <span class='ocrx_word' id='word_1_247' title='bbox 595 3133 740 3187; x_wconf 80' lang='lat' dir='ltr'><strong>enim</strong></span> <span class='ocrx_word' id='word_1_248' title='bbox 791 3133 1201 3190; x_wconf 88' lang='lat' dir='ltr'><strong>immutabiliter</strong></span> <span class='ocrx_word' id='word_1_249' title='bbox 1259 3144 1314 3190; x_wconf 89' lang='lat' dir='ltr'><strong>et</strong></span> <span class='ocrx_word' id='word_1_250' title='bbox 1379 3133 1741 3189; x_wconf 85' lang='lat' dir='ltr'><strong>essentialiter</strong></span> <span class='ocrx_word' id='word_1_251' title='bbox 1793 3143 1914 3188; x_wconf 86' lang='lat' dir='ltr'><strong>sunt</strong></span> 
     </span>
    </p>
   </div>
   <div class='ocr_carea' id='block_1_34' title="bbox 341 3225 1918 3297">
    <p class='ocr_par' dir='ltr' id='par_1_34' title="bbox 341 3225 1918 3297">
     <span class='ocr_line' id='line_1_34' title="bbox 341 3225 1918 3297; baseline 0 -17"><span class='ocrx_word' id='word_1_252' title='bbox 341 3228 539 3289; x_wconf 87' lang='lat' dir='ltr'><strong>omnia,</strong></span> <span class='ocrx_word' id='word_1_253' title='bbox 568 3236 624 3280; x_wconf 87' lang='lat' dir='ltr'><strong>et</strong></span> <span class='ocrx_word' id='word_1_254' title='bbox 665 3227 780 3297; x_wconf 89' lang='lat' dir='ltr'><strong>ipse</strong></span> <span class='ocrx_word' id='word_1_255' title='bbox 823 3233 908 3281; x_wconf 86' lang='lat' dir='ltr'><strong>est</strong></span> <span class='ocrx_word' id='word_1_256' title='bbox 956 3225 1150 3281; x_wconf 82' lang='lat' dir='ltr'><strong>divisio</strong></span> <span class='ocrx_word' id='word_1_257' title='bbox 1201 3236 1257 3282; x_wconf 89' lang='lat' dir='ltr'><strong>et</strong></span> <span class='ocrx_word' id='word_1_258' title='bbox 1308 3225 1554 3282; x_wconf 84' lang='lat' dir='ltr'><strong>collectio</strong></span> <span class='ocrx_word' id='word_1_259' title='bbox 1599 3225 1918 3280; x_wconf 82' lang='lat' dir='ltr'><strong>universalis</strong></span> 
     </span>
    </p>
   </div>
   <div class='ocr_carea' id='block_1_35' title="bbox 342 3317 1920 3386">
    <p class='ocr_par' dir='ltr' id='par_1_35' title="bbox 342 3317 1920 3386">
     <span class='ocr_line' id='line_1_35' title="bbox 342 3317 1920 3386; baseline -0.001 -14"><span class='ocrx_word' id='word_1_260' title='bbox 342 3325 646 3379; x_wconf 76' lang='lat' dir='ltr'><strong>creaturae,</strong></span> <span class='ocrx_word' id='word_1_261' title='bbox 687 3324 738 3370; x_wconf 89' lang='lat' dir='ltr'><strong>et</strong></span> <span class='ocrx_word' id='word_1_262' title='bbox 777 3330 968 3386; x_wconf 80' lang='lat' dir='ltr'><strong>genus,</strong></span> <span class='ocrx_word' id='word_1_263' title='bbox 1001 3325 1057 3372; x_wconf 90' lang='lat' dir='ltr'><strong>et</strong></span> <span class='ocrx_word' id='word_1_264' title='bbox 1086 3317 1316 3386; x_wconf 86' lang='lat' dir='ltr'><strong>species,</strong></span> <span class='ocrx_word' id='word_1_265' title='bbox 1351 3323 1403 3370; x_wconf 88' lang='lat' dir='ltr'><strong>et</strong></span> <span class='ocrx_word' id='word_1_266' title='bbox 1444 3323 1636 3380; x_wconf 86' lang='lat' dir='ltr'><strong>totum,</strong></span> <span class='ocrx_word' id='word_1_267' title='bbox 1681 3325 1734 3369; x_wconf 86' lang='lat' dir='ltr'><strong>et</strong></span> <span class='ocrx_word' id='word_1_268' title='bbox 1774 3331 1920 3385; x_wconf 89' lang='lat' dir='ltr'><strong>pars,</strong></span> 
     </span>
    </p>
   </div>
   <div class='ocr_carea' id='block_1_36' title="bbox 342 3406 1921 3480">
    <p class='ocr_par' dir='ltr' id='par_1_36' title="bbox 342 3406 1921 3480">
     <span class='ocr_line' id='line_1_36' title="bbox 342 3406 1921 3480; baseline -0.001 -20"><span class='ocrx_word' id='word_1_269' title='bbox 342 3406 465 3460; x_wconf 88' lang='lat' dir='ltr'><strong>dum</strong></span> <span class='ocrx_word' id='word_1_270' title='bbox 515 3407 714 3461; x_wconf 89' lang='lat' dir='ltr'><strong>nullius</strong></span> <span class='ocrx_word' id='word_1_271' title='bbox 748 3407 818 3462; x_wconf 89' lang='lat' dir='ltr'><strong>sit</strong></span> <span class='ocrx_word' id='word_1_272' title='bbox 853 3407 936 3462; x_wconf 90' lang='lat' dir='ltr'><strong>vel</strong></span> <span class='ocrx_word' id='word_1_273' title='bbox 980 3421 1169 3480; x_wconf 83' lang='lat' dir='ltr'><strong>genus,</strong></span> <span class='ocrx_word' id='word_1_274' title='bbox 1209 3407 1289 3462; x_wconf 90' lang='lat' dir='ltr'><strong>vel</strong></span> <span class='ocrx_word' id='word_1_275' title='bbox 1329 3409 1557 3477; x_wconf 79' lang='lat' dir='ltr'><strong>species,</strong></span> <span class='ocrx_word' id='word_1_276' title='bbox 1591 3424 1682 3462; x_wconf 70' lang='lat' dir='ltr'><strong>seu</strong></span> <span class='ocrx_word' id='word_1_277' title='bbox 1728 3417 1921 3467; x_wconf 81' lang='lat' dir='ltr'><strong>totum,</strong></span> 
     </span>
    </p>
   </div>
   <div class='ocr_carea' id='block_1_37' title="bbox 343 3498 1922 3569">
    <p class='ocr_par' dir='ltr' id='par_1_37' title="bbox 343 3498 1922 3569">
     <span class='ocr_line' id='line_1_37' title="bbox 343 3498 1922 3569; baseline 0.001 -18"><span class='ocrx_word' id='word_1_278' title='bbox 343 3511 434 3551; x_wconf 86' lang='lat' dir='ltr'><strong>seu</strong></span> <span class='ocrx_word' id='word_1_279' title='bbox 467 3513 612 3568; x_wconf 90' lang='lat' dir='ltr'><strong>pars,</strong></span> <span class='ocrx_word' id='word_1_280' title='bbox 641 3498 734 3552; x_wconf 91' lang='lat' dir='ltr'><strong>sed</strong></span> <span class='ocrx_word' id='word_1_281' title='bbox 764 3499 903 3554; x_wconf 90' lang='lat' dir='ltr'><strong>haec</strong></span> <span class='ocrx_word' id='word_1_282' title='bbox 933 3499 1112 3554; x_wconf 90' lang='lat' dir='ltr'><strong>omnia</strong></span> <span class='ocrx_word' id='word_1_283' title='bbox 1148 3515 1214 3554; x_wconf 78' lang='lat' dir='ltr'><strong>cx</strong></span> <span class='ocrx_word' id='word_1_284' title='bbox 1259 3499 1396 3568; x_wconf 90' lang='lat' dir='ltr'><strong>ipso,</strong></span> <span class='ocrx_word' id='word_1_285' title='bbox 1423 3509 1480 3554; x_wconf 84' lang='lat' dir='ltr'><strong>et</strong></span> <span class='ocrx_word' id='word_1_286' title='bbox 1515 3501 1565 3554; x_wconf 92' lang='lat' dir='ltr'><strong>in</strong></span> <span class='ocrx_word' id='word_1_287' title='bbox 1609 3500 1746 3569; x_wconf 86' lang='lat' dir='ltr'><strong>ipso,</strong></span> <span class='ocrx_word' id='word_1_288' title='bbox 1773 3510 1826 3554; x_wconf 87' lang='lat' dir='ltr'><strong>et</strong></span> <span class='ocrx_word' id='word_1_289' title='bbox 1857 3500 1922 3552; x_wconf 86' lang='lat' dir='ltr'><strong>ad</strong></span> 
     </span>
    </p>
   </div>
   <div class='ocr_carea' id='block_1_38' title="bbox 347 3587 1922 3661">
    <p class='ocr_par' dir='ltr' id='par_1_38' title="bbox 347 3587 1922 3661">
     <span class='ocr_line' id='line_1_38' title="bbox 347 3587 1922 3661; baseline 0.003 -20"><span class='ocrx_word' id='word_1_290' title='bbox 347 3587 517 3656; x_wconf 87' lang='lat' dir='ltr'><strong>ipsum</strong></span> <span class='ocrx_word' id='word_1_291' title='bbox 561 3598 706 3643; x_wconf 88' lang='lat' dir='ltr'><strong>sunt.</strong></span> <span class='ocrx_word' id='word_1_292' title='bbox 743 3587 876 3642; x_wconf 86' lang='lat' dir='ltr'><strong>Nam</strong></span> <span class='ocrx_word' id='word_1_293' title='bbox 907 3599 960 3644; x_wconf 90' lang='lat' dir='ltr'><strong>et</strong></span> <span class='ocrx_word' id='word_1_294' title='bbox 997 3605 1185 3645; x_wconf 89' lang='lat' dir='ltr'><strong>monas</strong></span> <span class='ocrx_word' id='word_1_295' title='bbox 1214 3591 1537 3661; x_wconf 81' lang='lat' dir='ltr'><strong>principium</strong></span> <span class='ocrx_word' id='word_1_296' title='bbox 1574 3607 1922 3646; x_wconf 84' lang='lat' dir='ltr'><strong>numerorum</strong></span> 
     </span>
    </p>
   </div>
   <div class='ocr_carea' id='block_1_39' title="bbox 344 3679 1925 3750">
    <p class='ocr_par' dir='ltr' id='par_1_39' title="bbox 344 3679 1925 3750">
     <span class='ocr_line' id='line_1_39' title="bbox 344 3679 1925 3750; baseline 0.004 -18"><span class='ocrx_word' id='word_1_297' title='bbox 344 3687 448 3742; x_wconf 85' lang='lat' dir='ltr'><strong>est,</strong></span> <span class='ocrx_word' id='word_1_298' title='bbox 472 3679 753 3749; x_wconf 81' lang='lat' dir='ltr'><strong>primaque</strong></span> <span class='ocrx_word' id='word_1_299' title='bbox 781 3681 1108 3750; x_wconf 78' lang='lat' dir='ltr'><strong>progressio,</strong></span> <span class='ocrx_word' id='word_1_300' title='bbox 1137 3690 1192 3736; x_wconf 85' lang='lat' dir='ltr'><strong>et</strong></span> <span class='ocrx_word' id='word_1_301' title='bbox 1221 3684 1288 3736; x_wconf 87' lang='lat' dir='ltr'><strong>ab</strong></span> <span class='ocrx_word' id='word_1_302' title='bbox 1318 3697 1381 3736; x_wconf 86' lang='lat' dir='ltr'><strong>ea</strong></span> <span class='ocrx_word' id='word_1_303' title='bbox 1405 3683 1643 3736; x_wconf 88' lang='lat' dir='ltr'><strong>omnium</strong></span> <span class='ocrx_word' id='word_1_304' title='bbox 1669 3699 1925 3738; x_wconf 62' lang='lat' dir='ltr'><strong>numero-</strong></span> 
     </span>
    </p>
   </div>
   <div class='ocr_carea' id='block_1_40' title="bbox 349 3767 1926 3840">
    <p class='ocr_par' dir='ltr' id='par_1_40' title="bbox 349 3767 1926 3840">
     <span class='ocr_line' id='line_1_40' title="bbox 349 3767 1926 3840; baseline 0.004 -20"><span class='ocrx_word' id='word_1_305' title='bbox 349 3781 466 3820; x_wconf 85' lang='lat' dir='ltr'><strong>rnm</strong></span> <span class='ocrx_word' id='word_1_306' title='bbox 515 3767 795 3836; x_wconf 85' lang='lat' dir='ltr'><strong>pluralitas</strong></span> <span class='ocrx_word' id='word_1_307' title='bbox 819 3769 1074 3836; x_wconf 87' lang='lat' dir='ltr'><strong>inchoat,</strong></span> <span class='ocrx_word' id='word_1_308' title='bbox 1098 3773 1501 3840; x_wconf 73' lang='lat' dir='ltr'><strong>eorundemque</strong></span> <span class='ocrx_word' id='word_1_309' title='bbox 1533 3772 1733 3826; x_wconf 79' lang='lat' dir='ltr'><strong>reditus</strong></span> <span class='ocrx_word' id='word_1_310' title='bbox 1767 3781 1926 3840; x_wconf 87' lang='lat' dir='ltr'><strong>atque</strong></span> 
     </span>
    </p>
   </div>
   <div class='ocr_carea' id='block_1_41' title="bbox 347 3859 1926 3933">
    <p class='ocr_par' dir='ltr' id='par_1_41' title="bbox 347 3859 1926 3933">
     <span class='ocr_line' id='line_1_41' title="bbox 347 3859 1926 3933; baseline 0.004 -19"><span class='ocrx_word' id='word_1_311' title='bbox 347 3859 594 3916; x_wconf 72' lang='lat' dir='ltr'><strong>collec=io</strong></span> <span class='ocrx_word' id='word_1_312' title='bbox 662 3862 713 3916; x_wconf 92' lang='lat' dir='ltr'><strong>in</strong></span> <span class='ocrx_word' id='word_1_313' title='bbox 780 3876 844 3916; x_wconf 89' lang='lat' dir='ltr'><strong>ea</strong></span> <span class='ocrx_word' id='word_1_314' title='bbox 900 3873 1329 3916; x_wconf 84' lang='lat' dir='ltr'><strong>consummatur.</strong></span> <span class='ocrx_word' id='word_1_315' title='bbox 1395 3864 1671 3933; x_wconf 79' lang='lat' dir='ltr'><strong>Siquidem</strong></span> <span class='ocrx_word' id='word_1_316' title='bbox 1738 3880 1926 3920; x_wconf 80' lang='lat' dir='ltr'><strong>oaznes</strong></span> 
     </span>
    </p>
   </div>
   <div class='ocr_carea' id='block_1_42' title="bbox 351 3952 1928 4015">
    <p class='ocr_par' dir='ltr' id='par_1_42' title="bbox 351 3952 1928 4015">
     <span class='ocr_line' id='line_1_42' title="bbox 351 3952 1928 4015; baseline 0.005 -9"><span class='ocrx_word' id='word_1_317' title='bbox 351 3952 558 4006; x_wconf 80' lang='lat' dir='ltr'><strong>numeri</strong></span> <span class='ocrx_word' id='word_1_318' title='bbox 585 3953 966 4010; x_wconf 87' lang='lat' dir='ltr'><strong>nniversaliler</strong></span> <span class='ocrx_word' id='word_1_319' title='bbox 985 3964 1042 4009; x_wconf 91' lang='lat' dir='ltr'><strong>et</strong></span> <span class='ocrx_word' id='word_1_320' title='bbox 1077 3955 1589 4010; x_wconf 88' lang='lat' dir='ltr'><strong>iucommntabiliter</strong></span> <span class='ocrx_word' id='word_1_321' title='bbox 1619 3957 1669 4012; x_wconf 90' lang='lat' dir='ltr'><strong>in</strong></span> <span class='ocrx_word' id='word_1_322' title='bbox 1702 3961 1928 4015; x_wconf 70' lang='lat' dir='ltr'><strong>monat’e</strong></span> 
     </span>
    </p>
   </div>
   <div class='ocr_carea' id='block_1_43' title="bbox 348 4043 1929 4116">
    <p class='ocr_par' dir='ltr' id='par_1_43' title="bbox 348 4043 1929 4116">
     <span class='ocr_line' id='line_1_43' title="bbox 348 4043 1929 4116; baseline 0.006 -20"><span class='ocrx_word' id='word_1_323' title='bbox 348 4043 668 4106; x_wconf 79' lang='lat' dir='ltr'><strong>subsistunt,</strong></span> <span class='ocrx_word' id='word_1_324' title='bbox 705 4052 762 4098; x_wconf 91' lang='lat' dir='ltr'><strong>et</strong></span> <span class='ocrx_word' id='word_1_325' title='bbox 804 4045 855 4098; x_wconf 91' lang='lat' dir='ltr'><strong>in</strong></span> <span class='ocrx_word' id='word_1_326' title='bbox 902 4045 1154 4098; x_wconf 84' lang='lat' dir='ltr'><strong>omnibus</strong></span> <span class='ocrx_word' id='word_1_327' title='bbox 1175 4045 1258 4100; x_wconf 90' lang='lat' dir='ltr'><strong>eis</strong></span> <span class='ocrx_word' id='word_1_328' title='bbox 1290 4054 1460 4100; x_wconf 90' lang='lat' dir='ltr'><strong>totum</strong></span> <span class='ocrx_word' id='word_1_329' title='bbox 1489 4057 1544 4101; x_wconf 94' lang='lat' dir='ltr'><strong>et</strong></span> <span class='ocrx_word' id='word_1_330' title='bbox 1574 4062 1698 4116; x_wconf 86' lang='lat' dir='ltr'><strong>pars</strong></span> <span class='ocrx_word' id='word_1_331' title='bbox 1726 4058 1828 4111; x_wconf 88' lang='lat' dir='ltr'><strong>est,</strong></span> <span class='ocrx_word' id='word_1_332' title='bbox 1875 4059 1929 4105; x_wconf 87' lang='lat' dir='ltr'><strong>et</strong></span> 
     </span>
    </p>
   </div>
   <div class='ocr_carea' id='block_1_44' title="bbox 351 4134 1927 4211">
    <p class='ocr_par' dir='ltr' id='par_1_44' title="bbox 351 4134 1927 4211">
     <span class='ocr_line' id='line_1_44' title="bbox 351 4134 1927 4211; baseline 0.007 -26"><span class='ocrx_word' id='word_1_333' title='bbox 351 4134 515 4188; x_wconf 88' lang='lat' dir='ltr'><strong>totius</strong></span> <span class='ocrx_word' id='word_1_334' title='bbox 557 4135 840 4190; x_wconf 83' lang='lat' dir='ltr'><strong>divisioois</strong></span> <span class='ocrx_word' id='word_1_335' title='bbox 873 4137 1253 4207; x_wconf 90' lang='lat' dir='ltr'><strong>primordium,</strong></span> <span class='ocrx_word' id='word_1_336' title='bbox 1297 4137 1421 4192; x_wconf 89' lang='lat' dir='ltr'><strong>dum</strong></span> <span class='ocrx_word' id='word_1_337' title='bbox 1447 4139 1516 4192; x_wconf 92' lang='lat' dir='ltr'><strong>sit</strong></span> <span class='ocrx_word' id='word_1_338' title='bbox 1541 4139 1652 4208; x_wconf 90' lang='lat' dir='ltr'><strong>ipsa</strong></span> <span class='ocrx_word' id='word_1_339' title='bbox 1679 4139 1927 4211; x_wconf 88' lang='lat' dir='ltr'><strong>inseipsa</strong></span> 
     </span>
    </p>
   </div>
   <div class='ocr_carea' id='block_1_45' title="bbox 353 4229 1929 4298">
    <p class='ocr_par' dir='ltr' id='par_1_45' title="bbox 353 4229 1929 4298">
     <span class='ocr_line' id='line_1_45' title="bbox 353 4229 1929 4298; baseline 0.006 -23"><span class='ocrx_word' id='word_1_340' title='bbox 353 4238 525 4290; x_wconf 77' lang='lat' dir='ltr'><strong>neque</strong></span> <span class='ocrx_word' id='word_1_341' title='bbox 560 4241 819 4280; x_wconf 88' lang='lat' dir='ltr'><strong>numerus</strong></span> <span class='ocrx_word' id='word_1_342' title='bbox 865 4242 1035 4295; x_wconf 87' lang='lat' dir='ltr'><strong>neque</strong></span> <span class='ocrx_word' id='word_1_343' title='bbox 1069 4243 1195 4298; x_wconf 92' lang='lat' dir='ltr'><strong>pars</strong></span> <span class='ocrx_word' id='word_1_344' title='bbox 1237 4229 1375 4298; x_wconf 81' lang='lat' dir='ltr'><strong>ejus.</strong></span> <span class='ocrx_word' id='word_1_345' title='bbox 1422 4229 1621 4284; x_wconf 81' lang='lat' dir='ltr'><strong>Eadem</strong></span> <span class='ocrx_word' id='word_1_346' title='bbox 1667 4230 1802 4285; x_wconf 88' lang='lat' dir='ltr'><strong>ratio</strong></span> <span class='ocrx_word' id='word_1_347' title='bbox 1845 4241 1929 4287; x_wconf 90' lang='lat' dir='ltr'><strong>est</strong></span> 
     </span>
    </p>
   </div>
   <div class='ocr_carea' id='block_1_46' title="bbox 355 4315 1927 4392">
    <p class='ocr_par' dir='ltr' id='par_1_46' title="bbox 355 4315 1927 4392">
     <span class='ocr_line' id='line_1_46' title="bbox 355 4315 1927 4392; baseline 0.009 -27"><span class='ocrx_word' id='word_1_348' title='bbox 355 4316 520 4368; x_wconf 78' lang='lat' dir='ltr'><strong>c:.nlri</strong></span> <span class='ocrx_word' id='word_1_349' title='bbox 551 4315 603 4368; x_wconf 93' lang='lat' dir='ltr'><strong>in</strong></span> <span class='ocrx_word' id='word_1_350' title='bbox 629 4317 832 4372; x_wconf 86' lang='lat' dir='ltr'><strong>circulo</strong></span> <span class='ocrx_word' id='word_1_351' title='bbox 855 4335 949 4372; x_wconf 85' lang='lat' dir='ltr'><strong>seu</strong></span> <span class='ocrx_word' id='word_1_352' title='bbox 981 4320 1235 4388; x_wconf 79' lang='lat' dir='ltr'><strong>Spliaera,</strong></span> <span class='ocrx_word' id='word_1_353' title='bbox 1265 4321 1398 4390; x_wconf 74' lang='lat' dir='ltr'><strong>signi</strong></span> <span class='ocrx_word' id='word_1_354' title='bbox 1428 4322 1478 4374; x_wconf 92' lang='lat' dir='ltr'><strong>in</strong></span> <span class='ocrx_word' id='word_1_355' title='bbox 1530 4321 1717 4392; x_wconf 75' lang='lat' dir='ltr'><strong>figura,</strong></span> <span class='ocrx_word' id='word_1_356' title='bbox 1745 4326 1927 4392; x_wconf 88' lang='lat' dir='ltr'><strong>pttucti</strong></span> 
     </span>
    </p>
   </div>
   <div class='ocr_carea' id='block_1_47' title="bbox 357 4401 1930 4476">
    <p class='ocr_par' dir='ltr' id='par_1_47' title="bbox 357 4401 1930 4476">
     <span class='ocr_line' id='line_1_47' title="bbox 357 4401 1930 4476; baseline 0.008 -23"><span class='ocrx_word' id='word_1_357' title='bbox 357 4401 406 4454; x_wconf 91' lang='lat' dir='ltr'><strong>in</strong></span> <span class='ocrx_word' id='word_1_358' title='bbox 445 4403 604 4456; x_wconf 81' lang='lat' dir='ltr'><strong>linea.</strong></span> <span class='ocrx_word' id='word_1_359' title='bbox 654 4403 785 4458; x_wconf 88' lang='lat' dir='ltr'><strong>Cum</strong></span> <span class='ocrx_word' id='word_1_360' title='bbox 824 4407 988 4476; x_wconf 77' lang='lat' dir='ltr'><strong>igitur</strong></span> <span class='ocrx_word' id='word_1_361' title='bbox 1022 4409 1184 4460; x_wconf 87' lang='lat' dir='ltr'><strong>totius</strong></span> <span class='ocrx_word' id='word_1_362' title='bbox 1214 4408 1583 4463; x_wconf 56' lang='lat' dir='ltr'><strong>universitatis</strong></span> <span class='ocrx_word' id='word_1_363' title='bbox 1625 4411 1816 4468; x_wconf 81' lang='lat' dir='ltr'><strong>divisio</strong></span> <span class='ocrx_word' id='word_1_364' title='bbox 1861 4412 1930 4466; x_wconf 90' lang='lat' dir='ltr'><strong>ab</strong></span> 
     </span>
    </p>
   </div>
   <div class='ocr_carea' id='block_1_48' title="bbox 360 4491 1929 4568">
    <p class='ocr_par' dir='ltr' id='par_1_48' title="bbox 360 4491 1929 4568">
     <span class='ocr_line' id='line_1_48' title="bbox 360 4491 1929 4568; baseline 0.008 -23"><span class='ocrx_word' id='word_1_365' title='bbox 360 4491 522 4560; x_wconf 82' lang='lat' dir='ltr'><strong>ipsius</strong></span> <span class='ocrx_word' id='word_1_366' title='bbox 573 4511 734 4551; x_wconf 72' lang='lat' dir='ltr'><strong>causa</strong></span> <span class='ocrx_word' id='word_1_367' title='bbox 779 4505 832 4550; x_wconf 91' lang='lat' dir='ltr'><strong>et</strong></span> <span class='ocrx_word' id='word_1_368' title='bbox 881 4499 1144 4552; x_wconf 83' lang='lat' dir='ltr'><strong>crcatrice</strong></span> <span class='ocrx_word' id='word_1_369' title='bbox 1191 4498 1433 4568; x_wconf 85' lang='lat' dir='ltr'><strong>incipiat,</strong></span> <span class='ocrx_word' id='word_1_370' title='bbox 1465 4515 1569 4553; x_wconf 85' lang='lat' dir='ltr'><strong>non</strong></span> <span class='ocrx_word' id='word_1_371' title='bbox 1605 4517 1724 4555; x_wconf 88' lang='lat' dir='ltr'><strong>eam</strong></span> <span class='ocrx_word' id='word_1_372' title='bbox 1770 4503 1929 4558; x_wconf 77' lang='lat' dir='ltr'><strong>veluti</strong></span> 
     </span>
    </p>
   </div>
   <div class='ocr_carea' id='block_1_49' title="bbox 357 4586 1929 4663">
    <p class='ocr_par' dir='ltr' id='par_1_49' title="bbox 357 4586 1929 4663">
     <span class='ocr_line' id='line_1_49' title="bbox 357 4586 1929 4663; baseline 0.01 -27"><span class='ocrx_word' id='word_1_373' title='bbox 357 4586 578 4654; x_wconf 86' lang='lat' dir='ltr'><strong>primatu</strong></span> <span class='ocrx_word' id='word_1_374' title='bbox 607 4602 812 4656; x_wconf 79' lang='lat' dir='ltr'><strong>partem</strong></span> <span class='ocrx_word' id='word_1_375' title='bbox 842 4589 920 4642; x_wconf 88' lang='lat' dir='ltr'><strong>vel</strong></span> <span class='ocrx_word' id='word_1_376' title='bbox 949 4590 1184 4659; x_wconf 83' lang='lat' dir='ltr'><strong>speciem</strong></span> <span class='ocrx_word' id='word_1_377' title='bbox 1214 4589 1472 4646; x_wconf 87' lang='lat' dir='ltr'><strong>debemus</strong></span> <span class='ocrx_word' id='word_1_378' title='bbox 1497 4592 1810 4663; x_wconf 80' lang='lat' dir='ltr'><strong>intelligere,</strong></span> <span class='ocrx_word' id='word_1_379' title='bbox 1838 4597 1929 4650; x_wconf 84' lang='lat' dir='ltr'><strong>sed</strong></span> 
     </span>
    </p>
   </div>
   <div class='ocr_carea' id='block_1_50' title="bbox 358 4677 1927 4756">
    <p class='ocr_par' dir='ltr' id='par_1_50' title="bbox 358 4677 1927 4756">
     <span class='ocr_line' id='line_1_50' title="bbox 358 4677 1927 4756; baseline 0.01 -28"><span class='ocrx_word' id='word_1_380' title='bbox 358 4677 424 4731; x_wconf 78' lang='lat' dir='ltr'><strong>ab</strong></span> <span class='ocrx_word' id='word_1_381' title='bbox 457 4693 524 4733; x_wconf 88' lang='lat' dir='ltr'><strong>ea</strong></span> <span class='ocrx_word' id='word_1_382' title='bbox 559 4695 774 4736; x_wconf 81' lang='lat' dir='ltr'><strong>omnem</strong></span> <span class='ocrx_word' id='word_1_383' title='bbox 807 4682 1126 4737; x_wconf 74' lang='lat' dir='ltr'><strong>divisionem</strong></span> <span class='ocrx_word' id='word_1_384' title='bbox 1161 4693 1217 4738; x_wconf 89' lang='lat' dir='ltr'><strong>et</strong></span> <span class='ocrx_word' id='word_1_385' title='bbox 1265 4686 1611 4752; x_wconf 88' lang='lat' dir='ltr'><strong>partitionem</strong></span> <span class='ocrx_word' id='word_1_386' title='bbox 1652 4687 1927 4756; x_wconf 82' lang='lat' dir='ltr'><strong>inchoare,</strong></span> 
     </span>
    </p>
   </div>
   <div class='ocr_carea' id='block_1_51' title="bbox 360 4767 1932 4847">
    <p class='ocr_par' dir='ltr' id='par_1_51' title="bbox 360 4767 1932 4847">
     <span class='ocr_line' id='line_1_51' title="bbox 360 4767 1932 4847; baseline 0.01 -27"><span class='ocrx_word' id='word_1_387' title='bbox 360 4769 609 4836; x_wconf 85' lang='lat' dir='ltr'><strong>quoniam</strong></span> <span class='ocrx_word' id='word_1_388' title='bbox 659 4772 836 4826; x_wconf 81' lang='lat' dir='ltr'><strong>omnis</strong></span> <span class='ocrx_word' id='word_1_389' title='bbox 892 4773 1260 4829; x_wconf 87' lang='lat' dir='ltr'><strong>universitatis</strong></span> <span class='ocrx_word' id='word_1_390' title='bbox 1315 4777 1636 4847; x_wconf 88' lang='lat' dir='ltr'><strong>principiutn</strong></span> <span class='ocrx_word' id='word_1_391' title='bbox 1688 4789 1772 4834; x_wconf 90' lang='lat' dir='ltr'><strong>est</strong></span> <span class='ocrx_word' id='word_1_392' title='bbox 1798 4767 1820 4845; x_wconf 54' lang='grc'><em>,⁸</em></span> <span class='ocrx_word' id='word_1_393' title='bbox 1875 4789 1932 4838; x_wconf 90' lang='lat' dir='ltr'><strong>et</strong></span> 
     </span>
    </p>
   </div>
   <div class='ocr_carea' id='block_1_52' title="bbox 364 4859 1936 4938">
    <p class='ocr_par' dir='ltr' id='par_1_52' title="bbox 364 4859 1936 4938">
     <span class='ocr_line' id='line_1_52' title="bbox 364 4859 1936 4938; baseline 0.01 -30"><span class='ocrx_word' id='word_1_394' title='bbox 364 4859 612 4924; x_wconf 84' lang='lat' dir='ltr'><strong>medium,</strong></span> <span class='ocrx_word' id='word_1_395' title='bbox 640 4869 696 4914; x_wconf 90' lang='lat' dir='ltr'><strong>et</strong></span> <span class='ocrx_word' id='word_1_396' title='bbox 721 4862 858 4916; x_wconf 88' lang='lat' dir='ltr'><strong>linis.</strong></span> <span class='ocrx_word' id='word_1_397' title='bbox 894 4862 957 4916; x_wconf 85' lang='lat' dir='ltr'><strong>Et</strong></span> <span class='ocrx_word' id='word_1_398' title='bbox 979 4863 1106 4917; x_wconf 88' lang='lat' dir='ltr'><strong>dum</strong></span> <span class='ocrx_word' id='word_1_399' title='bbox 1133 4865 1263 4920; x_wconf 80' lang='lat' dir='ltr'><strong>haec</strong></span> <span class='ocrx_word' id='word_1_400' title='bbox 1292 4866 1356 4920; x_wconf 88' lang='lat' dir='ltr'><strong>de</strong></span> <span class='ocrx_word' id='word_1_401' title='bbox 1381 4881 1444 4920; x_wconf 88' lang='lat' dir='ltr'><strong>ea</strong></span> <span class='ocrx_word' id='word_1_402' title='bbox 1468 4875 1522 4921; x_wconf 86' lang='lat' dir='ltr'><strong>et</strong></span> <span class='ocrx_word' id='word_1_403' title='bbox 1555 4868 1936 4938; x_wconf 89' lang='lat' dir='ltr'><strong>praedicantur</strong></span> 
     </span>
    </p>
   </div>
   <div class='ocr_carea' id='block_1_53' title="bbox 362 4948 1932 5022">
    <p class='ocr_par' dir='ltr' id='par_1_53' title="bbox 362 4948 1932 5022">
     <span class='ocr_line' id='line_1_53' title="bbox 362 4948 1932 5022; baseline 0.01 -22"><span class='ocrx_word' id='word_1_404' title='bbox 362 4955 411 5000; x_wconf 90' lang='lat' dir='ltr'><strong>et</strong></span> <span class='ocrx_word' id='word_1_405' title='bbox 443 4948 838 5022; x_wconf 55' lang='lat' dir='ltr'><strong>inutlliguntur.</strong></span> <span class='ocrx_word' id='word_1_406' title='bbox 876 4953 980 5007; x_wconf 90' lang='lat' dir='ltr'><strong>hoc</strong></span> <span class='ocrx_word' id='word_1_407' title='bbox 1013 4963 1126 5018; x_wconf 87' lang='lat' dir='ltr'><strong>est,</strong></span> <span class='ocrx_word' id='word_1_408' title='bbox 1155 4955 1281 5008; x_wconf 90' lang='lat' dir='ltr'><strong>dum</strong></span> <span class='ocrx_word' id='word_1_409' title='bbox 1321 4956 1372 5011; x_wconf 92' lang='lat' dir='ltr'><strong>in</strong></span> <span class='ocrx_word' id='word_1_410' title='bbox 1407 4959 1764 5015; x_wconf 82' lang='lat' dir='ltr'><strong>divisionibus</strong></span> <span class='ocrx_word' id='word_1_411' title='bbox 1811 4961 1932 5015; x_wconf 80' lang='lat' dir='ltr'><strong>titti—</strong></span> 
     </span>
    </p>
   </div>
   <div class='ocr_carea' id='block_1_54' title="bbox 365 5030 1937 5110">
    <p class='ocr_par' dir='ltr' id='par_1_54' title="bbox 365 5030 1937 5110">
     <span class='ocr_line' id='line_1_54' title="bbox 365 5030 1937 5110; baseline 0.013 -25"><span class='ocrx_word' id='word_1_412' title='bbox 365 5039 673 5093; x_wconf 74' lang='lat' dir='ltr'><strong>vetsitatum</strong></span> <span class='ocrx_word' id='word_1_413' title='bbox 699 5041 928 5110; x_wconf 90' lang='lat' dir='ltr'><strong>primum</strong></span> <span class='ocrx_word' id='word_1_414' title='bbox 962 5041 1135 5096; x_wconf 88' lang='lat' dir='ltr'><strong>locum</strong></span> <span class='ocrx_word' id='word_1_415' title='bbox 1167 5043 1433 5110; x_wconf 80' lang='lat' dir='ltr'><strong>obtineat,</strong></span> <span class='ocrx_word' id='word_1_416' title='bbox 1466 5030 1625 5103; x_wconf 87' lang='lat' dir='ltr'><strong>nemo</strong></span> <span class='ocrx_word' id='word_1_417' title='bbox 1650 5059 1828 5106; x_wconf 87' lang='lat' dir='ltr'><strong>tamen</strong></span> <span class='ocrx_word' id='word_1_418' title='bbox 1853 5060 1937 5105; x_wconf 85' lang='lat' dir='ltr'><strong>est</strong></span> 
     </span>
    </p>
   </div>
   <div class='ocr_carea' id='block_1_55' title="bbox 364 5127 1933 5208">
    <p class='ocr_par' dir='ltr' id='par_1_55' title="bbox 364 5127 1933 5208">
     <span class='ocr_line' id='line_1_55' title="bbox 364 5127 1933 5208; baseline 0.01 -29"><span class='ocrx_word' id='word_1_419' title='bbox 364 5127 446 5195; x_wconf 88' lang='lat' dir='ltr'><strong>pie</strong></span> <span class='ocrx_word' id='word_1_420' title='bbox 469 5129 801 5184; x_wconf 88' lang='lat' dir='ltr'><strong>credentium</strong></span> <span class='ocrx_word' id='word_1_421' title='bbox 831 5139 887 5185; x_wconf 90' lang='lat' dir='ltr'><strong>et</strong></span> <span class='ocrx_word' id='word_1_422' title='bbox 913 5132 1194 5188; x_wconf 80' lang='lat' dir='ltr'><strong>veritatem</strong></span> <span class='ocrx_word' id='word_1_423' title='bbox 1232 5135 1663 5208; x_wconf 80' lang='lat' dir='ltr'><strong>intelligentium,</strong></span> <span class='ocrx_word' id='word_1_424' title='bbox 1699 5139 1788 5208; x_wconf 91' lang='lat' dir='ltr'><strong>qui</strong></span> <span class='ocrx_word' id='word_1_425' title='bbox 1828 5155 1933 5195; x_wconf 89' lang='lat' dir='ltr'><strong>non</strong></span> 
     </span>
    </p>
   </div>
   <div class='ocr_carea' id='block_1_56' title="bbox 365 5219 1934 5292">
    <p class='ocr_par' dir='ltr' id='par_1_56' title="bbox 365 5219 1934 5292">
     <span class='ocr_line' id='line_1_56' title="bbox 365 5219 1934 5292; baseline 0.008 -21"><span class='ocrx_word' id='word_1_426' title='bbox 365 5219 636 5288; x_wconf 87' lang='lat' dir='ltr'><strong>continuo,</strong></span> <span class='ocrx_word' id='word_1_427' title='bbox 669 5221 874 5292; x_wconf 84' lang='lat' dir='ltr'><strong>absque</strong></span> <span class='ocrx_word' id='word_1_428' title='bbox 914 5221 1016 5276; x_wconf 89' lang='lat' dir='ltr'><strong>ulla</strong></span> <span class='ocrx_word' id='word_1_429' title='bbox 1060 5225 1403 5280; x_wconf 88' lang='lat' dir='ltr'><strong>cunctatione</strong></span> <span class='ocrx_word' id='word_1_430' title='bbox 1442 5228 1731 5292; x_wconf 78' lang='lat' dir='ltr'><strong>exclamet,</strong></span> <span class='ocrx_word' id='word_1_431' title='bbox 1775 5230 1934 5284; x_wconf 84' lang='lat' dir='ltr'><strong>totius</strong></span> 
     </span>
    </p>
   </div>
   <div class='ocr_carea' id='block_1_57' title="bbox 2001 493 3581 566">
    <p class='ocr_par' dir='ltr' id='par_1_57' title="bbox 2001 493 3581 566">
     <span class='ocr_line' id='line_1_57' title="bbox 2001 493 3581 566; baseline -0.009 -8"><span class='ocrx_word' id='word_1_432' title='bbox 2001 502 2229 558; x_wconf 89' lang='lat' dir='ltr'><strong>turalcm</strong></span> <span class='ocrx_word' id='word_1_433' title='bbox 2257 515 2392 560; x_wconf 86' lang='lat' dir='ltr'><strong>esse,</strong></span> <span class='ocrx_word' id='word_1_434' title='bbox 2425 507 2478 552; x_wconf 91' lang='lat' dir='ltr'><strong>et</strong></span> <span class='ocrx_word' id='word_1_435' title='bbox 2512 493 3039 566; x_wconf 43' lang='lat' dir='ltr'><strong>superessi‘ntialnm,</strong></span> <span class='ocrx_word' id='word_1_436' title='bbox 3067 501 3122 548; x_wconf 88' lang='lat' dir='ltr'><strong>et</strong></span> <span class='ocrx_word' id='word_1_437' title='bbox 3165 509 3326 563; x_wconf 82' lang='lat' dir='ltr'><strong>supra</strong></span> <span class='ocrx_word' id='word_1_438' title='bbox 3370 508 3581 546; x_wconf 66' lang='lat' dir='ltr'><strong>murem</strong></span> 
     </span>
    </p>
   </div>
   <div class='ocr_carea' id='block_1_58' title="bbox 1999 569 3579 660">
    <p class='ocr_par' dir='ltr' id='par_1_58' title="bbox 1999 569 3579 660">
     <span class='ocr_line' id='line_1_58' title="bbox 1999 569 3579 660; baseline -0.009 -11"><span class='ocrx_word' id='word_1_439' title='bbox 1999 596 2185 658; x_wconf 89' lang='lat' dir='ltr'><strong>vitam,</strong></span> <span class='ocrx_word' id='word_1_440' title='bbox 2219 601 2274 648; x_wconf 89' lang='lat' dir='ltr'><strong>et</strong></span> <span class='ocrx_word' id='word_1_441' title='bbox 2311 589 2652 660; x_wconf 85' lang='lat' dir='ltr'><strong>sapientiam.</strong></span> <span class='ocrx_word' id='word_1_442' title='bbox 2692 596 2740 641; x_wconf 88' lang='lat' dir='ltr'><strong>et</strong></span> <span class='ocrx_word' id='word_1_443' title='bbox 2787 569 3063 646; x_wconf 78' lang='lat' dir='ltr'><strong>virtutem,</strong></span> <span class='ocrx_word' id='word_1_444' title='bbox 3091 593 3143 639; x_wconf 88' lang='lat' dir='ltr'><strong>et</strong></span> <span class='ocrx_word' id='word_1_445' title='bbox 3175 598 3336 653; x_wconf 83' lang='lat' dir='ltr'><strong>supra</strong></span> <span class='ocrx_word' id='word_1_446' title='bbox 3382 584 3579 642; x_wconf 82' lang='lat' dir='ltr'><strong>omnia.</strong></span> 
     </span>
    </p>
   </div>
   <div class='ocr_carea' id='block_1_59' title="bbox 2000 675 3584 755">
    <p class='ocr_par' dir='ltr' id='par_1_59' title="bbox 2000 675 3584 755">
     <span class='ocr_line' id='line_1_59' title="bbox 2000 675 3584 755; baseline -0.009 -15"><span class='ocrx_word' id='word_1_447' title='bbox 2000 702 2137 755; x_wconf 82' lang='lat' dir='ltr'><strong>quae</strong></span> <span class='ocrx_word' id='word_1_448' title='bbox 2167 685 2437 747; x_wconf 89' lang='lat' dir='ltr'><strong>dicuntur,</strong></span> <span class='ocrx_word' id='word_1_449' title='bbox 2475 690 2527 734; x_wconf 87' lang='lat' dir='ltr'><strong>et</strong></span> <span class='ocrx_word' id='word_1_450' title='bbox 2560 678 2946 749; x_wconf 79' lang='lat' dir='ltr'><strong>intelliguntur,</strong></span> <span class='ocrx_word' id='word_1_451' title='bbox 2981 684 3033 730; x_wconf 89' lang='lat' dir='ltr'><strong>et</strong></span> <span class='ocrx_word' id='word_1_452' title='bbox 3063 675 3206 728; x_wconf 87' lang='lat' dir='ltr'><strong>omni</strong></span> <span class='ocrx_word' id='word_1_453' title='bbox 3231 690 3390 729; x_wconf 83' lang='lat' dir='ltr'><strong>sensu</strong></span> <span class='ocrx_word' id='word_1_454' title='bbox 3417 675 3584 743; x_wconf 80' lang='lat' dir='ltr'><strong>perci-</strong></span> 
     </span>
    </p>
   </div>
   <div class='ocr_carea' id='block_1_60' title="bbox 2003 762 3586 846">
    <p class='ocr_par' dir='ltr' id='par_1_60' title="bbox 2003 762 3586 846">
     <span class='ocr_line' id='line_1_60' title="bbox 2003 762 3586 846; baseline -0.008 -17"><span class='ocrx_word' id='word_1_455' title='bbox 2003 779 2240 846; x_wconf 84' lang='lat' dir='ltr'><strong>piuntur,</strong></span> <span class='ocrx_word' id='word_1_456' title='bbox 2263 775 2387 826; x_wconf 92' lang='lat' dir='ltr'><strong>dum</strong></span> <span class='ocrx_word' id='word_1_457' title='bbox 2419 770 2489 824; x_wconf 91' lang='lat' dir='ltr'><strong>sit</strong></span> <span class='ocrx_word' id='word_1_458' title='bbox 2517 769 2709 824; x_wconf 84' lang='lat' dir='ltr'><strong>borum</strong></span> <span class='ocrx_word' id='word_1_459' title='bbox 2735 765 2973 819; x_wconf 85' lang='lat' dir='ltr'><strong>ninnium</strong></span> <span class='ocrx_word' id='word_1_460' title='bbox 3000 763 3320 833; x_wconf 79' lang='lat' dir='ltr'><strong>principium</strong></span> <span class='ocrx_word' id='word_1_461' title='bbox 3349 762 3586 824; x_wconf 85' lang='lat' dir='ltr'><strong>causale,</strong></span> 
     </span>
    </p>
   </div>
   <div class='ocr_carea' id='block_1_61' title="bbox 2001 855 3586 930">
    <p class='ocr_par' dir='ltr' id='par_1_61' title="bbox 2001 855 3586 930">
     <span class='ocr_line' id='line_1_61' title="bbox 2001 855 3586 930; baseline -0.009 -9"><span class='ocrx_word' id='word_1_462' title='bbox 2001 877 2055 921; x_wconf 87' lang='lat' dir='ltr'><strong>et</strong></span> <span class='ocrx_word' id='word_1_463' title='bbox 2085 865 2319 920; x_wconf 88' lang='lat' dir='ltr'><strong>medium</strong></span> <span class='ocrx_word' id='word_1_464' title='bbox 2354 860 2580 930; x_wconf 72' lang='lat' dir='ltr'><strong>impletis</strong></span> <span class='ocrx_word' id='word_1_465' title='bbox 2611 855 2918 920; x_wconf 86' lang='lat' dir='ltr'><strong>essentiale,</strong></span> <span class='ocrx_word' id='word_1_466' title='bbox 2950 865 3005 908; x_wconf 89' lang='lat' dir='ltr'><strong>et</strong></span> <span class='ocrx_word' id='word_1_467' title='bbox 3034 855 3153 907; x_wconf 86' lang='lat' dir='ltr'><strong>linis</strong></span> <span class='ocrx_word' id='word_1_468' title='bbox 3181 869 3586 912; x_wconf 77' lang='lat' dir='ltr'><strong>consmnmans.</strong></span> 
     </span>
    </p>
   </div>
   <div class='ocr_carea' id='block_1_62' title="bbox 2000 943 3587 1023">
    <p class='ocr_par' dir='ltr' id='par_1_62' title="bbox 2000 943 3587 1023">
     <span class='ocr_line' id='line_1_62' title="bbox 2000 943 3587 1023; baseline -0.009 -13"><span class='ocrx_word' id='word_1_469' title='bbox 2000 968 2324 1023; x_wconf 89' lang='lat' dir='ltr'><strong>omnemque</strong></span> <span class='ocrx_word' id='word_1_470' title='bbox 2347 960 2550 1005; x_wconf 90' lang='lat' dir='ltr'><strong>tnotum</strong></span> <span class='ocrx_word' id='word_1_471' title='bbox 2575 947 2897 1007; x_wconf 83' lang='lat' dir='ltr'><strong>stabilitatis,</strong></span> <span class='ocrx_word' id='word_1_472' title='bbox 2927 945 3274 1014; x_wconf 89' lang='lat' dir='ltr'><strong>quietumque</strong></span> <span class='ocrx_word' id='word_1_473' title='bbox 3306 943 3328 975; x_wconf 84' lang='lat'><strong>’</strong></span> <span class='ocrx_word' id='word_1_474' title='bbox 3363 943 3587 1007; x_wconf 57' lang='lat' dir='ltr'><strong>faciens,</strong></span> 
     </span>
    </p>
   </div>
   <div class='ocr_carea' id='block_1_63' title="bbox 2002 1036 3587 1108">
    <p class='ocr_par' dir='ltr' id='par_1_63' title="bbox 2002 1036 3587 1108">
     <span class='ocr_line' id='line_1_63' title="bbox 2002 1036 3587 1108; baseline -0.009 -7"><span class='ocrx_word' id='word_1_475' title='bbox 2002 1056 2049 1101; x_wconf 85' lang='lat' dir='ltr'><strong>et</strong></span> <span class='ocrx_word' id='word_1_476' title='bbox 2086 1045 2338 1107; x_wconf 86' lang='lat' dir='ltr'><strong>ambitus,</strong></span> <span class='ocrx_word' id='word_1_477' title='bbox 2373 1040 2576 1104; x_wconf 91' lang='lat' dir='ltr'><strong>omnia,</strong></span> <span class='ocrx_word' id='word_1_478' title='bbox 2609 1051 2746 1108; x_wconf 90' lang='lat' dir='ltr'><strong>quae</strong></span> <span class='ocrx_word' id='word_1_479' title='bbox 2775 1045 2900 1091; x_wconf 88' lang='lat' dir='ltr'><strong>sunt</strong></span> <span class='ocrx_word' id='word_1_480' title='bbox 2927 1046 2980 1090; x_wconf 90' lang='lat' dir='ltr'><strong>et</strong></span> <span class='ocrx_word' id='word_1_481' title='bbox 3015 1051 3152 1105; x_wconf 87' lang='lat' dir='ltr'><strong>quae</strong></span> <span class='ocrx_word' id='word_1_482' title='bbox 3177 1051 3280 1090; x_wconf 89' lang='lat' dir='ltr'><strong>non</strong></span> <span class='ocrx_word' id='word_1_483' title='bbox 3307 1045 3449 1095; x_wconf 88' lang='lat' dir='ltr'><strong>sunt,</strong></span> <span class='ocrx_word' id='word_1_484' title='bbox 3481 1036 3587 1088; x_wconf 81' lang='lat' dir='ltr'><strong>cir-</strong></span> 
     </span>
    </p>
   </div>
   <div class='ocr_carea' id='block_1_64' title="bbox 2003 1129 3590 1199">
    <p class='ocr_par' dir='ltr' id='par_1_64' title="bbox 2003 1129 3590 1199">
     <span class='ocr_line' id='line_1_64' title="bbox 2003 1129 3590 1199; baseline -0.007 -6"><span class='ocrx_word' id='word_1_485' title='bbox 2003 1136 2392 1193; x_wconf 86' lang='lat' dir='ltr'><strong>cnmscribens.</strong></span> <span class='ocrx_word' id='word_1_486' title='bbox 2415 1133 2559 1187; x_wconf 87' lang='lat' dir='ltr'><strong>Disc.</strong></span> <span class='ocrx_word' id='word_1_487' title='bbox 2579 1131 2673 1185; x_wconf 83' lang='lat' dir='ltr'><strong>llis</strong></span> <span class='ocrx_word' id='word_1_488' title='bbox 2693 1131 2832 1185; x_wconf 89' lang='lat' dir='ltr'><strong>altae</strong></span> <span class='ocrx_word' id='word_1_489' title='bbox 2849 1139 3149 1199; x_wconf 87' lang='lat' dir='ltr'><strong>cautaequc</strong></span> <span class='ocrx_word' id='word_1_490' title='bbox 3167 1129 3590 1184; x_wconf 55' lang='lat' dir='ltr'><strong>ratiocinationis</strong></span> 
     </span>
    </p>
   </div>
   <div class='ocr_carea' id='block_1_65' title="bbox 2004 1219 3590 1283">
    <p class='ocr_par' dir='ltr' id='par_1_65' title="bbox 2004 1219 3590 1283">
     <span class='ocr_line' id='line_1_65' title="bbox 2004 1219 3590 1283; baseline -0.008 -2"><span class='ocrx_word' id='word_1_491' title='bbox 2004 1225 2382 1281; x_wconf 80' lang='lat' dir='ltr'><strong>collationibus</strong></span> <span class='ocrx_word' id='word_1_492' title='bbox 2426 1223 2468 1253; x_wconf 73' lang='grc' dir='ltr'><strong>ιθ</strong></span> <span class='ocrx_word' id='word_1_493' title='bbox 2516 1222 2746 1276; x_wconf 87' lang='lat' dir='ltr'><strong>libenter</strong></span> <span class='ocrx_word' id='word_1_494' title='bbox 2793 1219 2962 1283; x_wconf 89' lang='lat' dir='ltr'><strong>cedo,</strong></span> <span class='ocrx_word' id='word_1_495' title='bbox 3010 1235 3074 1276; x_wconf 88' lang='lat' dir='ltr'><strong>ac</strong></span> <span class='ocrx_word' id='word_1_496' title='bbox 3123 1219 3444 1274; x_wconf 82' lang='lat' dir='ltr'><strong>verisimiles</strong></span> <span class='ocrx_word' id='word_1_497' title='bbox 3495 1234 3590 1272; x_wconf 79' lang='lat' dir='ltr'><strong>eas</strong></span> 
     </span>
    </p>
   </div>
   <div class='ocr_carea' id='block_1_66' title="bbox 2005 1295 3592 1394">
    <p class='ocr_par' dir='ltr' id='par_1_66' title="bbox 2005 1295 3592 1394">
     <span class='ocr_line' id='line_1_66' title="bbox 2005 1295 3592 1394; baseline -0.009 -21"><span class='ocrx_word' id='word_1_498' title='bbox 2005 1317 2263 1388; x_wconf 87' lang='lat' dir='ltr'><strong>approbo.</strong></span> <span class='ocrx_word' id='word_1_499' title='bbox 2302 1315 2408 1369; x_wconf 89' lang='lat' dir='ltr'><strong>Sed</strong></span> <span class='ocrx_word' id='word_1_500' title='bbox 2451 1295 2762 1394; x_wconf 79' lang='lat' dir='ltr'><strong>priusquam</strong></span> <span class='ocrx_word' id='word_1_501' title='bbox 2804 1311 2870 1366; x_wconf 90' lang='lat' dir='ltr'><strong>ad</strong></span> <span class='ocrx_word' id='word_1_502' title='bbox 2909 1310 3329 1369; x_wconf 79' lang='lat' dir='ltr'><strong>considerandos</strong></span> <span class='ocrx_word' id='word_1_503' title='bbox 3369 1309 3592 1362; x_wconf 74' lang='lat' dir='ltr'><strong>eli&#39;cctas</strong></span> 
     </span>
    </p>
   </div>
   <div class='ocr_carea' id='block_1_67' title="bbox 2006 1404 3588 1484">
    <p class='ocr_par' dir='ltr' id='par_1_67' title="bbox 2006 1404 3588 1484">
     <span class='ocr_line' id='line_1_67' title="bbox 2006 1404 3588 1484; baseline -0.006 -20"><span class='ocrx_word' id='word_1_504' title='bbox 2006 1409 2434 1484; x_wconf 77' lang='lat' dir='ltr'><strong>primordialiutn</strong></span> <span class='ocrx_word' id='word_1_505' title='bbox 2477 1421 2790 1471; x_wconf 85' lang='lat' dir='ltr'><strong>causarum,</strong></span> <span class='ocrx_word' id='word_1_506' title='bbox 2819 1421 2884 1460; x_wconf 83' lang='lat' dir='ltr'><strong>cx</strong></span> <span class='ocrx_word' id='word_1_507' title='bbox 2925 1405 3120 1474; x_wconf 86' lang='lat' dir='ltr'><strong>quibus</strong></span> <span class='ocrx_word' id='word_1_508' title='bbox 3150 1404 3380 1458; x_wconf 70' lang='lat' dir='ltr'><strong>maxime</strong></span> <span class='ocrx_word' id='word_1_509' title='bbox 3417 1405 3588 1472; x_wconf 73' lang='lat' dir='ltr'><strong>prima</strong></span> 
     </span>
    </p>
   </div>
   <div class='ocr_carea' id='block_1_68' title="bbox 2005 1496 3591 1560">
    <p class='ocr_par' dir='ltr' id='par_1_68' title="bbox 2005 1496 3591 1560">
     <span class='ocr_line' id='line_1_68' title="bbox 2005 1496 3591 1560; baseline -0.01 0"><span class='ocrx_word' id='word_1_510' title='bbox 2005 1502 2244 1560; x_wconf 88' lang='lat' dir='ltr'><strong>omnium</strong></span> <span class='ocrx_word' id='word_1_511' title='bbox 2281 1512 2336 1556; x_wconf 89' lang='lat' dir='ltr'><strong>et</strong></span> <span class='ocrx_word' id='word_1_512' title='bbox 2368 1517 2474 1556; x_wconf 90' lang='lat' dir='ltr'><strong>una</strong></span> <span class='ocrx_word' id='word_1_513' title='bbox 2509 1501 2547 1533; x_wconf 87' lang='grc'><strong>¹¹</strong></span> <span class='ocrx_word' id='word_1_514' title='bbox 2591 1499 2825 1555; x_wconf 78' lang='lat' dir='ltr'><strong>creatrix</strong></span> <span class='ocrx_word' id='word_1_515' title='bbox 2867 1513 3027 1553; x_wconf 84' lang='lat' dir='ltr'><strong>causa</strong></span> <span class='ocrx_word' id='word_1_516' title='bbox 3067 1496 3202 1551; x_wconf 87' lang='lat' dir='ltr'><strong>solet</strong></span> <span class='ocrx_word' id='word_1_517' title='bbox 3237 1496 3316 1549; x_wconf 81' lang='lat' dir='ltr'><strong>de:</strong></span> <span class='ocrx_word' id='word_1_518' title='bbox 3342 1497 3591 1557; x_wconf 67' lang='lat' dir='ltr'><strong>ominari,</strong></span> 
     </span>
    </p>
   </div>
   <div class='ocr_carea' id='block_1_69' title="bbox 2007 1591 3596 1657">
    <p class='ocr_par' dir='ltr' id='par_1_69' title="bbox 2007 1591 3596 1657">
     <span class='ocr_line' id='line_1_69' title="bbox 2007 1591 3596 1657; baseline -0.009 -7"><span class='ocrx_word' id='word_1_519' title='bbox 2007 1595 2268 1657; x_wconf 84' lang='lat' dir='ltr'><strong>accedas,</strong></span> <span class='ocrx_word' id='word_1_520' title='bbox 2325 1595 2570 1649; x_wconf 87' lang='lat' dir='ltr'><strong>ordinem</strong></span> <span class='ocrx_word' id='word_1_521' title='bbox 2615 1591 2916 1646; x_wconf 89' lang='lat' dir='ltr'><strong>naturalem</strong></span> <span class='ocrx_word' id='word_1_522' title='bbox 2964 1605 3149 1645; x_wconf 87' lang='lat' dir='ltr'><strong>carum</strong></span> <span class='ocrx_word' id='word_1_523' title='bbox 3201 1603 3360 1642; x_wconf 82' lang='lat' dir='ltr'><strong>nosse</strong></span> <span class='ocrx_word' id='word_1_524' title='bbox 3401 1605 3596 1642; x_wconf 64' lang='grc' dir='ltr'>ςυιιιυρ</span> 
     </span>
    </p>
   </div>
   <div class='ocr_carea' id='block_1_70' title="bbox 2010 1679 3596 1748">
    <p class='ocr_par' dir='ltr' id='par_1_70' title="bbox 2010 1679 3596 1748">
     <span class='ocr_line' id='line_1_70' title="bbox 2010 1679 3596 1748; baseline -0.005 -8"><span class='ocrx_word' id='word_1_525' title='bbox 2010 1686 2088 1740; x_wconf 90' lang='lat' dir='ltr'><strong>nit</strong></span> <span class='ocrx_word' id='word_1_526' title='bbox 2126 1703 2138 1738; x_wconf 90' lang='lat'><strong>:</strong></span> <span class='ocrx_word' id='word_1_527' title='bbox 2173 1685 2348 1740; x_wconf 86' lang='lat' dir='ltr'><strong>adhuc</strong></span> <span class='ocrx_word' id='word_1_528' title='bbox 2381 1684 2526 1748; x_wconf 81' lang='lat' dir='ltr'><strong>enim</strong></span> <span class='ocrx_word' id='word_1_529' title='bbox 2563 1682 2775 1736; x_wconf 77' lang='lat' dir='ltr'><strong>mixtim</strong></span> <span class='ocrx_word' id='word_1_530' title='bbox 2814 1681 3230 1748; x_wconf 84' lang='lat' dir='ltr'><strong>indistincteque</strong></span> <span class='ocrx_word' id='word_1_531' title='bbox 3263 1679 3596 1732; x_wconf 71' lang='lat' dir='ltr'><strong>inlmt‘ltlctas</strong></span> 
     </span>
    </p>
   </div>
   <div class='ocr_carea' id='block_1_71' title="bbox 2009 1769 3596 1838">
    <p class='ocr_par' dir='ltr' id='par_1_71' title="bbox 2009 1769 3596 1838">
     <span class='ocr_line' id='line_1_71' title="bbox 2009 1769 3596 1838; baseline -0.009 -5"><span class='ocrx_word' id='word_1_532' title='bbox 2009 1792 2128 1833; x_wconf 85' lang='lat' dir='ltr'><strong>esse</strong></span> <span class='ocrx_word' id='word_1_533' title='bbox 2195 1776 2450 1830; x_wconf 88' lang='lat' dir='ltr'><strong>arbitror.</strong></span> <span class='ocrx_word' id='word_1_534' title='bbox 2515 1774 2680 1838; x_wconf 85' lang='lat' dir='ltr'><strong>Nam,</strong></span> <span class='ocrx_word' id='word_1_535' title='bbox 2765 1773 2818 1826; x_wconf 92' lang='lat' dir='ltr'><strong>ni</strong></span> <span class='ocrx_word' id='word_1_536' title='bbox 2884 1771 3070 1836; x_wconf 78' lang='lat' dir='ltr'><strong>fallor,</strong></span> <span class='ocrx_word' id='word_1_537' title='bbox 3113 1770 3178 1824; x_wconf 89' lang='lat' dir='ltr'><strong>ad</strong></span> <span class='ocrx_word' id='word_1_538' title='bbox 3229 1785 3415 1824; x_wconf 77' lang='lat' dir='ltr'><strong>caram</strong></span> <span class='ocrx_word' id='word_1_539' title='bbox 3470 1769 3596 1820; x_wconf 58' lang='lat' dir='ltr'><strong>elle-</strong></span> 
     </span>
    </p>
   </div>
   <div class='ocr_carea' id='block_1_72' title="bbox 2008 1864 3594 1938">
    <p class='ocr_par' dir='ltr' id='par_1_72' title="bbox 2008 1864 3594 1938">
     <span class='ocr_line' id='line_1_72' title="bbox 2008 1864 3594 1938; baseline -0.006 -14"><span class='ocrx_word' id='word_1_540' title='bbox 2008 1879 2298 1938; x_wconf 85' lang='lat' dir='ltr'><strong>ctunmque</strong></span> <span class='ocrx_word' id='word_1_541' title='bbox 2330 1883 2550 1922; x_wconf 89' lang='lat' dir='ltr'><strong>suorum</strong></span> <span class='ocrx_word' id='word_1_542' title='bbox 2577 1865 2872 1937; x_wconf 83' lang='lat' dir='ltr'><strong>perfectam</strong></span> <span class='ocrx_word' id='word_1_543' title='bbox 2905 1865 3152 1922; x_wconf 88' lang='lat' dir='ltr'><strong>notitiam</strong></span> <span class='ocrx_word' id='word_1_544' title='bbox 3190 1879 3294 1918; x_wconf 92' lang='lat' dir='ltr'><strong>non</strong></span> <span class='ocrx_word' id='word_1_545' title='bbox 3325 1864 3594 1917; x_wconf 75' lang='lat' dir='ltr'><strong>mediocre</strong></span> 
     </span>
    </p>
   </div>
   <div class='ocr_carea' id='block_1_73' title="bbox 2009 1954 3590 2029">
    <p class='ocr_par' dir='ltr' id='par_1_73' title="bbox 2009 1954 3590 2029">
     <span class='ocr_line' id='line_1_73' title="bbox 2009 1954 3590 2029; baseline -0.006 -16"><span class='ocrx_word' id='word_1_546' title='bbox 2009 1960 2265 2014; x_wconf 80' lang='lat' dir='ltr'><strong>auxilium</strong></span> <span class='ocrx_word' id='word_1_547' title='bbox 2313 1958 2701 2029; x_wconf 84' lang='lat' dir='ltr'><strong>quaerentibus</strong></span> <span class='ocrx_word' id='word_1_548' title='bbox 2753 1955 3082 2025; x_wconf 81' lang='lat' dir='ltr'><strong>praestabit,</strong></span> <span class='ocrx_word' id='word_1_549' title='bbox 3134 1954 3179 2010; x_wconf 91' lang='lat' dir='ltr'><strong>si</strong></span> <span class='ocrx_word' id='word_1_550' title='bbox 3232 1954 3385 2026; x_wconf 85' lang='lat' dir='ltr'><strong>prius</strong></span> <span class='ocrx_word' id='word_1_551' title='bbox 3437 1963 3590 2006; x_wconf 75' lang='lat' dir='ltr'><strong>mitu-</strong></span> 
     </span>
    </p>
   </div>
   <div class='ocr_carea' id='block_1_74' title="bbox 2011 2043 3596 2116">
    <p class='ocr_par' dir='ltr' id='par_1_74' title="bbox 2011 2043 3596 2116">
     <span class='ocr_line' id='line_1_74' title="bbox 2011 2043 3596 2116; baseline -0.006 -13"><span class='ocrx_word' id='word_1_552' title='bbox 2011 2049 2140 2103; x_wconf 88' lang='lat' dir='ltr'><strong>ralis</strong></span> <span class='ocrx_word' id='word_1_553' title='bbox 2185 2048 2338 2110; x_wconf 88' lang='lat' dir='ltr'><strong>ordo,</strong></span> <span class='ocrx_word' id='word_1_554' title='bbox 2383 2063 2490 2116; x_wconf 88' lang='lat' dir='ltr'><strong>quo</strong></span> <span class='ocrx_word' id='word_1_555' title='bbox 2519 2062 2546 2100; x_wconf 91' lang='lat' dir='ltr'><strong>a</strong></span> <span class='ocrx_word' id='word_1_556' title='bbox 2573 2057 2820 2100; x_wconf 84' lang='lat' dir='ltr'><strong>creatore</strong></span> <span class='ocrx_word' id='word_1_557' title='bbox 2849 2045 3098 2100; x_wconf 87' lang='lat' dir='ltr'><strong>conditae</strong></span> <span class='ocrx_word' id='word_1_558' title='bbox 3127 2053 3272 2109; x_wconf 81' lang='lat' dir='ltr'><strong>sant,</strong></span> <span class='ocrx_word' id='word_1_559' title='bbox 3301 2043 3596 2097; x_wconf 69' lang='lat' dir='ltr'><strong>luculenter</strong></span> 
     </span>
    </p>
   </div>
   <div class='ocr_carea' id='block_1_75' title="bbox 2010 2132 3588 2206">
    <p class='ocr_par' dir='ltr' id='par_1_75' title="bbox 2010 2132 3588 2206">
     <span class='ocr_line' id='line_1_75' title="bbox 2010 2132 3588 2206; baseline -0.003 -18"><span class='ocrx_word' id='word_1_560' title='bbox 2010 2133 2308 2206; x_wconf 79' lang='lat' dir='ltr'><strong>patefactus</strong></span> <span class='ocrx_word' id='word_1_561' title='bbox 2342 2133 2524 2190; x_wconf 82' lang='lat' dir='ltr'><strong>fuerit.</strong></span> <span class='ocrx_word' id='word_1_562' title='bbox 2557 2133 2696 2188; x_wconf 60' lang='lat' dir='ltr'><strong>Illac.</strong></span> <span class='ocrx_word' id='word_1_563' title='bbox 2736 2132 3170 2187; x_wconf 86' lang='lat' dir='ltr'><strong>Primordialinm</strong></span> <span class='ocrx_word' id='word_1_564' title='bbox 3200 2147 3482 2187; x_wconf 75' lang='lat' dir='ltr'><strong>causarum</strong></span> <span class='ocrx_word' id='word_1_565' title='bbox 3509 2147 3588 2184; x_wconf 80' lang='lat' dir='ltr'><strong>sc-</strong></span> 
     </span>
    </p>
   </div>
   <div class='ocr_carea' id='block_1_76' title="bbox 2011 2225 3597 2298">
    <p class='ocr_par' dir='ltr' id='par_1_76' title="bbox 2011 2225 3597 2298">
     <span class='ocr_line' id='line_1_76' title="bbox 2011 2225 3597 2298; baseline -0.004 -16"><span class='ocrx_word' id='word_1_566' title='bbox 2011 2228 2144 2282; x_wconf 86' lang='lat' dir='ltr'><strong>riem</strong></span> <span class='ocrx_word' id='word_1_567' title='bbox 2168 2227 2380 2282; x_wconf 83' lang='lat' dir='ltr'><strong>divinae</strong></span> <span class='ocrx_word' id='word_1_568' title='bbox 2415 2225 2788 2298; x_wconf 78' lang='lat' dir='ltr'><strong>providentiae</strong></span> <span class='ocrx_word' id='word_1_569' title='bbox 2813 2225 3346 2293; x_wconf 72' lang='lat' dir='ltr'><strong>solersiuvestigrtor</strong></span> <span class='ocrx_word' id='word_1_570' title='bbox 3377 2233 3597 2276; x_wconf 74' lang='lat' dir='ltr'><strong>sanctus</strong></span> 
     </span>
    </p>
   </div>
   <div class='ocr_carea' id='block_1_77' title="bbox 2011 2313 3598 2389">
    <p class='ocr_par' dir='ltr' id='par_1_77' title="bbox 2011 2313 3598 2389">
     <span class='ocr_line' id='line_1_77' title="bbox 2011 2313 3598 2389; baseline -0.004 -16"><span class='ocrx_word' id='word_1_571' title='bbox 2011 2318 2298 2389; x_wconf 84' lang='lat' dir='ltr'><strong>Dionysius</strong></span> <span class='ocrx_word' id='word_1_572' title='bbox 2331 2317 2654 2386; x_wconf 81' lang='lat' dir='ltr'><strong>Areopagita</strong></span> <span class='ocrx_word' id='word_1_573' title='bbox 2682 2317 2732 2371; x_wconf 91' lang='lat' dir='ltr'><strong>in</strong></span> <span class='ocrx_word' id='word_1_574' title='bbox 2758 2316 2898 2370; x_wconf 88' lang='lat' dir='ltr'><strong>libro</strong></span> <span class='ocrx_word' id='word_1_575' title='bbox 2943 2316 3010 2369; x_wconf 88' lang='lat' dir='ltr'><strong>de</strong></span> <span class='ocrx_word' id='word_1_576' title='bbox 3049 2315 3243 2369; x_wconf 54' lang='lat' dir='ltr'><strong>divinis~</strong></span> <span class='ocrx_word' id='word_1_577' title='bbox 3281 2313 3598 2368; x_wconf 56' lang='lat' dir='ltr'><strong>Hominibus</strong></span> 
     </span>
    </p>
   </div>
   <div class='ocr_carea' id='block_1_78' title="bbox 2011 2407 3591 2481">
    <p class='ocr_par' dir='ltr' id='par_1_78' title="bbox 2011 2407 3591 2481">
     <span class='ocr_line' id='line_1_78' title="bbox 2011 2407 3591 2481; baseline -0.004 -17"><span class='ocrx_word' id='word_1_578' title='bbox 2011 2410 2353 2481; x_wconf 84' lang='lat' dir='ltr'><strong>apertissime</strong></span> <span class='ocrx_word' id='word_1_579' title='bbox 2371 2410 2416 2444; x_wconf 75' lang='grc' dir='ltr'>ι’</span> <span class='ocrx_word' id='word_1_580' title='bbox 2439 2409 2719 2480; x_wconf 87' lang='lat' dir='ltr'><strong>disposuit.</strong></span> <span class='ocrx_word' id='word_1_581' title='bbox 2753 2407 3011 2463; x_wconf 79' lang='lat' dir='ltr'><strong>Summae</strong></span> <span class='ocrx_word' id='word_1_582' title='bbox 3027 2408 3292 2476; x_wconf 70' lang='lat' dir='ltr'><strong>siquidem</strong></span> <span class='ocrx_word' id='word_1_583' title='bbox 3318 2407 3591 2466; x_wconf 72' lang='lat' dir='ltr'><strong>bonitatis,</strong></span> 
     </span>
    </p>
   </div>
   <div class='ocr_carea' id='block_1_79' title="bbox 2013 2493 3597 2572">
    <p class='ocr_par' dir='ltr' id='par_1_79' title="bbox 2013 2493 3597 2572">
     <span class='ocr_line' id='line_1_79' title="bbox 2013 2493 3597 2572; baseline -0.006 -18"><span class='ocrx_word' id='word_1_584' title='bbox 2013 2516 2152 2572; x_wconf 88' lang='lat' dir='ltr'><strong>quae</strong></span> <span class='ocrx_word' id='word_1_585' title='bbox 2175 2499 2372 2554; x_wconf 92' lang='lat' dir='ltr'><strong>nullius</strong></span> <span class='ocrx_word' id='word_1_586' title='bbox 2398 2500 2700 2570; x_wconf 87' lang='lat' dir='ltr'><strong>particeps,</strong></span> <span class='ocrx_word' id='word_1_587' title='bbox 2747 2498 2999 2568; x_wconf 86' lang='lat' dir='ltr'><strong>quoniam</strong></span> <span class='ocrx_word' id='word_1_588' title='bbox 3027 2511 3124 2566; x_wconf 82' lang='lat' dir='ltr'><strong>per</strong></span> <span class='ocrx_word' id='word_1_589' title='bbox 3145 2511 3206 2550; x_wconf 70' lang='lat' dir='ltr'><strong>se</strong></span> <span class='ocrx_word' id='word_1_590' title='bbox 3239 2495 3408 2564; x_wconf 71' lang='lat' dir='ltr'><strong>ips-im</strong></span> <span class='ocrx_word' id='word_1_591' title='bbox 3441 2493 3597 2548; x_wconf 74' lang='lat' dir='ltr'><strong>borri-</strong></span> 
     </span>
    </p>
   </div>
   <div class='ocr_carea' id='block_1_80' title="bbox 2015 2583 3598 2661">
    <p class='ocr_par' dir='ltr' id='par_1_80' title="bbox 2015 2583 3598 2661">
     <span class='ocr_line' id='line_1_80' title="bbox 2015 2583 3598 2661; baseline -0.006 -16"><span class='ocrx_word' id='word_1_592' title='bbox 2015 2599 2099 2645; x_wconf 92' lang='lat' dir='ltr'><strong>tas</strong></span> <span class='ocrx_word' id='word_1_593' title='bbox 2111 2598 2214 2655; x_wconf 87' lang='lat' dir='ltr'><strong>est,</strong></span> <span class='ocrx_word' id='word_1_594' title='bbox 2229 2590 2455 2661; x_wconf 88' lang='lat' dir='ltr'><strong>primam</strong></span> <span class='ocrx_word' id='word_1_595' title='bbox 2473 2590 2812 2643; x_wconf 80' lang='lat' dir='ltr'><strong>donationem</strong></span> <span class='ocrx_word' id='word_1_596' title='bbox 2830 2599 2877 2642; x_wconf 84' lang='lat' dir='ltr'><strong>et</strong></span> <span class='ocrx_word' id='word_1_597' title='bbox 2900 2586 3365 2658; x_wconf 78' lang='lat' dir='ltr'><strong>participationem</strong></span> <span class='ocrx_word' id='word_1_598' title='bbox 3395 2583 3436 2614; x_wconf 78' lang='grc'><strong>³³</strong></span> <span class='ocrx_word' id='word_1_599' title='bbox 3452 2600 3598 2636; x_wconf 69' lang='lat' dir='ltr'><strong>as&lt;e~</strong></span> 
     </span>
    </p>
   </div>
   <div class='ocr_carea' id='block_1_81' title="bbox 2016 2681 3597 2757">
    <p class='ocr_par' dir='ltr' id='par_1_81' title="bbox 2016 2681 3597 2757">
     <span class='ocr_line' id='line_1_81' title="bbox 2016 2681 3597 2757; baseline -0.004 -17"><span class='ocrx_word' id='word_1_600' title='bbox 2016 2686 2088 2740; x_wconf 89' lang='lat' dir='ltr'><strong>rit</strong></span> <span class='ocrx_word' id='word_1_601' title='bbox 2114 2700 2234 2740; x_wconf 87' lang='lat' dir='ltr'><strong>esse</strong></span> <span class='ocrx_word' id='word_1_602' title='bbox 2259 2701 2356 2757; x_wconf 87' lang='lat' dir='ltr'><strong>per</strong></span> <span class='ocrx_word' id='word_1_603' title='bbox 2378 2701 2436 2740; x_wconf 89' lang='lat' dir='ltr'><strong>se</strong></span> <span class='ocrx_word' id='word_1_604' title='bbox 2455 2685 2634 2756; x_wconf 82' lang='lat' dir='ltr'><strong>ipsam.</strong></span> <span class='ocrx_word' id='word_1_605' title='bbox 2652 2684 2969 2750; x_wconf 76' lang='lat' dir='ltr'><strong>bonitatem,</strong></span> <span class='ocrx_word' id='word_1_606' title='bbox 2995 2681 3146 2752; x_wconf 73' lang='lat' dir='ltr'><strong>cnjas</strong></span> <span class='ocrx_word' id='word_1_607' title='bbox 3162 2683 3597 2754; x_wconf 83' lang='lat' dir='ltr'><strong>participatione,</strong></span> 
     </span>
    </p>
   </div>
   <div class='ocr_carea' id='block_1_82' title="bbox 2015 2768 3600 2848">
    <p class='ocr_par' dir='ltr' id='par_1_82' title="bbox 2015 2768 3600 2848">
     <span class='ocr_line' id='line_1_82' title="bbox 2015 2768 3600 2848; baseline -0.004 -18"><span class='ocrx_word' id='word_1_608' title='bbox 2015 2775 2594 2848; x_wconf 66' lang='grc' dir='ltr'><strong>(ιιιίιρίιιιιιηιιρ,ιιοιιτινι</strong></span> <span class='ocrx_word' id='word_1_609' title='bbox 2613 2784 2756 2830; x_wconf 90' lang='lat' dir='ltr'><strong>sunt.</strong></span> <span class='ocrx_word' id='word_1_610' title='bbox 2776 2775 3006 2845; x_wconf 78' lang='lat' dir='ltr'><strong>Ideoque</strong></span> <span class='ocrx_word' id='word_1_611' title='bbox 3025 2790 3121 2846; x_wconf 88' lang='lat' dir='ltr'><strong>per</strong></span> <span class='ocrx_word' id='word_1_612' title='bbox 3142 2768 3371 2842; x_wconf 69' lang='lat' dir='ltr'><strong>seips&#39;am</strong></span> <span class='ocrx_word' id='word_1_613' title='bbox 3391 2773 3600 2827; x_wconf 71' lang='lat' dir='ltr'><strong>bonitas</strong></span> 
     </span>
    </p>
   </div>
   <div class='ocr_carea' id='block_1_83' title="bbox 2016 2865 3595 2940">
    <p class='ocr_par' dir='ltr' id='par_1_83' title="bbox 2016 2865 3595 2940">
     <span class='ocr_line' id='line_1_83' title="bbox 2016 2865 3595 2940; baseline -0.008 -13"><span class='ocrx_word' id='word_1_614' title='bbox 2016 2873 2234 2935; x_wconf 87' lang='lat' dir='ltr'><strong>dicitur,</strong></span> <span class='ocrx_word' id='word_1_615' title='bbox 2253 2871 2377 2940; x_wconf 86' lang='lat' dir='ltr'><strong>quia</strong></span> <span class='ocrx_word' id='word_1_616' title='bbox 2401 2886 2498 2938; x_wconf 78' lang='lat' dir='ltr'><strong>per</strong></span> <span class='ocrx_word' id='word_1_617' title='bbox 2517 2871 2747 2940; x_wconf 77' lang='lat' dir='ltr'><strong>seipsam</strong></span> <span class='ocrx_word' id='word_1_618' title='bbox 2771 2885 3040 2922; x_wconf 79' lang='lat' dir='ltr'><strong>summum</strong></span> <span class='ocrx_word' id='word_1_619' title='bbox 3065 2869 3263 2922; x_wconf 86' lang='lat' dir='ltr'><strong>bonum</strong></span> <span class='ocrx_word' id='word_1_620' title='bbox 3289 2865 3595 2935; x_wconf 79' lang='lat' dir='ltr'><strong>participat.</strong></span> 
     </span>
    </p>
   </div>
   <div class='ocr_carea' id='block_1_84' title="bbox 2014 2957 3604 3029">
    <p class='ocr_par' dir='ltr' id='par_1_84' title="bbox 2014 2957 3604 3029">
     <span class='ocr_line' id='line_1_84' title="bbox 2014 2957 3604 3029; baseline -0.006 -11"><span class='ocrx_word' id='word_1_621' title='bbox 2014 2961 2208 3018; x_wconf 86' lang='lat' dir='ltr'><strong>Cetera</strong></span> <span class='ocrx_word' id='word_1_622' title='bbox 2223 2961 2366 3015; x_wconf 91' lang='lat' dir='ltr'><strong>enim</strong></span> <span class='ocrx_word' id='word_1_623' title='bbox 2390 2961 2529 3014; x_wconf 86' lang='lat' dir='ltr'><strong>bona</strong></span> <span class='ocrx_word' id='word_1_624' title='bbox 2549 2976 2652 3014; x_wconf 85' lang='lat' dir='ltr'><strong>non</strong></span> <span class='ocrx_word' id='word_1_625' title='bbox 2676 2975 2771 3029; x_wconf 80' lang='lat' dir='ltr'><strong>per</strong></span> <span class='ocrx_word' id='word_1_626' title='bbox 2793 2961 2964 3029; x_wconf 65' lang='lat' dir='ltr'><strong>seipsa</strong></span> <span class='ocrx_word' id='word_1_627' title='bbox 2988 2973 3256 3013; x_wconf 85' lang='lat' dir='ltr'><strong>summum</strong></span> <span class='ocrx_word' id='word_1_628' title='bbox 3281 2967 3330 3012; x_wconf 88' lang='lat' dir='ltr'><strong>et</strong></span> <span class='ocrx_word' id='word_1_629' title='bbox 3353 2957 3604 3012; x_wconf 84' lang='lat' dir='ltr'><strong>substan-</strong></span> 
     </span>
    </p>
   </div>
   <div class='ocr_carea' id='block_1_85' title="bbox 2020 3052 3602 3121">
    <p class='ocr_par' dir='ltr' id='par_1_85' title="bbox 2020 3052 3602 3121">
     <span class='ocr_line' id='line_1_85' title="bbox 2020 3052 3602 3121; baseline -0.004 -15"><span class='ocrx_word' id='word_1_630' title='bbox 2020 3052 2144 3107; x_wconf 87' lang='lat' dir='ltr'><strong>tiale</strong></span> <span class='ocrx_word' id='word_1_631' title='bbox 2165 3053 2363 3106; x_wconf 88' lang='lat' dir='ltr'><strong>bonum</strong></span> <span class='ocrx_word' id='word_1_632' title='bbox 2387 3052 2734 3121; x_wconf 65' lang='lat' dir='ltr'><strong>participant,</strong></span> <span class='ocrx_word' id='word_1_633' title='bbox 2757 3067 2814 3106; x_wconf 87' lang='lat' dir='ltr'><strong>se</strong></span> <span class='ocrx_word' id='word_1_634' title='bbox 2839 3052 2848 3103; x_wconf 90' lang='lat' dir='ltr'><strong>l</strong></span> <span class='ocrx_word' id='word_1_635' title='bbox 2867 3067 2963 3120; x_wconf 82' lang='lat' dir='ltr'><strong>per</strong></span> <span class='ocrx_word' id='word_1_636' title='bbox 2979 3066 3119 3114; x_wconf 88' lang='lat' dir='ltr'><strong>cam,</strong></span> <span class='ocrx_word' id='word_1_637' title='bbox 3139 3065 3278 3119; x_wconf 84' lang='lat' dir='ltr'><strong>quae</strong></span> <span class='ocrx_word' id='word_1_638' title='bbox 3302 3057 3385 3103; x_wconf 85' lang='lat' dir='ltr'><strong>est</strong></span> <span class='ocrx_word' id='word_1_639' title='bbox 3401 3064 3496 3118; x_wconf 88' lang='lat' dir='ltr'><strong>per</strong></span> <span class='ocrx_word' id='word_1_640' title='bbox 3517 3063 3602 3100; x_wconf 78' lang='lat' dir='ltr'><strong>se-</strong></span> 
     </span>
    </p>
   </div>
   <div class='ocr_carea' id='block_1_86' title="bbox 2021 3140 3604 3214">
    <p class='ocr_par' dir='ltr' id='par_1_86' title="bbox 2021 3140 3604 3214">
     <span class='ocr_line' id='line_1_86' title="bbox 2021 3140 3604 3214; baseline -0.006 -14"><span class='ocrx_word' id='word_1_641' title='bbox 2021 3145 2190 3214; x_wconf 85' lang='lat' dir='ltr'><strong>ipsam</strong></span> <span class='ocrx_word' id='word_1_642' title='bbox 2215 3144 2410 3198; x_wconf 87' lang='lat' dir='ltr'><strong>summi</strong></span> <span class='ocrx_word' id='word_1_643' title='bbox 2437 3143 2563 3197; x_wconf 85' lang='lat' dir='ltr'><strong>boni</strong></span> <span class='ocrx_word' id='word_1_644' title='bbox 2597 3143 2770 3211; x_wconf 56' lang='lat' dir='ltr'><strong>prima</strong></span> <span class='ocrx_word' id='word_1_645' title='bbox 2805 3142 3168 3212; x_wconf 83' lang='lat' dir='ltr'><strong>participatio.</strong></span> <span class='ocrx_word' id='word_1_646' title='bbox 3195 3140 3258 3193; x_wconf 86' lang='lat' dir='ltr'><strong>Et</strong></span> <span class='ocrx_word' id='word_1_647' title='bbox 3289 3140 3332 3171; x_wconf 76' lang='grc'><strong>’⁵</strong></span> <span class='ocrx_word' id='word_1_648' title='bbox 3359 3141 3495 3194; x_wconf 81' lang='lat' dir='ltr'><strong>bace</strong></span> <span class='ocrx_word' id='word_1_649' title='bbox 3519 3155 3604 3191; x_wconf 79' lang='lat' dir='ltr'><strong>rc-</strong></span> 
     </span>
    </p>
   </div>
   <div class='ocr_carea' id='block_1_87' title="bbox 2020 3221 3665 3306">
    <p class='ocr_par' dir='ltr' id='par_1_87' title="bbox 2020 3221 3665 3306">
     <span class='ocr_line' id='line_1_87' title="bbox 2020 3221 3665 3306; baseline -0.004 -17"><span class='ocrx_word' id='word_1_650' title='bbox 2020 3235 2141 3306; x_wconf 84' lang='lat' dir='ltr'><strong>gula</strong></span> <span class='ocrx_word' id='word_1_651' title='bbox 2167 3237 2218 3290; x_wconf 92' lang='lat' dir='ltr'><strong>in</strong></span> <span class='ocrx_word' id='word_1_652' title='bbox 2235 3235 2483 3290; x_wconf 76' lang='lat' dir='ltr'><strong>omnibus</strong></span> <span class='ocrx_word' id='word_1_653' title='bbox 2499 3233 2934 3303; x_wconf 63' lang='lat' dir='ltr'><strong>primordiaiibus</strong></span> <span class='ocrx_word' id='word_1_654' title='bbox 2955 3238 3135 3288; x_wconf 86' lang='lat' dir='ltr'><strong>causis</strong></span> <span class='ocrx_word' id='word_1_655' title='bbox 3153 3232 3493 3287; x_wconf 74' lang='lat' dir='ltr'><strong>nuil‘ormiter</strong></span> <span class='ocrx_word' id='word_1_656' title='bbox 3509 3232 3599 3284; x_wconf 84' lang='lat' dir='ltr'><strong>ob-</strong></span> <span class='ocrx_word' id='word_1_657' title='bbox 3658 3221 3665 3226; x_wconf 68' lang='grc'><em>’</em></span> 
     </span>
    </p>
   </div>
   <div class='ocr_carea' id='block_1_88' title="bbox 2022 3321 3608 3393">
    <p class='ocr_par' dir='ltr' id='par_1_88' title="bbox 2022 3321 3608 3393">
     <span class='ocr_line' id='line_1_88' title="bbox 2022 3321 3608 3393; baseline -0.004 -13"><span class='ocrx_word' id='word_1_658' title='bbox 2022 3336 2292 3389; x_wconf 87' lang='lat' dir='ltr'><strong>servatur,</strong></span> <span class='ocrx_word' id='word_1_659' title='bbox 2323 3325 2426 3380; x_wconf 76' lang='lat' dir='ltr'><strong>lioe</strong></span> <span class='ocrx_word' id='word_1_660' title='bbox 2459 3333 2561 3387; x_wconf 85' lang='lat' dir='ltr'><strong>est,</strong></span> <span class='ocrx_word' id='word_1_661' title='bbox 2591 3322 2730 3393; x_wconf 84' lang='lat' dir='ltr'><strong>quod</strong></span> <span class='ocrx_word' id='word_1_662' title='bbox 2772 3338 2868 3392; x_wconf 74' lang='lat' dir='ltr'><strong>per</strong></span> <span class='ocrx_word' id='word_1_663' title='bbox 2889 3337 2948 3377; x_wconf 85' lang='lat' dir='ltr'><strong>se</strong></span> <span class='ocrx_word' id='word_1_664' title='bbox 2974 3323 3120 3392; x_wconf 85' lang='lat' dir='ltr'><strong>ipsas</strong></span> <span class='ocrx_word' id='word_1_665' title='bbox 3165 3321 3608 3392; x_wconf 78' lang='lat' dir='ltr'><strong>participationcs</strong></span> 
     </span>
    </p>
   </div>
   <div class='ocr_carea' id='block_1_89' title="bbox 2025 3411 3604 3486">
    <p class='ocr_par' dir='ltr' id='par_1_89' title="bbox 2025 3411 3604 3486">
     <span class='ocr_line' id='line_1_89' title="bbox 2025 3411 3604 3486; baseline -0.004 -16"><span class='ocrx_word' id='word_1_666' title='bbox 2025 3415 2346 3486; x_wconf 84' lang='lat' dir='ltr'><strong>principales</strong></span> <span class='ocrx_word' id='word_1_667' title='bbox 2361 3423 2486 3471; x_wconf 84' lang='lat' dir='ltr'><strong>sunt</strong></span> <span class='ocrx_word' id='word_1_668' title='bbox 2507 3415 2666 3470; x_wconf 89' lang='lat' dir='ltr'><strong>unius</strong></span> <span class='ocrx_word' id='word_1_669' title='bbox 2685 3413 2924 3468; x_wconf 88' lang='lat' dir='ltr'><strong>omnium</strong></span> <span class='ocrx_word' id='word_1_670' title='bbox 2947 3428 3166 3477; x_wconf 88' lang='lat' dir='ltr'><strong>causae,</strong></span> <span class='ocrx_word' id='word_1_671' title='bbox 3183 3428 3322 3482; x_wconf 88' lang='lat' dir='ltr'><strong>quae</strong></span> <span class='ocrx_word' id='word_1_672' title='bbox 3341 3411 3482 3465; x_wconf 84' lang='lat' dir='ltr'><strong>Dens</strong></span> <span class='ocrx_word' id='word_1_673' title='bbox 3501 3420 3604 3464; x_wconf 86' lang='lat' dir='ltr'><strong>est.</strong></span> 
     </span>
    </p>
   </div>
   <div class='ocr_carea' id='block_1_90' title="bbox 2023 3505 3612 3576">
    <p class='ocr_par' dir='ltr' id='par_1_90' title="bbox 2023 3505 3612 3576">
     <span class='ocr_line' id='line_1_90' title="bbox 2023 3505 3612 3576; baseline -0.001 -17"><span class='ocrx_word' id='word_1_674' title='bbox 2023 3507 2285 3572; x_wconf 77' lang='lat' dir='ltr'><strong>Quoniam</strong></span> <span class='ocrx_word' id='word_1_675' title='bbox 2311 3523 2437 3562; x_wconf 89' lang='lat' dir='ltr'><strong>vero</strong></span> <span class='ocrx_word' id='word_1_676' title='bbox 2463 3523 2707 3561; x_wconf 85' lang='lat' dir='ltr'><strong>summac</strong></span> <span class='ocrx_word' id='word_1_677' title='bbox 2732 3523 2793 3561; x_wconf 84' lang='lat' dir='ltr'><strong>ac</strong></span> <span class='ocrx_word' id='word_1_678' title='bbox 2823 3521 2981 3572; x_wconf 81' lang='lat' dir='ltr'><strong>verae</strong></span> <span class='ocrx_word' id='word_1_679' title='bbox 3015 3515 3242 3563; x_wconf 81' lang='lat' dir='ltr'><strong>naturae</strong></span> <span class='ocrx_word' id='word_1_680' title='bbox 3276 3505 3449 3576; x_wconf 81' lang='lat' dir='ltr'><strong>prima</strong></span> <span class='ocrx_word' id='word_1_681' title='bbox 3482 3520 3612 3559; x_wconf 83' lang='lat' dir='ltr'><strong>con-</strong></span> 
     </span>
    </p>
   </div>
   <div class='ocr_carea' id='block_1_91' title="bbox 2025 3597 3608 3669">
    <p class='ocr_par' dir='ltr' id='par_1_91' title="bbox 2025 3597 3608 3669">
     <span class='ocr_line' id='line_1_91' title="bbox 2025 3597 3608 3669; baseline -0.001 -15"><span class='ocrx_word' id='word_1_682' title='bbox 2025 3598 2278 3654; x_wconf 78' lang='lat' dir='ltr'><strong>sideratio</strong></span> <span class='ocrx_word' id='word_1_683' title='bbox 2299 3607 2401 3662; x_wconf 86' lang='lat' dir='ltr'><strong>est,</strong></span> <span class='ocrx_word' id='word_1_684' title='bbox 2427 3614 2530 3667; x_wconf 86' lang='lat' dir='ltr'><strong>qua</strong></span> <span class='ocrx_word' id='word_1_685' title='bbox 2556 3599 2872 3669; x_wconf 75' lang='lat' dir='ltr'><strong>intelligitur</strong></span> <span class='ocrx_word' id='word_1_686' title='bbox 2891 3614 3101 3654; x_wconf 88' lang='lat' dir='ltr'><strong>smnma</strong></span> <span class='ocrx_word' id='word_1_687' title='bbox 3126 3613 3189 3653; x_wconf 87' lang='lat' dir='ltr'><strong>ac.</strong></span> <span class='ocrx_word' id='word_1_688' title='bbox 3216 3614 3343 3652; x_wconf 84' lang='lat' dir='ltr'><strong>vera</strong></span> <span class='ocrx_word' id='word_1_689' title='bbox 3370 3597 3608 3661; x_wconf 86' lang='lat' dir='ltr'><strong>bonitas,</strong></span> 
     </span>
    </p>
   </div>
   <div class='ocr_carea' id='block_1_92' title="bbox 2025 3689 3605 3763">
    <p class='ocr_par' dir='ltr' id='par_1_92' title="bbox 2025 3689 3605 3763">
     <span class='ocr_line' id='line_1_92' title="bbox 2025 3689 3605 3763; baseline -0.002 -18"><span class='ocrx_word' id='word_1_690' title='bbox 2025 3689 2257 3745; x_wconf 76' lang='lat' dir='ltr'><strong>secunda</strong></span> <span class='ocrx_word' id='word_1_691' title='bbox 2277 3705 2425 3752; x_wconf 84' lang='lat' dir='ltr'><strong>vero,</strong></span> <span class='ocrx_word' id='word_1_692' title='bbox 2451 3707 2552 3759; x_wconf 88' lang='lat' dir='ltr'><strong>qua</strong></span> <span class='ocrx_word' id='word_1_693' title='bbox 2570 3691 2885 3763; x_wconf 71' lang='lat' dir='ltr'><strong>intelligitur</strong></span> <span class='ocrx_word' id='word_1_694' title='bbox 2901 3706 3110 3745; x_wconf 89' lang='lat' dir='ltr'><strong>summa</strong></span> <span class='ocrx_word' id='word_1_695' title='bbox 3128 3707 3190 3746; x_wconf 87' lang='lat' dir='ltr'><strong>ac</strong></span> <span class='ocrx_word' id='word_1_696' title='bbox 3208 3707 3330 3744; x_wconf 76' lang='lat' dir='ltr'><strong>vera</strong></span> <span class='ocrx_word' id='word_1_697' title='bbox 3350 3690 3605 3750; x_wconf 83' lang='lat' dir='ltr'><strong>essentia,</strong></span> 
     </span>
    </p>
   </div>
   <div class='ocr_carea' id='block_1_93' title="bbox 2026 3780 3616 3852">
    <p class='ocr_par' dir='ltr' id='par_1_93' title="bbox 2026 3780 3616 3852">
     <span class='ocr_line' id='line_1_93' title="bbox 2026 3780 3616 3852; baseline 0.001 -18"><span class='ocrx_word' id='word_1_698' title='bbox 2026 3796 2125 3835; x_wconf 91' lang='lat' dir='ltr'><strong>nec</strong></span> <span class='ocrx_word' id='word_1_699' title='bbox 2170 3780 2214 3812; x_wconf 80' lang='lat'>“</span> <span class='ocrx_word' id='word_1_700' title='bbox 2266 3780 2538 3836; x_wconf 88' lang='lat' dir='ltr'><strong>immerito</strong></span> <span class='ocrx_word' id='word_1_701' title='bbox 2603 3781 3028 3852; x_wconf 79' lang='lat' dir='ltr'><strong>primordialium</strong></span> <span class='ocrx_word' id='word_1_702' title='bbox 3079 3796 3362 3836; x_wconf 85' lang='lat' dir='ltr'><strong>causarum</strong></span> <span class='ocrx_word' id='word_1_703' title='bbox 3420 3796 3616 3835; x_wconf 81' lang='lat' dir='ltr'><strong>secun-</strong></span> 
     </span>
    </p>
   </div>
   <div class='ocr_carea' id='block_1_94' title="bbox 2025 3873 3615 3944">
    <p class='ocr_par' dir='ltr' id='par_1_94' title="bbox 2025 3873 3615 3944">
     <span class='ocr_line' id='line_1_94' title="bbox 2025 3873 3615 3944; baseline -0.002 -15"><span class='ocrx_word' id='word_1_704' title='bbox 2025 3873 2150 3929; x_wconf 90' lang='lat' dir='ltr'><strong>dum</strong></span> <span class='ocrx_word' id='word_1_705' title='bbox 2167 3873 2340 3928; x_wconf 90' lang='lat' dir='ltr'><strong>locum</strong></span> <span class='ocrx_word' id='word_1_706' title='bbox 2353 3873 2552 3928; x_wconf 90' lang='lat' dir='ltr'><strong>obtinet</strong></span> <span class='ocrx_word' id='word_1_707' title='bbox 2570 3890 2666 3944; x_wconf 86' lang='lat' dir='ltr'><strong>per</strong></span> <span class='ocrx_word' id='word_1_708' title='bbox 2678 3875 3320 3944; x_wconf 65' lang='lat' dir='ltr'><strong>seipsamessentia,quae</strong></span> <span class='ocrx_word' id='word_1_709' title='bbox 3334 3890 3452 3927; x_wconf 90' lang='lat' dir='ltr'><strong>cum</strong></span> <span class='ocrx_word' id='word_1_710' title='bbox 3468 3889 3615 3926; x_wconf 85' lang='lat' dir='ltr'><strong>sunt-</strong></span> 
     </span>
    </p>
   </div>
   <div class='ocr_carea' id='block_1_95' title="bbox 2028 3963 3609 4034">
    <p class='ocr_par' dir='ltr' id='par_1_95' title="bbox 2028 3963 3609 4034">
     <span class='ocr_line' id='line_1_95' title="bbox 2028 3963 3609 4034; baseline -0.006 -15"><span class='ocrx_word' id='word_1_711' title='bbox 2028 3979 2148 4020; x_wconf 86' lang='lat' dir='ltr'><strong>mae</strong></span> <span class='ocrx_word' id='word_1_712' title='bbox 2170 3979 2236 4019; x_wconf 88' lang='lat' dir='ltr'><strong>ac</strong></span> <span class='ocrx_word' id='word_1_713' title='bbox 2258 3977 2416 4018; x_wconf 86' lang='lat' dir='ltr'><strong>verae</strong></span> <span class='ocrx_word' id='word_1_714' title='bbox 2439 3963 2706 4018; x_wconf 89' lang='lat' dir='ltr'><strong>cssentiac</strong></span> <span class='ocrx_word' id='word_1_715' title='bbox 2732 3965 2904 4032; x_wconf 84' lang='lat' dir='ltr'><strong>prima</strong></span> <span class='ocrx_word' id='word_1_716' title='bbox 2929 3964 3272 4034; x_wconf 87' lang='lat' dir='ltr'><strong>participatio</strong></span> <span class='ocrx_word' id='word_1_717' title='bbox 3292 3964 3384 4026; x_wconf 87' lang='lat' dir='ltr'><strong>sit,</strong></span> <span class='ocrx_word' id='word_1_718' title='bbox 3407 3963 3609 4023; x_wconf 87' lang='lat' dir='ltr'><strong>omnia,</strong></span> 
     </span>
    </p>
   </div>
   <div class='ocr_carea' id='block_1_96' title="bbox 2028 4049 3605 4124">
    <p class='ocr_par' dir='ltr' id='par_1_96' title="bbox 2028 4049 3605 4124">
     <span class='ocr_line' id='line_1_96' title="bbox 2028 4049 3605 4124; baseline -0.003 -18"><span class='ocrx_word' id='word_1_719' title='bbox 2028 4068 2166 4124; x_wconf 88' lang='lat' dir='ltr'><strong>quae</strong></span> <span class='ocrx_word' id='word_1_720' title='bbox 2188 4061 2310 4124; x_wconf 88' lang='lat' dir='ltr'><strong>post</strong></span> <span class='ocrx_word' id='word_1_721' title='bbox 2337 4069 2395 4108; x_wconf 89' lang='lat' dir='ltr'><strong>se</strong></span> <span class='ocrx_word' id='word_1_722' title='bbox 2425 4049 2572 4116; x_wconf 79' lang='lat' dir='ltr'><strong>sunt,</strong></span> <span class='ocrx_word' id='word_1_723' title='bbox 2598 4068 2694 4108; x_wconf 89' lang='lat' dir='ltr'><strong>sua</strong></span> <span class='ocrx_word' id='word_1_724' title='bbox 2721 4053 3137 4123; x_wconf 77' lang='lat' dir='ltr'><strong>participatione</strong></span> <span class='ocrx_word' id='word_1_725' title='bbox 3163 4052 3436 4122; x_wconf 87' lang='lat' dir='ltr'><strong>accipiunt</strong></span> <span class='ocrx_word' id='word_1_726' title='bbox 3459 4067 3605 4116; x_wconf 81' lang='lat' dir='ltr'><strong>esse,</strong></span> 
     </span>
    </p>
   </div>
   <div class='ocr_carea' id='block_1_97' title="bbox 2029 4142 3614 4215">
    <p class='ocr_par' dir='ltr' id='par_1_97' title="bbox 2029 4142 3614 4215">
     <span class='ocr_line' id='line_1_97' title="bbox 2029 4142 3614 4215; baseline -0.002 -15"><span class='ocrx_word' id='word_1_727' title='bbox 2029 4161 2093 4202; x_wconf 90' lang='lat' dir='ltr'><strong>ac</strong></span> <span class='ocrx_word' id='word_1_728' title='bbox 2117 4161 2214 4215; x_wconf 87' lang='lat' dir='ltr'><strong>per</strong></span> <span class='ocrx_word' id='word_1_729' title='bbox 2240 4146 2342 4200; x_wconf 90' lang='lat' dir='ltr'><strong>boc</strong></span> <span class='ocrx_word' id='word_1_730' title='bbox 2375 4160 2482 4200; x_wconf 90' lang='lat' dir='ltr'><strong>non</strong></span> <span class='ocrx_word' id='word_1_731' title='bbox 2511 4142 2685 4200; x_wconf 86' lang='lat' dir='ltr'><strong>solum</strong></span> <span class='ocrx_word' id='word_1_732' title='bbox 2715 4145 2880 4208; x_wconf 86' lang='lat' dir='ltr'><strong>bona,</strong></span> <span class='ocrx_word' id='word_1_733' title='bbox 2912 4158 3097 4198; x_wconf 89' lang='lat' dir='ltr'><strong>verum</strong></span> <span class='ocrx_word' id='word_1_734' title='bbox 3125 4143 3290 4198; x_wconf 85' lang='lat' dir='ltr'><strong>etiam</strong></span> <span class='ocrx_word' id='word_1_735' title='bbox 3321 4143 3614 4197; x_wconf 79' lang='lat' dir='ltr'><strong>existentia</strong></span> 
     </span>
    </p>
   </div>
   <div class='ocr_carea' id='block_1_98' title="bbox 2029 4231 3616 4302">
    <p class='ocr_par' dir='ltr' id='par_1_98' title="bbox 2029 4231 3616 4302">
     <span class='ocr_line' id='line_1_98' title="bbox 2029 4231 3616 4302; baseline -0.004 -11"><span class='ocrx_word' id='word_1_736' title='bbox 2029 4246 2176 4300; x_wconf 89' lang='lat' dir='ltr'><strong>sunt,</strong></span> <span class='ocrx_word' id='word_1_737' title='bbox 2213 4235 2370 4291; x_wconf 90' lang='lat' dir='ltr'><strong>tertia</strong></span> <span class='ocrx_word' id='word_1_738' title='bbox 2394 4231 2608 4289; x_wconf 87' lang='lat' dir='ltr'><strong>divinae</strong></span> <span class='ocrx_word' id='word_1_739' title='bbox 2636 4243 2860 4289; x_wconf 85' lang='lat' dir='ltr'><strong>naturae</strong></span> <span class='ocrx_word' id='word_1_740' title='bbox 2891 4233 3118 4289; x_wconf 90' lang='lat' dir='ltr'><strong>intentio</strong></span> <span class='ocrx_word' id='word_1_741' title='bbox 3147 4241 3248 4295; x_wconf 86' lang='lat' dir='ltr'><strong>est,</strong></span> <span class='ocrx_word' id='word_1_742' title='bbox 3281 4248 3385 4302; x_wconf 88' lang='lat' dir='ltr'><strong>qtta</strong></span> <span class='ocrx_word' id='word_1_743' title='bbox 3417 4231 3616 4290; x_wconf 82' lang='lat' dir='ltr'><strong>intelli-</strong></span> 
     </span>
    </p>
   </div>
   <div class='ocr_carea' id='block_1_99' title="bbox 2029 4323 3616 4396">
    <p class='ocr_par' dir='ltr' id='par_1_99' title="bbox 2029 4323 3616 4396">
     <span class='ocr_line' id='line_1_99' title="bbox 2029 4323 3616 4396; baseline -0.003 -16"><span class='ocrx_word' id='word_1_744' title='bbox 2029 4327 2175 4396; x_wconf 77' lang='lat' dir='ltr'><strong>gitur</strong></span> <span class='ocrx_word' id='word_1_745' title='bbox 2214 4341 2423 4381; x_wconf 90' lang='lat' dir='ltr'><strong>summa</strong></span> <span class='ocrx_word' id='word_1_746' title='bbox 2459 4339 2694 4394; x_wconf 86' lang='lat' dir='ltr'><strong>veraque</strong></span> <span class='ocrx_word' id='word_1_747' title='bbox 2737 4325 2863 4388; x_wconf 86' lang='lat' dir='ltr'><strong>vita,</strong></span> <span class='ocrx_word' id='word_1_748' title='bbox 2915 4325 3141 4394; x_wconf 83' lang='lat' dir='ltr'><strong>ideoque</strong></span> <span class='ocrx_word' id='word_1_749' title='bbox 3195 4323 3352 4378; x_wconf 85' lang='lat' dir='ltr'><strong>tertia</strong></span> <span class='ocrx_word' id='word_1_750' title='bbox 3403 4323 3454 4376; x_wconf 91' lang='lat' dir='ltr'><strong>in</strong></span> <span class='ocrx_word' id='word_1_751' title='bbox 3505 4324 3616 4391; x_wconf 71' lang='lat' dir='ltr'><strong>prio</strong></span> 
     </span>
    </p>
   </div>
   <div class='ocr_carea' id='block_1_100' title="bbox 2035 4418 3614 4486">
    <p class='ocr_par' dir='ltr' id='par_1_100' title="bbox 2035 4418 3614 4486">
     <span class='ocr_line' id='line_1_100' title="bbox 2035 4418 3614 4486; baseline -0.001 -16"><span class='ocrx_word' id='word_1_752' title='bbox 2035 4418 2384 4472; x_wconf 84' lang='lat' dir='ltr'><strong>mordialibus</strong></span> <span class='ocrx_word' id='word_1_753' title='bbox 2421 4419 2601 4471; x_wconf 87' lang='lat' dir='ltr'><strong>causis</strong></span> <span class='ocrx_word' id='word_1_754' title='bbox 2642 4433 2738 4486; x_wconf 89' lang='lat' dir='ltr'><strong>per</strong></span> <span class='ocrx_word' id='word_1_755' title='bbox 2775 4418 3008 4484; x_wconf 77' lang='lat' dir='ltr'><strong>scipsam</strong></span> <span class='ocrx_word' id='word_1_756' title='bbox 3041 4418 3144 4472; x_wconf 84' lang='lat' dir='ltr'><strong>vita</strong></span> <span class='ocrx_word' id='word_1_757' title='bbox 3171 4429 3614 4480; x_wconf 75' lang='lat' dir='ltr'><strong>comnmteratnr,</strong></span> 
     </span>
    </p>
   </div>
   <div class='ocr_carea' id='block_1_101' title="bbox 2038 4508 3620 4578">
    <p class='ocr_par' dir='ltr' id='par_1_101' title="bbox 2038 4508 3620 4578">
     <span class='ocr_line' id='line_1_101' title="bbox 2038 4508 3620 4578; baseline 0.001 -19"><span class='ocrx_word' id='word_1_758' title='bbox 2038 4522 2178 4576; x_wconf 91' lang='lat' dir='ltr'><strong>quae</strong></span> <span class='ocrx_word' id='word_1_759' title='bbox 2219 4521 2464 4561; x_wconf 90' lang='lat' dir='ltr'><strong>summac</strong></span> <span class='ocrx_word' id='word_1_760' title='bbox 2497 4522 2562 4561; x_wconf 90' lang='lat' dir='ltr'><strong>ac</strong></span> <span class='ocrx_word' id='word_1_761' title='bbox 2610 4523 2767 4561; x_wconf 87' lang='lat' dir='ltr'><strong>verae</strong></span> <span class='ocrx_word' id='word_1_762' title='bbox 2810 4508 2948 4560; x_wconf 77' lang='lat' dir='ltr'><strong>vitae.</strong></span> <span class='ocrx_word' id='word_1_763' title='bbox 2989 4509 3160 4578; x_wconf 71' lang='lat' dir='ltr'><strong>prima</strong></span> <span class='ocrx_word' id='word_1_764' title='bbox 3188 4525 3284 4577; x_wconf 78' lang='lat' dir='ltr'><strong>per</strong></span> <span class='ocrx_word' id='word_1_765' title='bbox 3313 4524 3371 4563; x_wconf 87' lang='lat' dir='ltr'><strong>se</strong></span> <span class='ocrx_word' id='word_1_766' title='bbox 3398 4508 3620 4578; x_wconf 72' lang='lat' dir='ltr'><strong>partici~</strong></span> 
     </span>
    </p>
   </div>
   <div class='ocr_carea' id='block_1_102' title="bbox 2037 4597 3616 4669">
    <p class='ocr_par' dir='ltr' id='par_1_102' title="bbox 2037 4597 3616 4669">
     <span class='ocr_line' id='line_1_102' title="bbox 2037 4597 3616 4669; baseline 0.001 -19"><span class='ocrx_word' id='word_1_767' title='bbox 2037 4597 2184 4669; x_wconf 88' lang='lat' dir='ltr'><strong>patio</strong></span> <span class='ocrx_word' id='word_1_768' title='bbox 2207 4597 2530 4661; x_wconf 84' lang='lat' dir='ltr'><strong>subsistens,</strong></span> <span class='ocrx_word' id='word_1_769' title='bbox 2555 4605 2612 4650; x_wconf 93' lang='lat' dir='ltr'><strong>ut</strong></span> <span class='ocrx_word' id='word_1_770' title='bbox 2632 4598 2812 4650; x_wconf 89' lang='lat' dir='ltr'><strong>omnia</strong></span> <span class='ocrx_word' id='word_1_771' title='bbox 2845 4607 2965 4665; x_wconf 86' lang='lat' dir='ltr'><strong>post</strong></span> <span class='ocrx_word' id='word_1_772' title='bbox 2991 4614 3110 4652; x_wconf 88' lang='lat' dir='ltr'><strong>eam</strong></span> <span class='ocrx_word' id='word_1_773' title='bbox 3141 4601 3374 4654; x_wconf 89' lang='lat' dir='ltr'><strong>viventia</strong></span> <span class='ocrx_word' id='word_1_774' title='bbox 3399 4600 3616 4668; x_wconf 74' lang='lat' dir='ltr'><strong>partici-</strong></span> 
     </span>
    </p>
   </div>
   <div class='ocr_carea' id='block_1_103' title="bbox 2036 4685 3622 4758">
    <p class='ocr_par' dir='ltr' id='par_1_103' title="bbox 2036 4685 3622 4758">
     <span class='ocr_line' id='line_1_103' title="bbox 2036 4685 3622 4758; baseline 0.001 -18"><span class='ocrx_word' id='word_1_775' title='bbox 2036 4687 2258 4758; x_wconf 89' lang='lat' dir='ltr'><strong>patione</strong></span> <span class='ocrx_word' id='word_1_776' title='bbox 2293 4685 2410 4754; x_wconf 82' lang='lat' dir='ltr'><strong>ejus</strong></span> <span class='ocrx_word' id='word_1_777' title='bbox 2439 4687 2704 4750; x_wconf 84' lang='lat' dir='ltr'><strong>viverent,</strong></span> <span class='ocrx_word' id='word_1_778' title='bbox 2729 4696 2912 4741; x_wconf 88' lang='lat' dir='ltr'><strong>creata</strong></span> <span class='ocrx_word' id='word_1_779' title='bbox 2941 4698 3024 4743; x_wconf 87' lang='lat' dir='ltr'><strong>est</strong></span> <span class='ocrx_word' id='word_1_780' title='bbox 3055 4709 3064 4742; x_wconf 93' lang='lat'><strong>:</strong></span> <span class='ocrx_word' id='word_1_781' title='bbox 3109 4689 3234 4742; x_wconf 87' lang='lat' dir='ltr'><strong>hinc</strong></span> <span class='ocrx_word' id='word_1_782' title='bbox 3257 4689 3544 4744; x_wconf 71' lang='lat' dir='ltr'><strong>COttliciittl‘</strong></span> <span class='ocrx_word' id='word_1_783' title='bbox 3564 4699 3622 4742; x_wconf 80' lang='lat' dir='ltr'><strong>et</strong></span> 
     </span>
    </p>
   </div>
   <div class='ocr_carea' id='block_1_104' title="bbox 2037 4775 3614 4846">
    <p class='ocr_par' dir='ltr' id='par_1_104' title="bbox 2037 4775 3614 4846">
     <span class='ocr_line' id='line_1_104' title="bbox 2037 4775 3614 4846; baseline -0.001 -15"><span class='ocrx_word' id='word_1_784' title='bbox 2037 4775 2200 4842; x_wconf 90' lang='lat' dir='ltr'><strong>bona,</strong></span> <span class='ocrx_word' id='word_1_785' title='bbox 2217 4785 2273 4831; x_wconf 89' lang='lat' dir='ltr'><strong>et</strong></span> <span class='ocrx_word' id='word_1_786' title='bbox 2291 4776 2330 4808; x_wconf 81' lang='lat'><strong>&quot;</strong></span> <span class='ocrx_word' id='word_1_787' title='bbox 2346 4775 2656 4840; x_wconf 76' lang='lat' dir='ltr'><strong>existentia,</strong></span> <span class='ocrx_word' id='word_1_788' title='bbox 2678 4784 2733 4832; x_wconf 92' lang='lat' dir='ltr'><strong>et</strong></span> <span class='ocrx_word' id='word_1_789' title='bbox 2756 4776 2989 4831; x_wconf 86' lang='lat' dir='ltr'><strong>viventia</strong></span> <span class='ocrx_word' id='word_1_790' title='bbox 3012 4792 3152 4832; x_wconf 88' lang='lat' dir='ltr'><strong>esse.</strong></span> <span class='ocrx_word' id='word_1_791' title='bbox 3175 4778 3426 4846; x_wconf 83' lang='lat' dir='ltr'><strong>Ejusdem</strong></span> <span class='ocrx_word' id='word_1_792' title='bbox 3453 4786 3614 4832; x_wconf 62' lang='lat' dir='ltr'><strong>natu-</strong></span> 
     </span>
    </p>
   </div>
   <div class='ocr_carea' id='block_1_105' title="bbox 2037 4867 3622 4938">
    <p class='ocr_par' dir='ltr' id='par_1_105' title="bbox 2037 4867 3622 4938">
     <span class='ocr_line' id='line_1_105' title="bbox 2037 4867 3622 4938; baseline -0.002 -16"><span class='ocrx_word' id='word_1_793' title='bbox 2037 4883 2130 4923; x_wconf 88' lang='lat' dir='ltr'><strong>rae</strong></span> <span class='ocrx_word' id='word_1_794' title='bbox 2145 4874 2332 4937; x_wconf 85' lang='lat' dir='ltr'><strong>quarta</strong></span> <span class='ocrx_word' id='word_1_795' title='bbox 2351 4867 2582 4932; x_wconf 75' lang='lat' dir='ltr'><strong>tlieoria,</strong></span> <span class='ocrx_word' id='word_1_796' title='bbox 2599 4883 2702 4936; x_wconf 88' lang='lat' dir='ltr'><strong>qua</strong></span> <span class='ocrx_word' id='word_1_797' title='bbox 2727 4883 2936 4922; x_wconf 88' lang='lat' dir='ltr'><strong>summa</strong></span> <span class='ocrx_word' id='word_1_798' title='bbox 2959 4883 3022 4922; x_wconf 87' lang='lat' dir='ltr'><strong>ac</strong></span> <span class='ocrx_word' id='word_1_799' title='bbox 3046 4884 3170 4923; x_wconf 81' lang='lat' dir='ltr'><strong>vera</strong></span> <span class='ocrx_word' id='word_1_800' title='bbox 3187 4870 3323 4923; x_wconf 85' lang='lat' dir='ltr'><strong>ratio</strong></span> <span class='ocrx_word' id='word_1_801' title='bbox 3340 4868 3622 4938; x_wconf 81' lang='lat' dir='ltr'><strong>cognosci-</strong></span> 
     </span>
    </p>
   </div>
   <div class='ocr_carea' id='block_1_106' title="bbox 2038 4957 3622 5030">
    <p class='ocr_par' dir='ltr' id='par_1_106' title="bbox 2038 4957 3622 5030">
     <span class='ocr_line' id='line_1_106' title="bbox 2038 4957 3622 5030; baseline -0.002 -18"><span class='ocrx_word' id='word_1_802' title='bbox 2038 4968 2144 5012; x_wconf 89' lang='lat' dir='ltr'><strong>tur.</strong></span> <span class='ocrx_word' id='word_1_803' title='bbox 2163 4957 2296 5012; x_wconf 88' lang='lat' dir='ltr'><strong>llinc</strong></span> <span class='ocrx_word' id='word_1_804' title='bbox 2311 4957 2634 5027; x_wconf 87' lang='lat' dir='ltr'><strong>perspicitur</strong></span> <span class='ocrx_word' id='word_1_805' title='bbox 2647 4967 2896 5027; x_wconf 86' lang='lat' dir='ltr'><strong>quartam</strong></span> <span class='ocrx_word' id='word_1_806' title='bbox 2917 4959 2956 4990; x_wconf 78' lang='grc'>¹⁸</span> <span class='ocrx_word' id='word_1_807' title='bbox 2973 4960 3114 5014; x_wconf 86' lang='lat' dir='ltr'><strong>inter</strong></span> <span class='ocrx_word' id='word_1_808' title='bbox 3135 4958 3510 5030; x_wconf 83' lang='lat' dir='ltr'><strong>primordiales</strong></span> <span class='ocrx_word' id='word_1_809' title='bbox 3527 4973 3622 5026; x_wconf 79' lang='lat' dir='ltr'><strong>per</strong></span> 
     </span>
    </p>
   </div>
   <div class='ocr_carea' id='block_1_107' title="bbox 2039 5049 3624 5122">
    <p class='ocr_par' dir='ltr' id='par_1_107' title="bbox 2039 5049 3624 5122">
     <span class='ocr_line' id='line_1_107' title="bbox 2039 5049 3624 5122; baseline 0.001 -19"><span class='ocrx_word' id='word_1_810' title='bbox 2039 5063 2098 5103; x_wconf 79' lang='lat' dir='ltr'><strong>se</strong></span> <span class='ocrx_word' id='word_1_811' title='bbox 2151 5049 2322 5118; x_wconf 86' lang='lat' dir='ltr'><strong>ipsam</strong></span> <span class='ocrx_word' id='word_1_812' title='bbox 2357 5049 2496 5103; x_wconf 83' lang='lat' dir='ltr'><strong>ratio</strong></span> <span class='ocrx_word' id='word_1_813' title='bbox 2530 5050 2845 5114; x_wconf 87' lang='lat' dir='ltr'><strong>sessionem,</strong></span> <span class='ocrx_word' id='word_1_814' title='bbox 2903 5051 3242 5122; x_wconf 85' lang='lat' dir='ltr'><strong>primamque</strong></span> <span class='ocrx_word' id='word_1_815' title='bbox 3290 5066 3530 5107; x_wconf 82' lang='lat' dir='ltr'><strong>summae</strong></span> <span class='ocrx_word' id='word_1_816' title='bbox 3559 5065 3624 5104; x_wconf 85' lang='lat' dir='ltr'><strong>ac</strong></span> 
     </span>
    </p>
   </div>
   <div class='ocr_carea' id='block_1_108' title="bbox 2037 5139 3616 5208">
    <p class='ocr_par' dir='ltr' id='par_1_108' title="bbox 2037 5139 3616 5208">
     <span class='ocr_line' id='line_1_108' title="bbox 2037 5139 3616 5208; baseline 0.001 -18"><span class='ocrx_word' id='word_1_817' title='bbox 2037 5153 2198 5192; x_wconf 85' lang='lat' dir='ltr'><strong>verae</strong></span> <span class='ocrx_word' id='word_1_818' title='bbox 2239 5139 2465 5193; x_wconf 87' lang='lat' dir='ltr'><strong>rationis</strong></span> <span class='ocrx_word' id='word_1_819' title='bbox 2511 5140 3004 5208; x_wconf 84' lang='lat' dir='ltr'><strong>participationem,</strong></span> <span class='ocrx_word' id='word_1_820' title='bbox 3033 5143 3381 5208; x_wconf 58' lang='lat' dir='ltr'><strong>munitumque</strong></span> <span class='ocrx_word' id='word_1_821' title='bbox 3411 5147 3530 5207; x_wconf 82' lang='lat' dir='ltr'><strong>pust</strong></span> <span class='ocrx_word' id='word_1_822' title='bbox 3558 5155 3616 5193; x_wconf 77' lang='lat' dir='ltr'><strong>se</strong></span> 
     </span>
    </p>
   </div>
   <div class='ocr_carea' id='block_1_109' title="bbox 2039 5227 3612 5298">
    <p class='ocr_par' dir='ltr' id='par_1_109' title="bbox 2039 5227 3612 5298">
     <span class='ocr_line' id='line_1_109' title="bbox 2039 5227 3612 5298; baseline 0.001 -17"><span class='ocrx_word' id='word_1_823' title='bbox 2039 5227 2478 5293; x_wconf 86' lang='lat' dir='ltr'><strong>rationabilium,</strong></span> <span class='ocrx_word' id='word_1_824' title='bbox 2543 5230 2643 5283; x_wconf 88' lang='lat' dir='ltr'><strong>ltoc</strong></span> <span class='ocrx_word' id='word_1_825' title='bbox 2707 5241 2828 5294; x_wconf 85' lang='lat' dir='ltr'><strong>est,</strong></span> <span class='ocrx_word' id='word_1_826' title='bbox 2889 5232 3115 5286; x_wconf 82' lang='lat' dir='ltr'><strong>rationis</strong></span> <span class='ocrx_word' id='word_1_827' title='bbox 3177 5229 3612 5298; x_wconf 75' lang='lat' dir='ltr'><strong>-&quot;;tt&#39;licipaltlitlttt</strong></span> 
     </span>
    </p>
   </div>
   <div class='ocr_carea' id='block_1_110' title="bbox 1625 5335 2294 5390">
    <p class='ocr_par' dir='ltr' id='par_1_110' title="bbox 1625 5335 2294 5390">
     <span class='ocr_line' id='line_1_110' title="bbox 1625 5335 2294 5390; baseline 0.001 -3"><span class='ocrx_word' id='word_1_828' title='bbox 1625 5335 1873 5390; x_wconf 68' lang='lat' dir='ltr'><strong>VAlllAE</strong></span> <span class='ocrx_word' id='word_1_829' title='bbox 1915 5335 2294 5390; x_wconf 67' lang='lat' dir='ltr'><strong>LEUTKL‘tES</strong></span> 
     </span>
    </p>
   </div>
   <div class='ocr_carea' id='block_1_111' title="bbox 433 5505 1629 5578">
    <p class='ocr_par' dir='ltr' id='par_1_111' title="bbox 433 5505 1629 5578">
     <span class='ocr_line' id='line_1_111' title="bbox 433 5505 1629 5578; baseline -0.003 -16"><span class='ocrx_word' id='word_1_830' title='bbox 433 5507 450 5544; x_wconf 80' lang='grc'><strong><em>³</em></strong></span> <span class='ocrx_word' id='word_1_831' title='bbox 486 5507 528 5562; x_wconf 74' lang='grc' dir='ltr'>α</span> <span class='ocrx_word' id='word_1_832' title='bbox 552 5510 922 5564; x_wconf 70' lang='lat' dir='ltr'><strong>constituatur.</strong></span> <span class='ocrx_word' id='word_1_833' title='bbox 1000 5510 1020 5541; x_wconf 82' lang='grc'>¹</span> <span class='ocrx_word' id='word_1_834' title='bbox 1060 5510 1102 5564; x_wconf 75' lang='grc' dir='ltr'><strong>Α</strong></span> <span class='ocrx_word' id='word_1_835' title='bbox 1131 5519 1198 5564; x_wconf 80' lang='lat' dir='ltr'><strong>et.</strong></span> <span class='ocrx_word' id='word_1_836' title='bbox 1275 5507 1300 5542; x_wconf 86' lang='grc'><strong>⁸</strong></span> <span class='ocrx_word' id='word_1_837' title='bbox 1336 5505 1376 5562; x_wconf 85' lang='lat' dir='ltr'><strong><em>C</em></strong></span> <span class='ocrx_word' id='word_1_838' title='bbox 1404 5524 1529 5578; x_wconf 82' lang='lat' dir='ltr'><strong>qua.</strong></span> <span class='ocrx_word' id='word_1_839' title='bbox 1608 5505 1629 5538; x_wconf 72' lang='grc'>⁸</span> 
     </span>
    </p>
   </div>
   <div class='ocr_carea' id='block_1_112' title="bbox 361 5580 1485 5652">
    <p class='ocr_par' dir='ltr' id='par_1_112' title="bbox 361 5580 1485 5652">
     <span class='ocr_line' id='line_1_112' title="bbox 361 5580 1485 5652; baseline 0.002 -20"><span class='ocrx_word' id='word_1_840' title='bbox 361 5590 408 5652; x_wconf 61' lang='grc' dir='ltr'><strong>ς(</strong></span> <span class='ocrx_word' id='word_1_841' title='bbox 431 5580 568 5652; x_wconf 67' lang='lat' dir='ltr'><strong>sapit</strong></span> <span class='ocrx_word' id='word_1_842' title='bbox 584 5583 636 5652; x_wconf 43' lang='lat' dir='ltr'><strong>is</strong></span> <span class='ocrx_word' id='word_1_843' title='bbox 672 5580 894 5652; x_wconf 67' lang='lat' dir='ltr'><strong>cepitet</strong></span> <span class='ocrx_word' id='word_1_844' title='bbox 921 5580 1154 5635; x_wconf 81' lang='lat' dir='ltr'><strong>virtutem</strong></span> <span class='ocrx_word' id='word_1_845' title='bbox 1185 5580 1485 5652; x_wconf 70' lang='lat' dir='ltr'><strong>participat.</strong></span> 
     </span>
    </p>
   </div>
   <div class='ocr_carea' id='block_1_113' title="bbox 360 5646 1854 5715">
    <p class='ocr_par' dir='ltr' id='par_1_113' title="bbox 360 5646 1854 5715">
     <span class='ocr_line' id='line_1_113' title="bbox 360 5646 1854 5715; baseline 0 -18"><span class='ocrx_word' id='word_1_846' title='bbox 360 5646 745 5704; x_wconf 46' lang='lat' dir='ltr'><strong>locationibusf</strong></span> <span class='ocrx_word' id='word_1_847' title='bbox 795 5650 832 5682; x_wconf 77' lang='grc'>¹¹</span> <span class='ocrx_word' id='word_1_848' title='bbox 873 5659 921 5705; x_wconf 80' lang='lat' dir='ltr'><strong>et</strong></span> <span class='ocrx_word' id='word_1_849' title='bbox 963 5667 1067 5704; x_wconf 82' lang='lat' dir='ltr'><strong>una</strong></span> <span class='ocrx_word' id='word_1_850' title='bbox 1113 5646 1220 5704; x_wconf 84' lang='lat' dir='ltr'><strong>oni.</strong></span> <span class='ocrx_word' id='word_1_851' title='bbox 1257 5650 1321 5702; x_wconf 83' lang='grc' dir='ltr'><strong>Α.</strong></span> <span class='ocrx_word' id='word_1_852' title='bbox 1375 5646 1442 5680; x_wconf 71' lang='grc'><strong>’⁸³</strong></span> <span class='ocrx_word' id='word_1_853' title='bbox 1483 5647 1523 5702; x_wconf 74' lang='grc' dir='ltr'>Α</span> <span class='ocrx_word' id='word_1_854' title='bbox 1567 5646 1854 5715; x_wconf 72' lang='lat' dir='ltr'><strong>aptissime.</strong></span> 
     </span>
    </p>
   </div>
   <div class='ocr_carea' id='block_1_114' title="bbox 369 5717 1087 5776">
    <p class='ocr_par' dir='ltr' id='par_1_114' title="bbox 369 5717 1087 5776">
     <span class='ocr_line' id='line_1_114' title="bbox 369 5717 1087 5776; baseline 0.003 -5"><span class='ocrx_word' id='word_1_855' title='bbox 369 5717 650 5775; x_wconf 82' lang='lat' dir='ltr'><strong>immerito.</strong></span> <span class='ocrx_word' id='word_1_856' title='bbox 729 5719 770 5752; x_wconf 86' lang='grc'><strong>¹⁷</strong></span> <span class='ocrx_word' id='word_1_857' title='bbox 811 5729 987 5776; x_wconf 78' lang='lat' dir='ltr'><strong>ctont.</strong></span> <span class='ocrx_word' id='word_1_858' title='bbox 1027 5718 1087 5776; x_wconf 88' lang='lat' dir='ltr'><strong>C.</strong></span> 
     </span>
    </p>
   </div>
   <div class='ocr_carea' id='block_1_115' title="bbox 1669 5505 2356 5574">
    <p class='ocr_par' dir='ltr' id='par_1_115' title="bbox 1669 5505 2356 5574">
     <span class='ocr_line' id='line_1_115' title="bbox 1669 5505 2356 5574; baseline 0.003 -16"><span class='ocrx_word' id='word_1_859' title='bbox 1669 5519 1766 5574; x_wconf 91' lang='lat' dir='ltr'><strong>pro</strong></span> <span class='ocrx_word' id='word_1_860' title='bbox 1786 5508 1941 5558; x_wconf 73' lang='lat' dir='ltr'><strong>seum</strong></span> <span class='ocrx_word' id='word_1_861' title='bbox 1965 5519 2010 5555; x_wconf 77' lang='grc' dir='ltr'><strong>ε.</strong></span> <span class='ocrx_word' id='word_1_862' title='bbox 2045 5519 2089 5574; x_wconf 79' lang='lat' dir='ltr'><strong>r.</strong></span> <span class='ocrx_word' id='word_1_863' title='bbox 2123 5505 2160 5554; x_wconf 81' lang='grc' dir='ltr'>Α</span> <span class='ocrx_word' id='word_1_864' title='bbox 2199 5505 2356 5571; x_wconf 65' lang='lat' dir='ltr'><strong>sapit.</strong></span> 
     </span>
    </p>
   </div>
   <div class='ocr_carea' id='block_1_116' title="bbox 1562 5572 2100 5630">
    <p class='ocr_par' dir='ltr' id='par_1_116' title="bbox 1562 5572 2100 5630">
     <span class='ocr_line' id='line_1_116' title="bbox 1562 5572 2100 5630; baseline -0.004 -2"><span class='ocrx_word' id='word_1_865' title='bbox 1562 5578 1581 5608; x_wconf 79' lang='grc'>⁷</span> <span class='ocrx_word' id='word_1_866' title='bbox 1621 5572 1862 5630; x_wconf 77' lang='lat' dir='ltr'><strong>conditor</strong></span> <span class='ocrx_word' id='word_1_867' title='bbox 1889 5590 2000 5628; x_wconf 88' lang='lat' dir='ltr'><strong>om.</strong></span> <span class='ocrx_word' id='word_1_868' title='bbox 2033 5572 2100 5627; x_wconf 78' lang='grc' dir='ltr'><strong>Λ.</strong></span> 
     </span>
    </p>
   </div>
   <div class='ocr_carea' id='block_1_117' title="bbox 1935 5643 2574 5712">
    <p class='ocr_par' dir='ltr' id='par_1_117' title="bbox 1935 5643 2574 5712">
     <span class='ocr_line' id='line_1_117' title="bbox 1935 5643 2574 5712; baseline 0.003 -16"><span class='ocrx_word' id='word_1_869' title='bbox 1935 5643 1980 5676; x_wconf 74' lang='grc'><strong>⁸³</strong></span> <span class='ocrx_word' id='word_1_870' title='bbox 2022 5644 2062 5696; x_wconf 73' lang='grc' dir='ltr'>Α</span> <span class='ocrx_word' id='word_1_871' title='bbox 2093 5645 2451 5712; x_wconf 73' lang='lat' dir='ltr'><strong>partitionem.</strong></span> <span class='ocrx_word' id='word_1_872' title='bbox 2537 5645 2574 5674; x_wconf 75' lang='lat'><strong><em>&quot;&#39;</em></strong></span> 
     </span>
    </p>
   </div>
   <div class='ocr_carea' id='block_1_118' title="bbox 1167 5715 2356 5789">
    <p class='ocr_par' dir='ltr' id='par_1_118' title="bbox 1167 5715 2356 5789">
     <span class='ocr_line' id='line_1_118' title="bbox 1167 5715 2356 5789; baseline -0.008 -13"><span class='ocrx_word' id='word_1_873' title='bbox 1167 5721 1209 5751; x_wconf 80' lang='grc'><strong>⁸⁸</strong></span> <span class='ocrx_word' id='word_1_874' title='bbox 1249 5719 1288 5775; x_wconf 85' lang='lat' dir='ltr'><strong><em>C</em></strong></span> <span class='ocrx_word' id='word_1_875' title='bbox 1318 5717 1452 5772; x_wconf 76' lang='lat' dir='ltr'><strong>Hinc</strong></span> <span class='ocrx_word' id='word_1_876' title='bbox 1494 5728 1565 5773; x_wconf 81' lang='lat' dir='ltr'><strong>est</strong></span> <span class='ocrx_word' id='word_1_877' title='bbox 1593 5719 1730 5787; x_wconf 70' lang='lat' dir='ltr'><strong>quod</strong></span> <span class='ocrx_word' id='word_1_878' title='bbox 1761 5727 2002 5786; x_wconf 78' lang='lat' dir='ltr'><strong>quartam</strong></span> <span class='ocrx_word' id='word_1_879' title='bbox 2035 5715 2098 5789; x_wconf 60' lang='grc' dir='ltr'>(Α</span> <span class='ocrx_word' id='word_1_880' title='bbox 2123 5725 2356 5785; x_wconf 79' lang='lat' dir='ltr'><strong>quarta).</strong></span> 
     </span>
    </p>
   </div>
   <div class='ocr_carea' id='block_1_119' title="bbox 2842 5503 3632 5557">
    <p class='ocr_par' dir='ltr' id='par_1_119' title="bbox 2842 5503 3632 5557">
     <span class='ocr_line' id='line_1_119' title="bbox 2842 5503 3632 5557; baseline -0.003 -1"><span class='ocrx_word' id='word_1_881' title='bbox 2842 5505 2860 5534; x_wconf 76' lang='lat'><strong>‘</strong></span> <span class='ocrx_word' id='word_1_882' title='bbox 2902 5507 3002 5556; x_wconf 84' lang='lat' dir='ltr'><strong>Pio</strong></span> <span class='ocrx_word' id='word_1_883' title='bbox 3025 5505 3173 5556; x_wconf 70' lang='lat' dir='ltr'><strong>sentit</strong></span> <span class='ocrx_word' id='word_1_884' title='bbox 3201 5511 3253 5556; x_wconf 89' lang='lat' dir='ltr'><strong>et</strong></span> <span class='ocrx_word' id='word_1_885' title='bbox 3277 5503 3632 5557; x_wconf 68' lang='lat' dir='ltr'><strong>reuertuntur</strong></span> 
     </span>
    </p>
   </div>
   <div class='ocr_carea' id='block_1_120' title="bbox 2813 5571 3630 5641">
    <p class='ocr_par' dir='ltr' id='par_1_120' title="bbox 2813 5571 3630 5641">
     <span class='ocr_line' id='line_1_120' title="bbox 2813 5571 3630 5641; baseline -0.01 -14"><span class='ocrx_word' id='word_1_886' title='bbox 2813 5577 2832 5604; x_wconf 66' lang='grc' dir='ltr'><strong>θ</strong></span> <span class='ocrx_word' id='word_1_887' title='bbox 2872 5575 2913 5626; x_wconf 80' lang='grc' dir='ltr'><strong>Α</strong></span> <span class='ocrx_word' id='word_1_888' title='bbox 2937 5589 3310 5641; x_wconf 67' lang='lat' dir='ltr'><strong>umerumque.</strong></span> <span class='ocrx_word' id='word_1_889' title='bbox 3383 5571 3423 5602; x_wconf 80' lang='grc'><strong>¹⁰</strong></span> <span class='ocrx_word' id='word_1_890' title='bbox 3451 5574 3492 5625; x_wconf 76' lang='grc' dir='ltr'>Δ</span> <span class='ocrx_word' id='word_1_891' title='bbox 3519 5577 3630 5641; x_wconf 66' lang='lat' dir='ltr'><strong>cui.</strong></span> 
     </span>
    </p>
   </div>
   <div class='ocr_carea' id='block_1_121' title="bbox 2862 5640 3639 5704">
    <p class='ocr_par' dir='ltr' id='par_1_121' title="bbox 2862 5640 3639 5704">
     <span class='ocr_line' id='line_1_121' title="bbox 2862 5640 3639 5704; baseline 0.004 -8"><span class='ocrx_word' id='word_1_892' title='bbox 2862 5646 2903 5674; x_wconf 77' lang='lat'>”</span> <span class='ocrx_word' id='word_1_893' title='bbox 2945 5642 3014 5704; x_wconf 67' lang='lat' dir='ltr'><strong>Et</strong></span> <span class='ocrx_word' id='word_1_894' title='bbox 3053 5658 3159 5696; x_wconf 87' lang='lat' dir='ltr'><strong>om.</strong></span> <span class='ocrx_word' id='word_1_895' title='bbox 3199 5640 3265 5697; x_wconf 77' lang='grc' dir='ltr'><strong>Α.</strong></span> <span class='ocrx_word' id='word_1_896' title='bbox 3347 5643 3388 5674; x_wconf 72' lang='grc'><strong>³⁸³</strong></span> <span class='ocrx_word' id='word_1_897' title='bbox 3429 5645 3469 5695; x_wconf 71' lang='lat' dir='ltr'><strong>ll</strong></span> <span class='ocrx_word' id='word_1_898' title='bbox 3503 5640 3639 5699; x_wconf 57' lang='lat' dir='ltr'><strong>Non</strong></span> 
     </span>
    </p>
   </div>
   <div class='ocr_carea' id='block_1_122' title="bbox 2437 5505 2762 5559">
    <p class='ocr_par' dir='ltr' id='par_1_122' title="bbox 2437 5505 2762 5559">
     <span class='ocr_line' id='line_1_122' title="bbox 2437 5505 2762 5559; baseline 0 -1"><span class='ocrx_word' id='word_1_899' title='bbox 2437 5505 2456 5535; x_wconf 82' lang='grc'><strong><em>⁸</em></strong></span> <span class='ocrx_word' id='word_1_900' title='bbox 2495 5516 2541 5558; x_wconf 83' lang='lat' dir='ltr'><strong>et</strong></span> <span class='ocrx_word' id='word_1_901' title='bbox 2563 5521 2672 5559; x_wconf 90' lang='lat' dir='ltr'><strong>om.</strong></span> <span class='ocrx_word' id='word_1_902' title='bbox 2699 5505 2762 5558; x_wconf 70' lang='grc' dir='ltr'><strong>Α.</strong></span> 
     </span>
    </p>
   </div>
   <div class='ocr_carea' id='block_1_123' title="bbox 2179 5573 2734 5654">
    <p class='ocr_par' dir='ltr' id='par_1_123' title="bbox 2179 5573 2734 5654">
     <span class='ocr_line' id='line_1_123' title="bbox 2179 5573 2734 5654; baseline -0.005 -26"><span class='ocrx_word' id='word_1_903' title='bbox 2179 5573 2200 5606; x_wconf 68' lang='grc'>⁸</span> <span class='ocrx_word' id='word_1_904' title='bbox 2307 5591 2520 5628; x_wconf 76' lang='lat' dir='ltr'><strong>cttnsnm</strong></span> <span class='ocrx_word' id='word_1_905' title='bbox 2555 5576 2734 5654; x_wconf 51' lang='lat' dir='ltr'><strong>totius:</strong></span> 
     </span>
    </p>
   </div>
   <div class='ocr_carea' id='block_1_124' title="bbox 2616 5660 2780 5698">
    <p class='ocr_par' dir='ltr' id='par_1_124' title="bbox 2616 5660 2780 5698">
     <span class='ocr_line' id='line_1_124' title="bbox 2616 5660 2780 5698; baseline 0.006 -1"><span class='ocrx_word' id='word_1_906' title='bbox 2616 5663 2672 5697; x_wconf 76' lang='grc' dir='ltr'>ι’(ι</span> <span class='ocrx_word' id='word_1_907' title='bbox 2682 5660 2780 5698; x_wconf 72' lang='grc' dir='ltr'><strong>ΓΜ.</strong></span> 
     </span>
    </p>
   </div>
  </div>
