3912 6154
321 227 426 314 θέε

1656 253 1941 315 JOANNIS
1977 260 2171 315 SCOTl

3452 257 3547 317 Gil

320 366 594 437 possidere
657 364 675 397 ⁸
731 364 1041 438 primordia.
1116 366 1339 420 Divinas
1400 374 1625 422 naturae
1700 368 1885 438 quinta
1914 373 1961 432 Α
1990 368 2262 426 Creatoris
2302 370 2385 426 sui
2414 369 2764 426 voluntatem.
2796 369 2861 428 Et
2901 370 3220 437 notandum,
3251 377 3394 442 quod
3421 370 3552 424 ordo

320 456 524 510 theoria
569 456 622 509 in
665 471 875 511 summa
921 471 984 511 ac
1027 471 1154 511 vera
1202 456 1551 528 intelligentia
1602 469 1882 526 versatur;

318 547 622 602 intellectus
666 547 808 602 enim
857 556 937 600 est
982 546 1287 614 intelligens
1327 549 1529 612 omnia,
1573 549 1885 618 priusquam

319 639 472 691 liant.
516 634 595 691 Ae
638 650 734 706 per
760 637 862 690 hoc
907 636 1096 704 quinta
1134 636 1186 689 in
1222 637 1410 690 ordine
1457 637 1883 705 primordialium

318 727 662 800 cognoscitur
684 741 783 797 per
809 728 1039 797 seipsam
1072 727 1417 799 intelligentia
1449 729 1494 794 ⁸,
1532 729 1683 799 cujus
1709 731 1730 763 ³
1769 747 1890 800 par-

317 820 632 888 ticipatione
678 817 1004 887 intelligunt,
1052 832 1404 886 quaecunque
1433 817 1735 888 intelligunt.
1760 819 1802 882 ‘,
1832 829 1886 873 et

237 907 245 914 ’
317 909 621 965 intellectus
656 916 812 972 sunt;
850 911 962 977 ipsa
994 922 1122 961 vero
1157 907 1330 977 prima
1354 908 1694 978 participatio
1740 925 1885 963 sum-

320 1016 438 1054 mae
464 1016 526 1054 ac
547 1014 702 1054 verae
724 999 1106 1070 intelligentiae
1132 999 1346 1054 condita
1437 1007 1539 1054 est.
1567 999 1731 1055 Sexta
1757 1017 1886 1055 eon-

318 1089 591 1158 templatio
614 1090 824 1143 divinae
844 1097 1069 1144 naturae
1091 1089 1143 1142 in
1166 1103 1293 1141 vera
1315 1104 1630 1159 summaque
1673 1092 1885 1159 sapien-

318 1178 389 1231 tia
411 1178 779 1233 constituitur.
811 1176 947 1232 Hinc
972 1193 1076 1231 non
1105 1177 1376 1232 immerito
1405 1180 1545 1233 inter
1565 1180 1885 1249 primordia—

311 1266 390 1321 les
411 1283 602 1322 causas
632 1277 786 1322 sexto
819 1266 936 1322 loco
961 1283 1058 1336 per
1087 1268 1316 1337 seipsam
1346 1270 1607 1338 sapientia
1652 1271 1881 1324 colloca-

311 1373 422 1427 tur,
456 1375 595 1432 quae
629 1363 801 1430 prima
848 1363 1190 1432 participatio
1228 1370 1311 1417 est
1356 1377 1599 1417 summae
1630 1376 1695 1417 ac
1720 1378 1882 1418 verae

309 1450 625 1520 sapientiae,
673 1451 1089 1523 participatione
1122 1467 1252 1507 vero
1278 1452 1361 1507 sui
1389 1453 1638 1509 omnibus
1679 1462 1797 1523 post
1823 1469 1882 1510 se

309 1540 643 1610 sapientibus
658 1541 896 1612 sapiendi
915 1557 1073 1597 causa
1105 1551 1287 1597 creata
1315 1551 1417 1597 est.
1444 1541 1620 1598 Verae
1645 1558 1709 1598 ac
1736 1558 1884 1598 sum-

308 1645 432 1685 mae
477 1642 699 1685 naturae
727 1631 748 1662 ‘
777 1632 1004 1700 septima
1027 1632 1409 1702 contemplatio
1429 1638 1533 1698 est,
1549 1647 1687 1702 quae
1706 1633 1883 1688 consi-

1988 462 2088 518 lste
2116 461 2544 532 primordialium
2573 477 2879 526 causarum,
2908 477 3066 532 quem
3098 478 3128 516 a
3156 477 3239 516 me
3272 461 3465 531 exigis,
3489 463 3551 514 ad

1985 561 2191 605 certum
2224 551 2603 620 progrediendi
2630 552 2846 607 modum
2876 550 3153 606 inconfuse
3181 549 3413 604 discerni
3449 564 3551 602 ncn

1987 639 2038 692 in
2071 640 2219 708 ipsis,
2248 641 2340 695 sed
2367 641 2420 694 in
2449 640 2673 705 theoria,
2722 642 2823 695 boe
2869 647 2972 703 est,
3021 640 3073 693 iu
3112 639 3324 692 animae
3355 636 3399 670 "
3428 651 3551 690 cou-

1987 730 2122 784 tuitu
2153 732 2464 801 quaerentis
2496 747 2588 787 eas
2619 732 2659 763 "
2682 771 2696 797 ,
2743 746 3058 800 earumque,
3089 738 3343 799 quantum
3372 726 3550 789 datur,

1986 822 2230 875 notitiam
2253 821 2305 875 in
2327 822 2502 889 seipso
2527 821 2898 891 concipientis,
2913 835 3139 889 eamque
3160 816 3552 889 quodammodo

1985 912 2286 966 ordinantis
2322 913 2646 966 constitutus
2683 913 2774 975 sit,
2814 922 2872 965 ut
2901 912 2966 966 de
2991 912 3072 966 eis
3100 919 3304 965 certum
3353 908 3552 977 aliquid

1987 1015 2229 1070 puraque
2268 1000 2618 1072 intelligentia
2658 999 2937 1054 definitum
2979 999 3328 1069 pronuntiare
3361 997 3551 1066 possit.

1984 1088 2135 1157 Ipsae
2158 1090 2422 1159 siquidem
2452 1090 2658 1160 primae
2696 1104 2891 1144 causae
2919 1089 2972 1143 in
3001 1089 3190 1160 seipsis
3218 1102 3381 1141 unum
3408 1096 3551 1153 sunt,

1984 1186 2038 1233 et
2064 1178 2353 1248 simplices,
2384 1179 2623 1248 nullique
2647 1180 2862 1249 cognito
2889 1179 3080 1233 ordine
3105 1179 3376 1243 definitae,
3406 1188 3497 1231 aut
3522 1193 3553 1230 a

1984 1283 2043 1323 se
2073 1269 2301 1324 invicem
2329 1279 2671 1341 segregatae;
2720 1271 2822 1324 hoc
2871 1270 3012 1323 enim
3048 1269 3103 1324 in
3125 1269 3402 1325 effectibus
3443 1271 3555 1325 suis

1983 1359 2262 1427 patiuntur
2286 1359 2347 1411 “'.
2378 1359 2445 1413 Et
2468 1360 2607 1413 sicut
2629 1360 2680 1414 in
2713 1359 2961 1424 monade,
2987 1361 3111 1414 dttm
3132 1374 3321 1415 omnes
3342 1359 3552 1414 numeri

1984 1446 2095 1501 sola
2148 1448 2357 1502 ratione
2396 1448 2715 1513 subsistunt,
2763 1447 2942 1502 nullus
2984 1456 3161 1502 tamen
3204 1462 3461 1501 numerus
3489 1447 3553 1501 ab

1984 1535 2090 1589 alio
2116 1552 2340 1591 numero
2359 1536 2716 1601 discernitur;
2754 1553 2918 1591 unum
2965 1538 3107 1591 enim
3146 1546 3292 1602 sunt,
3334 1547 3389 1591 et
3423 1538 3553 1591 sim-

1984 1625 2105 1696 plex
2159 1644 2346 1694 unum,
2398 1637 2454 1684 et
2496 1642 2600 1682 non
2641 1643 2707 1681 ex
2741 1627 2925 1681 multis
2974 1629 3326 1697 compositum
3362 1642 3547 1688 unum,

309 1717 461 1773 derat
505 1733 770 1774 summam
810 1720 976 1789 ipsius
995 1735 1060 1776 ac
1105 1735 1287 1775 veram
1342 1721 1619 1776 virtutem.
1663 1720 1743 1777 Ac
1784 1738 1880 1791 per
1906 1724 1953 1784 B
1981 1718 2244 1788 siquidem
2272 1735 2334 1774 ex
2362 1720 2590 1774 monade
2612 1720 2787 1773 omnis
2810 1733 3155 1773 numerorum
3183 1716 3554 1786 multiplicatio

310 1808 413 1863 hoc
433 1823 531 1878 per
559 1809 789 1880 seipsam
813 1811 985 1865 virtus
1011 1811 1152 1865 inter
1174 1810 1550 1882 primordiales
1591 1813 1876 1882 septimam

309 1903 492 1961 sedem
540 1911 785 1976 occupat,
835 1913 891 1959 et
932 1913 1018 1958 est
1052 1904 1226 1972 prima
1262 1903 1605 1973 partie‘ipatio
1634 1920 1878 1961 summae

307 2008 370 2049 ac
418 2008 579 2048 verae
624 1995 872 2060 virtutis;
919 2001 1135 2049 ceterae
1169 2009 1298 2049 vero
1327 2003 1450 2064 post
1474 2009 1594 2048 eam
1621 1995 1877 2049 virtutum

307 2084 514 2154 species
556 2085 994 2157 participationes
1023 2085 1191 2155 ipsius
1216 2085 1239 2118 '
1280 2092 1422 2139 sunt.
1458 2084 1695 2140 Octavus
1727 2086 1879 2140 theo-

306 2176 420 2231 riae
448 2177 647 2247 gradus
672 2185 774 2242 est,
805 2177 857 2230 in
882 2191 990 2246 quo
1017 2191 1169 2231 mens
1195 2191 1330 2246 pura
1362 2191 1569 2230 summa
1593 2191 1831 2244 veraque
1854 2176 1876 2208 ⁸

307 2267 517 2322 divinae
547 2277 771 2323 naturae
810 2267 1475 2322 beatitudincm‘intuetur.
1502 2264 1666 2335 Cujus
1698 2267 1873 2337 prima

307 2359 649 2428 participatio
672 2367 755 2414 est
780 2357 801 2389 ’
826 2374 923 2428 per
963 2372 1020 2412 se
1040 2357 1336 2421 beatitudo,
1362 2371 1521 2427 quam
1545 2357 1708 2411 veluti
1737 2365 1879 2412 octao

307 2462 430 2500 vam
467 2445 892 2516 primordialium
939 2445 1283 2516 participant,
1328 2444 1595 2514 beataque
1638 2453 1760 2501 sunt
1808 2445 1874 2511 ιθ,

306 2550 657 2610 quaecunque
700 2543 821 2607 post
845 2550 903 2589 se
935 2534 1089 2588 beata
1119 2541 1266 2599 sunt,
1298 2534 1498 2589 omnia.
1526 2532 1675 2588 Nona
1706 2535 1759 2589 in
1787 2550 1877 2588 or-

306 2625 431 2679 dine
498 2625 701 2680 theoria
746 2624 959 2678 divinae
1005 2638 1069 2677 ac
1118 2637 1359 2677 summae
1405 2622 1670 2687 veritatis,
1726 2621 1877 2691 cujus

304 2716 476 2783 prima
522 2714 866 2785 participatio
909 2712 1065 2784 est.“
1089 2728 1187 2782 per
1214 2714 1444 2779 seipsam
1499 2712 1719 2777 veritas,
1754 2720 1875 2781 post

304 2820 464 2873 quant
509 2814 565 2859 et
603 2818 700 2875 per
742 2818 901 2873 quam
947 2802 1100 2873 quasi
1147 2801 1571 2872 primordialium
1602 2817 1797 2854 nonam
1832 2803 1874 2833 "

303 2912 429 2951 vera
479 2903 620 2959 sunt,
662 2910 1013 2966 quaecunque
1050 2911 1176 2949 vera
1220 2906 1365 2958 sunt,
1416 2894 1617 2949 omnia.
1661 2895 1874 2950 Decima

302 2988 520 3057 ponitur
546 3002 642 3058 per
665 2987 895 3056 seipsam
927 2987 1239 3050 aeternitas,
1276 3001 1417 3055 quae
1446 2986 1617 3055 prima
1650 2986 1873 3054 partici-

1980 1811 2321 1880 progreditur
2359 1812 2411 1866 in
2448 1813 2739 1878 infinitum,
2772 1828 2877 1867 non
2905 1823 3083 1868 autem
3116 1828 3303 1867 monas
3323 1827 3390 1866 ex
3421 1812 3546 1865 tnul~

1982 1903 2250 1971 tiplieibus
2276 1913 2330 1957 et
2359 1920 2388 1958 a
2414 1919 2472 1959 se
2501 1905 2970 1976 progredientibus
3019 1908 3260 1960 numeris
3298 1905 3460 1960 veluti
3502 1907 3553 1961 in

1979 2008 2144 2045 unum
2199 1993 2442 2048 collectis
2496 1996 2784 2049 conficitur
2825 2014 2838 2048 :
2888 1995 3134 2050 similiter
3181 1994 3556 2064 primordiales

1979 2095 2196 2144 causae,
2229 2082 2356 2136 dttm
2396 2083 2447 2136 in
2487 2084 2753 2154 principio
2782 2087 3045 2150 omnium,
3080 2086 3133 2139 in
3164 2085 3339 2139 Verbo
3369 2084 3552 2139 videli-

1977 2180 2063 2225 cet
2096 2171 2186 2225 Dei
2213 2173 2485 2243 unigenito
2515 2174 2579 2238 ’³,
2614 2176 2943 2230 substitutae
2970 2176 3358 2245 intelliguntur,
3390 2191 3552 2230 unum

1978 2261 2203 2330 simplex
2231 2271 2393 2333 atque
2420 2265 2750 2321 individuum
2778 2276 2923 2332 sunt,
2955 2269 3079 2321 dum
3105 2283 3233 2322 vero
3257 2268 3307 2320 in
3335 2266 3552 2322 effectus

1978 2365 2104 2406 suos
2144 2352 2195 2406 in
2243 2353 2513 2408 infinitum
2550 2356 2936 2426 multiplicatos
2963 2359 3277 2428 procedunt.
3309 2373 3553 2413 numero-

1977 2454 2091 2495 sam
2132 2443 2544 2515 ordinatamque
2587 2448 2667 2501 sui
2709 2448 3072 2516 pluralitatem
3112 2448 3399 2518 recipiunt,
3444 2465 3549 2503 non

1975 2531 2098 2599 quia
2126 2546 2286 2585 causa
2310 2535 2549 2588 omnium
2576 2536 2709 2590 ordo
2737 2552 2840 2590 non
2866 2537 2935 2591 sit
2962 2536 3043 2591 vel
3072 2536 3358 2599 ordinatio,
3388 2535 3470 2591 vel
3502 2536 3552 2567 “

1975 2636 2072 2691 per
2122 2624 2354 2692 seipsam
2403 2624 2677 2679 ordinatio
2707 2625 2760 2679 in
2798 2627 3078 2697 principiis
3109 2642 3287 2681 rerum
3315 2641 3420 2680 non
3452 2641 3552 2681 nu-

1976 2721 2234 2777 meretur,
2280 2729 2401 2767 cum
2427 2730 2586 2769 omne
2611 2717 2916 2770 ordinatum
2944 2717 3352 2787 participatione
3382 2718 3551 2787 ipsius

1975 2802 2046 2857 sit
2087 2804 2427 2871 ordinatum;
2474 2806 2568 2860 sed
2600 2807 2723 2876 quia
2758 2810 2933 2879 omnis
2956 2811 3089 2863 ordo
3116 2809 3169 2863 in
3193 2826 3400 2863 summa
3430 2825 3549 2864 om-

1974 2893 2121 2947 nium
2169 2910 2354 2961 causa,
2391 2905 2443 2950 et
2467 2897 2519 2951 in
2555 2898 2723 2967 ipsius
2748 2900 2919 2968 prima
2965 2900 3378 2968 participatione
3410 2916 3551 2955 unus

1977 3000 2041 3040 ac
2066 2986 2291 3056 simplex
2321 2996 2422 3054 est,
2456 2988 2722 3057 nullisque
2747 2989 3064 3045 differentiis
3091 2991 3435 3053 discernitur,
3459 2990 3549 3045 ubi

300 3080 447 3151 patio
468 3088 552 3140 est
578 3095 823 3136 summae
852 3095 917 3135 ac
942 3092 1106 3135 verae
1125 3078 1553 3142 aeternitatis,et
1571 3089 1690 3147 post
1712 3094 1871 3147 quam
1903 3074 1946 3134 C
1979 3090 2165 3129 omnes
2208 3078 2425 3132 ordines
2451 3094 2480 3132 a
2514 3080 2706 3149 seipsis
2754 3095 2859 3134 non
2907 3081 3235 3151 discrepant,
3288 3081 3541 3151 quoniam

301 3180 359 3228 et
405 3186 502 3243 per
556 3187 718 3242 quam
775 3179 996 3229 aeterna
1047 3179 1199 3232 sunt,
1255 3185 1605 3240 quaecunque
1655 3180 1870 3224 aeterna

302 3268 429 3316 sunt
458 3259 529 3326 “,
556 3261 759 3315 omnia.
793 3260 991 3320 Eadem
1017 3260 1155 3314 ratio
1177 3268 1259 3314 est
1297 3249 1365 3312 de
1388 3259 1772 3329 magnitudine,
1808 3260 1874 3315 de

304 3363 488 3407 amore
533 3357 589 3405 et
634 3364 788 3420 pace,
840 3349 906 3403 de
936 3348 1140 3403 unitate
1171 3357 1228 3402 et
1254 3348 1612 3418 perfectione;
1652 3363 1749 3417 per
1778 3350 1875 3404 has

301 3439 450 3495 enim
492 3437 866 3509 primordiales
910 3452 1101 3493 causas
1137 3453 1167 3495 a
1206 3453 1412 3493 summa
1441 3438 1680 3492 omnium
1710 3455 1871 3494 causa

302 3528 656 3594 descendunt,
690 3542 1043 3598 quaecunque
1080 3529 1478 3599 magnitudinis,
1518 3530 1740 3594 amoris,
1773 3547 1873 3600 pa—

300 3621 400 3687 cis,
435 3620 681 3685 unitatis,
734 3618 1081 3689 perfectionis
1124 3620 1498 3690 participantia
1543 3630 1685 3674 sunt.
1720 3620 1873 3675 Sulli~

301 3711 451 3764 ciunt
480 3710 634 3774 haec,
657 3716 716 3764 ιιι
744 3709 999 3774 arbitror,
1035 3712 1100 3765 ad
1128 3726 1212 3775 ea,
1244 3724 1383 3778 quae
1410 3711 1672 3777 volumus,
1704 3714 1875 3766 niani-

302 3798 570 3855 festanda.
612 3799 894 3855 Praedicta
931 3799 1195 3870 siquidem
1222 3802 1424 3855 tlteoria
1453 3793 1793 3858 urtil‘orniitcr
1817 3807 1869 3857 in

302 3889 552 3946 omnibus
596 3905 777 3945 rerum
832 3889 1070 3944 omnium
1121 3891 1442 3960 principiis,
1502 3893 1555 3946 in
1603 3892 1870 3947 inﬁnitum

296 3979 783 4052 progredientibus,
806 3979 1001 4034 mentis
1019 3980 1296 4035 obtutibus
1318 3979 1651 4037 deiformiter
1671 3983 1874 4037 arridet

298 4070 519 4140 ubique,
570 4070 683 4125 sive
720 4071 772 4125 in
815 4069 922 4133 his,
949 4085 1087 4139 quae
1117 4080 1171 4123 et
1200 4070 1245 4105 ⁸⁸
1273 4071 1492 4141 intelligi
1522 4080 1577 4125 ct
1602 4071 1868 4127 nominari

296 4169 541 4233 possunt,
573 4162 685 4216 sive
708 4162 762 4220 in
789 4162 896 4225 his,
926 4175 1066 4231 quae
1101 4160 1215 4216 solo
1256 4161 1527 4217 intellectu
1567 4163 1875 4232 percipiunv

298 4262 404 4317 tur,
458 4250 943 4322 significationibus
968 4261 1147 4307 tamen
1191 4251 1464 4315 deﬁciunt,
1515 4254 1628 4307 sive
1666 4255 1716 4307 iu
1763 4253 1866 4316 his,

295 4357 434 4410 quae
468 4358 570 4397 nec
606 4341 876 4396 intellectu
916 4341 1458 4410 comprehenduntur,
1492 4356 1593 4396 nec
1625 4342 1870 4395 nomina-

1974 3180 2139 3219 unum
2174 3168 2529 3238 inseparabile
2560 3178 2707 3233 sunt,
2746 3169 2886 3225 unde
2916 3186 3096 3225 rerum
3141 3172 3379 3226 omnium
3419 3172 3551 3227 mul-

1976 3255 2136 3324 tiplex
2184 3259 2316 3312 ordo
2362 3260 2655 3313 descendit.
2704 3259 2849 3315 Ordo
2892 3263 3075 3332 itaque
3120 3264 3550 3332 primordialium

1975 3360 2258 3399 causarum
2282 3347 2433 3417 juxta
2460 3351 2875 3418 contemplantis
2904 3352 3072 3405 animi
3102 3354 3386 3409 arbitrium
3421 3372 3550 3412 con-

1972 3438 2243 3500 stituitur,
2296 3438 2347 3492 in
2393 3449 2653 3507 quantum
2707 3432 3176 3513 earum'cognitio
3224 3443 3289 3497 de
3338 3445 3539 3501 divinis

1974 3525 2153 3579 causis
2196 3527 2595 3596 disputantibus
2642 3528 2825 3583 datur.
2881 3528 3192 3584 Liretcnim
3219 3531 3306 3600 pie
3330 3546 3391 3587 ac
3416 3548 3549 3601 pure

1973 3616 2477 3685 pltilOsopltautibus
2503 3617 2571 3671 ab
2600 3632 2925 3687 unaquaque
2974 3632 3185 3683 earum,
3227 3630 3384 3688 prout
3413 3620 3545 3685 vult,

1975 3707 2252 3772 inchoare,
2279 3717 2334 3762 et
2358 3723 2455 3778 per
2479 3717 2689 3763 ceteras
2714 3710 2909 3764 mentis
2929 3708 3163 3774 oculum,
3193 3710 3280 3778 qui
3309 3717 3394 3764 est
3416 3723 3549 3766 vera

1975 3799 2135 3862 ratio,
2180 3799 2370 3852 ordine
2412 3800 2643 3868 quodam
2693 3798 3164 3868 contemplationis
3197 3797 3545 3863 convolvere,

1972 3907 2181 3957 oxunes,
2219 3906 2567 3960 quascunque
2608 3899 2804 3959 potest,
2863 3889 3186 3959 percipiens,
3215 3898 3269 3943 et
3294 3888 3347 3942 in
3374 3887 3543 3959 quali-

1973 3997 2183 4050 cunque
2208 3997 2397 4035 earum
2434 3981 2720 4034 terminum
2764 3996 2894 4035 suae
2928 3981 3168 4034 tlteoriae
3197 3969 3541 4034 constituere.

1973 4070 2122 4125 Sicut
2147 4086 2287 4125 nunc
2314 4071 2631 4125 intentionis
2666 4079 2881 4127 nostrae
2933 4069 3150 4125 humilis
3180 4070 3453 4137 capacitas
3474 4084 3541 4125 ex

1971 4161 2213 4214 bonitate
2252 4159 2679 4228 primordialium
2731 4174 3054 4224 causarum,
3097 4158 3262 4213 veluti
3307 4157 3542 4227 quodam

1971 4251 2161 4306 ordine
2198 4250 2638 4316 constitutarum,
2680 4265 2968 4305 numerum
2995 4250 3173 4317 coepit
3203 4256 3542 4317 computare,

1971 4341 2102 4394 etin
2127 4354 2214 4400 ea.
2252 4354 2391 4408 quae
2436 4339 2630 4395 dicitur
2668 4355 2763 4410 per
2800 4339 3031 4410 seipsam
3068 4337 3350 4409 perfectio,
3379 4338 3542 4392 veluti

296 4432 532 4487 tionibus
562 4432 964 4502 exprimuntur;
995 4430 1207 4502 fugiunt
1233 4432 1376 4486 enim
1404 4446 1618 4486 omnem
1649 4447 1864 4486 sensum
1896 4428 1945 4487 D
1970 4431 2158 4499 quinto
2195 4430 2402 4485 decimo
2443 4430 2561 4487 loco
2591 4430 2880 4485 constituta
2911 4431 3070 4486 linem
3100 4430 3347 4500 exemplo
3371 4428 3543 4495 dedit,

292 4534 619 4591 omnemque
661 4522 860 4576 mentis
891 4521 1230 4583 contuitum;
1266 4522 1430 4576 nimia
1458 4522 1720 4591 siquidem
1746 4523 1862 4577 alti-

292 4611 496 4666 tudinis
521 4627 652 4668 suae
681 4614 727 4648 "
747 4615 993 4670 claritate
1035 4617 1411 4671 obscurantur.
1444 4617 1499 4670 In
1556 4619 1672 4687 ipso
1719 4620 1863 4674 enim

292 4713 436 4762 sunt.
461 4703 528 4757 de
551 4716 658 4772 quo
677 4703 968 4773 Apostolus
996 4704 1131 4758 dixit
1153 4720 1166 4755 :
1187 4703 1292 4769 Qui
1312 4705 1454 4759 solus
1475 4707 1624 4760 Imbet
1648 4707 1866 4760 immor—

292 4795 569 4859 talitalem,
588 4805 634 4849 et
658 4795 826 4851 lucem
846 4795 1047 4850 habitat
1070 4796 1495 4851 inaccessibilem.
1513 4796 1622 4850 Nec
1644 4798 1862 4863 mirum,

292 4892 337 4945 si
385 4904 584 4944 causae
622 4889 998 4960 primordiales
1044 4892 1095 4945 in
1142 4891 1408 4945 infinitum
1449 4889 1860 4958 protendautur.

292 4979 364 5037 Ut
386 4982 530 5036 enim
565 4982 740 5050 prima
781 4982 1021 5035 omnium
1060 4996 1245 5045 causa,
1293 4996 1358 5035 ex
1401 4995 1528 5049 qua,
1570 4989 1624 5033 et
1652 4980 1704 5033 in
1731 4995 1861 5048 qua,

289 5079 344 5126 et
372 5086 468 5142 per
491 5087 678 5141 quam,
705 5079 759 5124 et
786 5071 852 5124 ad
876 5086 1036 5141 quam
1067 5072 1310 5126 conditae
1339 5080 1484 5132 sunt,
1520 5070 1724 5125 inlinita
1757 5080 1858 5130 est,

293 5164 366 5218 ita
389 5171 443 5217 et
468 5163 616 5234 ipsae
647 5161 808 5217 linem
840 5163 1108 5223 nesciunt.
1136 5177 1243 5232 quo
1274 5161 1613 5225 claudantur,
1652 5170 1866 5231 praeter

1964 4522 2216 4592 quoniam
2262 4522 2490 4590 exempli
2530 4522 2703 4593 gratia
2739 4523 2837 4577 has
2861 4522 3187 4593 principales
3224 4537 3416 4577 causas
3445 4537 3544 4592 pro

1964 4614 2170 4669 viribus
2216 4612 2525 4667 intentionis
2553 4627 2684 4667 suae
2704 4612 2885 4682 elegit,
2935 4621 3010 4677 et,
3059 4620 3117 4666 ut
3142 4612 3190 4667 ei
3226 4612 3401 4666 visum
3434 4619 3541 4673 est.

1965 4708 2264 4771 ordinavit;
2289 4721 2394 4760 non
2418 4706 2557 4775 quod
2580 4706 2655 4759 ita
2675 4713 2864 4759 natttra
2880 4701 2981 4759 'sna
2998 4705 3040 4736 ⁸⁸
3064 4703 3174 4759 sint
3193 4704 3539 4765 constitutae,

1971 4797 2059 4854 ubi
2085 4798 2265 4851 omnia
2307 4811 2471 4850 unum
2517 4804 2665 4861 sunt,
2709 4803 2763 4850 et
2788 4794 2946 4851 simul
2972 4802 3026 4848 et
3055 4793 3372 4863 simpliciter
3392 4800 3540 4855 sunt,

1969 4892 2063 4948 sed
2094 4891 2233 4960 quod
2256 4890 2636 4962 quaerentibus
2656 4876 2767 4953 eas,
2788 4889 2960 4958 deque
2982 4889 3062 4943 eis
3079 4887 3330 4956 quiddam
3360 4900 3543 4942 exem‘

1968 4982 2040 5052 pli
2086 4981 2255 5047 gratia
2297 4979 2541 5050 proferre
2567 4978 2894 5042 volentibus,
2926 4979 3005 5032 sic
3028 4977 3111 5030 vel
3139 4977 3237 5040 sic,
3268 4983 3322 5030 et
3355 4973 3537 5028 multi-

1970 5072 2201 5143 pliciter,
2224 5079 2278 5125 et
2301 5069 2524 5130 inﬁnite,
2555 5069 2734 5124 divino
2759 5068 2908 5122 radio
2932 5067 3287 5130 illuminante,
3306 5064 3360 5118 in
3387 5063 3542 5118 theo-

1970 5161 2185 5231 pltaniis
2230 5160 2344 5215 suis
2387 5160 2561 5215 solent
2586 5160 2632 5191 ’⁸
2659 5173 2939 5228 apparere.
2987 5157 3053 5211 Et
3078 5157 3258 5212 utltoc
3290 5153 3540 5225 exemplo

1555 5274 1810 5329 VABIAE
1844 5270 2242 5328 LECTIONES.

364 5365 381 5396 ί
414 5364 456 5420 C
480 5367 723 5435 possidet.
800 5378 822 5410 ι
855 5376 1090 5422 versatur
1112 5396 1181 5405 —
1206 5364 1546 5435 intelligentia
1573 5380 1681 5418 om.
1709 5364 1769 5420 C.

290 5433 313 5464 ‘
336 5434 377 5488 A
410 5433 630 5491 naturae
656 5452 764 5491 om.
793 5436 859 5490 A.
904 5452 909 5455 ·
937 5437 958 5470 ⁷
987 5437 1149 5504 ipsius
1166 5450 1273 5487 om.
1308 5433 1385 5487 Α(
1428 5435 1472 5505 Α·
1497 5434 1537 5487 Α
1570 5450 1862 5505 seramque.

288 5519 398 5575 om;
414 5507 499 5575 C).
576 5507 709 5561 “est
731 5523 840 5561 om.
869 5505 935 5560 Α.
1007 5503 1056 5539 ⁷¹¹
1080 5519 1387 5575 nattant_ont
1410 5503 1474 5557 Α.

288 5572 581 5701 ramum
605 5615 621 5629 .
698 5578 740 5610 η
782 5592 868 5629 eas
904 5591 1012 5631 om.
1046 5576 1105 5629 A.
1188 5574 1231 5607 ³⁸
1259 5572 1299 5628 C
1337 5575 1664 5644 puniuntur.

308 5653 449 5700 eant.

308 5653 449 5700 ισηι.

1846 5364 1867 5395 ³
1889 5363 1928 5418 C
1965 5364 2141 5415 unius.

1938 5434 1959 5465 ⁹
1988 5443 2061 5485 est
2095 5448 2203 5487 om.
2226 5431 2287 5486 C.

1552 5503 1597 5541 ι³
1616 5501 1952 5574 quaecunque
1980 5511 2190 5574 aeterna
2209 5510 2329 5574 sunt
2356 5516 2463 5574 om.
2482 5501 2541 5555 Ο.

1744 5572 1788 5605 ⁸⁸
1811 5572 2128 5638 Αϊηαειιὶιο.

2220 5363 2240 5393 ⁸
2282 5378 2616 5431 quaecunque
2641 5361 2934 5431 intelligunt
2962 5376 3070 5414 om.
3105 5358 3166 5412 C.
3243 5359 3341 5431 ‘_A
3371 5361 3533 5413 edita.

2367 5431 2409 5466 ¹⁰
2441 5428 2543 5485 Pro
2582 5428 2831 5500 beataque
2880 5440 3000 5484 sunt
3029 5431 3068 5481 C
3100 5431 3248 5482 beata
3275 5428 3395 5497 (que
3415 5438 3538 5482 sunt

2367 5516 2463 5551 om.
2482 5501 2541 5551 Ο.
2621 5501 2664 5532 νδ
2685 5511 2731 5551 et
2761 5516 2868 5551 om.
2896 5500 2962 5551 Α.
3042 5500 3087 5532 ³⁵
3113 5496 3389 5551 altitudine
3407 5498 3531 5550 sine.

3311 5569 3537 5622 01A”-

2621 5501 2664 5532 νδ
2685 5511 2731 5554 et
2761 5516 2868 5556 om.
2896 5500 2962 5554 Α.

2205 5571 2254 5605 ¹⁰
2284 5569 2323 5625 C
2375 5571 2455 5626 vel
2482 5586 2597 5626 .non
2638 5586 2753 5641 per.
2830 5570 2871 5606 "
2897 5586 2991 5624 sua
3029 5584 3136 5626 om.
3164 5567 3226 5621 A.
