3912 6154
185 274 282 329 ηδ

1004 263 1088 317 DE
1129 261 1468 319 DlYlSlONE
1509 262 1857 317 NATL'R.\E.
1900 294 1968 302 -——-
2011 263 2211 319 LIBER
2248 264 2563 320 TERTIUS.

3314 266 3415 323 εει

186 399 356 442 return
405 380 732 436 sensibilium
765 378 966 433 clarius
998 379 1265 432 eliicescat
1296 380 1334 443 ⁸,
1391 389 1638 433 centrum
1690 387 1741 433 et
1775 384 1816 438 Α
1850 396 1953 433 non
1984 381 2203 445 falleris,
2240 390 2294 435 ιιι
2324 381 2546 449 Opinor;
2595 396 2697 433 non
2728 381 2869 435 enim
2900 380 3058 434 aliter
3082 394 3207 433 vera
3230 381 3415 437 edocet

183 473 638 539 circumscriptum
669 470 717 523 ei
744 467 1005 521 circulum
1050 466 1333 536 diligenter
1382 468 1610 530 intuere,
1660 484 1743 522 re-

182 578 392 634 ctosque
436 563 653 616 liueasa
681 568 870 612 centro
918 558 1216 621 inchoatas,
1263 566 1317 610 et
1366 557 1431 610 ad
1480 557 1741 611 circulum

181 664 450 727 porrectas
492 654 512 684 ⁸
540 692 555 714 ,
601 650 782 716 ibique
833 648 1169 702 terminatas.
1230 644 1598 719 Disc._Saepe
1643 648 1745 701 hoc

184 742 378 814 aspexi,
423 757 515 796 seu
557 740 609 793 in
663 738 842 791 animo
873 753 965 806 per
994 736 1331 806 phantasiam
1376 737 1621 798 interius,
1650 751 1743 790 seu

182 834 229 888 iu
253 835 417 904 ﬁgura
454 831 644 885 visibili
683 843 1051 899 corporeaque
1081 827 1322 881 exterius
1350 828 1530 881 sensui
1556 827 1576 858 ³
1621 828 1747 881 sub-

177 923 326 994 jecta.
372 921 515 976 MAG.
557 920 669 973 Non
702 919 927 972 intuitus
955 932 1036 980 es,
1065 917 1335 984 quomodo
1359 931 1549 971 omnes
1575 916 1747 970 lineae

181 1015 233 1069 in
258 1021 448 1069 centro
483 1012 809 1074 adnnantur,
838 1018 899 1063 ut
924 1012 945 1040 ⁸
970 1009 1110 1062 nulla
1153 1009 1362 1061 illarum
1390 1008 1457 1061 ab
1487 1007 1607 1062 aliis
1634 1009 1745 1062 dis-

181 1106 314 1161 cerni
365 1106 574 1173 possit,
620 1104 906 1165 nimirum,
950 1103 1076 1171 quia
1120 1117 1311 1156 omnes
1368 1101 1420 1155 in
1481 1116 1545 1155 eo
1583 1118 1744 1156 unum

183 1204 315 1259 sunt,
338 1201 395 1247 et
418 1192 563 1246 nullo
582 1192 738 1246 modo
764 1207 793 1245 a
822 1192 1014 1261 seipsis
1043 1191 1371 1259 discrepant.
1405 1190 1478 1244 ita
1498 1200 1557 1244 ut
1585 1191 1749 1245 ratio-

180 1282 421 1338 nabiliter
465 1298 572 1336 non
617 1283 868 1351 junctura
910 1281 1172 1334 linearum
1215 1281 1268 1333 in
1300 1295 1487 1345 unum,
1512 1281 1605 1335 sed
1629 1278 1747 1335 fons

181 1383 328 1442 atque
368 1372 695 1443 principium
743 1371 969 1440 simplex
1003 1380 1060 1425 et
1107 1370 1472 1434 individuum,
1527 1385 1595 1425 ex
1638 1386 1745 1439 quo

181 1463 283 1517 sive
315 1462 663 1525 naturaliter,
707 1462 819 1517 sive
856 1471 996 1525 arte,
1040 1460 1317 1530 multiplex
1348 1461 1608 1515 linearum
1639 1477 1742 1514 nu-

182 1565 348 1606 merus
398 1551 666 1620 procedit,
705 1559 950 1604 centrqu
983 1549 1301 1615 definiatur;
1331 1562 1413 1604 est
1439 1552 1582 1604 enim
1613 1566 1740 1605 cen-

184 1650 311 1696 trum
354 1642 378 1673 ³
410 1641 713 1695 universale
743 1640 1006 1694 linearum
1042 1642 1273 1705 initium,
1319 1643 1371 1695 in
1415 1657 1521 1710 quo
1554 1657 1743 1696 omnes

1848 471 2005 523 ratio.
2036 469 2174 523 Num
2208 470 2385 539 itaque
2413 469 2611 532 cernis,
2649 468 2789 535 quol
2827 468 2972 522 nulla
3000 467 3083 522 lex
3122 468 3414 538 figurarum

1847 561 1939 615 tibi
1962 560 2141 616 obstat
2165 561 2227 624 “,
2264 560 2344 612 vel
2396 571 2445 614 te
2468 560 2683 614 cohibet
2712 559 2776 623 ι’,
2810 567 2867 610 ιιι
2896 558 2939 589 ’³
2972 558 3039 611 ab
3067 558 3212 610 omni
3242 559 3418 626 spatio

1844 664 1937 703 seu
1961 651 2100 705 linea
2128 649 2349 719 incipias
2377 658 2539 702 totam
2564 650 2786 718 lignram
2806 655 2858 701 et
2881 647 3134 701 ordinare
3157 645 3202 677 “
3231 655 3285 699 et
3316 662 3417 699 nu-

1844 741 2089 793 merare?
2113 738 2202 793 Sic
2217 739 2357 792 enim
2381 739 2607 807 imperat
2630 739 2783 791 ratio.
2804 738 2883 791 Ac
2903 754 3000 806 por
3023 737 3123 792 hoc
3146 746 3275 807 quot
3298 752 3419 805 spa-

1845 832 1918 884 tia
1950 831 2227 898 liueaeque
2251 839 2397 896 sunt,
2428 838 2504 882 tot
2536 829 2795 898 principia
2832 828 3073 898 ﬁnesque
3099 827 3415 882 numerandi

1844 931 1900 975 et
1925 922 2208 975 ordinandi
2254 919 2370 975 ﬁeri
2406 926 2647 989 possunt.
2675 919 2821 974 Dtsc.
2852 919 2987 974 Huic
3016 919 3176 974 etiam
3204 916 3420 972 conclu-

1844 1014 1981 1067 sioni
2016 1029 2118 1066 non
2148 1013 2373 1077 resisto;
2424 1012 2540 1073 sed,
2579 1026 2832 1079 quorsum
2884 1011 3065 1065 tendat
3096 1009 3163 1075 ",
3193 1018 3419 1079 expecto

1845 1118 2022 1157 nosse.
2049 1102 2187 1156 MAG.
2213 1101 2326 1156 Non
2352 1101 2628 1164 aliorsum,
2664 1100 2762 1153 nisi
2788 1109 2845 1154 ut
2866 1100 2982 1154 lucc
3008 1099 3201 1154 clarius
3228 1112 3421 1169 cogno—

1845 1205 2079 1255 scamus,
2104 1206 2341 1246 summos
2364 1191 2637 1260 theologos
2658 1204 2952 1258 eorumque
2975 1188 3292 1258 pedisequos
3311 1202 3421 1240 om-

1843 1284 1972 1336 nino
1996 1296 2172 1351 posse,
2198 1281 2340 1335 nulla
2367 1281 2570 1335 ratione
2587 1280 2855 1340 obstante,
2886 1277 3028 1331 etab
3049 1276 3420 1342 omnibuSpri-

1844 1370 2195 1425 mordialibus
2221 1370 2398 1424 causis
2419 1366 2884 1438 contemplationis
2899 1381 3085 1420 eorum
3107 1364 3316 1418 initimn
3335 1380 3425 1418 su-

1844 1476 2012 1522 mere,
2028 1469 2081 1515 et
2102 1461 2152 1514 in
2172 1460 2441 1521 omnibus,
2456 1467 2615 1527 prout
2637 1458 2832 1527 cuique
2852 1457 3025 1511 visum
3051 1455 3232 1516 fuerit,
3252 1453 3420 1525 ipsius

1844 1549 2315 1617 contemplationis
2342 1549 2501 1603 linem
2533 1548 2880 1610 constituere,
2920 1547 2989 1599 ita
3031 1555 3107 1609 ut,
3146 1553 3275 1614 quot
3308 1544 3420 1612 pri-

1847 1638 2133 1693 mordiales
2155 1652 2351 1693 causae
2373 1637 2502 1701 sint,
2531 1645 2604 1700 et,
2635 1644 2692 1689 ut
2711 1636 2922 1690 cautius
2942 1634 3186 1702 eloquar,
3214 1640 3345 1700 quot
3366 1631 3417 1684 in

181 1745 327 1784 unum
349 1739 501 1784 sunt.
538 1729 682 1785 Dtsc.
726 1729 840 1784 Hoc
880 1744 1094 1798 quoque
1124 1730 1175 1783 iu
1207 1732 1548 1802 geometricis
1579 1732 1742 1785 ratio—
1775 1721 1816 1778 Β
1843 1728 2321 1799 contemplantium
2353 1727 2713 1781 intellectibus
2743 1739 2958 1794 quoquo
2990 1724 3147 1779 modo
3182 1721 3420 1774 forman-

180 1820 322 1875 nibus
364 1819 500 1875 mihi
551 1819 890 1889 apertissime
936 1835 1176 1875 suasum.
1225 1820 1332 1877 Sed
1376 1822 1511 1876 haec
1560 1823 1742 1876 omnia

181 1909 284 1979 plus
321 1910 506 1964 animo
547 1924 709 1979 quam
757 1924 914 1963 sensu
959 1910 1344 1979 percipiuntur,
1382 1910 1745 1965 siveinterius

181 2013 266 2067 per
287 1997 624 2067 phantasiam
654 1997 696 2061 ⁸,
726 1997 842 2052 sive
882 1998 1122 2052 exterius
1149 2012 1244 2067 per
1268 2013 1483 2052 sensum
1511 1999 1531 2029 ⁷
1561 1999 1627 2053 de
1661 2006 1740 2053 ta-

182 2087 303 2143 libus
328 2090 461 2145 velit
506 2091 630 2159 quis
655 2090 930 2161 disputare
952 2091 996 2145 ⁸.
1025 2091 1165 2147 Man.
1199 2091 1364 2147 Recte
1398 2093 1571 2158 dicis;
1603 2092 1745 2149 haec

185 2181 310 2233 enim
347 2188 405 2235 et
450 2180 757 2250 lmjusmodi
800 2197 931 2251 pura
978 2183 1174 2237 mentis
1206 2183 1323 2239 acie
1357 2184 1740 2254 dijudicantur.

184 2265 350 2334 Vides,
401 2270 458 2323 ni
492 2269 667 2333 fallor,
702 2270 948 2338 inprima
976 2270 1239 2325 linearum
1266 2274 1643 2342 progressione
1675 2274 1744 2329 ab

184 2357 280 2427 ipsa
307 2360 533 2422 unitate,
560 2375 699 2429 quae
728 2360 778 2412 in
805 2369 993 2415 centro
1018 2370 1121 2425 est,
1149 2371 1413 2430 quantum
1459 2363 1562 2417 sibi
1606 2363 1744 2418 invi-

183 2460 283 2501 cem
309 2448 487 2502 lineae
512 2447 934 2516 coujunguntur,
977 2459 1036 2504 ut
1073 2451 1159 2504 vix
1204 2451 1435 2506 discerni
1465 2466 1496 2505 a
1523 2467 1581 2507 se
1608 2453 1743 2508 invi-

182 2550 282 2590 cem
309 2536 535 2604 possint.
571 2536 704 2590 Dum
737 2551 866 2592 vero
900 2537 1107 2609 longius
1132 2555 1161 2593 a
1191 2549 1382 2596 centro
1410 2542 1747 2611 protendun-

184 2633 277 2691 tur,
332 2627 492 2684 latins
542 2629 816 2700 paululum
869 2629 1074 2698 spatia,
1124 2630 1377 2699 quibusa
1406 2646 1463 2685 se
1511 2632 1740 2686 invicem

182 2727 536 2788 segregantur,
566 2734 815 2774 crescere
835 2718 1114 2788 incipiunt,
1141 2719 1312 2774 donec
1338 2718 1404 2773 ad
1436 2729 1739 2774 extremum

184 2806 450 2873 circulum,
486 2824 592 2878 quo
624 2809 906 2872 liniuntur,
945 2809 1293 2879 perveniant;
1340 2810 1431 2864 ubi
1475 2809 1739 2864 latissima

184 2913 266 2954 sua
296 2900 617 2955 diastemata
667 2910 1070 2962 meusurantur.
1115 2901 1219 2955 hoc
1246 2909 1350 2965 est,
1386 2901 1560 2969 spatia
1601 2901 1742 2955 inter

184 2988 341 3044 lineas
384 2991 694 3053 constituta,
745 3004 887 3058 quae
924 2989 1024 3044 sibi
1059 2990 1288 3044 invicem
1318 2990 1562 3060 aequalia
1588 2998 1735 3054 sunt,

184 3078 391 3131 utnulla
412 3093 599 3132 eormn
631 3077 823 3133 latiora
855 3086 947 3132 aut
970 3078 1280 3146 angustiora
1308 3078 1428 3133 aliis
1460 3079 1736 3149 reperian-
1767 3061 1810 3121 Ο

185 3176 276 3221 tur.
305 3167 765 3234 Quemadmodum
795 3176 850 3222 et
875 3168 928 3222 in
955 3168 1087 3238 ipsis
1122 3167 1277 3223 lineis
1305 3183 1409 3222 una
1440 3169 1738 3238 eademque

186 3257 442 3327 longitudo
472 3268 556 3312 est
584 3258 637 3312 in
669 3267 900 3321 tantum,
938 3270 993 3312 ut
1024 3273 1209 3312 earum
1255 3258 1431 3313 nullae
1469 3258 1738 3330 longiores

187 3346 289 3399 aliis
343 3354 435 3400 aut
488 3347 768 3401 breviores
823 3346 973 3409 sint,
1026 3346 1263 3401 naturali
1323 3345 1736 3416 rationabilique

187 3439 487 3507 aequalitate
517 3440 570 3494 in
605 3441 850 3511 utrisque
880 3450 1118 3503 servata,
1145 3440 1197 3493 in
1228 3438 1511 3494 latitudine
1536 3440 1735 3509 spatio-

188 3545 287 3583 rum
312 3531 428 3585 dico
453 3541 508 3584 et
538 3531 588 3584 iu
618 3530 949 3600 longitudine
996 3532 1280 3586 linearum.
1328 3531 1475 3586 Disc.
1512 3531 1589 3585 lta
1628 3537 1732 3598 est,

186 3620 273 3672 et’
316 3613 468 3690 plane
514 3622 780 3692 intelligo.
829 3622 967 3677 MAG.
1015 3623 1170 3689 Quid,
1204 3623 1249 3676 si
1280 3621 1415 3677 velis
1438 3623 1731 3686 Spatiorum

185 3718 230 3761 et
270 3710 521 3765 linearum
573 3728 851 3767 numerum
902 3702 1252 3782 dignoscere,
1300 3719 1355 3766 et
1391 3713 1445 3766 in
1488 3713 1734 3776 ordinem

184 3800 424 3863 quendam
481 3800 766 3871 redigere?
812 3800 946 3855 Num
992 3812 1146 3871 potes
1192 3802 1730 3872 specialeaspatium,

184 3885 427 3943 limmve
462 3889 767 3959 specialiter
809 3890 1069 3955 invenire,
1099 3907 1166 3945 ex
1196 3907 1329 3960 quo,
1354 3892 1438 3947 vel
1465 3908 1529 3947 ex
1560 3893 1602 3924 ¹⁶
1625 3908 1731 3962 qua

184 3980 476 4035 naturaliter
499 3996 565 4035 ac
591 3984 808 4051 proprie
831 3983 1093 4052 incipias?
1120 3985 1267 4039 DISC.
1296 3984 1424 4039 Μηιὶ
1449 3986 1731 4055 quaerenti

185 4079 276 4117 non
298 4068 543 4122 occurrit.
570 4069 742 4123 Tanta
773 4071 1036 4140 siquidem
1063 4072 1363 4141 aequalitas
1391 4073 1442 4128 iu
1470 4074 1552 4127 bis
1582 4088 1735 4143 prae-

185 4152 329 4217 valet,
356 4165 414 4208 ιιι
442 4156 647 4212 nullum
677 4158 910 4228 spatium
941 4159 1009 4213 ab
1036 4160 1164 4224 alio,
1197 4160 1339 4215 nulla
1368 4161 1508 4216 linea
1534 4162 1602 4217 ab
1627 4162 1730 4216 alia

186 4256 267 4307 per
298 4243 645 4301 diil‘erentiam
685 4249 955 4316 quandam
999 4265 1091 4304 seu
1136 4252 1524 4320 proprietatem
1564 4254 1732 4322 possit

185 4331 408 4388 discerni.
439 4335 572 4391 Nam
618 4347 673 4392 et
711 4339 797 4393 ille
826 4340 1082 4405 circulus,
1117 4342 1256 4396 intra
1286 4342 1437 4411 cujus
1463 4344 1727 4398 ambitum

184 4423 339 4478 omnia
380 4426 727 4496 colliguntur,
762 4430 834 4483 ita
867 4430 1082 4486 sibimet
1110 4433 1161 4487 in
1191 4434 1372 4504 seipso
1404 4434 1593 4490 similis
1617 4444 1725 4504 est,

188 4514 384 4568 utnulla
414 4531 539 4584 pars
575 4518 692 4584 ejus
736 4520 804 4573 ab
848 4519 952 4574 alia
994 4521 1353 4588 discernatur,
1385 4539 1477 4579 seu
1508 4534 1721 4591 natura,

187 4609 405 4684 marte.
430 4603 696 4659 Continuo
733 4623 965 4678 namque
993 4612 1295 4680 quantitate
1324 4613 1505 4683 pollet,
1538 4629 1602 4669 ac
1628 4631 1726 4684 per

187 4682 272 4738 hoc
306 4691 443 4744 nullo
484 4701 634 4747 certo
661 4694 929 4764 principio
967 4697 1207 4761 inchoat,
1245 4682 1398 4755 nullo
1424 4682 1723 4757 constituto

188 4772 275 4829 line
296 4782 644 4848 concluditur,
694 4786 786 4839 sed
815 4795 955 4842 totus
983 4788 1199 4845 sibimet
1224 4791 1276 4845 in
1308 4801 1419 4846 toto
1445 4800 1498 4846 et
1522 4794 1722 4862 princi—

183 4862 305 4926 Pium
329 4877 425 4933 est,
451 4883 508 4925 et
540 4873 661 4927 linis
695 4876 957 4931 subsistit.
992 4877 1126 4933 Hinc
1146 4888 1248 4945 est,
1275 4882 1416 4949 quod
1445 4882 1725 4939 circularis

184 4963 333 5013 motus
368 4957 603 5035 ἄναρχος
631 4981 660 5016 a
689 4962 935 5030 Graecis,
976 4967 1076 5022 hoc
1101 4978 1203 5031 est,
1236 4970 1501 5038 principio
1533 4987 1724 5028 carens

185 5050 304 5098 recte
345 5053 673 5116 nominatur,
719 5052 1051 5125 aliorumque
1077 5066 1340 5119 motumn,
1370 5058 1421 5114 id
1453 5069 1559 5126 est,
1592 5064 1724 5119 recti

183 5136 228 5180 et
247 5135 446 5205 (ddiqui,
475 5141 685 5196 υὺιίιιει
714 5145 1092 5214 principatum.
1120 5146 1258 5204 ΜΑσ.
1284 5148 1341 5204 lu
1366 5150 1451 5206 his
1473 5153 1724 5209 omnibus

1847 1828 1952 1880 tur,
1976 1833 2069 1872 seu
2106 1816 2325 1872 formari
2371 1824 2614 1886 possunt,
2646 1824 2722 1868 tot
2751 1829 2938 1868 earum
2970 1811 3186 1865 ordines
3235 1825 3422 1863 nume-

1843 1922 2073 1975 rosaque
2109 1906 2387 1977 pbtralitas
2412 1915 2558 1958 recte
2587 1901 3089 1973 philosophantibus
3123 1899 3274 1969 juxta
3324 1914 3418 1953 ca-

1842 1999 2130 2067 pacilatcm
2158 1996 2486 2067 singulorum
2523 1994 2956 2061 lheoriae,prout
2985 1991 3213 2060 quisque
3241 1990 3418 2043 voluco

1843 2091 1937 2155 rit,
1964 2088 2199 2143 mirabili
2240 2088 2456 2141 divinae
2484 2084 2857 2155 providentiae
2892 2081 3243 2151 dispositione
3278 2080 3421 2132 ultro

1843 2195 1961 2236 sese
1989 2179 2219 2235 oll'erunt
2247 2178 2323 2245 ¹⁶;
2373 2186 2430 2232 ει
2469 2178 2592 2230 dum
2625 2176 2758 2231 haec
2808 2174 2859 2228 in
2903 2173 3172 2227 mentibus
3218 2171 3418 2225 theorl-
3474 2174 3480 2179 ”

1843 2271 2079 2325 zantium
2107 2269 2319 2325 divinae
2350 2268 2662 2336 disciplinac
2711 2266 3120 2336 divinarumque
3163 2263 3420 2332 theopha-

1842 2363 2049 2415 niarum
2081 2358 2252 2413 modis
2277 2356 2504 2410 diversis
2531 2355 2573 2386 ¹⁷
2602 2354 3042 2424 mirabilibusque
3075 2352 3118 2384 "
3150 2367 3419 2422 peragam

1845 2461 1947 2516 tur,
1974 2452 2120 2521 ipsae
2147 2465 2244 2519 per
2276 2448 2483 2517 seipsas
2513 2447 2752 2501 omnium
2775 2487 2789 2511 ,
2819 2461 2958 2516 quae
3004 2454 3125 2500 sunt
3146 2485 3160 2506 ,
3189 2446 3418 2513 primor~

1841 2542 2007 2598 diales
2033 2541 2263 2595 rationes
2303 2538 2643 2594 unil‘ormiter
2689 2546 2743 2592 et
2796 2535 3307 2592 incommutabiliter
3359 2535 3411 2586 in

1841 2633 2018 2689 Verbo
2042 2631 2156 2696 Dei,
2181 2632 2231 2685 in
2259 2646 2366 2700 quo
2407 2631 2580 2684 factae
2631 2637 2778 2690 sunt,
2826 2643 2990 2681 unum
3035 2637 3089 2682 et
3138 2627 3191 2681 id
3242 2628 3416 2695 ipsum

1839 2724 1979 2779 ultra
2004 2739 2193 2778 omnes
2218 2704 2435 2777 ordines
2459 2735 2782 2789 omnemque
2810 2733 3091 2773 numerum
3131 2714 3417 2770 aeternali-

1838 2822 1923 2869 ter
1957 2813 2255 2869 subsistunt
2284 2812 2347 2864 ".
2386 2812 2527 2865 Dtsc.
2554 2809 2710 2865 Clare
2734 2812 2845 2879 jam
2884 2809 3041 2862 video
3085 2816 3206 2860 tuae
3253 2806 3420 2859 inten-

1841 2904 2002 2960 tionis
2031 2902 2567 2971 ratiocinationisque
2600 2901 2785 2962 linem,
2835 2900 3121 2969 siquidem,
3172 2906 3230 2951 ut
3274 2899 3418 2950 arl:i-

1843 3004 1977 3058 tror,
2005 2994 2077 3048 nil
2120 2993 2263 3048 aliud
2311 2994 2537 3048 suadere
2574 2989 2875 3053 contendis,
2906 2989 3008 3043 nisi
3041 2997 3101 3042 ut
3132 2989 3182 3041 in
3210 2988 3340 3056 ipsis
3369 2987 3415 3018 '°

1841 3084 2120 3156 principiis
2168 3098 2348 3137 rerum
2401 3080 2577 3135 nullus
2622 3080 2755 3134 ordo
2797 3077 3119 3133 naturaliter
3168 3077 3416 3146 specialis

1839 3184 2149 3245 quaeratur.
2179 3173 2247 3228 Et
2286 3171 2500 3226 merito.
2542 3169 2673 3236 Quis
2723 3168 2868 3222 enim
2923 3167 2974 3220 in
3032 3166 3076 3197 “
3132 3166 3237 3227 liis,
3277 3180 3416 3235 quae

1838 3282 1999 3337 supra
2037 3279 2251 3320 omnem
2292 3277 2575 3317 numerum
2602 3272 2930 3327 omnemque
2957 3257 3199 3311 ordinem
3232 3254 3409 3310 excel-

1839 3355 2072 3411 situdine
2101 3367 2229 3407 suae
2257 3360 2485 3405 naturae
2532 3366 2561 3403 a
2610 3348 2891 3404 conditore
2938 3346 3178 3400 omnium
3230 3357 3410 3399 creata

1837 3453 1982 3508 sunt,
2006 3444 2248 3498 ordinem
2275 3440 2355 3497 vel
2387 3453 2668 3494 numerum
2723 3436 3119 3492 rationabiliter
3162 3435 3412 3505 quaesie-

1838 3539 1927 3601 rit,
1956 3538 2079 3592 dum
2103 3536 2214 3591 sint
2238 3535 2415 3590 omnis
2443 3533 2651 3587 numeri
2674 3533 2959 3602 omnisque
3007 3530 3217 3584 ordinis
3262 3529 3414 3583 initia

1836 3631 1890 3686 in
1915 3629 2217 3699 semetipsis
2249 3627 2350 3683 sibi
2373 3626 2607 3682 invicem
2635 3626 2805 3688 unita,
2828 3633 2882 3679 et
2909 3639 2938 3678 a
2965 3623 3111 3678 mle
3145 3620 3415 3677 inferioris

1836 3726 2060 3773 naturae
2083 3716 2323 3771 contuitu
2373 3714 2640 3769 discreta?
2685 3711 2808 3768 Sola
2854 3712 3117 3780 siquidem
3162 3710 3410 3782 gnoslica

1834 3806 2128 3863 conditoris
2150 3820 2336 3860 earum
2371 3806 2543 3860 virtus
2590 3818 2683 3858 eas
2729 3819 3036 3864 numerare,
3080 3803 3412 3867 discernere,

1834 3894 2210 3963 multiplicare,
2237 3894 2514 3955 ordinare,
2540 3892 2779 3945 dividere
2814 3893 3251 3961 non'incongrtte
3294 3906 3413 3946 cre-

1833 3986 1979 4040 ditur
2007 3999 2182 4054 possc.
2214 3983 2476 4050 Quoniam
2505 3997 2632 4035 vero
2666 3980 2822 4033 modo
2856 3982 3085 4050 quodam
3115 3980 3412 4050 incognito,

1833 4074 2079 4142 ultraque
2106 4083 2352 4127 naturam
2382 4078 2615 4140 reperto,
2650 4070 2703 4123 in
2746 4069 3084 4138 tlieopbaniis
3112 4069 3224 4122 suis
3260 4084 3410 4121 mcu-

1836 4164 1975 4219 tibus
1996 4162 2481 4232 contemplantium
2509 4160 2937 4220 conformantur,
2971 4160 3022 4213 iu
3054 4159 3132 4213 cis
3163 4157 3324 4213 etiam
3355 4165 3414 4212 ct

1832 4251 2196 4321 multiplicari,
2215 4259 2270 4304 et
2299 4250 2485 4314 dividi,
2512 4258 2567 4303 et
2592 4249 2863 4303 numerari
2894 4262 3051 4317 posse
3086 4246 3412 4317 dignoscitu-

1834 4355 1920 4399 tur
1947 4346 2014 4411 ¹¹,
2041 4345 2093 4399 in
2133 4343 2496 4398 intellectibus
2518 4343 2659 4407 dico,
2682 4350 2840 4412 prout
2866 4341 3024 4395 datur
3050 4341 3128 4393 eis
3161 4348 3411 4392 conteru-

1829 4433 2089 4504 plantimn
2124 4433 2192 4486 ’³.
2229 4434 2309 4487 Ac
2341 4447 2438 4500 per
2478 4433 2579 4486 hoc
2617 4430 2931 4496 conficitur,
2954 4444 3080 4494 eas,
3113 4429 3163 4483 id
3193 4437 3276 4482 est
3297 4428 3407 4498 pri-

1829 4526 2116 4582 mordiales
2160 4540 2372 4587 causas,
2424 4523 2627 4579 nullum
2672 4522 2916 4578 ordinem
2964 4519 3281 4583 intellectui,
3321 4518 3409 4574 vel

1828 4619 2010 4675 sensui
2043 4619 2319 4690 cognitum
2353 4619 2404 4672 in
2432 4618 2739 4687 semetipsis
2787 4616 3059 4686 recipere;
3112 4617 3165 4672 in
3216 4631 3407 4671 earnm

1828 4723 1959 4762 vero
1992 4707 2251 4768 theorico,
2287 4708 2390 4762 hoc
2417 4716 2525 4771 est,
2556 4707 2973 4776 contemplativc
3020 4706 3200 4761 animo
3236 4720 3406 4774 quos~

1829 4798 1950 4853 dam
1975 4798 2195 4851 ordines
2235 4797 2478 4853 diversos
2530 4799 2577 4829 "
2622 4807 2784 4867 atque
2835 4798 3156 4868 uudtiplices
3214 4803 3408 4850 conce-

1828 4887 2013 4958 ptione
2041 4887 2273 4957 quadam
2306 4887 2692 4959 intelligentiae
2720 4887 3042 4955 procedente
3094 4887 3146 4940 in
3195 4886 3412 4939 ratione

1829 4993 1925 5047 per
1952 4979 2212 5048 quasdam
2257 4979 2667 5048 imaginationes
2710 4979 3030 5034 verisuuiles
3080 4980 3246 5034 nasci.
3296 4979 3406 5033 Sel

1829 5082 1949 5122 cum
1979 5069 2113 5123 haec
2144 5070 2212 5121 ita
2253 5084 2311 5124 se
2356 5069 2608 5133 habeant,
2664 5086 2767 5124 non
2817 5080 2869 5126 te
2917 5070 3237 5126 crediderim
3286 5073 3405 5125 sine

1830 5156 2009 5227 aliqua
2034 5158 2252 5226 speciali
2295 5159 2504 5212 ratione
2533 5159 2906 5229 principalium
2941 5175 3226 5215 causarum
3269 5174 3399 5212 con-

1428 5281 1680 5340 VARIAE
1719 5287 2114 5345 LECTIONES.

235 5432 251 5461 ,,
331 5397 604 5456 (acescunt.
684 5407 704 5437 ⁸
730 5404 770 5458 Α
798 5418 1047 5475 portatas.

296 5465 313 5493 ⁷
338 5484 425 5549 per
441 5487 649 5549 sensum
671 5490 778 5549 om.
798 5458 873 5529 Ἄ.
896 5458 1332 5549 diripit-uiri:

185 5488 230 5555 ξι(
300 5488 309 5493 ·
338 5488 425 5535 per
441 5488 649 5552 sensum
671 5490 778 5527 om.
812 5488 873 5529 Α.
949 5488 971 5509 ⁵
993 5488 1034 5534 L‘
1058 5488 1332 5549 disputari.
1408 5488 1428 5517 ’
1460 5488 1501 5539 Α
1531 5496 1608 5540 ιιι.

186 5596 217 5601 __
241 5547 326 5595 Dro
344 5548 389 5587 et
419 5541 662 5595 ordinare
692 5544 732 5596 Α
762 5548 1089 5601 exanimare.
1172 5550 1214 5582 "
1241 5552 1281 5601 (Ζ
1307 5556 1488 5601 (endit-
1570 5556 1608 5588 ιε

1172 5550 1214 5582 ⁸⁵
1241 5552 1281 5606 C
1307 5556 1488 5610 tendit.

1127 5412 1144 5442 ³
1180 5413 1222 5465 Α
1249 5416 1480 5470 sensibus
1530 5419 1776 5473 exterius.

1127 5485 1332 5542 mutari.
1408 5485 1428 5517 ’
1460 5488 1501 5539 Α
1531 5496 1608 5540 ιιι.
1687 5488 1728 5519 ιδ
1755 5489 1796 5542 Α

184 5494 230 5555 ςι-
338 5494 424 5535 νεῖ
441 5494 649 5552 δειεδηηι
671 5494 778 5527 οή-
812 5494 873 5529 Α·
932 5494 971 5559 ,τ’
993 5494 1034 5534 ιλ
1058 5494 1332 5549 disputari.
1408 5494 1428 5517 '
1460 5494 1501 5539 Α
1531 5496 1608 5540 ιιι.
1687 5494 1728 5519 ιδ
1755 5494 1796 5542 Α
1839 5506 1903 5543 ea.
1927 5505 2014 5545 om
2093 5494 2158 5546 A.
2236 5495 2275 5525 ¹¹
2306 5495 2350 5548 Α
2371 5495 2608 5548 obsistat.
2694 5495 2734 5526 ι’
2764 5498 2801 5546 Α
2834 5494 2921 5545 coli

184 5596 220 5630 ,ι
241 5547 389 5637 ιὶττὶξξ
419 5541 732 5637 "amt"?
762 5548 1099 5637 castra"?
1172 5550 1214 5637 ’ξ
1241 5552 1281 5606 θ
1307 5556 1501 5637 tendit.
1570 5556 1989 5637 “emeruer-
2139 5562 2182 5617 Α
2206 5564 2407 5637 ιιευεειει
2450 5564 2491 5595 ’⁸
2514 5563 2921 5637 Ama-embas-

244 5600 400 5658 λάθει
472 5611 514 5645 ⁸¹
552 5611 596 5665 Α
640 5629 725 5666 ex.
804 5616 844 5651 ²²
892 5617 1268 5686 dignoscantur
1321 5638 1430 5679 om.
1616 5600 2471 5703 ’δ’ὃὲῖῖῖῖ,εοηιείιῖρῖιῖἷὶῖιιδ

1855 5420 1876 5451 ⁸
1924 5421 1963 5474 Α
2018 5432 2085 5476 et.
2164 5424 2439 5477 “centrum
2475 5439 2583 5479 om.
2609 5436 2674 5479 Α.
2792 5442 2884 5493 per
2907 5422 3391 5493 plmutasiqnt‘om.

2694 5495 2734 5526 ¹³
2764 5491 2801 5546 Α
2834 5491 3087 5546 cohibent.
3168 5491 3210 5522 ³³
3241 5491 3279 5545 Α
3314 5510 3399 5546 ne.

3003 5563 3042 5597 "
3071 5562 3109 5616 Α
3145 5563 3398 5617 "absistit.

2164 5424 2185 5456 ⁸
2207 5434 2439 5477 centrum
2475 5439 2583 5479 om.
2609 5436 2674 5479 Α.

2236 5495 2275 5525 ¹¹
2306 5495 2350 5548 Α
2371 5495 2608 5548 obsistat.
