3912 6154
458 295 555 352 r21
1815 284 1886 338 ιθ

1995 281 2088 295 δ’..
2136 283 2164 295 II
2204 278 2304 295 ’,110⁸

1995 281 2029 295 δ’
2077 281 2088 294 ί
2155 283 2164 294 I
2204 283 2211 289 ”
2243 279 2304 294 1-⁸

1909 285 1981 335 ’.λ
2034 283 2095 335 ito
2136 285 2190 331 5.
2219 279 2326 332 {nl

3595 277 3694 333 6‘25

459 410 887 464 numerationem
939 407 1006 462 ab
1063 407 1173 474 ipsa
1237 421 1329 474 per
1376 404 1602 470 Scipsam
1657 400 1894 452 l:oui:a:c
1949 398 2025 448 iu-

2139 391 2474 460 proztttntial.
2501 407 2636 459 quae
2669 392 2792 443 dicit
2823 409 2836 444 :
2872 389 2934 444 Ῑί
2977 393 3098 442 tin‘tt
3129 389 3264 442 Deus
3292 406 3486 444 omnm,
3514 406 3554 442 ος
3586 411 3700 444 ιιι-εις

461 501 708 551 rbuasse.
754 495 865 549 Non
902 495 1044 548 enim
1075 501 1156 546 est
1189 493 1288 544 rite
1342 490 1744 558 disputantium,
1793 488 2024 539 otiosum

457 587 546 656 qui
573 587 606 648 Ι,
635 601 790 638 causa
820 598 1010 636 careas
1037 582 1235 634 dicere.
1275 581 1404 634 MM}.
1462 577 1570 632 Har
1625 577 1869 629 fortassis
1920 591 2023 628 non

459 689 659 750 temere
689 675 916 735 diceres,
950 675 990 724 si
1025 673 1086 724 de
1133 688 1354 724 munero
1383 672 1467 739 pic
1497 685 1556 723 ac
1580 669 1814 737 partitae
1846 667 2028 734 diSpu-

460 769 720 828 tantiztm,
769 774 820 817 et
875 763 1016 816 tzuiio
1073 763 1230 816 modo
1276 763 1340 815 de
1393 776 1548 814 verae
1603 755 2026 811 ratiocinationis

452 857 644 910 semita
693 853 1098 914 declfnmuiutn,
1129 867 1312 916 unum,
1349 867 1434 904 me
1477 865 1595 904 esse
1652 861 2020 915 cognosceres.

453 945 716 1013 QttOuiam
749 957 872 996 vero
915 945 1054 995 inter
1085 959 1397 1010 magnorum
1446 940 1881 1009 philosophorum
1933 953 2026 991 ex-

453 1045 654 1088 tremos
682 1031 1002 1102 pedisequos
1050 1032 1133 1084 vix
1169 1031 1339 1084 locum
1374 1031 1584 1083 invenio
1607 1031 1802 1084 bibere
1847 1028 1884 1092 ¹,
1918 1043 2022 1080 non

454 1123 668 1176 iucaute
697 1123 761 1174 de
788 1121 1224 1189 pt'ﬂt'cssioztibtts
1261 1121 1392 1172 meis
1432 1135 1528 1187 per
1554 1119 1844 1172 altissimos
1877 1119 2026 1171 theo—

453 1211 566 1265 riae
591 1225 846 1265 ascensus
873 1211 1310 1278 promi'tt'tnlum.
1341 1210 1509 1277 Saepe
1533 1223 1762 1277 namque
1785 1207 2024 1260 melioris

452 1300 649 1370 ingenii
723 1299 1061 1368 puriorisq-te
1142 1299 1256 1353 sine
1317 1298 1716 1367 comparatione
1775 1299 1826 1351 in
1895 1297 2024 1366 ipsis

451 1389 858 1445 ascensionibus
904 1390 1216 1444 inchoantes
1249 1391 1474 1460 ingredi,
1503 1399 1594 1443 aut
1616 1399 1858 1444 errantes
1884 1391 1904 1422 ‘
1931 1391 2023 1445 de-

451 1481 755 1545 viaverunt,
805 1489 899 1534 aut
945 1480 1104 1558 altius
1154 1483 1446 1536 ascendere
1496 1498 1600 1535 non
1664 1483 1922 1543 valentes,
1955 1483 2022 1537 ad

451 1572 707 1628 inferiora
737 1571 937 1626 reversi
957 1580 1098 1634 sunt.
1117 1582 1205 1626 aut
1229 1588 1320 1626 eas
1341 1573 1554 1627 silentio
1580 1574 2019 1638 llOt‘tOt‘ilit‘ﬂt‘llOS,

450 1661 640 1718 altiora
694 1675 753 1716 se
824 1661 1089 1730 attingere,
1153 1671 1308 1716 caute
1357 1679 1420 1716 ac
1469 1663 1860 1718 rationabili'er
1917 1682 2019 1718 nou

2130 483 2262 534 bona
2292 481 2437 534 void.»
2473 482 2513 512 ³³
2556 482 2664 534 .‘v'oo
2697 499 2742 532 ιιι
2770 482 2839 533 im
2871 482 2990 534 dicit
3021 499 3031 532 :
3060 490 3111 534 et
3155 479 3304 532 vidit.
3337 481 3471 532 ite-:5
3501 495 3600 531 om:
3631 483 3707 538 ia.

2129 582 2183 624 ct
2217 588 2342 624 cccc
2371 571 2520 624 valde
2565 581 2706 624 sunt.
2759 571 2894 634 Quid
2938 571 3082 624 enim
3129 569 3332 622 valeret
3369 569 3630 622 minutum
3658 589 3701 619 ’σι

2129 675 2264 714 esse.
2299 660 2548 729 adempto
2601 662 2732 712 Lcue
2769 659 2926 712 esse?
2984 659 3173 714 Omnia
3223 658 3520 727 siquidem,
3566 676 3701 725 quae

2129 757 2292 812 sunt,
2345 749 2396 802 in
2455 758 2658 803 tantum
2702 758 2857 811 sunt,
2906 749 2957 802 in
3017 757 3274 816 quantum
3339 746 3478 800 bona
3540 760 3698 808 sunt;

2129 840 2181 894 in
2231 850 2488 910 quantum
2537 849 2714 892 auttun
2764 839 2902 893 bona
2953 853 3060 892 non
3095 846 3240 902 sunt,
3279 847 3391 898 aut,
3428 848 3483 890 ut
3525 838 3594 889 ita
3628 839 3704 888 di-

2127 934 2344 995 cam,in
2378 942 2633 1000 quantum
2679 931 2854 984 u'inus
2898 930 3032 984 bona
3075 937 3220 992 sunt,
3247 929 3301 982 in
3351 937 3554 982 tantum
3599 941 3698 980 nm

2127 1035 2270 1078 sunt.
2313 1023 2384 1076 Ac
2423 1039 2515 1091 per
2563 1023 2663 1076 boe
2707 1023 2952 1089 adempta
3009 1021 3221 1090 penitus
3263 1019 3536 1072 bonitate.
3564 1018 3700 1070 nulla

2129 1123 2366 1167 remanet
2401 1112 2654 1165 essentia.
2703 1111 3033 1178 Simpliciter
3085 1110 3228 1163 enim
3253 1123 3396 1171 esse,
3430 1109 3508 1160 ν;-ι
3538 1118 3703 1161 arter-

2128 1204 2324 1256 nalitcr
2375 1201 2514 1265 esse,
2565 1203 2774 1255 sublato
2826 1201 2958 1254 bene
3006 1216 3144 1265 esse,
3189 1210 3244 1254 et
3292 1200 3431 1253 bene
3461 1209 3701 1251 aeterna-

2129 1296 2250 1348 litcr
2283 1294 2326 1326 "
2365 1309 2503 1358 esse,
2536 1294 2752 1346 abusive
2778 1293 2976 1346 dicitur
3013 1303 3067 1344 et
3117 1307 3236 1346 esse
3282 1298 3332 1344 cl
3360 1289 3704 1344 acternal’tcr

2125 1399 2263 1438 esse.
2297 1383 2584 1436 Sulitracta
2623 1382 2802 1451 itaque
2859 1381 3094 1435 bonitate
3118 1381 3331 1450 proprie
3364 1395 3469 1434 non
3512 1381 3702 1433 dicitur

2126 1475 2380 1534 essentia,
2420 1483 2505 1525 aut
2543 1480 2758 1525 aeterna
2809 1471 3061 1525 essentia.
3093 1470 3170 1523 Ae
3213 1485 3278 1522 nc
3325 1471 3460 1523 forte
3483 1472 3548 1522 ad
3576 1473 3702 1523 haec

2128 1563 2294 1620 dicas,
2319 1561 2554 1629 nunquid
2586 1561 2835 1614 similiter
2857 1574 3141 1628 possumus
3180 1560 3558 1627 promtnti-zrc.
3585 1560 3700 1609 sub-

2131 1659 2297 1704 tracta
2327 1651 2537 1720 penitus
2583 1650 2812 1704 essentia
2872 1650 2892 1680 δ
2939 1649 3080 1702 nulla
3129 1647 3340 1700 bonitas
3385 1648 3698 1702 remanebit.

449 1763 858 1827 praesumentes
887 1754 1170 1809 siluerunt.
1222 1755 1746 1810 Perl’cctissimorum
1793 1773 2022 1826 namque

2130 1755 2382 1810 pereunte
2403 1757 2531 1794 vero
2561 1741 2606 1776 ³³
2627 1741 2910 1794 existentia
2957 1739 3158 1792 nullum
3179 1738 3375 1792 bonum
3414 1738 3666 1790 subsistet
3685 1776 3698 1795 .

450 1857 537 1902 est
579 1845 601 1878 ³
626 1847 900 1916 divinique
926 1847 1060 1900 radii
1090 1845 1464 1915 splendoribus
1495 1846 1937 1912 illumiuatmaun,
1961 1863 2025 1901 ac

451 1955 552 2008 per
573 1940 672 1994 hoc
695 1939 761 1992 ad
793 1938 1155 1992 sacratissima
1186 1937 1496 1992 caelestimn
1525 1943 1900 2008 tuystcriomm
1935 1941 2028 1991 at:-

452 2025 563 2080 dita
613 2040 774 2079 manu
819 2025 1135 2089 ductorum,
1189 2025 1448 2080 altissima
1489 2027 1699 2079 divinae
1741 2024 1760 2057 ‘
1790 2028 2026 2080 tltcot'iac

453 2115 658 2190 βήματα
704 2114 760 2180 ⁸,
790 2115 892 2169 boc
922 2124 1006 2168 cst
1036 2115 1057 2145 ⁸
1083 2115 1280 2185 gradus
1309 2116 1328 2146 "
1384 2130 1658 2186 snperarc,
1689 2132 1749 2169 ac
1781 2117 1895 2169 sine
1921 2117 2026 2169 ullo

452 2218 638 2260 errore
666 2204 1038 2274 apertissimae
1066 2205 1310 2258 veritatis
1338 2205 1570 2274 speciem
1599 2205 1741 2258 nulla
1794 2207 2024 2276 caligine

452 2292 702 2349 obstante
749 2293 773 2326 '
806 2291 1024 2347 intueri.
1057 2292 1206 2360 Quae
1235 2295 1488 2362 quondam
1515 2294 1652 2348 ultra
1685 2295 1827 2350 vires
1856 2296 2028 2350 inten-

453 2379 618 2436 tionis
642 2389 860 2438 nos'rae
889 2381 1180 2437 constituta
1219 2392 1364 2447 sunt,
1397 2399 1494 2437 nec
1525 2384 1700 2439 adlmc
1746 2400 2028 2455 possumus

452 2472 718 2544 attingere
743 2473 1040 2528 carnalium
1073 2489 1327 2529 sensuum
1384 2475 1618 2544 pondere
1666 2477 1928 2546 Oppressi,
1961 2492 2028 2532 ne

449 2562 590 2636 pigri
612 2563 890 2618 videamur
908 2563 961 2618 in
987 2563 1186 2618 divinis
1215 2565 1462 2633 negotiis,
1499 2565 1754 2619 talentum
1787 2565 2025 2620 Domini-

451 2667 576 2708 cum
625 2651 680 2707 in
708 2661 850 2706 terra
883 2651 1169 2716 fodientes,
1195 2669 1258 2708 ac
1289 2655 1404 2708 sine
1435 2653 1537 2707 ulla
1588 2670 1750 2730 aqua
1792 2657 1812 2688 °
1863 2671 2027 2724 pecu-

452 2739 598 2797 niam
656 2740 858 2796 domini
918 2741 1290 2812 negligentes,
1337 2742 1567 2812 malique
1615 2743 1754 2798 servi
1813 2754 2029 2799 senten-

450 2828 586 2885 tiam
613 2839 1002 2900 promerentes,
1032 2833 1097 2886 de
1127 2833 1242 2896 bis,
1272 2849 1412 2903 quae
1443 2848 1584 2890 nunc
1617 2833 1756 2887 inter
1785 2849 1882 2888 nos
1903 2850 2031 2888 con-

449 2915 981 2990 ferimus,quantum
1010 2921 1195 2976 intima
1223 2923 1310 2976 lux
1346 2923 1626 2993 capacitati
1657 2925 2028 2992 quaerentium

448 3019 512 3063 se
549 3006 849 3070 donaverit,
881 3009 1134 3078 quicquid
1167 3009 1510 3066 verisimilius
1543 3011 1714 3066 visum
1747 3012 1906 3067 fuerit
1949 3013 2033 3066 di-

2129 1831 2312 1899 aecipe
2351 1831 2567 1900 majoris
2617 1830 2830 1882 virtutis
2885 1836 3276 1896 argumentum.
3329 1827 3444 1878 Non
3509 1823 3700 1884 solum,

2127 1921 2265 1988 quae
2329 1926 2474 1982 sunt,
2527 1919 2662 1972 bona
2726 1925 2881 1980 sunt;
2935 1931 3118 1968 verum
3171 1915 3354 1972 etiam.
3398 1929 3536 1980 quae
3601 1930 3700 1964 no.1

2127 2018 2272 2073 sunt,
2299 2010 2434 2064 bona
2467 2010 2734 2063 dicuntur.
2753 2008 2933 2076 quue
2955 2007 3181 2076 amplius
3209 2005 3428 2059 meliora
3454 2004 3701 2056 iiii-untur

2129 2115 2264 2168 quae
2289 2116 2393 2153 non
2426 2109 2572 2164 sunt,
2600 2115 2758 2170 quam
2789 2113 2928 2167 quae
2955 2108 3112 2159 sunt;
3147 2111 3268 2148 nam
3293 2093 3340 2130 ¹⁶
3369 2096 3418 2148 in
3444 2105 3648 2161 quanta
3672 2111 3700 2142 ιι

2128 2207 2222 2261 per
2259 2189 2634 2245 excellentiam
2664 2196 2922 2258 superant
2956 2187 3264 2248 essentiam,
3299 2185 3350 2238 in
3389 2193 3595 2236 tantum
3620 2199 3700 2233 ευρ

2129 2281 2496 2352 peressentiali
2520 2283 2680 2343 bono,
2713 2279 2822 2334 Deo
2854 2278 3122 2338 videlicet,
3145 2275 3608 2346 appropinquant;
3651 2276 3698 2325 in

2127 2381 2386 2445 quantum
2417 2381 2596 2426 autem
2623 2371 2664 2406 "
2694 2371 2984 2426 essentiam
3018 2367 3362 2437 participant,
3395 2366 3448 2418 in
3497 2372 3700 2415 tantum

2129 2461 2614 2534 a'superessentiali
2647 2463 2786 2515 bono
2814 2459 3151 2529 elongantnr.
3182 2455 3296 2509 Non
3333 2469 3455 2509 esse
3497 2465 3699 2514 mltum,

2131 2561 2190 2609 ut
2233 2553 2488 2616 arbitror,
2523 2551 2790 2611 dicuntur,
2837 2564 2975 2619 quae
3031 2564 3130 2602 nec
3173 2561 3357 2606 sensu.
3403 2559 3504 2596 nec
3553 2543 3704 2596 i.tcl-

2131 2645 2294 2710 lectu,
2341 2658 2470 2713 prae
2521 2643 2685 2696 nimia
2733 2641 2814 2696 sui
2861 2638 3206 2699 excellentia.
3255 2633 3704 2706 inseparabilique

2130 2741 2354 2803 unitate,
2383 2751 2444 2790 ac
2469 2735 2809 2804 simplicitate
2861 2732 3058 2802 percipi
3091 2738 3342 2800 possunt;
3405 2741 3529 2781 esse
3576 2740 3705 2776 vero

2131 2830 2509 2891 aestimantur,
2533 2841 2672 2894 quae
2700 2821 3056 2878 iutellcctibus
3094 2820 3408 2874 sensibusve
3451 2830 3698 2869 succum-

2131 2921 2284 2983 bunt,
2314 2925 2368 2970 et
2396 2918 2448 2970 in
2476 2916 2704 2985 quadam
2743 2923 2891 2968 certa
2933 2911 3258 2981 deﬁnitaque
3279 2908 3576 2963 substantia
3605 2903 3706 2959 dif-

2132 3008 2376 3064 ferentiis
2403 3007 2448 3038 ‘3
2474 3004 2996 3075 proprietatibusque
3041 2999 3582 3058 circumseribuotur,
3611 3011 3703 3048 ar—

448 3109 652 3162 cemus,
675 3098 994 3154 humilitatis
1024 3101 1202 3170 regula
1235 3101 1432 3170 ubique
1471 3103 1778 3167 observata,
1809 3119 1876 3158 ne
1897 3119 2024 3158 nos-
2053 3107 2098 3167 C
2129 3103 2536 3170 cidentilmsque
2561 3097 2603 3130 "
2627 3096 2898 3165 subjecta,
2925 3094 3056 3150 locis
3087 3092 3520 3161 temporibusque
3559 3090 3701 3140 varia

449 3196 564 3242 met
587 3203 707 3243 esse
729 3190 1095 3255 aestimemus,
1115 3193 1255 3259 quod
1279 3207 1375 3246 nos
1400 3209 1504 3247 non
1521 3209 1726 3248 sumus.
1755 3193 2024 3264 Scriptum

448 3281 530 3330 est
553 3277 696 3330 enim
721 3294 736 3330 :
769 3276 897 3331 Noli
925 3277 1088 3332 altum
1119 3295 1316 3348 sapere,
1349 3281 1438 3334 sed
1465 3283 1605 3336 time.

519 3363 574 3416 2.
619 3364 732 3419 Hac
756 3365 922 3435 igitur
949 3367 1158 3421 ratione
1195 3369 1500 3436 specialiter
1535 3370 1798 3440 principia
1846 3386 2026 3426 rerum

449 3453 520 3509 ab
547 3454 662 3524 ipsa
693 3470 791 3525 per
837 3457 1070 3525 seipsam
1125 3457 1363 3514 bonitate
1411 3461 1648 3532 incipere
1693 3463 2028 3520 introductus

449 3561 592 3602 sum.
618 3545 874 3616 Perspexi
901 3549 1182 3619 siquidem,
1216 3567 1313 3604 nec
1345 3552 1544 3623 absque
1577 3563 1883 3608 sanctorum
1927 3556 2032 3610 Pa-

450 3644 594 3690 trum
628 3637 974 3702 auctoritate,
1006 3647 1062 3692 et
1094 3640 1328 3696 maxime
1370 3641 1726 3714 Areripagitae
1765 3645 2024 3716 Dionysii,

451 3725 914 3794 generalissimam
946 3727 1246 3782 divinarum
1278 3729 1624 3785 donationum
1651 3747 1770 3786 esse
1818 3748 1914 3801 per
1939 3749 2026 3788 se-

454 3813 626 3884 ipSam
659 3815 974 3881 bonitatem,
1001 3817 1240 3888 aliasque
1260 3821 1652 3888 quodammodo
1678 3823 2023 3891 praecedere.

447 3905 622 3961 Causa
655 3922 890 3978 namque
918 3909 1159 3964 omnium
1191 3913 1426 3966 creatrix
1461 3913 1690 3976 bonitas,
1721 3927 1858 3983 quae
1888 3915 2027 3969 Deus

445 4005 557 4060 est,
584 3996 651 4051 ad
684 3996 787 4052 hoc
813 3997 983 4068 ipsam
1013 4014 1254 4063 causam,
1278 4017 1414 4070 «tuae
1443 4017 1540 4072 per
1561 4003 1788 4072 seipsam
1813 4004 2024 4064 bonitas

449 4086 678 4152 dicitur,
704 4087 879 4158 primo
913 4090 1151 4144 omnium
1181 4092 1406 4156 ereavit,
1448 4100 1506 4146 ut
1542 4107 1638 4160 per
1666 4109 1782 4147 eam
1822 4097 2020 4162 omnia,

451 4194 592 4250 quae
615 4187 762 4248 sunt,
785 4180 838 4234 in
866 4183 1130 4238 essentias
1154 4199 1214 4237 ex
1264 4200 1367 4237 non
1403 4185 1756 4240 existentibus
1799 4187 2026 4241 adduce-

454 4276 558 4323 ret.
585 4269 806 4325 Divinae
831 4269 1097 4341 siquidem
1145 4273 1400 4327 bonitatis
1446 4275 1719 4343 proprimu
1762 4288 1864 4337 est,
1891 4293 2026 4347 quae

449 4349 558 4415 non
579 4371 750 4420 erant.
765 4361 818 4416 in
841 4364 1130 4418 essentiam
1147 4363 1744 4420 vocare.Universitatis
1769 4369 1965 4422 ctenim
1983 4369 2024 4400 ¹⁶

2131 3207 2289 3265 atque
2317 3195 2556 3263 dispersa
2589 3189 2754 3244 semel
2780 3197 2834 3242 et
2862 3187 3018 3242 simul
3042 3199 3162 3240 esse
3186 3199 3290 3238 non
3317 3183 3572 3236 valentia.
3612 3179 3701 3232 \‘i-

2129 3291 2293 3345 desne
2321 3287 2502 3356 igitur,
2536 3291 2792 3352 quantum
2835 3278 3134 3350 generalior
3161 3283 3244 3330 est
3284 3273 3513 3330 bonitas,
3540 3286 3699 3338 quam

2127 3377 2396 3433 essentia?
2418 3375 2684 3429 Bonorum
2712 3369 2972 3440 siquidem
2998 3383 3098 3421 una
3129 3364 3336 3436 species
3368 3361 3624 3415 bonitatis
3655 3359 3700 3390 "

2138 3476 2222 3521 est
2247 3467 2296 3520 in
2324 3466 2406 3519 bis
2434 3478 2574 3532 quae
2601 3467 2746 3520 sunt,
2774 3459 2936 3512 altera
2965 3457 3017 3510 in
3046 3456 3130 3509 bis
3153 3468 3292 3523 quae
3312 3468 3417 3505 non
3447 3460 3592 3504 sunt.
3628 3455 3701 3502 Ac

2132 3570 2226 3626 per
2249 3555 2351 3608 hoc
2377 3568 2406 3606 a
2431 3553 2476 3584 “
2507 3549 2930 3622 generalioribus
2971 3545 3183 3600 divinae
3229 3541 3488 3611 largitatis
3532 3541 3696 3593 dona-

2128 3646 2362 3700 tionibus
2407 3644 2684 3704 incboans,
2715 3648 2770 3692 et
2815 3652 2911 3707 per
2948 3634 3292 3704 specialiores
3330 3629 3696 3700 progrediens.

2127 3733 2370 3791 ordinem
2399 3731 2664 3802 quendam
2692 3725 3118 3798 primordialium
3161 3735 3442 3776 Causarum
3487 3718 3694 3773 tbeolm

2127 3825 2212 3896 gia
2234 3825 2370 3879 duce
2395 3821 2669 3878 constitui.

2197 3914 2249 3967 5.
2283 3913 2425 3966 Disc.
2451 3908 2568 3963 Jam
2603 3907 2862 3976 intelligo,
2894 3919 2998 3958 non
3041 3899 3482 3956 irrationabiliter
3529 3907 3583 3950 te
3625 3897 3700 3948 in.

2128 4005 2352 4059 cboassc
2401 4001 2786 4072 principiorum
2833 3994 3338 4050 considerationem.
3383 3987 3700 4056 Quicunque

2129 4093 2270 4147 enim
2297 4101 2442 4146 recte
2471 4089 2676 4150 dividit,
2712 4103 2740 4140 a
2779 4082 3198 4156 generalissimis
3241 4079 3399 4134 debet
3438 4077 3698 4145 inciprnc.

2128 4201 2180 4239 et
2211 4199 2305 4253 per
2327 4181 2658 4254 gcncr;.liora
2685 4177 2956 4248 progredi,
2977 4191 3040 4228 ac
3068 4174 3165 4237 sic,
3197 4179 3354 4240 prout
3380 4168 3554 4221 virtus
3574 4183 3698 4219 mu-

2133 4272 2494 4342 templalionis
2523 4270 2809 4332 succurrit,
2853 4267 2918 4320 ad
2969 4263 3349 4333 spectatissima
3396 4257 3694 4327 pervenire.

2131 4363 2280 4429 Quod
2313 4363 2474 4416 etiam
2508 4361 2559 4413 in
2601 4359 2730 4428 ipsis
2772 4370 2951 4411 rertun
2998 4351 3290 4422 principiis.
3341 4361 3479 4414 quae
3522 4346 3697 4415 primo

449 4451 699 4507 conditae
725 4452 778 4507 in
811 4454 1206 4524 cssentiamque
1233 4457 1496 4510 adductae
1524 4456 1702 4509 divina
1738 4457 1946 4510 bonitas
1972 4467 2026 4512 et
2059 4443 2104 4499 υ
2131 4454 2380 4526 posuisti,
2407 4452 2628 4505 interius
2663 4447 3010 4519 perspicienS,
3041 4445 3092 4497 Ili
3127 4441 3300 4503 ΓίιΙΙοΓ,
3331 4436 3594 4506 intelliso-
3631 4432 3698 4489 ιῖι

450 4538 735 4610 plusquam
780 4542 991 4598 bonitas
1025 4551 1079 4597 et
1125 4544 1425 4598 essentialis
1469 4553 1524 4598 ct
1562 4547 2027 4613 superessentialis

451 4645 618 4685 causa
646 4640 747 4686 est.
787 4631 842 4685 Si
903 4633 1065 4699 igitur
1108 4634 1334 4689 Creator
1379 4649 1473 4704 per
1527 4650 1680 4688 suam
1732 4635 2024 4688 bonitatem

455 4720 633 4772 omnia
674 4720 741 4774 de
789 4721 975 4787 nihilo,
1020 4733 1076 4777 ut
1138 4732 1341 4788 essent,
1389 4725 1670 4786 derivavit,
1723 4725 2024 4777 necessario

455 4808 760 4865 intellectus
791 4827 888 4882 per
945 4815 1176 4884 seipsum
1223 4815 1496 4880 bonitatis,
1547 4798 1874 4870 iittcllertum
1930 4832 2024 4884 per

451 4900 682 4970 seipsam
707 4899 750 4937 ι’
773 4907 1038 4960 essentiae
1067 4908 1353 4976 praecedit.
1383 4906 1494 4960 Non
1523 4908 1663 4960 enim
1713 4923 1808 4977 per
1844 4924 2022 4962 essen-

452 4993 584 5048 tiam
606 4995 902 5050 introducta
931 5007 1013 5052 est
1038 4998 1267 5062 bonitas,
1295 4996 1386 5053 sed
1419 5013 1515 5066 per
1537 4998 1832 5051 bonitatem
1856 4999 2028 5051 intro-

453 5083 614 5141 ducta
643 5093 727 5141 est
755 5089 1006 5142 essentia.
1034 5089 1164 5144 Nam
1188 5099 1240 5144 et
1262 5090 1363 5145 hoc
1384 5089 1723 5158 apertissime
1743 5089 2020 5158 Scriptura

2133 4545 2274 4600 enim
2307 4543 2516 4596 bonitas
2540 4540 2697 4594 veluti
2745 4537 3010 4607 quoddam
3057 4548 3226 4604 genus
3269 4539 3352 4584 est
3399 4527 3693 4585 essentiae.

2130 4637 2362 4692 essentia
2392 4649 2520 4690 vero
2546 4634 2752 4701 species
2774 4629 3036 4699 quaedam
3071 4623 3324 4680 bonitatis
3366 4636 3488 4675 esse
3523 4618 3696 4672 credi-

2132 4739 2246 4792 tur;
2281 4728 2352 4780 ita
2379 4725 2611 4780 essentia
2641 4737 2807 4792 genus
2853 4727 2932 4774 est
2977 4719 3133 4770 vitae.
3179 4713 3452 4782 Siquidem
3495 4707 3693 4770 nuntia,

2131 4830 2268 4883 quae
2297 4822 2442 4877 sunt,
2470 4812 2779 4866 dividuntur
2810 4809 2862 4864 in
2885 4822 2972 4870 ea,
3004 4819 3141 4875 quae
3157 4819 3252 4874 per
3273 4818 3332 4854 se
3352 4801 3398 4832 "
3417 4799 3623 4858 vivunt,
3645 4803 3696 4848 et

2129 4921 2191 4960 ea
2209 4905 2274 4967 η,
2293 4918 2430 4976 quae
2459 4918 2552 4973 per
2577 4901 2690 4955 se"
2706 4917 2810 4954 non
2834 4899 3035 4952 vivunt.
3063 4896 3177 4950 Non
3200 4896 3340 4947 enim
3355 4888 3594 4945 omnis”
3609 4901 3696 4940 cs-

2132 4997 2302 5051 sentia
2339 5011 2434 5064 per
2459 5010 2516 5049 se
2541 4993 2690 5052 vivit,
2724 5004 2812 5045 aut
2846 4991 2952 5043 vita
2985 5001 3084 5042 est.
3121 4988 3196 5042 Ac
3223 5002 3316 5055 per
3344 4985 3447 5038 hoc
3485 4994 3694 5040 eoi-mn,

2132 5101 2269 5154 quae
2299 5095 2440 5148 sunt,
2473 5098 2576 5137 una
2617 5081 2820 5152 species
2853 5088 2928 5134 est
2975 5079 3028 5131 in
3077 5078 3178 5140 bis,
3221 5089 3361 5146 quae
3415 5087 3516 5142 per
3553 5083 3612 5124 se
3651 5065 3698 5098 ⁸⁸

1737 5221 1986 5276 ΥᾹΙΗᾹΕ
2027 5219 2423 5277 LECTIONES.

524 5352 541 5384 ¹
569 5352 756 5408 habere
786 5370 892 5406 om.
917 5355 976 5410 Α.
1057 5356 1076 5386 ¹
1098 5355 1138 5408 C
1178 5355 1422 5408 errando.
1501 5355 1520 5386 ³
1541 5365 1612 5406 est
1642 5371 1748 5407 om.
1781 5355 1842 5406 .\.

451 5437 559 5476 0m.
595 5424 657 5477 Α.
732 5424 755 5456 τ
794 5424 830 5476 Α
863 5425 1048 5490 grmlu.
1127 5427 1149 5457 ⁸
1172 5425 1475 5479 Cdistcnta.

455 5493 499 5524 “
531 5492 566 5544 Α
607 5493 964 5546 ηερηιὶηίὶῑρν.
1042 5495 1087 5526 "‘
1116 5494 1156 5546 (ἶ
1185 5493 1421 5546 eminenti
1497 5495 1540 5524 "
1573 5511 1686 5545 rem
1715 5509 1822 5544 om.
1864 5494 1946 5546 Ω..

456 5563 802 5632 gerendisque.
884 5565 924 5595 ³⁸
955 5566 992 5616 Δ
1045 5564 1390 5618 accidentibus
1429 5579 1648 5632 quoque.

458 5629 505 5666 "
536 5645 624 5698 per
653 5647 706 5682 sc
731 5649 832 5683 υιιι.
863 5633 925 5685 Α.
1005 5635 1048 5663 ’³
1080 5635 1243 5686 euntis
1277 5650 1381 5685 om.
1413 5636 1470 5686 (2.

1923 5354 1940 5383 "
1968 5353 2172 5408 divinae
2209 5371 2316 5409 om.
2360 5355 2419 5408 Α.

1548 5426 1572 5458 ⁹
1596 5425 1636 5476 (Σ
1663 5425 1777 5477 sine
1801 5423 1904 5475 ullo
1931 5423 2228 5488 amfractu.
2304 5425 2347 5458 "
2372 5425 2410 5476 Α

1573 5511 1686 5545 rem
1715 5509 1822 5544 om.
1864 5494 1946 5546 Ω..
2027 5493 2070 5523 ⁸⁸
2096 5511 2194 5547 nm
2223 5511 2342 5547 nam
2371 5494 2410 5547 C

2137 5512 2194 5548 ro
2223 5511 2342 5549 nam
2371 5511 2410 5547 [ι
2442 5511 2562 5547 ηοη.

1734 5511 1822 5544 nn.
1864 5511 1946 5546 ι...
2027 5511 2070 5523 ·ν
2096 5511 2194 5566 pro
2223 5511 2342 5549 nam
2371 5511 2410 5547 ιλ
2442 5511 2562 5547 non.
2664 5511 2675 5524 ·

1728 5562 1772 5592 ²⁶
1801 5562 2041 5615 bonitatis
2074 5582 2179 5618 0m.
2211 5566 2249 5618 Λ
2328 5565 2367 5594 ²¹
2399 5581 2430 5616 a
2479 5579 2585 5615 orn.
2619 5563 2676 5616 (ἶ.

1550 5634 1591 5663 ’⁸
1625 5649 1715 5701 ριν-
1755 5649 1806 5685 se
1837 5650 1941 5686 Ulli.
1977 5633 2039 5684 Α.

2499 5355 2520 5385 ⁵
2544 5353 2723 5412 Corn.
2761 5353 2798 5405 Α
2829 5354 3064 5414 climata,
3095 5351 3135 5404 Β
3167 5351 3380 5402 bimam.
3457 5347 3479 5378 ⁸
3502 5347 3600 5400 hoc
3623 5353 3695 5394 est

2668 5423 2706 5454 “
2740 5425 2776 5476 Δ
2811 5438 2862 5490 p.
2893 5423 3139 5490 seipsttm.
3219 5421 3258 5451 "
3294 5418 3332 5490 ί]
3359 5417 3512 5471 valde
3540 5417 3693 5490 butt".-

2661 5493 2702 5524 "
2734 5481 2904 5558 atticen
2951 5481 3057 5544 om.
3111 5490 3170 5542 Λ.
3283 5485 3386 5558 ¹⁸ᾎ
3433 5501 3546 5538 01η.
3594 5481 3694 5558 di!"

2756 5551 2924 5630 "iper
2953 5578 3004 5612 re
3054 5576 3160 5612 om.
3197 5559 3257 5612 Δ.
3335 5556 3381 5588 ’³
3411 5573 3470 5608 M
3497 5573 3603 5610 om.
3630 5551 3690 5602 λ.

2304 5425 2347 5458 ⁸⁸
2372 5425 2410 5476 .\
2433 5426 2588 5478 enim.
