3912 6154
466 207 561 265 c3!

1841 209 2124 267 JOANNIS
2156 210 2354 269 SCOTI

3624 214 3736 271 σει

463 328 673 379 tioaum
697 336 826 378 vero
853 321 1084 385 collatio,
1100 320 1614 391 proportionatitatis
1639 340 1651 374 :
1677 321 1756 378 sic
1786 323 2038 378 ordinum
2070 328 2113 387 Α
2143 334 2283 379 ctum
2309 324 2584 380 desursum
2627 336 2722 393 est,
2786 324 3100 379 descendens
3162 341 3193 378 a
3242 321 3400 379 Patre
3443 323 3733 379 luminum.

473 410 797 465 naturalium
827 410 1157 472 distributio,
1207 409 1636 479 participationis
1666 425 1883 476 nomen,
1932 413 2044 467 dis-

471 502 819 556 tributionnm
859 515 988 555 vero
1016 499 1304 571 copulatio,
1335 501 1535 555 amoris
1583 501 1846 571 generalis
1891 518 2046 558 acce-

471 593 568 661 pit,
596 590 688 660 qui
710 589 890 643 omnia
930 587 1179 643 ineli‘ab'tli
1226 591 1457 658 quadam
1509 590 1746 645 amicitia
1798 591 1850 646 in
1883 607 2046 645 unum

471 674 691 747 colligit.
723 677 817 731 Est
838 677 1003 747 igitur
1030 678 1398 747 participatior
1424 694 1528 732 non
1556 678 1838 745 cujusdam
1880 682 2049 749 partis

473 767 787 834 assumptio,
819 766 912 820 sed
943 766 1246 821 divinarum
1271 768 1545 821 dationutn
1570 776 1624 821 et
1648 768 1994 823 donationunt
2017 784 2049 823 a

475 873 686 911 smumo
711 873 882 926 usque
926 857 1176 911 deorsum
1198 873 1300 925 per
1334 858 1642 927 superiores
1697 858 1915 913 ordines
1965 859 2049 913 in-

475 944 765 1002 ferioribus
791 946 1120 1000 distributio.
1147 945 1392 1000 Primum
1437 948 1699 1015 siquidem
1736 949 1909 1017 primo
1964 964 2049 1003 or-

476 1036 587 1090 ditti
619 1037 927 1090 immediate
949 1053 976 1088 a
1008 1053 1218 1091 summo
1240 1039 1479 1092 omnium
1516 1038 1656 1094 bono
1696 1048 1749 1094 et
1789 1039 1967 1104 datur,
1999 1050 2054 1095 et

474 1128 739 1190 donatur;
774 1127 921 1181 verbi
971 1129 1161 1197 gratia,
1213 1130 1371 1182 datur
1398 1143 1537 1192 esse,
1568 1129 1798 1184 donatur
1840 1131 1863 1160 ³
1920 1133 2054 1185 bene

476 1234 596 1273 esse
626 1234 639 1272 :
669 1221 781 1288 ipse
816 1234 944 1272 vero
971 1221 1174 1287 primus
1227 1221 1360 1274 ordo
1382 1222 1624 1289 sequenti
1674 1236 1731 1276 se
1783 1218 2056 1276 distribuit

482 1325 604 1362 esse
654 1320 709 1363 et
762 1310 899 1363 bene
946 1325 1098 1375 esse;
1134 1325 1198 1365 ac
1254 1312 1333 1366 sic
1380 1312 1689 1367 distributio
1727 1313 1962 1377 esscndi,
2001 1323 2056 1367 et

478 1397 615 1452 bene
642 1400 875 1461 essendi,
906 1415 936 1453 a
961 1414 1171 1454 summo
1219 1401 1459 1455 omnium
1487 1402 1748 1457 bonorum
1800 1404 2052 1458 datorum

478 1488 560 1541 vel
593 1488 941 1543 donationuut
970 1489 1115 1545 fonte
1138 1493 1399 1561 gradatim
1432 1508 1525 1562 per
1548 1496 1853 1567 superiores
1878 1497 1930 1549 in
1975 1496 2057 1549 in-

482 1579 711 1635 feriores
734 1596 903 1650 usque
925 1582 990 1634 ad
1014 1592 1289 1637 ext-remos
1315 1584 1531 1638 ordines
1572 1583 1772 1639 deﬂuit.
1807 1583 1904 1641 Ubi
1960 1601 2057 1638 no-

2152 411 2323 482 Saepe
2348 423 2525 468 tamen
2547 430 2701 469 sacra
2730 414 3011 482 Scriptura
3040 423 3092 465 et
3122 413 3303 465 datum
3339 429 3433 481 pro
3488 412 3662 472 dono,
3685 422 3737 464 et

2152 503 2351 557 donum
2384 519 2478 572 pro
2525 505 2651 559 dato
2700 504 2834 558 solet
2881 520 3100 571 ponere.
3139 504 3426 557 Sciendum
3484 520 3731 571 quoque,

2153 594 2715 662 virtutemtripliciter
2765 595 3183 663 intelligetulatn.
3215 594 3311 651 Est
3355 595 3498 649 enim
3558 597 3739 648 virtus

2152 680 2521 735 Sttbstantialis
2547 698 2560 744 ;
2589 696 2749 736 omne
2772 699 3006 751 namque
3035 682 3177 752 quod
3206 681 3451 736 subsistit
3495 681 3735 735 naturali

2153 771 2382 839 quadam
2406 772 2651 826 trinitate
2707 771 2973 835 subsistit,
2996 771 3253 834 essentia,
3282 771 3501 835 virtute,
3522 779 3576 824 et
3599 786 3735 840 ope-

2154 863 2382 927 ratione,
2410 863 2475 917 de
2512 865 2708 932 quibus
2731 864 2782 916 in
2835 864 3009 931 primo
3047 861 3179 917 libro
3219 862 3351 916 satis
3400 861 3734 930 disputatum

2154 962 2255 1008 est.
2282 953 2527 1009 Secunda
2563 953 2768 1021 species
2811 953 3028 1006 virtutis
3055 960 3137 1005 est
3164 951 3208 1015 ⁸,
3239 967 3376 1020 quae
3416 959 3617 1020 pugnat
3642 948 3736 1001 ad-

2158 1057 2346 1098 versus
2393 1041 2794 1110 corruptionem
2844 1050 3088 1101 naturae,
3117 1048 3175 1092 ut
3211 1040 3419 1093 sanitas
3470 1040 3735 1092 adversus

2154 1135 2828 1204 acgritudinem,scientia
2874 1144 2928 1188 et
2973 1135 3234 1204 sapientia
3266 1134 3525 1188 adversus
3578 1134 3735 1205 igno-

2159 1227 2389 1281 rantiam
2445 1235 2500 1281 et
2549 1226 2853 1280 stultitiam.
2884 1224 3065 1279 Tertia
3114 1234 3214 1287 est,
3246 1240 3386 1294 quae
3434 1226 3730 1293 opponitur

2160 1316 2416 1380 malitiae,
2447 1325 2506 1370 ut
2561 1316 2841 1371 humilitas
2902 1314 3203 1384 superbiae,
3233 1316 3456 1369 castitas
3502 1314 3731 1366 libidini.

2161 1402 2309 1470 Quae
2347 1404 2559 1474 species
2606 1405 2659 1458 in
2693 1415 2901 1457 tantum
2928 1413 3096 1474 patet,
3121 1406 3171 1458 in
3221 1413 3481 1473 quantum
3533 1403 3736 1456 liberae

2158 1492 2450 1547 voluntatis
2491 1493 2878 1547 irrationabilis
2924 1503 3101 1547 motus
3151 1491 3541 1548 intellectuali’
3570 1505 3728 1545 natu-

2161 1599 2256 1639 rae
2287 1584 2599 1653 porrigitur.
2633 1582 2687 1636 ln
2735 1591 2993 1652 quantum
3017 1583 3159 1637 enim
3215 1581 3416 1635 malitia
3470 1581 3731 1635 vitiorum

481 1669 722 1733 tandum,
753 1669 961 1725 duobus
991 1672 1165 1725 modis
1189 1673 1321 1727 bene
1348 1688 1475 1728 esse
1526 1674 1773 1746 intelligi,
1793 1691 1918 1741 uno,
1950 1690 2056 1745 quo
2091 1669 2131 1726 Β
2161 1675 2369 1745 species
2391 1674 2728 1743 multiplicat,
2751 1674 2801 1728 in
2829 1682 3032 1728 tantum
3054 1674 3265 1728 bonitas
3289 1674 3545 1726 virtutum
3568 1686 3739 1741 oppu-

480 1762 687 1824 omuia,
718 1775 855 1830 quae
889 1772 1034 1829 sunt,
1056 1763 1197 1817 bona
1247 1764 1499 1819 dicuntur
1546 1782 1684 1831 esse,
1729 1768 1983 1836 quoniam
2029 1784 2059 1823 a

482 1871 694 1910 su:an
721 1857 859 1910 bono
894 1856 1030 1912 facta
1053 1867 1197 1923 sunt,
1224 1868 1276 1914 et
1300 1861 1349 1913 in
1375 1870 1577 1915 tantum
1619 1871 1764 1926 sunt,
1791 1862 1842 1916 in
1891 1878 2058 1932 quan-

487 1957 597 2002 tnzu
627 1950 953 2017 participant
1003 1948 1376 2013 bonitatem”;
1423 1953 1595 2006 altero
1651 1962 1828 2007 autem
1856 1953 1896 2017 ³,
1954 1971 2059 2024 quo

484 2037 686 2099 omnia,
733 2053 871 2104 quae
912 2038 1228 2092 naturaliter
1264 2040 1401 2094 bona
1445 2042 1761 2105 subsistunt,
1803 2043 2058 2097 virtutum

482 2125 884 2188 dotationibus,
907 2135 965 2179 ut
988 2141 1171 2180 eorum
1201 2128 1460 2183 naturalis
1488 2130 1698 2184 bonitas
1721 2130 1847 2199 plus
1898 2148 2061 2202 appa-

488 2224 623 2276 reat,
647 2225 998 2270 exornantur.
1028 2214 1292 2283 Quamvis
1317 2218 1460 2272 enim
1492 2220 1726 2273 maxime
1757 2235 1820 2275 ac
1853 2221 2053 2290 princi-

486 2304 682 2373 paliter
709 2304 957 2358 rationali
980 2314 1031 2358 et
1057 2306 1401 2361 intellectuali
1429 2319 1715 2362 creaturae
1753 2311 1892 2363 dona
1938 2326 2061 2380 gra-

484 2396 616 2459 tiae,
641 2410 780 2464 quae
804 2396 1020 2450 virtutis
1049 2397 1309 2451 vocabulo
1330 2398 1504 2452 solent
1529 2400 1849 2467 signiﬁcari,
1880 2401 2058 2455 distri-

487 2485 742 2550 buantur,
775 2485 917 2540 nulla
950 2494 1126 2541 tamen
1160 2496 1471 2542 naturarum
1501 2490 1662 2544 etiam
1695 2502 2057 2546 extremarum

486 2576 780 2631 secundum
852 2591 1004 2630 suam
1096 2578 1498 2645 proportionem
1576 2579 1789 2634 divinae
1859 2582 2062 2649 gratiae

488 2668 920 2737 participationis
958 2684 1150 2738 expers
1177 2685 1295 2725 esse
1350 2671 1659 2725 arbitmnda
1687 2681 1786 2728 est.
1816 2673 1886 2729 Ut
1916 2675 2058 2729 enim

489 2758 668 2811 omnia
695 2758 1014 2827 participant
1041 2760 1354 2825 bonitatem,
1394 2762 1468 2816 ita
1508 2764 1833 2833 participant
1863 2776 1915 2820 et
1945 2782 2063 2836 gra-

490 2847 619 2902 tiam
644 2848 689 2912 ⁸;
718 2847 1011 2904 bonitatem
1038 2851 1266 2920 quidem.
1284 2862 1342 2905 ut
1389 2853 1518 2916 sint,
1549 2854 1779 2924 gratiam
1826 2870 1955 2910 vero
2004 2864 2062 2910 ttt

489 2944 545 2989 et
584 2937 605 2967 '
637 2937 774 2991 bona
824 2947 879 2993 et
935 2939 1155 3009 pulchra
1203 2939 1332 2994 sint.
1384 2939 1645 2997 Similiter
1700 2945 1766 2999 de
1814 2945 1954 3008 vita,
1994 2946 2061 2999 de

2140 1764 2385 1834 ,gnacula
2405 1764 2644 1833 opponit.
2675 1763 2739 1817 Et
2757 1765 3071 1826 notandum,
3100 1765 3240 1833 quod
3271 1763 3609 1833 participatio
3660 1760 3736 1814 si-

2161 1854 2504 1925 gniﬁcantius
2530 1855 2961 1924 expressiusque,
2988 1865 3042 1908 et
3092 1855 3158 1907 ad
3203 1852 3603 1923 intelligendum
3653 1848 3726 1903 fa.

2163 1944 2613 2000 ciliusaGraecis
2662 1944 2985 2007 dicatur,in
3034 1958 3262 2012 quorum
3312 1944 3486 2011 lingua
3530 1952 3735 2013 μετοχὴ

2164 2037 2244 2091 vel
2273 2038 2519 2108 μετουσία
2572 2035 3037 2106 participationem
3087 2034 3372 2103 signiﬁcat,
3404 2044 3601 2111 μετοχή
3638 2055 3731 2093 au-

2166 2138 2270 2184 tem
2329 2130 2482 2200 quasi
2534 2130 2888 2200 μσταὲχουσα,
2947 2128 3048 2181 hoc
3090 2136 3195 2189 est,
3232 2135 3353 2194 post
3396 2127 3608 2182 habens
3649 2128 3730 2183 vel

2163 2219 2400 2273 secundo
2452 2218 2669 2276 balteus,
2700 2220 2946 2286 μετουσία
2987 2230 3199 2284 quoque
3231 2217 3383 2283 quasi
3428 2221 3730 2287 μσταουσὶα,

2164 2310 2266 2365 hoc
2323 2320 2425 2374 est,
2473 2310 2850 2380 post-essentia
2895 2309 2979 2362 vel
3028 2310 3261 2363 secunda
3296 2312 3554 2364 essentia.
3596 2310 3734 2367 Hinc

2161 2396 2415 2451 facillime
2445 2398 2602 2451 datur
2623 2396 2867 2465 intelligi,
2891 2397 3024 2451 nihil
3050 2398 3193 2451 aliud
3222 2413 3344 2452 esse
3365 2400 3732 2468 participatio—

2166 2487 2511 2549 nem,nisiex
2544 2487 2804 2555 superiori
2850 2489 3088 2541 essentia
3135 2489 3403 2542 secundae
3444 2499 3565 2559 post
3609 2504 3729 2544 eam

2164 2577 2428 2631 essentiae
2454 2577 2859 2641 derivationem,
2875 2584 2939 2630 .ct
2958 2575 3027 2629 ab
3052 2590 3138 2639 ea,
3160 2591 3297 2645 quae
3314 2577 3547 2646 primum
3572 2576 3739 2637 habet

2164 2684 2304 2731 esse,
2338 2669 2620 2731 secundae,
2650 2678 2706 2721 ut
2738 2668 2828 2731 sit,
2860 2667 3184 2722 distributio.
3215 2667 3290 2722 Et
3312 2668 3417 2723 hoc
3472 2668 3735 2739 exemplis

2164 2767 2387 2812 naturae
2406 2772 2687 2827 possumus
2714 2758 3095 2827 argumentari.

2235 2847 2287 2901 4.
2326 2847 2599 2916 Siquidem
2638 2863 2714 2903 ex
2743 2848 2888 2902 fonte
2923 2856 3089 2902 totum
3128 2847 3327 2904 ﬂumen
3364 2850 3738 2921 principaliter

2168 2950 2371 3004 ntattat,
2413 2949 2464 2993 ct
2488 2954 2593 3009 per
2621 2937 2737 3005 ejus
2764 2939 2971 2994 alveum
2999 2954 3159 3009 aqua,
3198 2954 3339 3009 quae
3365 2941 3540 3010 prima
3563 2943 3738 3013 surgit

490 3043 673 3093 sensu,
706 3028 773 3083 de
816 3030 1043 3096 ratione,
1075 3032 1141 3084 de
1195 3034 1482 3101 sapientia,
1506 3036 1808 3104 ceterisque
1864 3037 2061 3091 divinis

2170 3029 2223 3082 itt
2259 3028 2419 3090 fonte,
2445 3028 2502 3082 in
2543 3035 3012 3097 quantamcunque
3040 3027 3421 3096 longitudinem
3450 3030 3738 3100 protenda-

493 3119 800 3176 dationibus
865 3131 921 3176 et
983 3122 1361 3177 donationibus
1426 3125 1825 3194 accipiendum;
1875 3128 2061 3182 eodem

491 3210 635 3264 enim
670 3210 826 3266 modo
847 3226 943 3280 per
968 3212 1249 3280 superiora
1278 3213 1624 3270 inferioribus
1649 3217 2061 3282 distribuuntur,

490 3299 545 3353 in
578 3312 837 3368 quantum
877 3303 1215 3370 perveniunt.
1237 3301 1350 3357 Non
1394 3304 1537 3359 enim
1585 3320 1774 3360 omnes
1820 3307 2064 3363 dationes

490 3409 558 3452 us
574 3410 661 3463 lue
682 3397 746 3448 ad
765 3405 1006 3450 extrema
1031 3396 1391 3461 descendunt;
1422 3413 1540 3453 esse
1558 3399 1829 3468 siquidem
1851 3409 1904 3455 et
1931 3401 2067 3456 bene

493 3498 555 3538 es
585 3498 613 3537 e.
640 3485 932 3539 secundum
966 3493 1212 3538 naturam
1236 3501 1408 3555 usque
1432 3487 1498 3540 ad
1530 3496 1830 3542 extremum
1854 3491 2069 3546 univer-

493 3577 673 3632 sitatis
696 3577 944 3631 conditae
968 3577 1326 3641 distribuitur,
1365 3580 1474 3633 vita
1503 3595 1630 3635 vero
1658 3589 1957 3637 extremum
1987 3599 2068 3636 or-

500 3663 680 3720 dinem
714 3681 818 3719 non
866 3666 1105 3737 attingit.
1137 3665 1251 3721 Non
1301 3668 1445 3723 enim
1495 3685 1721 3740 corpora
1753 3688 1847 3742 per
1886 3674 2070 3744 seipsa

496 3761 703 3826 vivunt,
728 3760 809 3814 vel
836 3760 939 3814 vita
962 3770 1112 3830 sunt,
1138 3761 1229 3816 sed
1260 3778 1357 3833 per
1385 3765 1719 3835 superiorem
1742 3781 1802 3822 se
1823 3768 2068 3823 ordinem

495 3851 681 3908 vit-ere
711 3852 1008 3922 recipiunt;
1040 3853 1131 3921 qui
1150 3855 1281 3910 ordo
1309 3856 1361 3911 in
1394 3858 1648 3913 nutritiva
1678 3867 1733 3913 et
1761 3861 1932 3915 activa
1961 3860 2069 3915 vita

490 3941 821 3996 constitutus
841 3952 943 4003 est.
972 3943 1131 4012 inque
1160 3946 1457 4000 seminibus
1497 3947 1665 4017 viget.
1707 3947 1847 4016 Quid
1892 3949 2068 4003 dicam

489 4028 567 4083 de
591 4042 770 4091 sensu,
795 4040 849 4084 et
872 4032 1099 4095 ratione,
1135 4041 1192 4088 et
1230 4034 1546 4090 intellectu?
1572 4035 1771 4105 Nempe
1822 4039 2071 4093 omnibus

487 4128 675 4189 patet,
707 4121 830 4189 quia
859 4136 1051 4177 sensus
1067 4137 1242 4190 usque
1272 4125 1338 4178 ad
1382 4126 1771 4181 irrationabilia
1799 4127 2073 4183 descendit

484 4210 816 4275 animantia,
860 4212 998 4266 ratio
1024 4223 1078 4267 et
1112 4212 1417 4269 intellectus
1453 4215 1795 4269 rationabilia
1836 4223 1891 4270 et
1921 4216 2075 4270 intel-

491 4295 748 4353 tectualia
781 4314 886 4353 non
910 4301 1197 4356 excedunt.
1224 4300 1369 4357 inter
1395 4303 1639 4357 dationes
1666 4312 1846 4357 autem
1883 4312 1948 4359 ~et
1974 4305 2068 4359 do-

492 4388 750 4443 nationes
776 4388 899 4445 talis
927 4388 1226 4446 differentia
1251 4400 1336 4446 est
1370 4409 1383 4445 :
1413 4392 1654 4448 dationes
1692 4392 1907 4460 quidem
1947 4404 2075 4449 sunt

491 4487 558 4533 et
607 4481 861 4534 dicuntur
896 4483 1151 4553 propriae
1198 4484 1624 4547 distributiones,
1657 4484 1856 4553 quibus
1899 4486 2077 4541 omnis

496 4575 702 4622 natura
735 4569 1018 4637 subsistit;
1047 4573 1363 4629 donationes
1391 4588 1521 4628 vero
1568 4576 1775 4642 gratiae
1819 4574 2075 4629 distribu-

493 4655 698 4719 tiones,
742 4657 943 4726 quibus
990 4662 1168 4718 omnis
1220 4672 1413 4718 natura
1458 4664 1756 4719 subsistens
1824 4674 2071 4718 ornatur.

486 4744 685 4815 itaque
742 4756 935 4802 natttra
975 4749 1154 4816 datur,
1212 4753 1443 4807 donatur
1492 4753 1663 4824 gratia
1695 4752 1750 4817 ‘;
1809 4753 2074 4821 siquidem

482 4837 678 4893 omnis
703 4847 949 4894 creatura
978 4841 1210 4911 perfecta
1240 4858 1305 4898 ex
1332 4851 1521 4897 natura
1537 4851 1742 4897 constat
1760 4854 1816 4897 ct
1843 4844 2013 4914 gratia
2030 4844 2072 4897 ⁷.

487 4921 644 4981 tliinc
691 4929 1022 4993 coniicitur,
1070 4946 1286 4987 omnem
1330 4934 1619 4987 essentiam
1673 4932 1892 4997 datum,
1951 4948 2072 4989 ont-

491 5028 627 5069 mem
664 5017 917 5073 virtutem
947 5022 1141 5075 donum
1172 5022 1385 5092 proprie
1405 5023 1608 5077 vocari.
1634 5021 1769 5077 liinc
1810 5021 2075 5091 theologia

500 5103 635 5159 dicit
666 5121 681 5160 :
714 5102 878 5163 Omne
895 5109 1078 5163 datum
1101 5111 1376 5179 optimum,
1402 5121 1450 5164 et
1492 5128 1642 5167 mune
1671 5113 1864 5166 donum
1904 5109 2077 5181 perfe-

2172 3130 2298 3183 tnr,
2358 3134 2570 3188 semper
2631 3129 2697 3172 ac
2755 3117 2870 3173 sine
2915 3118 3019 3173 uiia
3085 3119 3485 3173 intermissione
3547 3118 3737 3174 defua-

2170 3210 2329 3265 ditur.
2367 3208 2457 3263 Sic
2500 3209 2676 3262 divina
2729 3207 2958 3271 bonitas,
3001 3214 3052 3262 et
3105 3210 3357 3273 essentia,
3403 3218 3460 3264 et
3505 3209 3637 3276 vita,
3683 3217 3741 3264 et

2170 3301 2455 3371 sapientia,
2499 3308 2554 3353 et
2592 3299 2795 3365 omnia,
2826 3314 2965 3369 quae
3012 3299 3066 3354 in
3110 3298 3254 3353 fonte
3302 3299 3543 3353 omnium
3591 3311 3738 3367 sunt,

2170 3390 2345 3460 primo
2372 3390 2423 3442 in
2462 3387 2835 3457 primordiales
2883 3403 3075 3442 causas
3108 3386 3364 3452 deﬂuunt,
3403 3398 3459 3442 et
3497 3404 3594 3444 eas
3621 3405 3743 3445 esse

2166 3476 2400 3541 faciunt,
2431 3476 2624 3531 deinde
2650 3490 2745 3545 per
2756 3475 3139 3546 primordiales
3156 3491 3348 3531 causas
3375 3475 3423 3508 ¹⁶
3449 3478 3500 3530 in
3552 3492 3738 3532 earum

2173 3569 2398 3623 elTectus
2420 3567 2668 3621 ineifabili
2701 3573 2859 3621 modo
2878 3584 2973 3638 per
3000 3570 3380 3623 convenientes
3406 3568 3505 3623 sibi
3520 3570 3737 3622 univero

2174 3658 2349 3712 sitatis
2372 3656 2591 3712 ordines
2627 3656 2940 3720 decurrunt,
2982 3670 3082 3726 per
3114 3657 3389 3727 superiora
3427 3672 3641 3728 semper
3674 3656 3740 3711 ad

2175 3748 2429 3803 inferiora
2456 3746 2739 3802 deﬂuentia
2770 3748 2844 3810 4‘,
2884 3747 3185 3816 iterumque
3223 3762 3320 3817 per
3354 3747 3744 3803 secretissimos

2175 3847 2399 3893 naturae
2430 3852 2592 3908 peros
2618 3836 2982 3892 occultiSStmo
3021 3844 3199 3891 meatu
3241 3838 3309 3890 ad
3349 3836 3552 3891 fontem
3589 3852 3741 3891 suum

2176 3927 2420 3983 redeunt.
2470 3926 2600 3982 lude
2664 3927 2810 3981 enim
2867 3926 2909 3957 ³⁸
2958 3934 3043 3980 est
3090 3926 3521 3989 ontne~bonam,
3570 3926 3742 3980 omnia

2176 4020 2436 4085 essentia,
2487 4019 2666 4074 ontnis
2712 4019 2842 4083 vita,
2888 4019 3068 4073 omnis
3105 4033 3315 4081 sensus,
3358 4019 3543 4074 canitis
3587 4019 3741 4084 ratio,

2177 4109 2352 4164 omnis
2382 4109 2670 4179 sapientia,
2707 4123 2868 4164 omne
2880 4123 3083 4178 genus,
3112 4109 3288 4162 omnis
3316 4108 3544 4176 species,
3562 4108 3746 4173 pinnis

2176 4200 2527 4271 pulchritudo
2559 4198 2649 4264 ³³,
2689 4198 2867 4254 omnis
2900 4198 3056 4263 ordo,
3097 4199 3272 4254 omnis
3319 4199 3517 4263 unitas,
3575 4198 3746 4253 omnis

2180 4291 2509 4361 aequalitas,
2556 4292 2733 4347 omnis
2771 4289 3107 4358 dilferentia,
3150 4290 3325 4345 omnis
3367 4289 3537 4353 locus,
3590 4300 3743 4342 omne

2183 4393 2415 4452 tempus,
2444 4391 2499 4437 et
2524 4396 2683 4437 omne
2710 4382 2851 4452 quod
2880 4389 2986 4446 est,
3029 4389 3083 4436 et
3123 4395 3284 4436 omne
3323 4379 3466 4450 quod
3507 4395 3616 4434 non
3642 4386 3743 4444 est,

2177 4485 2233 4532 et
2259 4490 2420 4533 omne
2459 4475 2601 4544 quod
2645 4473 2978 4544 intelligitur,
3021 4481 3076 4527 et
3112 4488 3272 4527 omne
3311 4473 3454 4542 quod
3494 4472 3741 4529 sentitur.

2179 4574 2237 4620 et
2258 4578 2418 4619 omne
2443 4562 2583 4633 quod
2618 4571 2835 4633 superat
2857 4576 3074 4617 sensum
3103 4570 3157 4615 et
3196 4560 3548 4615 intellectum.
3593 4558 3747 4613 Sum-

2180 4670 2302 4711 mae
2329 4655 2591 4724 siquidem
2623 4668 2686 4708 ac
2715 4654 2887 4707 trinae
2916 4652 3184 4721 soliusque
3210 4665 3370 4705 verae
3394 4649 3655 4703 bonitatis
3690 4647 3741 4700 in

2182 4746 2356 4816 seipsa
2402 4745 2751 4800 immutabilis
2795 4753 2974 4798 motus
3020 4753 3077 4798 et
3110 4741 3332 4812 simpqu
3370 4740 3743 4811 multiplicatio

2181 4846 2238 4892 et
2270 4836 2587 4891 inexhausta
2628 4850 2661 4889 a
2693 4835 2892 4904 scipsa,
2920 4835 2974 4887 in
3002 4833 3205 4902 seipsa,
3229 4833 3295 4886 ad
3324 4832 3559 4901 seipsatn
3596 4827 3743 4884 άίίῐυ·

2182 4929 2264 4983 sio
2299 4942 2460 4981 causa
2494 4925 2758 4987 omnium,
2806 4925 2969 4978 immo
3018 4923 3198 4981 omnia
3238 4931 3341 4977 est.
3392 4920 3450 4977 Si
3498 4922 3641 4977 enim
3670 4921 3745 4972 ia.

2188 5016 2433 5071 tellectus
2462 5016 2701 5070 omnium
2740 5023 2825 5069 est
2863 5014 3061 5077 omnia,
3099 5022 3156 5067 et
3200 5014 3311 5084 ipsa
3350 5011 3464 5068 sola
3504 5009 3747 5077 intelligit

2184 5107 2396 5173 omnia;
2442 5106 2552 5176 ipsa
2596 5106 2760 5177 igitur
2807 5104 2919 5160 sola
2958 5112 3047 5159 est
3092 5103 3295 5168 omnia,
3341 5101 3600 5173 quoniam
3636 5096 3745 5154 sola

1782 5284 2034 5342 VAliIAE
2072 5280 2470 5338 LECTIONES.

578 5429 597 5463 ι
619 5419 664 5475 Α
692 5431 739 5474 et
763 5422 921 5475 datur
940 5436 1060 5476 esse
1084 5431 1131 5475 et
1155 5420 1405 5475 donatur.
1482 5423 1503 5454 ’
1523 5422 1568 5477 Α
1594 5423 1747 5478 bona.

578 5429 597 5463 ι
619 5423 664 5475 Δ
692 5431 739 5474 et
763 5423 921 5475 datur
940 5436 1060 5476 esse
1084 5431 1131 5475 et
1155 5423 1405 5475 donatur.
1482 5423 1503 5454 ’
1523 5423 1568 5477 A
1594 5423 1747 5478 bona.
1824 5423 1847 5455 ³
1868 5423 1911 5475 Α
1949 5436 2089 5474 vero.
2169 5427 2188 5446 '
2218 5428 2263 5471 et
2291 5423 2515 5487 gratiam
2546 5431 2592 5469 οι

505 5492 677 5561 oratiu
704 5491 956 5561 donatur,
980 5490 1021 5545 Β
1044 5501 1232 5544 natura
1256 5490 1370 5554 dat,
1391 5492 1560 5561 gratia
1590 5493 1774 5557 donat,
1800 5490 1841 5546 (Σ
1862 5500 2050 5545 natura
2071 5487 2186 5550 dat,
2216 5488 2380 5561 donat
2395 5485 2592 5561 gratia.

2825 5414 2846 5444 '
2869 5424 2915 5467 et
2945 5430 3051 5466 om.
3080 5413 3145 5466 A.
3223 5414 3244 5444 ⁸
3279 5412 3321 5465 Δ
3355 5422 3548 5466 natura
3573 5413 3741 5467 datur.

2169 5427 2188 5446 ⁵
2218 5428 2263 5471 et
2291 5416 2657 5487 gratiamgom.
2688 5413 2748 5487 _C.

2688 5483 2707 5513 ⁷
2736 5482 2776 5537 Α
2799 5483 3051 5550 siquidem
3078 5483 3245 5535 omnis
3274 5491 3531 5550 wgrutta
3551 5496 3655 5536 om.
3680 5481 3741 5533 Α.

494 5538 2774 5630 θ’ὲῖἴὸιῖιῗὸῗῗἱίὲνέὶιῖίιῖεᾱιίὰῑὶι⁷.⁷’δ”ἇρῖτᾶἰὶῖιῖ-ζῖ’ἑῖιίἆὶιὶόιῇζ(Ξζλιὕρνὸρηεηιίη.
2838 5538 3029 5605 ’δεκέτη
3053 5569 3158 5607 ont.
3190 5553 3249 5605 Α.
3318 5538 3426 5604 ιθἈ
3461 5551 3740 5618 plenitudo.
