3912 6154
174 332 265 388 t3:
989 316 1075 382 bs
1111 318 1446 382 ntvt'sm-Nt:
1481 324 1831 385 NATUME.
1871 357 1940 366 —
1974 328 2173 383 LIBER
2215 328 2536 386 manus.
2592 324 2601 330 ‘
3294 332 3396 384 tm

170 432 386 518 gnostlca
430 440 599 497 virtus
634 450 716 496 est
760 441 907 512 lp‘sa‘,
961 456 1120 509 quae,
1171 443 1484 510 priusquam
1537 454 1710 494 essent
1750 446 1790 498 Α
1824 437 1923 495 hoc
1950 453 2053 506 est,
2087 459 2181 513 per
2210 446 2613 500 universitatem
2646 446 2713 499 ab
2755 446 2866 514 ipsa
2920 446 3213 509 conditam,
3258 462 3400 514 qam

169 533 349 597 omnia,
385 531 631 602 cognovit
672 532 875 595 onmia,
921 540 975 584 et
1014 541 1166 586 extra
1210 546 1267 585 se
1316 546 1420 584 non
1465 532 1719 599 cognorit
1824 530 2106 585 inctl‘abilis
2136 531 2399 598 diffusio’
2417 544 2470 587 et
2500 535 2621 588 facit
2646 535 2847 599 omnia,
2876 543 2930 589 et
2956 533 3015 589 fit
3044 536 3096 589 in
3126 538 3399 601 omnilms,
3440 537 3454 591 l
3496 606 3511 622 Ι

166 624 349 687 omnia.
373 624 498 692 quia
526 632 677 678 extra
700 636 822 675 eam
868 621 1002 674 nihil
1027 630 1132 684 est,
1163 622 1253 675 sed
1287 621 1424 673 intra
1466 636 1523 673 se
1560 620 1719 674 habet

167 716 346 771 omnia.
371 714 554 769 Ambit
594 715 735 767 enim
772 714 977 776 omnia,
1005 724 1061 767 et
1104 714 1237 768 nihil
1280 714 1420 766 intra
1450 728 1507 767 se
1533 722 1637 775 est,
1667 713 1717 766 in

164 818 405 879 quantum
450 823 574 861 vere
622 816 728 870 est,
774 806 876 859 nisi
927 805 1063 873 ipsa,
1111 804 1236 872 quia
1286 803 1397 858 sola
1448 818 1573 857 vere
1612 812 1714 856 est.

164 900 335 955 Cetera
372 906 416 960 ι.
478 912 616 966 quae
661 897 916 951 dicuntur
956 911 1099 959 esse,
1146 896 1313 964 ipsius
1364 894 1718 970 theophaniae

163 999 291 1053 sum,
319 1003 459 1058 quae
471 989 633 1041 etiam
658 988 709 1040 in
738 987 851 1056 ipsa
875 1001 1002 1041 vere
1023 986 1341 1040 subsistunt.
1369 984 1510 1037 Deus
1536 984 1719 1052 itaque

164 1088 449 1137 est'omnc,
484 1078 624 1147 quod
667 1091 789 1131 vere
817 1086 919 1136 est,
950 1078 1204 1144 quoniam
1232 1078 1344 1143 ipse
1372 1074 1715 1138 facitomnia,

164 1182 207 1225 et
230 1173 281 1224 tit
306 1169 356 1223 in
395 1168 670 1228 omnibus,
705 1177 765 1220 ut
804 1167 881 1220 ait
921 1175 1139 1220 sanctus
1170 1164 1455 1233 Dionysius
1482 1163 1720 1232 Areopa-

162 1264 272 1331 gita.
299 1259 472 1315 Omne
504 1274 732 1327 namque
764 1257 808 1323 ³,
858 1257 1001 1326 quod
1040 1256 1356 1324 intelligitur
1382 1263 1437 1309 et
1466 1255 1719 1318 sentitur,

164 1352 277 1407 nihil
304 1352 448 1404 aliud
473 1358 574 1412 est,
607 1349 707 1403 nisi
738 1364 842 1404 non
875 1348 1185 1418 apparentis
1209 1346 1492 1415 apparitio,
1523 1345 1717 1399 occulti

166 1442 532 1505 manifestatio,
579 1439 756 1511 negati
806 1436 1114 1500 affirmatio,
1166 1434 1722 1504 incomprehensibilis

163 1533 575 1603 comprehensio,
628 1527 914 1583 ineffabilis
962 1528 1104 1581 fatus
1135 1566 1150 1590 ,
1196 1526 1586 1581 inaccessibilis
1634 1542 1722 1579 ac-

160 1640 341 1679 cessus.
378 1619 792 1689 inintelligihilis
838 1617 1158 1679 intellectus,
1206 1616 1563 1685 incorporalis
1603 1632 1723 1669 cor—

163 1727 267 1782 pus,
292 1709 760 1779 superessentialis
788 1708 1045 1773 essentia,
1096 1706 1342 1761 informis
1381 1705 1576 1770 forma,
1622 1707 1721 1759 im-

1822 631 1870 674 et
1917 625 2095 677 omnia
2153 634 2253 677 est.
2319 627 2462 679 Disc.
2516 625 2798 680 Snﬂieiunt
2844 642 3013 690 sane,
3080 635 3133 680 et
3186 628 3404 696 cupio-‘e

1821 712 2065 777 alllunnt,
2095 714 2145 766 in
2177 726 2435 782 quantttnt
2471 731 2554 769 res
2582 714 2866 769 ittelfaliilis
2891 717 3213 784 quibusdam
3250 717 3400 769 Sl'ill-

1821 803 2132 857 litudinibus
2179 804 2275 858 fari
2327 813 2496 873 potesl
2528 846 2542 867 ,
2593 807 2719 859 dunt
2767 806 2914 859 omni
2960 806 3005 844 ¹⁹
3054 806 3404 861 similitudine

1821 902 2024 945 remota
2070 893 2159 946 sit.
2208 893 2484 947 Praedicta
2533 895 2795 963 siquidem
2861 895 3190 958 similitudo,
3240 910 3400 965 quam

1818 988 2044 1056 exempli
2076 991 2246 1058 gratia
2289 989 2357 1041 ab
2385 988 2657 1042 intellectu
2690 997 2876 1042 nostro
2922 988 2965 1022 ’ί
3014 988 3319 1057 suscepisti.
3348 986 3403 1044 in

1821 1077 1921 1131 hoc
1950 1077 2149 1141 deficit,
2194 1086 2246 1129 ut
2278 1078 2487 1145 opinor,
2540 1078 2607 1131 ab
2649 1090 2731 1137 at,
2778 1075 2931 1143 cujus
2978 1076 3272 1131 similitudo
3299 1085 3406 1143 est,

1821 1167 1960 1236 quod
1992 1166 2313 1228 intellectus,
2343 1174 2398 1217 ut
2423 1165 2579 1228 dicis,
2613 1165 2852 1218 vehicula
2888 1165 2997 1225 illa,
3025 1166 3079 1218 in
3105 1166 3301 1234 quibus
3326 1164 3395 1221 ad

1822 1255 2047 1309 a‘liorum
2071 1271 2260 1309 sensus
2289 1255 2577 1317 invehitur,
2596 1256 2663 1308 de
2693 1256 2917 1308 ntateria
2939 1264 3093 1309 extra
3118 1271 3176 1309 se
3221 1265 3404 1311 creata

1823 1355 1877 1400 et
1930 1344 2076 1407 facit,
2133 1353 2188 1399 et
2242 1346 2501 1414 suscipit;
2547 1347 2724 1400 divina
2766 1361 2893 1401 vero
2945 1346 3188 1409 bonitas,
3243 1356 3398 1401 extra

1825 1452 1987 1505 quam
2047 1437 2178 1491 nihil
2218 1447 2321 1501 est,
2366 1453 2470 1491 non
2519 1438 2585 1491 de
2647 1438 2827 1506 aliquo
2876 1439 3229 1507 apparitionis
3275 1452 3409 1495 suae

1826 1529 2106 1582 materiam
2131 1530 2384 1598 sumpsit,
2416 1530 2507 1582 sed
2535 1529 2600 1581 de
2627 1528 2813 1581 nihilo.

1895 1608 1945 1671 5.
1991 1618 2094 1672 Sed
2133 1634 2254 1671 cum
2296 1620 2478 1682 audio,
2521 1618 2602 1673 vel
2651 1619 2790 1678 dico,
2833 1618 3069 1670 divinam
3111 1617 3407 1671 bonitatem

1826 1709 2008 1762 omnia
2038 1710 2104 1761 de
2147 1708 2310 1762 nihilo
2347 1724 2586 1771 creasse,
2629 1724 2733 1761 non
2764 1706 3022 1769 intelligo,
3047 1707 3174 1775 qttid
3220 1721 3285 1760 eo
3314 1720 3409 1759 no-

163 1780 522 1854 ntcnsurahilis
585 1812 882 1860 mensura,
943 1793 1352 1849 innumerabilis
1419 1809 1715 1856 numerus,

1824 1799 1988 1861 mine,
2019 1800 2160 1868 quod
2184 1809 2267 1853 est
2299 1799 2428 1852 nihil
2456 1800 2521 1853 de
2549 1798 2714 1852 nihilo
2743 1798 2806 1859 ι’,
2835 1797 3192 1867 significatur,
3227 1806 3404 1850 utrum

162 1890 376 1943 carentis
423 1885 664 1957 pondere
708 1883 957 1955 pondus,
1011 1883 1309 1952 spiritualis
1356 1883 1715 1947 incrassatio,

161 1979 428 2035 invisibilis
482 1977 805 2041 visibilitas,
868 1975 1093 2030 illocalis
1140 1975 1428 2039 localtas,
1483 1975 1718 2029 carentis

162 2076 378 2139 tempore
430 2066 817 2137 temporalitas,
868 2065 1061 2119 inﬁniti
1104 2064 1378 2129 definitio,
1428 2064 1718 2118 incircum-

163 2159 326 2229 scripti
373 2158 834 2228 circumscriptio,
880 2167 934 2211 et
971 2168 1172 2221 cetera,
1215 2171 1353 2225 quae
1392 2172 1527 2226 puro
1563 2156 1722 2210 intel-

159 2250 279 2305 lectu
302 2258 354 2304 et
383 2249 717 2318 cogitantur,
758 2262 814 2304 et
858 2247 1278 2318 perspiciuntur,
1325 2258 1381 2302 et
1421 2264 1561 2318 quae
1607 2264 1719 2305 me-

160 2338 341 2394 moriae
363 2336 567 2393 ﬁnibus
580 2337 698 2409 capi
722 2337 988 2401 nesciunt,
1012 2348 1067 2391 et
1086 2338 1464 2393 mentisaciem
1489 2338 1717 2410 fttgiunt.

160 2431 220 2489 Et
257 2435 355 2490 hoc
398 2433 666 2502 exemplis
710 2440 927 2488 nostrae
966 2442 1192 2487 naturae
1229 2447 1514 2501 possumus
1555 2432 1721 2487 confl-

158 2539 284 2582 cere.
309 2523 445 2580 Nam
475 2533 533 2580 et
571 2534 752 2579 noster
780 2523 1107 2589 intellectus,
1139 2539 1262 2579 cum
1311 2540 1409 2594 per
1442 2540 1501 2580 se
1536 2527 1605 2579 sit
1640 2526 1722 2580 iu-

161 2616 366 2672 visibilis
396 2624 456 2670 et
484 2612 1060 2682 incomprehensibilis,
1099 2613 1270 2684 signis
1300 2623 1477 2668 tamen
1503 2614 1721 2683 quibus-

161 2704 267 2759 dam
289 2713 344 2759 et
371 2701 753 2758 manifestatur
794 2709 850 2755 et
888 2702 1381 2772 comprehenditur,
1421 2701 1547 2756 dum
1578 2702 1722 2757 voci-

159 2792 247 2848 bus
282 2792 366 2847 vel
405 2791 588 2846 literis
625 2789 712 2846 vel
750 2789 873 2845 aliis
909 2789 1149 2855 nutibus,
1188 2790 1352 2844 veluti
1400 2791 1721 2860 quibusdam

160 2885 459 2955 corporibus
501 2884 855 2948 incrassatur,
884 2892 938 2939 et
978 2882 1105 2937 dum
1134 2886 1214 2938 sic
1249 2884 1589 2939 extrinsecus
1623 2900 1721 2954 ap-

157 2983 295 3042 paret
340 2974 397 3040 ‘,
448 2988 667 3044 semper
709 2972 1034 3028 intrinsecus
1085 2974 1368 3030 invisibilis
1419 2985 1719 3043 permanet,

161 3063 373 3135 dumque
401 3065 460 3119 in
491 3065 667 3118 varias
694 3062 893 3132 ﬁguras
932 3064 1180 3119 sensibus
1211 3064 1722 3135 comprehensibiles

1821 1892 2053 1960 privatio
2100 1892 2263 1946 totius
2297 1891 2585 1954 essentiae,
2633 1888 2717 1942 vel
2757 1887 3111 1951 substantiae,
3145 1886 3228 1940 vcl
3265 1885 3408 1941 acci-

1822 1981 2020 2042 dentis,
2061 1997 2127 2033 an
2176 1980 2389 2033 divinae
2437 1977 3004 2047 superessentialitatis
3064 1975 3409 2030 excellentia.

1823 2069 1960 2125 MAG.
1990 2068 2107 2123 Non
2151 2069 2305 2125 facile
2344 2070 2742 2133 concesserim,
2783 2069 3018 2122 divinam
3050 2080 3400 2136 superessen—

1824 2162 2104 2217 tialitatem
2154 2163 2287 2217 nihil
2319 2178 2438 2218 esse
2476 2162 2541 2227 1³,
2593 2162 2674 2217 vel
2707 2161 2796 2216 tali
2841 2161 3055 2216 nomine
3092 2161 3408 2231 privatiouis

1820 2266 1979 2322 posse
2008 2252 2210 2306 vocari.
2240 2250 2496 2318 Quamvis
2518 2253 2660 2306 enim
2697 2268 2727 2305 a
2769 2250 3030 2320 theologis
3059 2252 3269 2305 dicatur
3299 2266 3406 2305 non

1820 2356 1961 2406 esse,
1993 2357 2099 2396 non
2134 2357 2255 2396 eam
2280 2350 2458 2395 tamen
2489 2342 2620 2395 nihil
2650 2355 2770 2395 esse
2813 2341 3063 2404 suadent,
3105 2340 3198 2394 sed
3249 2340 3401 2412 plus-

1821 2446 1983 2501 quam
2022 2445 2164 2485 esse.
2210 2429 2490 2495 Quomodo
2536 2431 2678 2482 enim
2726 2445 2887 2483 causa
2935 2428 3177 2482 omnium
3210 2468 3225 2494 ,
3267 2443 3409 2498 quae

1822 2529 1966 2583 sunt,
2001 2521 2142 2575 nulla
2168 2520 2398 2576 essentia
2439 2520 2827 2589 intelligeretur
2851 2533 2991 2581 esse,
3030 2534 3151 2573 cum
3200 2535 3398 2586 omnia,

1823 2625 1965 2679 quae
1994 2617 2140 2673 sunt,
2171 2624 2290 2664 eam
2316 2624 2441 2664 vere
2467 2626 2586 2665 esse
2616 2612 2842 2665 doceant
2860 2651 2873 2669 .
2920 2609 3066 2664 nullo
3091 2624 3219 2665 vero
3246 2624 3397 2681 argu-

1823 2711 2007 2757 mento
2037 2717 2249 2766 eorum,
2281 2716 2421 2772 quae
2456 2711 2602 2767 sunt,
2631 2701 2971 2772 intelligitur,
3014 2700 3142 2771 quid
3189 2700 3303 2754 sit?
3347 2698 3407 2756 Si

1825 2793 1989 2862 igitur
2010 2774 2237 2862 propter
2263 2789 2586 2847 ineffabilem
2617 2790 2993 2846 excellentiam
3023 2799 3077 2843 et
3104 2792 3403 2862 incompre-

1823 2883 2140 2939 hensibilcm
2196 2883 2516 2937 infinitatem
2574 2881 2751 2936 divina
2810 2889 3003 2935 natura
3053 2882 3250 2935 dicitur
3297 2897 3402 2935 non

1822 2988 1959 3036 esse,
1991 2973 2228 3042 nunquid
2276 2971 2323 3013 ιδ
2371 2973 2636 3042 sequitur,
2665 2973 2885 3027 omnino
2926 2971 3056 3025 nihil
3092 2986 3235 3034 esse,
3281 2972 3406 3026 dum

1826 3079 1930 3117 non
1961 3061 2119 3116 aliam
2145 3061 2213 3116 ob
2244 3078 2462 3116 causam
2502 3061 2844 3131 praedicetur
2875 3077 2980 3114 non
3010 3076 3149 3127 esse,
3178 3061 3271 3116 sed
3318 3076 3408 3116 su-

162 3153 375 3219 prosilil,
403 3167 624 3221 semper
651 3159 852 3206 statum
882 3166 1012 3208 suae
1044 3163 1268 3208 naturae
1303 3155 1718 3223 incontprehen-
1749 3128 1794 3189 ε
1824 3152 2226 3221 peressentialis
2251 3151 2317 3216 ",
2354 3152 2457 3206 nisi
2493 3151 2634 3220 quod
2677 3151 2728 3205 in
2760 3164 2984 3204 numero
3029 3165 3238 3214 eorum,
3266 3166 3407 3222 quae

160 3243 355 3299 sibilem
394 3261 506 3300 non
550 3244 797 3310 deserit,
834 3255 889 3301 et
932 3246 1247 3316 priusquam
1289 3247 1531 3300 exterius
1573 3254 1722 3315 pate-

161 3329 319 3388 factus
364 3334 480 3397 fiat,
520 3336 662 3391 intra
700 3339 973 3409 'seipsum
1005 3339 1243 3408 seipsum
1280 3345 1477 3390 movet.
1522 3338 1598 3390 Ac
1628 3351 1724 3406 per

162 3420 251 3476 hoc
276 3432 328 3477 et
349 3424 497 3488 silet,
528 3435 583 3480 et
605 3427 831 3492 clamat;
855 3437 910 3481 et
930 3428 1054 3481 dum
1083 3426 1224 3488 silet,
1249 3425 1487 3490 clamat;
1516 3435 1571 3479 et
1596 3426 1720 3478 dum

163 3502 361 3577 clamat,
391 3515 553 3580 silet;
584 3525 638 3569 et
675 3516 958 3572 invisibilis
982 3517 1212 3581 videtur,
1240 3524 1297 3570 et
1330 3516 1456 3568 dum
1489 3514 1719 3579 videtur,

164 3599 431 3660 invisibilis
459 3613 578 3671 est;
617 3616 673 3660 et
704 3606 1199 3677 incircumscriptus
1236 3604 1720 3668 circumscribitur,

164 3700 213 3746 et
245 3692 368 3749 dum
415 3696 903 3759 circumscribitur,
947 3695 1443 3766 incircumscriptus
1475 3706 1725 3764 perseve-

163 3793 268 3851 rat;
294 3795 350 3840 et
392 3785 525 3841 dum
565 3786 699 3853 vult,
743 3788 966 3842 vocibus
1009 3796 1065 3842 et
1103 3787 1273 3841 literis
1313 3787 1721 3854 incorporatur;

162 3881 209 3929 et
230 3875 349 3931 dum
372 3877 770 3947 incorporatur,
792 3878 1140 3948 incorporeus
1164 3877 1217 3931 in
1244 3878 1422 3945 seipso
1444 3875 1720 3940 subsistit;

160 3972 208 4017 et
230 3956 351 4020 dum
369 3966 475 4021 sibi
503 3966 669 4020 veluti
694 3968 956 4035 quaedam
982 3966 1245 4029 vehicula,
1270 3964 1467 4034 quibus
1495 3965 1561 4017 ad
1592 3964 1724 4019 alio-

161 4066 267 4107 rum
314 4070 511 4111 sensus
535 4057 709 4126 possit
737 4056 956 4126 provehi
1000 4055 1044 4122 ‘,
1077 4057 1143 4109 de
1192 4055 1331 4108 aeris
1360 4055 1605 4119 materia,
1638 4052 1722 4107 vel

162 4144 504 4200 sensibilibus
540 4145 730 4216 figuris
758 4143 939 4209 eﬂicit,
974 4162 1120 4209 mox,
1165 4154 1224 4198 nt
1252 4145 1317 4198 ad
1359 4160 1549 4200 sensus
1574 4150 1726 4198 exle-

160 4230 319 4287 riores
365 4248 556 4288 eorum
597 4234 938 4303 pervenerit,
1001 4235 1114 4302 ipsa
1157 4232 1401 4287 vehicula
1447 4233 1722 4297 deserens,

159 4317 291 4374 solus
317 4334 416 4389 per
442 4322 678 4391 seipsum
703 4323 997 4385 absolutus,
1039 4323 1225 4375 intima
1256 4322 1417 4375 corda
1454 4330 1721 4390 penetrat,

160 4406 372 4479 aliisque
418 4410 782 4465 intellectibus
836 4426 894 4466 se
934 4413 1144 4475 miscet,
1184 4420 1238 4464 et
1285 4410 1341 4464 lit
1387 4427 1549 4464 unum
1597 4427 1719 4465 cum

161 4494 255 4563 bis,
290 4502 492 4572 quibus
516 4501 813 4571 copulatur.
864 4501 929 4555 Et
976 4518 1097 4557 cum
1133 4504 1233 4556 hoc
1258 4502 1277 4533 '
1312 4510 1550 4571 peragat,
1582 4517 1723 4556 sem-

161 4601 245 4653 per
271 4592 325 4645 in
348 4593 535 4663 seipso
564 4600 775 4658 manet;
817 4601 871 4645 et
898 4594 1023 4647 dum
1052 4602 1320 4658 movetur,
1348 4601 1487 4657 stat;
1514 4602 1567 4647 et
1593 4594 1721 4647 dum

160 4680 275 4744 ttat,
305 4692 593 4746 movetur;
634 4692 717 4736 est
760 4683 903 4735 enim
955 4692 1129 4738 status
1175 4683 1405 4747 mobilis,
1448 4692 1501 4737 et
1548 4694 1723 4738 motus

162 4770 387 4840 stabilis;
433 4783 491 4829 et
538 4776 664 4829 dum
705 4774 826 4830 aliis
856 4773 1180 4847 adiungitur,
1224 4793 1375 4832 suam
1408 4778 1719 4848 simplicitav

162 4866 255 4915 tem
282 4878 391 4918 non
420 4862 708 4933 relinquit;
757 4873 811 4918 et
835 4866 1000 4921 multa
1068 4868 1196 4933 alia,
1227 4882 1364 4937 quae
1406 4870 1723 4924 mirabiliter

159 4961 206 5005 et
246 4954 598 5010 ineﬂabiliter
641 4957 706 5011 de
753 4969 966 5023 natura,
1017 4975 1153 5028 quae
1196 4962 1263 5015 ad
1292 4962 1579 5031 imaginem
1626 4962 1722 5017 Dei

158 5041 287 5100 facta
326 5054 434 5112 est,
472 5047 770 5118 excogitari
810 5059 1034 5118 possunt
1061 5050 1104 5102 ⁸.
1152 5049 1256 5103 Sed
1290 5052 1421 5104 haec
1474 5052 1721 5121 exemplo

157 5132 423 5193 sufﬁciunt
452 5138 521 5191 ad
551 5138 925 5193 insinuandam
958 5140 1167 5193 divinae
1190 5141 1444 5194 bonitatis
1477 5142 1724 5197 inell‘abi-

160 5224 253 5279 lem
273 5223 618 5282 diﬂ'usionem
643 5242 741 5296 per
760 5228 936 5281 omnia
965 5244 994 5282 a
1025 5244 1233 5283 summo
1257 5246 1425 5299 usque
1448 5233 1718 5299 deorsum,

1821 3251 1967 3307 sunt,
2018 3241 2289 3296 numerari
2343 3255 2462 3297 eam
2497 3240 2543 3279 ⁸⁸
2570 3255 2699 3294 vera
2746 3256 2851 3295 non
2900 3240 3029 3293 sinit
3075 3240 3232 3303 ratio,
3279 3239 3408 3294 dum

1821 3348 1987 3400 super
2016 3332 2221 3393 oumia,
2250 3346 2387 3401 quae
2435 3339 2561 3385 sunt
2588 3339 2643 3384 et
2680 3343 2819 3398 quae
2861 3344 2967 3383 non
2998 3335 3144 3394 sunt,
3178 3343 3299 3383 esse
3327 3329 3409 3383 in-

1825 3424 2111 3491 telligatur.
2162 3424 2308 3477 DISC.
2355 3423 2492 3489 Quid
2540 3437 2669 3491 ergo
2712 3420 3027 3488 intelligam,
3069 3434 3290 3489 quaeso,
3345 3428 3397 3474 te

1822 3516 2069 3576 audiens,
2103 3513 2269 3567 Deum
2309 3515 2373 3568 de
2403 3512 2569 3567 nihilo
2594 3512 2799 3578 omnia,
2828 3525 2968 3580 quae
2997 3519 3142 3575 sunt,
3173 3509 3405 3565 fecisse?

1823 3603 1961 3658 MAG.
2012 3603 2253 3670 lntcllige
2303 3617 2370 3658 ex
2426 3619 2529 3656 non
2576 3601 2932 3657 existentibus
2972 3601 3257 3655 existentia
3311 3615 3409 3671 per

1821 3695 2077 3748 virtutem
2106 3693 2148 3725 ⁸⁷
2174 3693 2431 3748 bonitatis
2465 3693 2676 3746 divinae
2718 3691 2856 3746 facta
2900 3691 3082 3745 fuisse.
3111 3691 3184 3744 Ea
3234 3693 3400 3751 enim.

1823 3800 1961 3856 quae
1990 3799 2095 3838 non
2134 3792 2310 3846 erant,
2339 3790 2662 3851 acceperunt
2689 3796 2809 3835 esse
2843 3782 2908 3836 de
2934 3780 3123 3835 nihilo.
3161 3780 3403 3850 Namque

1823 3873 1966 3929 facta
1996 3881 2144 3938 sunt,
2172 3873 2297 3941 quia
2336 3886 2443 3925 non
2494 3881 2670 3936 erant,
2711 3870 3025 3940 priusquam
3069 3868 3277 3926 flerent.
3328 3871 3406 3926 lio

1823 3978 2059 4035 namque
2102 3962 2381 4024 vocabulo,
2422 3960 2567 4031 quod
2618 3969 2702 4015 est
2762 3960 3024 4025 nihilum,
3070 3976 3176 4015 non
3225 3961 3403 4029 aliqua

1825 4056 2077 4112 materies
2116 4055 2456 4123 existimatur
2501 4052 2565 4117 ’³,
2594 4066 2698 4103 non
2741 4064 2904 4104 causa
2952 4048 3216 4119 quaedam
3264 4049 3406 4104 exis-

1826 4149 2074 4213 tentium,
2107 4163 2212 4203 non
2238 4146 2343 4200 ulla
2385 4143 2661 4215 processio
2696 4156 2789 4197 seu
2830 4142 3065 4206 occasio,
3108 4155 3267 4210 quam
3312 4155 3403 4193 se-

1825 4246 2084 4309 queretur
2116 4251 2329 4300 eorum,
2379 4248 2516 4304 quae
2558 4241 2703 4298 sunt,
2746 4232 3005 4296 conditio,
3053 4246 3158 4286 non
3205 4231 3403 4299 aliquid

1824 4329 1935 4385 Deo
1965 4326 2316 4384 coesseutiale
2353 4334 2407 4380 et
2438 4334 2808 4385 coaeternnm,
2836 4335 3010 4390 neque
3049 4329 3203 4376 extra
3238 4321 3406 4375 Deum

1824 4437 1922 4489 per
1949 4435 2008 4475 se
2035 4420 2354 4481 subsistens,
2386 4430 2478 4470 seu
2519 4413 2588 4468 ab
2627 4413 2827 4480 aliquo,
2870 4412 3013 4467 unde
3056 4411 3200 4465 Deus
3238 4411 3405 4467 veluti

1825 4510 2104 4565 materiem
2134 4507 2401 4577 quandam
2446 4503 2815 4558 fabricationis
2861 4502 3043 4555 mundi
3079 4503 3401 4572 susceperit,

1825 4601 2154 4673 significari;
2196 4599 2289 4654 sed
2326 4596 2545 4652 omnino
2576 4595 2741 4672 totius
2785 4591 3052 4648 essentiae
3081 4593 3404 4662 privatiouis

1826 4706 2021 4747 nomen
2067 4701 2204 4754 erat,
2244 4689 2328 4754 'ct,
2381 4697 2440 4741 ut
2482 4685 2662 4740 verius
2714 4684 2911 4748 dicam,
2961 4682 3278 4738 vocabulum
3323 4693 3406 4737 est

1826 4783 2070 4839 absentia
2099 4782 2263 4835 totius
2290 4779 2557 4835 essentiae
2586 4777 2649 4830 ".
2692 4775 2926 4830 Privatio
2954 4775 3098 4829 enim
3138 4774 3406 4829 habitudi-

1827 4877 1913 4931 nis
1939 4885 2024 4929 est
2046 4870 2263 4929 ablatio.
2294 4871 2574 4939 Quomodo
2607 4877 2809 4932 autem,
2846 4864 3092 4921 fortassis
3117 4866 3237 4937 quis
3258 4866 3407 4921 dist-.-

1830 4967 1898 5021 rit
1939 4965 2005 5032 ’°,
2060 4973 2266 5034 poterat
2311 4960 2423 5015 fieri
2481 4958 2523 4992 ³⁸
2576 4956 2836 5027 privatio,
2890 4956 3202 5026 priusquam
3254 4954 3407 5010 fieret

1826 5056 2077 5114 habitus?
2101 5052 2287 5108 Nullus
2307 5051 2449 5107 enim
2478 5048 2693 5103 habitus
2715 5055 2855 5111 erat,
2886 5054 3176 5115 antequam
3199 5045 3400 5109 omnia,

1826 5160 1965 5216 quae
2012 5152 2165 5206 sunt,
2216 5140 2586 5196 habitudinem
2645 5134 3024 5189 subsistentiae
3075 5132 3397 5201 acciperent.
3450 5140 3459 5145 ‘

1829 5237 1973 5292 Disc.
2001 5234 2081 5289 Eo
2121 5234 2285 5304 igitur
2319 5231 2556 5292 nomine,
2602 5225 2746 5293 quod
2783 5234 2866 5280 est
2902 5223 3151 5289 nihilum,
3191 5223 3403 5293 negatio

1417 5344 1666 5402 VARIAE
1703 5345 2081 5403 LECTIONES

222 5434 240 5465 ⁸
292 5432 341 5503 ᾼ
378 5439 559 5503 cetera
590 5430 750 5503 _e_m'm_
784 5434 835 5503 j
888 5429 932 5503 Δ
981 5432 1288 5503 estneque.
1369 5436 1390 5469 ³
1426 5436 1469 5490 Α
1504 5437 1660 5491 enim.

155 5500 239 5554 ’Δ
288 5501 442 5554 haec.
512 5501 534 5533 ⁸
586 5496 678 5555 Sic
723 5498 833 5556 AC.
907 5502 931 5535 ⁸
968 5499 1010 5556 C
1047 5496 1253 5557 divisio.

155 5586 259 5624 ων
311 5583 431 5640 om.
478 5569 539 5625 ϐ.
599 5567 663 5640 *⁸⁵
716 5584 817 5640 pro
858 5571 1110 5640 numquid
1159 5572 1203 5626 C
1245 5576 1392 5629 nihil.

155 5654 241 5707 per
299 5639 543 5693 virtutem
584 5637 627 5694 C
696 5637 900 5693 virtute.
981 5637 1028 5673 "
1063 5641 1393 5701 existimatur
1429 5660 1534 5701 om.
1585 5646 1649 5699 Δ.

157 5708 341 5761 dixerit
385 5720 491 5762 om.
522 5709 587 5764 Δ.
665 5710 709 5742 ³⁸
738 5708 784 5763 Α
808 5707 926 5777 ﬁeri
954 5718 1171 5779 poterat.
1462 5740 1465 5743 η

1740 5434 1762 5468 ⁵
1801 5444 2015 5505 apparet
2072 5449 2179 5488 om.
2225 5430 2289 5486 Α.

1334 5507 1377 5538 ¹⁶
1429 5507 1472 5560 Α
1511 5507 1574 5559 alo
1614 5505 1782 5560 omni.

1472 5577 1516 5609 "
1559 5575 1740 5639 Corn;
1776 5573 1908 5630 ABG
1967 5573 2201 5641 superior
2258 5568 2569 5641 (nuntietis.

1726 5628 1768 5680 ³⁸
1800 5628 1987 5700 nemo
2030 5628 2146 5697 ἱνα(
2183 5669 2258 5686 --
2287 5640 2541 5697 nuntia:
2595 5650 2704 5691 om.
2756 5628 2817 5682 Co

2365 5429 2502 5485 'Sic
2549 5426 2636 5491 C;
2678 5424 2722 5477 Α
2766 5428 2938 5476 θείω.
3014 5420 3035 5452 ⁸
3066 5419 3124 5491 Ἀ
3172 5420 3399 5491 pernici.

2463 5501 2507 5535 ι’
2553 5485 2633 5551 Δι’
2680 5492 2843 5547 nihilo
2898 5504 3007 5544 om.
3054 5486 3115 5543 C.
3174 5485 3236 5519 7"
3272 5486 3405 5542 nihil

2463 5568 2569 5613 πιίι-
2669 5563 2713 5597 ﬂ
2755 5575 2873 5612 eam
2918 5571 3025 5611 om.
3078 5555 3142 5610 Α.
3222 5556 3269 5597 ¹⁷ς
3293 5556 3404 5613 Pro

2896 5626 2943 5661 "
2974 5625 3212 5696 fortassis
3283 5629 3404 5700 quia

1861 5501 1902 5536 η
1948 5514 2124 5559 nostro
2156 5518 2265 5557 om.
2312 5501 2375 5556 Α.
