3912 6154
504 305 606 359 εἶτΞὶ

1864 284 2144 337 ειςὲᾹἺΝἷὲ
2188 283 2379 337 SliiiTl

3640 291 3733 344 635

505 431 662 485 atque
688 410 928 467 absentia
953 409 1114 464 totius
1134 400 1401 461 essentiae
1427 388 1505 452 rei
1531 400 1884 460 substantiae,
1913 400 2075 449 immo
2107 409 2147 458 Α
2181 400 2451 465 praecedit
2483 405 2660 449 cmma
2685 441 2695 459 ,
2732 415 2869 469 quae
2904 402 2953 452 in
2991 417 3049 453 ea
3070 444 3081 461 ,
3118 410 3170 455 e1
3202 412 3296 470 ῖιοι·
3326 418 3478 467 eam,
3508 415 3560 458 et
3586 407 3650 459 ab
3677 422 3733 459 ca

504 510 669 561 etiam
699 513 1041 562 cunctorum,
1064 512 1201 566 quae
1226 497 1277 549 in
1309 504 1495 547 natura
1523 508 1701 545 rerum
1728 501 1903 545 creata
1929 499 2073 548 sunt,

506 599 849 651 insinuantur
903 591 941 643 ⁸.
1014 587 1153 643 MAG.
1211 587 1285 640 ita
1337 592 1453 647 est,
1526 593 1583 634 ut
1636 582 1887 634 arbitror.
1945 580 2074 631 Nam

503 702 674 755 paene
713 692 734 724 ²
781 695 971 736 Omnes
1035 692 1223 732 sacrae
1270 673 1583 742 Scripturae
1625 671 1957 739 expositoi'es
2026 670 2075 721 in

504 779 604 832 hoc
630 772 992 837 consentiunt,
1029 768 1169 836 quod
1203 766 1446 817 conditor
1475 762 1756 814 universae
1797 766 2078 813 creaturae

504 887 608 924 non
642 870 705 921 de
736 867 942 935 aliquo,
993 863 1085 917 sed
1117 861 1182 915 de
1220 859 1440 913 oumino
1498 854 1686 925 nihilo,
1728 867 2078 920 quaeeorique

504 959 672 1011 voluit
717 958 850 1017 fieri,
902 954 1050 1007 fecit.
1112 951 1252 1004 Dtsc.
1310 945 1525 1000 Nebulis
1581 943 1731 996 valde
1780 942 2077 996 tenebrosis

496 1050 884 1116 cogitationum
946 1058 1187 1098 mearum
1250 1039 1483 1106 undique
1539 1036 1772 1088 cinctum
1821 1050 1906 1087 me
1960 1044 2079 1086 esse

500 1141 693 1191 sentio.
748 1140 801 1189 In
837 1136 1031 1189 talibus
1059 1132 1078 1163 ³
1109 1132 1355 1199 equidem
1387 1126 1459 1180 nil
1515 1126 1640 1179 mihi
1685 1134 1941 1184 remanet,
1976 1123 2076 1175 nisi

500 1231 611 1283 sola
639 1230 788 1291 fides,
816 1242 976 1295 quam
1002 1233 1310 1276 sanctorum
1337 1209 1555 1273 Patrum
1583 1218 1743 1270 tradit
1764 1218 2075 1268 auctoritas.

502 1319 638 1372 Dum
682 1334 809 1368 \cro
861 1317 927 1366 de
980 1314 1082 1375 bis,
1133 1326 1270 1379 quae
1314 1310 1425 1361 sola
1470 1308 1571 1360 fide
1616 1308 1837 1368 retineo,
1881 1304 2078 1373 aliquid

499 1421 668 1459 conor
707 1406 771 1456 ad
818 1418 1007 1471 purum
1054 1400 1438 1469 intelligentiae
1470 1397 1707 1451 habitum
1752 1397 2077 1465 perspicere,

503 1495 819 1565 fugientia:
851 1508 935 1544 me
971 1491 1439 1544 subtil.ssiniartttu
1484 1488 1750 1540 rationum
1787 1486 1949 1538 nimia
1979 1486 2079 1539 ob-

502 1589 780 1641 scuritate.
814 1586 978 1637 immo
1009 1584 1170 1635 etiam
1202 1582 1363 1633 nimia
1394 1579 1657 1641 claritate,
1682 1577 1851 1630 aciem
1886 1576 2081 1629 mentis

500 1676 837 1745 rcpct'cnlsus
883 1671 905 1701 ³⁵
976 1672 1220 1738 repellor.
1291 1670 1424 1721 Mm.
1493 1669 1669 1729 Dicas,
1712 1680 1934 1736 quaeso,
1989 1665 2075 1718 ubi

2180 489 2475 541 subsistant
2505 506 2517 549 ;
2553 506 2735 542 eorum
2772 508 3003 563 namque
3033 512 3193 548 causa
3226 507 3326 550 est.
3364 498 3493 553 llinc
3523 500 3731 555 coltlici-

2181 585 2285 635 tnr,
2324 577 2373 628 in
2406 576 2579 630 Piiil'in
2605 581 2860 646 sapientia
2895 586 3070 636 onitiia
3103 596 3319 638 aeterna
3351 602 3501 649 esse,
3535 606 3634 642 non
3663 600 3736 641 la-

2181 680 2299 717 men
2333 667 2376 719 ei
2412 679 2712 722 mactet-na.
2742 670 2878 726 Μλῦ.
2917 673 3057 726 Haec
3080 676 3458 745 "jazmlntlum
3488 679 3621 732 inter
3646 696 3735 735 nos

2180 756 2444 813 discussa.
2466 770 2520 811 ct
2550 761 2614 810 ad
2644 762 3013 815 Inconcussum
3042 782 3109 817 un
3130 768 3234 817 ntis
3260 767 3497 821 habitum
3525 769 3733 824 deducta

2180 856 2307 898 Sunt
2334 845 2376 876 ⁸⁸
2404 862 2528 899 vera
2562 850 2767 901 ratione
2790 890 2805 914 ,
2835 869 3218 921 sarr'oratntpte
3252 853 3470 908 Patrum
3507 858 3732 910 testimo-

2181 936 2282 988 niis
2319 937 2370 989 in
2401 938 2500 991 hoc
2518 943 3007 996 tonsc‘ntientibns.
3046 944 3186 998 Dtsc.
3218 946 3262 985 3°
3296 946 3431 998 Num
3464 949 3639 1016 itaque
3665 950 3733 1002 vi-

2178 1026 2291 1087 des,
2310 1032 2574 1094 quodnon
2603 1031 2868 1084 innuerito
2894 1046 3195 1092 n.0\‘c0t',ct
3217 1037 3625 1090 :uhetsantibus
3642 1040 3731 1093 sibi

2181 1116 2408 1169 inritent
2442 1119 2771 1172 ditetsarum
2806 1126 3189 1190 cogitationum
3230 1128 3480 1180 fluctibus
3518 1129 3733 1181 altidori

2180 1204 2313 1257 Nam
2343 1212 2611 1276 quomodo
2638 1213 2767 1264 bace
2800 1214 2899 1265 sibi
2930 1215 3156 1267 invicem
3180 1220 3467 1271 conrcnire
3494 1221 3733 1288 possunt?

2182 1298 2237 1350 Si
2267 1302 2475 1362 omina,
2509 1317 2648 1369 quae
2678 1313 2824 1363 sunt,
2857 1305 2907 1355 in
2943 1307 3204 1373 Sapientia
3241 1311 3505 1361 crcatt‘ice
3530 1323 3729 1363 aeterna

2179 1395 2335 1450 sunt,
2365 1391 2633 1454 qmuuodo
2660 1392 2725 1443 de
2755 1390 2921 1445 nihilo
2948 1404 3072 1445 sunt
3102 1393 3278 1447 facta?
3302 1399 3581 1461 Qnommlo
3602 1401 3727 1450 enim

2179 1485 2356 1543 potest
2384 1488 2662 1529 aeterntun
2694 1492 2812 1532 esse
2833 1520 2847 1543 ,
2880 1485 3019 1549 quod
3050 1483 3360 1551 priusquam
3405 1488 3593 1547 fieret,
3636 1500 3727 1538 non

2179 1567 2341 1620 erat?
2391 1569 2522 1620 Et"
2555 1573 2695 1639 quod
2745 1572 2931 1642 incipit
2978 1589 3097 1628 eSse
3144 1575 3194 1627 in
3241 1585 3480 1645 tempore
3528 1588 3582 1630 et
3622 1596 3727 1633 cum

2183 1666 2447 1725 tempore,
2477 1663 2744 1726 quomodo
2771 1674 2944 1730 potest
2966 1679 3088 1717 esse
3117 1666 3167 1718 in
3196 1670 3554 1722 auernitate?
3579 1669 3728 1725 Omne

501 1782 641 1818 nutu:
678 1764 936 1825 haesitas,
959 1770 1013 1815 et
1052 1762 1178 1830 quid
1217 1770 1269 1813 te
1310 1769 1513 1812 tanturn
1563 1760 1857 1828 perturbat,
1906 1767 1958 1809 ιιι
2010 1756 2074 1809 ad

2181 1747 2441 1815 siquidem
2470 1751 2806 1805 aeternitatis
2835 1755 3103 1824 particeps
3133 1772 3230 1808 nec
3262 1757 3450 1826 itu-ipit
3471 1774 3619 1821 esse,
3642 1774 3727 1813 nec

500 1858 705 1910 nullum
741 1870 903 1923 purae
941 1853 1325 1921 inteliigentiae
1365 1850 1605 1903 habitum
1651 1848 1850 1911 valeas,
1879 1854 1935 1899 ut
1974 1847 2073 1909 ais,

499 1948 800 2017 perm-nire,
873 1954 964 1995 aut
1038 1944 1126 1995 ubi
1188 1951 1370 1993 nostra
1440 1938 1780 1991 ratiocinatio
1838 1935 2075 1999 vacillat,

501 2038 714 2107 quando
740 2048 789 2088 tc
818 2037 882 2087 ad
909 2033 1106 2086 nullam
1137 2040 1340 2085 certam
1374 2029 1736 2082 definitionem
1792 2040 2077 2094 rerumque

496 2130 859 2200 cognitionem
894 2135 1067 2196 potest
1098 2124 1385 2176 adducere.
1435 2123 1578 2175 Dtsc.
1605 2120 1997 2190 Magnanimum
2028 2130 2077 2172 te

498 2228 639 2281 esse,
666 2233 921 2284 meaeque
947 2215 1215 2269 tarditatis
1252 2212 1482 2265 morulas
1518 2211 1782 2281 patienter
1815 2212 2078 2263 sustinere

497 2312 729 2382 postulo.
770 2309 1103 2364 Crediderim
1152 2322 1403 2373 namque,
1457 2306 1552 2357 bas
1600 2319 1776 2357 rerum
1829 2304 2079 2356 tenuissi-

499 2418 616 2455 mas
665 2401 1039 2469 inquisitiones
1068 2398 1230 2450 etiaui
1266 2393 1648 2464 perfectiorum
1683 2409 1768 2447 me
1803 2393 2077 2447 interiori-

513 2509 608 2548 )us
636 2493 804 2545 oculis
845 2506 947 2544 non
989 2499 1096 2542 tam
1141 2487 1296 2539 facile
1345 2487 1615 2540 lucescere
1640 2523 1655 2548 ,
1708 2495 1763 2536 ut
1796 2482 2076 2537 confestim

498 2585 567 2636 ad
593 2582 804 2636 firmum
829 2580 991 2632 animi
1009 2578 1244 2631 babituzn
1273 2579 1474 2645 possint
1500 2576 1813 2634 adbacrcre,
1838 2589 2082 2642 praescr-

502 2676 598 2727 tim
628 2677 753 2725 dmn
784 2687 850 2725 ex
882 2672 985 2731 bis,
1035 2685 1173 2738 quae
1214 2670 1472 2721 hactenus
1503 2668 1641 2719 inter
1672 2680 1768 2717 nos
1794 2665 1814 2696 '
1846 2663 1957 2733 jam
1987 2665 2081 2717 du-

498 2766 623 2817 dum
670 2763 691 2794 ⁶
732 2763 891 2815 veluti
954 2760 1019 2813 ad
1069 2760 1326 2828 liquidum
1379 2760 1634 2827 perducta
1689 2756 1709 2786 '
1752 2765 1899 2818 sttttt,
1945 2755 2079 2809 haec

497 2857 630 2910 milii
662 2870 802 2908 nunc
840 2856 1067 2905 obscura
1113 2852 1361 2904 vi.:cntur
1412 2850 1602 2916 ingeri.
1650 2848 1964 2902 Confectum
1995 2856 2079 2901 est

496 2948 641 3000 enim
690 2946 830 2998 inter
874 2958 971 2996 nos
1015 2944 1079 2997 de
1121 2941 1563 3011 primordialibus
1611 2954 1788 2991 rerum
1836 2938 2077 2991 onmium

494 3038 698 3097 causis,
752 3037 892 3107 quod
934 3034 957 3067 ⁸
993 3051 1021 3086 a
1055 3033 1216 3086 Patre
1264 3034 1312 3085 in
1347 3033 1509 3087 verbo
1536 3047 1632 3085 suo
1677 3031 1935 3101 ingenito,
1975 3030 2077 3085 hoc

495 3140 601 3191 εει,
632 3130 683 3180 in
714 3143 809 3180 sua
836 3125 1095 3194 sapientia
1117 3135 1170 3178 et
1194 3124 1213 3154 °
1237 3123 1395 3177 simul
1422 3133 1476 3176 et
1504 3122 1667 3176 semel
1690 3132 1817 3177 sunt
1836 3132 2078 3175 aeterna-

498 3218 625 3273 liter
667 3221 827 3283 facta,
888 3219 958 3270 ita
1008 3225 1085 3279 ut,
1140 3216 1588 3284 quemmtmodnm
1640 3213 1753 3283 ipsa
1816 3212 2076 3282 sapientia

499 3311 673 3362 [atris
701 3320 917 3361 acterna
948 3308 987 3335 '°
1016 3315 1118 3365 est,
1162 3320 1365 3370 suoque
1391 3304 1532 3356 l’atri
1580 3312 1884 3365 coaeterna,
1916 3303 1994 3355 sic
2037 3303 2077 3332 ”

496 3398 660 3449 etiam
693 3404 907 3455 cuncta,
938 3408 1074 3462 quae
1106 3395 1156 3444 in
1187 3407 1246 3445 ea
1288 3399 1331 3429 η
1356 3392 1497 3443 facta
1528 3398 1675 3454 sunt,
1702 3399 1917 3443 aeterna
1951 3391 2077 3454 sint,

497 3504 565 3536 eo
612 3494 856 3551 excepto,
894 3484 1117 3552 quodin
1169 3485 1282 3550 ipso
1329 3484 1508 3535 omnia
1556 3481 1697 3535 facta
1736 3491 1890 3544 sunt;
1940 3495 2079 3550 quae

500 3590 607 3629 non
654 3584 734 3627 est
775 3576 934 3633 facta,
986 3572 1078 3626 sed
1123 3574 1325 3641 genita,
1363 3583 1417 3623 et
1452 3571 1667 3624 facti-ix.
1719 3570 1993 3639 Siquidem
2024 3571 2077 3626 in

501 3667 779 3721 cendenda
824 3664 1110 3715 nuirersali
1160 3671 1407 3715 creatura
1454 3665 1594 3716 sicut
1632 3677 1738 3715 una
1784 3664 2079 3730 eademque

496 3767 582 3809 est
614 3754 655 3786 ¹⁸
684 3754 856 3807 Patris
887 3764 932 3806 ct
965 3752 1082 3805 Filii
1107 3751 1372 3814 voluntas,
1418 3752 1489 3805 ita
1522 3768 1624 3805 una
1655 3753 1949 3822 eademque
1995 3760 2079 3806 est

500 3846 765 3914 operatio.
800 3842 855 3897 in
884 3841 1317 3910 primordialilms
1343 3841 1523 3908 itaque
1548 3842 1661 3895 suis
1692 3842 1869 3895 causis
1896 3842 2076 3895 omnia

499 3935 556 3989 in
596 3935 855 4004 sapientia
902 3932 1076 3985 Patris
1114 3941 1331 3983 aeterna
1378 3941 1524 3994 sunt,
1574 3946 1678 3984 non
1724 3940 1902 3984 tamen
1942 3931 1989 3985 ei
2033 3929 2078 3961 ⁸⁸

498 4036 806 4080 (antet‘na.
842 4022 1123 4077 Praecedit
1165 4022 1306 4076 enim
1367 4037 1531 4076 causa
1571 4019 1791 4077 effectus
1812 4037 1956 4076 suos.
2008 4016 2077 4077 Ut

498 4117 646 4171 enim
685 4115 983 4169 intellectus
1014 4114 1235 4168 artificis
1262 4114 1393 4167 artis
1425 4114 1751 4168 intellectum
1779 4114 2072 4182 praecedit,

499 4206 802 4262 intellectus
830 4214 1006 4258 autem
1032 4204 1165 4257 artis
1201 4204 1471 4271 praecedit
1503 4202 1832 4256 intellectum
1864 4217 2072 4267 eorum,

501 4314 638 4368 quae
669 4298 720 4351 in
745 4314 808 4350 ea
836 4307 889 4349 et
923 4312 1017 4367 per
1046 4312 1163 4349 eam
1194 4297 1328 4349 linnt
1355 4295 1422 4355 “'.
1459 4295 1529 4347 ita
1564 4293 1864 4349 intellectus
1898 4282 2075 4348 Patris

496 4390 722 4443 artificis
749 4388 1076 4441 intellectum
1106 4402 1237 4441 suae
1267 4386 1419 4448 artis,
1441 4386 1543 4440 lioc
1573 4393 1675 4447 est,
1705 4400 1833 4438 suae
1860 4384 2072 4454 sapien-

501 4481 625 4540 tiae,
660 4480 709 4533 in
745 4494 847 4545 qua
895 4478 1131 4532 condidit
1174 4478 1374 4540 omnia,
1422 4475 1709 4530 antecedit.
1762 4473 1959 4527 Deinde
1988 4474 2071 4527 in-

501 4568 767 4622 tellectual
816 4569 980 4636 ipsius
1021 4569 1151 4620 artis
1192 4568 1452 4627 omnium,
1500 4581 1639 4635 quae
1677 4565 1729 4618 in
1776 4578 1838 4618 ca
1880 4573 1934 4617 ct
1976 4579 2072 4633 per

496 4673 617 4710 eam
659 4656 797 4709 facta
841 4665 983 4720 sunt,
1029 4657 1271 4725 sequitur
1310 4656 1541 4725 cognitio
1573 4654 1637 4707 “.
1680 4651 1851 4711 Omne
1898 4653 2070 4722 siqui-

498 4748 643 4808 dem,
684 4745 827 4815 quod
870 4760 995 4798 vera
1036 4747 1170 4798 ratio
1216 4759 1432 4813 quoquo
1475 4745 1633 4797 modo
1678 4738 2065 4814 praecessionis

497 4834 818 4902 praecedere
857 4830 900 4863 ⁸⁷
949 4834 1173 4896 invenit,
1204 4832 1356 4901 juxta
1404 4831 1700 4885 naturalem
1733 4846 2065 4899 consequen-

498 4923 627 4975 tiam
677 4922 1000 4991 praecedere
1047 4937 1266 4976 necesse
1310 4929 1411 4976 est.
1462 4921 1539 4973 Ac
1584 4934 1682 4990 per
1724 4921 1824 4973 hoc
1868 4918 2059 4973 artifex

494 5010 734 5063 nomium
768 5009 907 5064 Deus
935 5009 1093 5064 Pater
1116 5010 1411 5065 secundum
1437 5024 1652 5063 causam
1700 5018 1870 5062 artem
1909 5023 2060 5062 suam

472 5086 797 5171 praecedit;
822 5099 1014 5154 artifex
1041 5100 1304 5169 siquidem
1327 5115 1488 5155 causa
1512 5114 1641 5154 suae
1670 5099 1803 5153 artis
1830 5108 1942 5162 est,
1972 5113 2061 5163 ars

495 5201 674 5247 autem
721 5192 803 5247 sui
850 5192 1076 5246 artiﬁcis
1118 5207 1220 5246 non
1261 5201 1345 5247 est
1393 5206 1591 5258 causa;
1646 5193 1755 5262 ipsa
1802 5207 1930 5248 vero
1973 5208 2061 5247 ars

2105 3088 2149 3149 (ἶ

2179 1836 2394 1888 desiuit.
2429 1836 2577 1903 Quod
2610 1851 2789 1893 autem
2823 1858 2928 1895 non
2967 1848 3117 1909 erat,
3146 1858 3199 1898 et
3239 1847 3421 1917 incipit
3461 1864 3616 1914 esse,
3648 1867 3729 1904 ne-

2179 1928 2418 1981 ccssario
2471 1931 2680 1982 desinet
2726 1936 2877 1997 csSe,
2924 1938 3064 2003 quod
3112 1938 3212 1989 est.
3269 1936 3441 1993 Omne
3484 1956 3725 2010 namque,

2178 2018 2319 2083 quod
2356 2018 2507 2070 initio
2548 2034 2650 2071 non
2687 2033 2867 2085 calet,
2910 2025 3014 2077 fine
3052 2032 3238 2080 carere
3275 2032 3379 2081 non
3411 2024 3599 2098 potest.
3628 2032 3728 2088 Non

2179 2104 2393 2158 invenio
2444 2107 2652 2175 itaque,
2703 2113 2970 2179 quomodo
3017 2115 3147 2167 haec
3202 2118 3303 2170 sibi
3361 2120 3588 2174 invicem
3634 2137 3724 2176 non

2183 2206 2529 2266 oppugnant,
2571 2208 2672 2266 qna
2713 2202 2918 2252 ratione
2954 2209 3009 2255 et
3046 2205 3228 2257 uiittiia
3268 2208 3319 2259 in
3355 2210 3611 2277 sapientia
3648 2212 3725 2263 Dei

2179 2297 2397 2337 aeterna
2424 2297 2578 2349 sunt,
2606 2299 2660 2341 et
2686 2290 2750 2341 de
2776 2291 2940 2343 nlbilo
2967 2292 3104 2345 facta
3125 2334 3139 2357 ,
3167 2296 3268 2348 hoc
3290 2309 3374 2348 est
3396 2338 3408 2360 ,
3439 2315 3487 2367 pi
3505 2301 3728 2367 iusqnaui

2179 2374 2394 2440 fierent,
2428 2394 2531 2430 non
2562 2388 2736 2432 erant.
2768 2381 2879 2435 Nisi
2914 2383 3050 2438 forte
3067 2388 3728 2459 quisdica't,primordialcs

2179 2478 2361 2517 rerum
2397 2468 2637 2521 omnium
2690 2486 2881 2525 causas
2916 2474 2967 2526 in
3028 2477 3139 2542 sapi
3166 2480 3290 2529 ‘utia
3327 2479 3502 2535 Patris
3539 2500 3729 2550 semper

2180 2568 2298 2607 esse
2335 2566 2585 2609 aeternas
2610 2597 2624 2619 ,
2663 2559 2942 2614 informem
2977 2578 3103 2617 vero
3136 2570 3412 2620 materiem
3435 2609 3448 2631 ,
3482 2570 3533 2623 in
3563 2588 3654 2637 qua
3683 2579 3729 2624 et

2179 2658 2277 2712 per
2304 2660 2460 2711 quam
2494 2645 2544 2698 in
2580 2648 2799 2701 effectos
2832 2666 2955 2703 suos
2986 2666 3080 2719 per
3108 2656 3509 2721 generationem
3548 2673 3727 2725 prore-

2180 2737 2334 2787 niunt
2362 2735 2412 2787 in
2446 2751 2641 2805 genera
2682 2747 2736 2791 et
2776 2743 3017 2809 species,
3059 2744 3255 2812 quibus
3296 2749 3522 2800 mundus
3567 2749 3729 2817 imple-

2182 2834 2289 2888 tur,
2322 2836 2599 2880 aeternam
2634 2845 2736 2882 non
2776 2844 2914 2884 esse.
2955 2832 3060 2887 Sed
3099 2836 3345 2905 quisquis
3385 2840 3481 2892 hoc
3516 2842 3729 2903 dixerit,

2179 2926 2399 2984 cogetur
2424 2915 2613 2981 fateri,
2645 2922 2925 2975 materiam
2953 2926 3016 2975 de
3043 2924 3211 2978 nihilo
3237 2926 3434 2978 factam
3462 2930 3732 2981 causaliter

2180 3007 2322 3062 intra
2359 3020 2609 3065 aeternas
2648 3027 2830 3067 rerum
2871 3029 3059 3069 CHUSHS
3093 3033 3196 3070 llOll
3236 3016 3729 3075 conuumerandam.

2180 3096 2247 3150 Et
2295 3099 2338 3151 si
2391 3100 2492 3153 hoc
2535 3103 2899 3166 conccsSerit,
2950 3109 3257 3161 neerssariu
3305 3111 3647 3166 concludetur
3682 3118 3730 3165 et

2178 3197 2400 3254 cogetur
2425 3190 2583 3251 dare,
2616 3208 2721 3245 non
2748 3195 2926 3248 omnia
2946 3234 2962 3261 ,
2991 3197 3082 3251 Sed
3113 3201 3377 3266 quaedam
3409 3202 3458 3254 in
3485 3203 3728 3272 sapientia

2178 3277 2353 3333 Patris
2388 3290 2607 3334 aeterna
2645 3298 2781 3338 esse.
2825 3284 3102 3341 Materiem
3138 3300 3319 3343 antem
3366 3291 3644 3346 informem
3682 3294 3729 3347 in

2178 3383 2402 3423 numero
2426 3372 2664 3426 omnium
2687 3415 2701 3439 ,
2729 3390 2867 3443 quae
2891 3392 2923 3430 ο
2956 3378 3063 3432 Deo
3089 3379 3229 3433 facta
3257 3390 3384 3435 Sunt
3412 3386 3463 3436 in
3487 3384 3731 3454 sapientia

2178 3476 2271 3515 sua
2291 3502 2306 3528 ,
2335 3472 2709 3523 commnierari
2735 3512 2750 3536 ,
2782 3489 2938 3529 nemo
2967 3488 3111 3531 recte
3142 3478 3621 3548 pliilosoiitiantimu
3645 3482 3730 3534 ab-

2179 3555 2403 3622 negarit.
2445 3557 2722 3624 Quomodo
2771 3565 2913 3618 enim
2962 3583 3138 3621 rerum
3188 3573 3430 3625 omnium
3479 3587 3663 3627 causas
3682 3564 3729 3623 in

2179 3639 2357 3697 Verbo
2384 3646 2473 3700 Dei
2502 3653 2850 3707 aelernaliter
2874 3656 3116 3710 conditas
3136 3674 3274 3721 esse,
3309 3659 3586 3714 informem
3614 3673 3724 3713 vero

2178 3736 2455 3789 materiem
2505 3754 2600 3792 sua
2648 3756 2809 3797 causa
2860 3761 3048 3800 carere
3091 3749 3212 3816 quis
3260 3761 3437 3819 potest
3472 3753 3725 3815 dicere".

2176 3828 2395 3882 omnino
2439 3846 2544 3884 non
2586 3833 2814 3903 reperio.
2855 3836 3082 3891 l‘roiude
3113 3839 3180 3902 ⁸³,
3212 3840 3254 3892 si
3296 3841 3349 3894 in
3381 3857 3601 3895 numero
3625 3840 3728 3894 uni-

2177 3921 2449 3976 versitatis
2478 3926 2728 3979 conditae
2771 3930 2992 3982 materia
3024 3932 3394 3998 concluditur,
3441 3934 3728 3989 necessario

2155 4017 2436 4083 sequitur,
2462 4027 2521 4071 ut
2549 4020 2713 4088 ipsius
2737 4036 2897 4075 causa
2926 4040 2989 4076 ex
3020 4041 3243 4080 numero
3265 4042 3543 4080 causarum
3569 4037 3729 4081 aeter-

2177 4103 2377 4159 naliter
2406 4106 2457 4159 in
2506 4110 2767 4175 sapientia
2810 4107 2901 4165 Dei
2933 4123 3235 4169 creatarnm
3270 4131 3374 4169 non
3405 4117 3724 4171 excludatur.

2175 4184 2314 4248 MAG.
2342 4197 2416 4248 De.
2440 4194 2655 4251 informi
2686 4203 2911 4254 materia
2930 4241 2944 4266 ,
2970 4218 3130 4271 quam
3155 4202 3347 4258 Graeci
3372 4204 3489 4264 ὕλην
3510 4211 3721 4266 vocant,

2176 4283 2353 4338 nullos
2381 4286 2431 4337 in
2459 4302 2610 4340 sacra
2642 4287 2919 4357 Scriptura
2947 4294 3366 4347 exercitatorum
3386 4332 3401 4357 ,
3429 4290 3721 4347 naturarum

2174 4372 2532 4428 c'bnditionem
2559 4386 2701 4430 recta
2728 4380 2933 4434 ratione
2956 4382 3321 4445 considerans,
3340 4383 3721 4453 ambigit,qnod

2174 4480 2202 4517 a
2232 4466 2505 4521 conditore
2528 4469 2765 4529 omnium
2805 4481 2859 4524 et
2891 4471 3179 4527 causaliter
3219 4476 3359 4529 inter
3385 4478 3648 4537 causales,
3675 4482 3723 4527 et

2173 4555 2315 4608 inter
2336 4571 2620 4613 causarum
2648 4560 2870 4615 effectus
2896 4566 3189 4619 secundum
3216 4582 3341 4621 suas
3368 4568 3723 4638 preportioues

2173 4646 2388 4733 condita
2428 4650 2517 4702 sit.
2549 4649 2648 4716 Qui
2678 4652 2820 4706 enim
2856 4654 2980 4710 fecit
3013 4658 3267 4710 mundum
3300 4660 3364 4713 de
3396 4662 3613 4713 materia
3645 4659 3767 4733 inv,

2174 4724 2366 4801 formi,
2400 4740 2512 4807 ipse
2536 4738 2659 4795 fecit
2692 4742 2972 4798 informem
3005 4748 3285 4801 materiem
3319 4750 3386 4803 de
3413 4752 3627 4803 omnino
3650 4747 3721 4801 ni-

2170 4825 2301 4891 hilo,
2332 4829 2595 4898 siquidem
2624 4847 2728 4886 non
2760 4832 2896 4887 alius
2924 4843 3007 4889 est
3037 4851 3224 4891 aIIClOI‘
3259 4839 3443 4892 mundi
3476 4842 3540 4893 de
3564 4838 3718 4891 infor-

2170 4918 2240 4970 mi
2274 4921 2495 4973 materia
2523 4919 2685 4986 facti,
2708 4932 2760 4976 et
2788 4925 2925 4978 alius
2949 4925 3118 4994 ipsius
3143 4929 3404 4982 materiae
3430 4927 3496 4982 de
3515 4927 3722 4983 omnino

2170 5006 2336 5060 nihilo
2363 5009 2513 5077 prius
2544 5020 2789 5077 creatae,
2832 5014 2925 5067 sed
2974 5031 3114 5069 unus
3153 5026 3315 5085 atque
3362 5019 3501 5070 idem
3535 5015 3723 5071 utrius-

2167 5110 2272 5163 que
2314 5106 2395 5149 εει
2437 5097 2703 5162 co‘nditor,
2744 5103 2999 5170 quoniam
3024 5104 3098 5158 ab
3127 5120 3232 5158 uno
3264 5104 3528 5176 principio
3552 5103 3719 5159 omnia

2168 5201 2306 5256 quae
2337 5199 2488 5247 sunt.
2522 5192 2633 5243 sive
2664 5191 2910 5245 informia
2933 5233 2946 5257 ,
2981 5194 3094 5248 sive
3125 5192 3352 5251 formata
3375 5236 3388 5257 ,
3420 5195 3719 5267 procedunt.

1786 5327 1865 5383 VA
1877 5328 2034 5383 ΜΔΕ
2068 5329 2459 5384 LECTIONES.

1347 5440 1367 5473 ²
1400 5443 1454 5496 In
1486 5442 1677 5495 talibus
1711 5456 1819 5495 om.
1856 5442 1920 5494 Α.

1491 5511 1511 5542 ⁸
1540 5522 1587 5565 et
1636 5526 1744 5565 om.
1778 5513 1842 5567 Δ.

567 5451 585 5484 ι
620 5443 657 5497 Δ
682 5445 999 5498 insinuatur.
1078 5451 1098 5479 ²
1127 5440 1167 5495 Α
1195 5452 1268 5495 ει.

493 5512 516 5548 ⁹
555 5513 592 5567 Α
625 5518 895 5584 producta.
967 5514 991 5544 ⁸
1019 5514 1155 5584 quod
1182 5527 1298 5584 om.
1350 5512 1412 5565 Α.

494 5596 600 5653 qm.
626 5579 691 5634 VC.
770 5584 813 5614 "
847 5584 888 5637 Δ
922 5579 1071 5653 ﬁant.
1151 5583 1195 5613 ¹⁶
1233 5584 1467 5650 sequitur
1530 5582 1753 5653 cognitio
1805 5595 1923 5653 ιιιῐι.Δ
1953 5579 2013 5653 C‘.

497 5648 541 5687 θ’
570 5661 686 5701 sunt
714 5667 817 5706 om.
854 5653 914 5705 Α.

1998 5440 2021 5471 ⁸
2049 5440 2092 5495 C
2129 5441 2417 5511 perculsus.

1922 5510 1964 5541 η
1986 5509 2027 5565 C
2061 5513 2280 5563 essentia
2307 5522 2406 5565 est.

2013 5522 2027 5563 ἱ
2061 5522 2280 5563 essentia
2307 5522 2406 5565 est.
2483 5522 2524 5547 ¹¹
2549 5522 2587 5563 Α
2627 5522 2722 5561 ιτα.
2800 5522 2844 5548 ¹¹
2870 5522 2904 5562 Α

2013 5634 2023 5661 ι
2091 5580 2136 5613 ¹¹
2162 5580 2206 5632 Α
2237 5582 2616 5661 prec-assignas"
2636 5582 2930 5661 procedere.

992 5652 1035 5683 ’θ
1062 5653 1204 5706 Dtsc.
1236 5647 1343 5705 om.
1379 5655 1418 5705 A
1494 5654 1534 5689 ³¹
1568 5647 1609 5703 Ᾱ
1640 5661 1749 5704 aut.
1824 5651 1869 5685 ¹¹
1896 5650 1940 5701 Α
1971 5647 2138 5706 dicere
2162 5659 2345 5719 potest.
2422 5650 2471 5685 ”
2496 5650 2537 5702 Α
2571 5647 2819 5704 Perinde.

3099 5441 3119 5472 ⁸
3142 5441 3257 5540 jam
3295 5437 3722 5540 ςιιιιίιιιιιροιιιλῤἐξ

3015 5527 3093 5564 ea.
3169 5512 3213 5551 ³³
3236 5521 3310 5564 es!
3336 5526 3445 5563 om.
3478 5510 3540 5564 ο.
3613 5510 3652 5538 ³⁸
3683 5510 3730 5554 εἰ

3006 5582 3050 5622 ι·
3079 5596 3176 5649 pro
3204 5581 3339 5635 alio.
3373 5582 3505 5634 haec
3530 5581 3567 5632 Α
3593 5575 3716 5630 Nec.

2490 5441 2511 5472 ⁸
2540 5442 2675 5492 inter
2707 5457 2795 5494 nos
2823 5455 2929 5494 om.
2962 5441 3022 5496 (λ.

2483 5511 2524 5547 ¹¹
2549 5512 2587 5563 Α
2627 5512 2722 5561 ita.
2800 5513 2844 5548 ι’
2870 5515 2904 5562 Α
2939 5512 2992 5563 in
3015 5527 3093 5564 ea.
