3912 6154
203 328 287 383 *ἔιῖ

1018 322 1104 378 ΒΕ
1149 320 1482 377 [)ιἰ⁷ι;ιτι)>;ι;
1524 317 1693 374 ΝΑΤΙ
1716 317 1867 370 [Αιιῖ.

3288 122 3331 158 ρ

1918 346 1980 354 --—
2020 311 2215 367 {Atili
2256 311 2574 366 'i'i'lii'l’ib'b'.
3321 316 3421 372 633

208 443 277 492 ΑΞ»
301 455 397 490 uini
420 436 553 488 enim
586 444 907 488 mmetsnss
929 443 1109 487 creata
1134 441 1214 485 est
1236 472 1249 492 ,
1274 432 1410 484 sicut
1450 447 1478 482 a
1520 428 1744 481 monade
1780 434 1815 485 Α
1850 424 2053 492 tiisque
2103 420 2325 483 l‘ornds,
2358 420 2726 475 dilicrentibns
2757 436 2967 488 quoque
2998 421 3418 475 substantiamza

206 544 375 582 omnes
403 527 639 589 muneri,
670 536 721 580 et
749 540 779 578 a
811 533 997 578 centro
1020 538 1209 577 omnes
1235 521 1406 574 lineae
1432 528 1741 584 erumpunt.

203 616 320 670 Nam
348 625 400 668 et
429 615 479 667 in
521 616 620 667 ltoc
654 614 887 666 maxime
912 611 1232 666 seculariutn
1265 608 1702 677 plti.tisopltornnt
1726 646 1740 668 ,

198 705 277 771 qui
302 704 362 755 de
386 701 567 755 mundi
595 700 753 767 hujus
777 700 985 753 factura
1014 709 1246 752 traeiare
1269 697 1383 750 ausi
1410 705 1565 757 sunt,
1591 710 1744 747 error

196 792 531 854 convincitur,
560 790 814 858 quoniam
849 788 1132 842 informem
1181 786 1458 839 materiem
1489 793 1728 837 coaeter-

195 896 304 935 natn
335 880 439 933 Deo
462 893 582 932 esse
609 878 891 940 dixerunt,
919 877 985 930 de
1014 891 1116 944 qua
1148 875 1287 928 Deus
1315 875 1474 926 veluti
1503 883 1656 927 extra
1684 886 1741 925 se

196 969 506 1024 subsistente
534 977 587 1021 ct
618 979 905 1020 cuncterua
938 967 1037 1019 sibi
1070 982 1285 1019 suorum
1331 980 1551 1033 operum
1602 980 1742 1017 sum-

191 1061 286 1130 psit
309 1070 327 1101 ι
379 1058 696 1128 auspicium.
738 1056 1015 1125 Indignum
1052 1069 1282 1123 namque
1311 1056 1392 1108 eis
1421 1055 1588 1106 visum
1626 1063 1736 1117 est,

191 1146 455 1202 materiem
483 1144 768 1198 informem
796 1160 824 1196 a
856 1144 966 1197 Deo
998 1144 1113 1196 lieri
1158 1152 1415 1198 creatam.
1460 1143 1740 1208 Quomodo

185 1238 311 1290 enim
332 1276 348 1300 ,
379 1234 659 1304 inquiunt,
691 1249 754 1286 ex
787 1233 957 1285 forma
998 1234 1238 1286 omnium
1280 1232 1506 1285 informe
1551 1231 1736 1294 fieret,

186 1329 245 1379 ab
272 1323 526 1378 immobili
549 1331 601 1377 et
632 1322 688 1376 in
719 1322 865 1375 nullo
889 1322 940 1374 in
969 1323 1144 1391 seipso
1169 1320 1408 1373 variabili
1439 1320 1642 1372 varium
1675 1336 1738 1373 ac

186 1414 461 1476 mutabile,
487 1412 557 1466 ab
585 1426 684 1476 eo,
714 1412 799 1464 cui
843 1410 974 1463 nihil
1017 1410 1248 1473 accidit,
1287 1410 1454 1462 variis
1491 1410 1736 1461 acciden.

186 1507 312 1559 tibus
348 1504 649 1571 suizjectum
672 1543 687 1568 ,
735 1518 766 1556 a
799 1518 903 1556 non
931 1513 952 1542 ³
977 1502 1210 1556 distento
1240 1515 1337 1570 per
1376 1501 1545 1570 spatia
1588 1500 1733 1554 loco-

183 1610 286 1649 rum
311 1605 366 1650 et
390 1605 694 1664 temporum
713 1634 728 1659 ,
755 1595 897 1664 quod
926 1595 1116 1664 recipit
1144 1594 1381 1647 locorum
1410 1602 1735 1663 temporum-

179 1698 274 1753 que
312 1683 627 1746 intervalla,
662 1692 726 1738 et
765 1682 1173 1753 quantitatum?
1218 1682 1480 1736 Similiter
1519 1684 1586 1737 ab
1629 1698 1730 1744 eo,

1849 523 1903 567 ct
1952 513 2307 566 :tt'ciientium
2357 512 2673 571 ordinibus,
2728 511 2778 563 in
2832 512 3094 564 unitatem
3146 514 3414 579 quandam

1848 602 2169 655 ineffabilem
2198 612 2497 668 compacta.
2534 599 2598 652 [ι
2624 601 2764 653 enim
2793 601 3105 669 organicuni
3153 602 3318 654 melus
3347 616 3408 654 (ξι

1846 693 2075 747 diversis
2101 707 2288 745 vocum
2333 691 2681 759 qualitatibus
2710 700 2762 744 et
2793 692 3184 758 quattiitatiltus
3217 691 3258 721 “
3287 706 3419 743 cun-

1846 785 2045 847 licitur,
2079 785 2202 837 dntn
2236 782 2435 835 viritim
2471 783 2870 850 separatimque
2899 782 3227 839 sentiuntur.
3262 781 3418 851 longe

1843 890 1873 928 a
1903 890 1961 928 se
1991 873 2421 941 discrepantibus
2475 872 2784 925 intentionis
2827 881 2883 924 et
2922 871 3257 924 remissionis
3296 886 3415 938 pro-

1844 965 2183 1036 portionibus
2209 971 2537 1032 segregatae,
2567 963 2691 1014 dum
2723 978 2847 1014 vero
2876 962 2975 1015 sibi
3006 962 3231 1015 invicem
3258 976 3413 1029 coap-

1846 1069 2028 1113 tantur
2067 1058 2361 1112 sectmdnm
2394 1066 2573 1109 certas
2600 1055 3056 1121 rationabilesqne
3086 1054 3219 1107 artis
3250 1055 3411 1107 mnsi-

1820 1162 1938 1201 'cae
1980 1146 2189 1215 regulas
2231 1159 2325 1212 per
2361 1143 2598 1212 singulos
2645 1154 2856 1210 tropos,
2901 1143 3197 1195 naturalem
3226 1157 3415 1210 quan:-

1843 1236 1963 1289 datn
1995 1224 2332 1288 dulcedinem
2368 1231 2713 1284 reddentibus
2742 1248 2754 1282 :
2786 1230 2859 1282 ita
2890 1230 3257 1283 universitatis
3282 1244 3412 1283 con-

1839 1326 2040 1387 cordia,
2072 1340 2135 1378 ex
2167 1323 2395 1376 diversis
2423 1331 2646 1374 naturae
2692 1321 2848 1373 unius
2892 1319 3347 1374 subdivismnibus
3382 1336 3412 1373 a

1840 1430 1899 1469 se
1942 1415 2206 1475 invicem,
2249 1411 2374 1465 dum
2416 1411 2767 1480 singulariter
2811 1409 3189 1478 inspiciuntur,
3233 1409 3410 1462 disso-

1840 1504 2124 1566 nantibns,
2166 1500 2318 1568 juxta
2367 1500 2666 1555 conditoris
2712 1497 3036 1551 uniformetn
3083 1496 3410 1550 voluntatem

1838 1596 2136 1650 coadunata
2169 1601 2271 1648 est.
2316 1591 2412 1645 His
2464 1592 2647 1658 itaque
2689 1589 2924 1642 detinitis
2968 1602 3074 1641 non
3107 1587 3410 1650 itntnerito,

1839 1697 1896 1741 ut
1927 1687 2140 1756 inquis,
2174 1685 2401 1740 diversis
2429 1684 2811 1752 cogitationum
2840 1679 3091 1733 fluctibus
3130 1676 3233 1731 sibi
3273 1676 3411 1728 invi-

178 1772 304 1841 quod
332 1771 467 1825 nulli
495 1771 742 1841 qualitati
779 1772 1087 1836 subditum,
1126 1771 1458 1826 diversarum
1497 1772 1730 1840 qualita-

1863 1791 1954 1830 tem
1997 1773 2405 1828 adversantibus
2432 1771 2667 1826 allideris
2695 1775 2756 1821 η.
2785 1767 3099 1822 Confectum
3142 1774 3225 1821 est
3263 1764 3406 1819 enim

180 1872 278 1917 tum
325 1862 735 1935 ﬁgurarumque
790 1862 1159 1931 receptivum,
1216 1862 1285 1915 ab
1338 1860 1731 1930 incorruptibili

179 1958 542 2028 .orrnptinile,
563 1972 595 2010 a
633 1953 869 2024 simplici
893 1951 1262 2022 compositum
1279 1956 1337 2005 et
1361 1958 1547 2004 cetera
1576 1947 1631 2003 id
1650 1963 1743 2018 ge-

183 2069 290 2113 nus.
318 2068 344 2107 s
367 2067 452 2106 :ae
482 2048 647 2104 falsae
671 2046 1112 2103 ratiocinationis
1164 2043 1382 2099 nebulis
1410 2041 1691 2097 obcaecati
1720 2040 1744 2094 ἳ

186 2146 281 2198 Νιὸ
296 2152 479 2197 autent
499 2154 690 2195 sacrae
711 2136 1030 2206 Scripturae
1055 2150 1151 2190 ver
1175 2144 1339 2188 tatem
1364 2134 1741 2201 inspicientes,

186 2237 594 2302 divinorumque
608 2232 782 2302 ipsius
798 2232 1164 2299 interpretum
1187 2226 1409 2295 vestigia
1428 2233 1747 2294 sequentes,

187 2341 234 2383 et
256 2325 645 2381 informitatem
683 2339 865 2376 rerum
905 2321 1176 2380 omnium,
1208 2328 1263 2372 et
1293 2318 1520 2375 fortnas,
1546 2324 1599 2368 ct
1632 2331 1746 2367 om-

188 2437 264 2480 ne.
287 2419 428 2490 quod
472 2419 527 2473 in
559 2416 663 2478 eis,
691 2416 806 2468 sive
834 2412 1134 2466 secundum
1161 2409 1480 2467 essentiam.
1506 2406 1621 2459 sive
1663 2421 1749 2457 sc-

189 2514 411 2567 cundum
450 2510 714 2564 accidens
736 2515 843 2571 est,
867 2506 937 2558 ab
971 2519 1075 2557 una
1112 2502 1358 2556 omnium
1409 2514 1579 2552 causa
1616 2512 1744 2549 cun-

189 2607 289 2659 dita
318 2618 465 2666 esse,
491 2608 548 2657 et
568 2615 664 2670 per
694 2599 854 2653 tidem
888 2594 1185 2656 credimus,
1216 2603 1269 2646 et
1299 2600 1563 2660 quantum
1593 2589 1752 2641 datur

192 2707 277 2761 per
305 2690 649 2745 intellectum
683 2684 1114 2740 consideramus.

247 2786 298 2841 6.
330 2785 453 2842 Non
488 2785 635 2838 enim
669 2777 1042 2835 universitatis
1096 2773 1352 2828 conditor
1384 2772 1753 2838 omnipotens,

190 2880 302 2935 etin
325 2878 485 2932 nullo
519 2874 805 2934 deficiens.
825 2881 880 2925 et
904 2874 959 2923 in
980 2866 1254 2921 inlinitunt
1284 2863 1533 2923 tendens,
1557 2860 1756 2914 similia

193 2972 286 3027 sibi
311 2966 681 3032 solummodo,
705 2978 896 3018 verum
924 2959 1092 3015 etiam
1124 2956 1409 3011 dissimilia
1435 2969 1622 3009 creare
1656 2967 1758 3022 po-

195 3064 331 3119 tuit’
372 3072 431 3117 et
483 3061 711 3116 creavit.
741 3056 875 3110 Nam
918 3064 974 3110 et
1006 3048 1351 3107 solummodo
1392 3049 1474 3102 sui
1536 3045 1757 3105 similia.

196 3158 291 3211 hoc
316 3167 402 3211 est
446 3149 935 3222 vereIesistentia,
981 3154 1226 3203 aeterna,
1267 3137 1760 3201 incommutabilia,

1818 1855 1890 1920 et
1921 1867 2236 1918 inconcusse
2265 1863 2541 1916 delinitum
2563 1900 2576 1924 ,
2605 1859 2787 1915 omnia
2810 1899 2824 1924 ,
2852 1874 2991 1928 quae
3031 1865 3158 1912 sunt
3186 1864 3243 1912 et
3266 1869 3408 1926 quae

1846 1964 1956 2005 non
1990 1958 2145 2013 sunt,
2173 1949 2243 2005 ab
2268 1965 2377 2004 uno
2400 1952 2645 2006 omnium
2675 1955 2945 2022 principio
2975 1955 3272 2017 conﬂuere,
3302 1961 3420 2010 sive

1848 2040 1902 2095 in
1932 2040 2378 2110 primordialibus
2419 2040 2625 2095 causis-
2658 2044 2828 2095 semel
2853 2053 2909 2096 et
2958 2045 3118 2096 simul
3155 2047 3207 2097 iu
3247 2046 3427 2099 Verlm

1851 2130 1942 2183 Dei
1991 2129 2274 2197 unigenito
2308 2131 2665 2183 aeternaliter
2718 2127 2898 2191 factis,
2951 2129 3066 2183 sive
3095 2132 3146 2182 in
3203 2135 3428 2185 materia

1852 2215 2096 2281 informi,
2142 2231 2210 2270 ex
2239 2232 2345 2285 qua
2379 2218 2758 2286 primordiales
2786 2232 2985 2272 causae
3016 2219 3244 2271 visibdis
3274 2236 3434 2271 ert-s-

1855 2313 2008 2357 turae
2040 2304 2403 2370 apparitionis
2437 2320 2566 2357 suae
2593 2303 2636 2334 “
2678 2320 2778 2371 per
2815 2308 3226 2370 generationem
3270 2324 3432 2360 occa-

1855 2391 2038 2444 siones
2066 2390 2111 2420 ”
2131 2401 2484 2458 acceperunt,
2511 2393 2624 2444 sive
2655 2392 2708 2443 in
2735 2392 3023 2445 ellectibus
3053 2410 3264 2454 catum,
3312 2412 3434 2463 qut-

1858 2484 1961 2536 bus
2002 2482 2236 2534 mundus
2269 2483 2369 2535 iste
2398 2483 2467 2534 ab
2500 2482 2657 2533 initio
2687 2497 2860 2549 usque
2890 2485 2957 2536 ad
2992 2483 3154 2536 liuent
3189 2486 3428 2539 naturali

1857 2574 2052 2628 ordine
2085 2574 2270 2626 divina
2309 2575 2650 2640 providentia
2680 2574 2721 2605 “
2750 2575 3098 2628 ministrante
3128 2579 3434 2644 peragitur.

1861 2666 2017 2723 Sicut
2040 2666 2083 2698 “
2101 2669 2175 2719 ait
2202 2667 2495 2719 Dominus:
2519 2665 2683 2718 Pater
2705 2681 2848 2719 meus
2874 2683 3037 2729 usque
3062 2668 3116 2720 in
3141 2686 3220 2721 me
3245 2670 3285 2701 ⁸⁷
3309 2684 3436 2739 ope.

1861 2772 2016 2817 ratur
2047 2775 2095 2815 et
2118 2776 2209 2828 ego
2238 2775 2447 2828 operor.
2486 2758 2591 2811 Sed
2618 2759 3078 2827 quemadmodum
3105 2762 3243 2815 haec
3268 2765 3439 2820 veluti

1863 2856 2085 2910 sibimet
2107 2851 2451 2905 adversantia
2476 2851 2528 2903 in
2553 2866 2715 2904 unam
2745 2852 3019 2919 quandam
3046 2854 3440 2923 intelligentiae

1864 2946 2116 3016 cupidam
2145 2944 2515 3004 conveniunt,
2571 2943 2674 2995 hoc
2705 2952 2791 2996 est
2833 2944 3111 3011 quomodo
3138 2947 3324 2998 omnia
3359 2947 3438 3001 si-

1867 3041 1978 3093 tnul
2012 3048 2077 3097 et,
2097 3045 2320 3089 aeterna
2346 3044 2401 3087 et
2436 3033 2576 3087 facta
2609 3044 2758 3099 sunt,
2786 3049 2894 3086 non
2919 3034 3095 3088 solum
3121 3037 3447 3100 tibi,verutn

1867 3130 2031 3185 etiam
2066 3136 2123 3181 et
2153 3128 2285 3181 milii
2341 3124 2761 3194 diligetttissima
2809 3123 3041 3180 rationis
3088 3127 3441 3195 inquisitione

199 3204 942 3316 simplicia,inseparabiliter
970 3235 1142 3297 unita,
1163 3227 1627 3296 incorruptibilia,
1655 3227 1757 3279 int-
1792 3204 1834 3259 θ
1869 3222 2094 3291 dignum
2122 3233 2244 3273 esse
2272 3216 2506 3271 videtur.

200 3339 459 3397 mortalia,
489 3331 796 3396 rationalia,
827 3321 1510 3387 intellectualia,scientia,
1546 3318 1767 3387 sapien-

214 3422 277 3474 tla
298 3463 312 3486 ,
339 3432 661 3491 ceterasque
692 3420 919 3474 virtutes
960 3418 1296 3481 condiderit,
1328 3417 1380 3470 in
1428 3415 1770 3470 dissimilium

212 3521 259 3565 et
277 3513 648 3583 nppositorum
677 3512 949 3567 creatione
977 3508 1240 3565 defecisse
1267 3508 1558 3571 videretur,
1587 3516 1641 3561 et
1666 3520 1771 3560 non

213 3605 419 3658 omnino
452 3612 804 3670 cunctorum,
860 3617 999 3672 quae
1038 3602 1175 3656 ratio
1212 3616 1368 3670 posse
1398 3599 1512 3654 ﬁeri
1544 3600 1699 3653 docet
1728 3598 1773 3665 ⁸,

213 3694 379 3762 opifex
430 3693 789 3762 judicaretur.
822 3691 1112 3746 Dissimilia
1152 3699 1331 3744 autem
1385 3690 1464 3744 sui
1510 3699 1565 3742 et
1603 3704 1772 3758 oppo-

215 3785 312 3838 sita
339 3787 595 3840 dicuntur
641 3799 760 3840 esse
785 3783 811 3818 ³
838 3792 894 3839 et
922 3792 1046 3838 sunt
1072 3782 1284 3847 omnia,
1319 3797 1460 3851 quae
1488 3780 1776 3849 praedictis

213 3872 493 3928 virtutibus
530 3882 892 3943 opponuntur,
938 3887 1044 3926 non
1083 3880 1140 3925 ut
1182 3872 1428 3941 negativa
1468 3886 1561 3924 seu
1601 3870 1776 3938 priva-

213 3965 311 4017 tiva
329 4007 343 4029 ,
372 3967 470 4020 sed
499 3975 723 4019 naturae
753 3964 1189 4021 dissimilitudine
1216 3974 1270 4018 et
1298 3964 1648 4035 oppositione.
1696 3963 1778 4018 Si-

212 4054 416 4121 quidem
440 4054 712 4124 perfectae
725 4054 1317 4109 essentiae‘similiterin
1336 4070 1528 4125 genera
1549 4054 1780 4108 formas-

213 4158 310 4209 que
338 4160 435 4213 per
472 4144 801 4199 diﬂ'erentias
829 4153 881 4199 et
914 4146 1292 4214 proprietates,
1333 4146 1776 4214 unil'ormiterque

211 4233 488 4286 ordinatae
514 4248 608 4302 per
633 4233 871 4304 singulas
898 4233 1123 4301 species,
1147 4235 1292 4287 onmi
1319 4233 1629 4287 confusione
1650 4235 1776 4288 sub-

214 4332 395 4388 tracta,
444 4324 829 4394 imperfectio'
857 4324 1101 4378 informis
1147 4326 1322 4379 adhuc
1354 4326 1611 4378 materiae
1654 4326 1673 4356 "
1722 4333 1776 4379 et

215 4413 477 4466 mobilitas
504 4414 792 4483 opponitur
811 4413 855 4477 ⁸,
888 4414 1122 4468 aeternis
1153 4414 1463 4481 temporalia
1486 4454 1500 4477 ,
1527 4414 1776 4467 immuta—

211 4500 399 4558 bilibns
474 4502 771 4566 mutabilia,
827 4502 1159 4572 simplicibus
1205 4504 1534 4571 composita,
1584 4511 1639 4557 et
1685 4514 1764 4557 ce-
1803 4510 1849 4568 ει

213 4597 316 4642 tera
340 4589 387 4655 ⁸,
415 4606 555 4660 quae
587 4590 748 4645 veluti
775 4604 839 4644 ex
869 4591 1130 4644 diametro
1173 4591 1274 4644 sibi
1306 4592 1533 4644 invicem
1572 4604 1603 4643 e
1641 4607 1769 4645 eon-

215 4682 372 4736 trario
401 4683 747 4752 respondent.
780 4680 981 4736 Horum
1014 4682 1192 4751 itaque
1217 4685 1485 4746 omnium,
1517 4682 1769 4736 similium

209 4770 323 4826 dico
350 4784 405 4829 et
434 4774 806 4839 dissimilium,
851 4788 992 4828 unus
1031 4782 1193 4843 atque
1234 4774 1371 4827 idem
1418 4773 1607 4827 artifex
1649 4784 1768 4840 (est,

198 4858 359 4935 (mlius
383 4861 774 4933 ontnipotentia
803 4862 856 4916 in
889 4861 1084 4916 nullius
1123 4871 1348 4915 naturae
1379 4861 1555 4916 delicit
1583 4878 1772 4931 opera-

210 4953 372 5008 tione.
394 4952 625 5008 Proinde
640 4954 684 4985 "
706 4953 1048 5024 pulchritudo
1071 4954 1230 5007 totius
1251 4955 1620 5017 universitatis
1641 4971 1770 5009 con-

211 5039 380 5104 ditae,
428 5042 684 5097 similium
732 5050 789 5095 et
831 5041 1206 5097 dissimilium.
1259 5042 1490 5095 mirabili
1535 5045 1768 5112 quadam

211 5133 487 5187 harmonia
530 5134 821 5188 constituta
862 5142 975 5198 est,
1005 5148 1069 5187 ex
1101 5133 1326 5189 diversis
1356 5135 1641 5204 generibus
1684 5152 1764 5190 va-

1943 3315 1975 3369 7
2002 3352 2017 3367 .
2059 3312 2205 3367 Dtsc.
2241 3309 2474 3379 Dignum
2509 3308 2733 3377 quidem
2756 3348 2773 3364 .
2804 3310 2912 3365 llac
2937 3325 3086 3366 enim
3119 3313 3446 3382 quaestione

1872 3421 2075 3476 nullam
2098 3418 2343 3472 altiorem
2373 3410 2784 3483 inquisitoribus
2814 3404 3058 3462 veritatis
3081 3398 3450 3473 quaerendam

1874 3524 1994 3565 esse
2018 3507 2271 3561 arbitror.
2305 3503 2539 3564 Etenim,
2572 3507 2632 3552 ut
2676 3495 3060 3568 praediximus,
3107 3490 3250 3544 facta
3280 3495 3457 3541 aeter-

1876 3599 1960 3653 nis
2001 3602 2363 3666 opponuntur.
2438 3593 2514 3645 Ac
2554 3604 2652 3659 per
2698 3589 2822 3651 hoc,
2873 3586 2916 3639 si
2961 3583 3127 3646 facta,
3168 3594 3279 3633 non
3329 3585 3454 3631 sunt

1876 3698 2126 3754 aeterna;
2156 3689 2199 3742 si
2225 3693 2463 3746 aeterna,
2492 3697 2595 3735 non
2620 3687 2745 3734 sunt
2770 3679 2811 3709 ⁸⁸
2839 3676 2998 3729 facta.
3030 3672 3160 3726 Nam
3188 3678 3244 3723 ut
3265 3668 3454 3722 eadem

1877 3792 1930 3838 et
1960 3786 2005 3820 "
2031 3789 2248 3836 aeterna
2291 3776 2450 3832 simul
2472 3784 2525 3829 et
2556 3773 2694 3826 facta
2729 3772 2854 3832 sint,
2890 3783 2993 3837 qua
3026 3767 3232 3818 ratione
3272 3758 3476 3814 doceri

1858 3873 2071 3935 ‘valeat,
2102 3885 2207 3924 non
2247 3867 2374 3922 mibi
2403 3864 2657 3920 occurrit.
2706 3860 2937 3914 Proinde
2973 3856 3017 3893 ³ο
3060 3853 3134 3908 nil
3180 3850 3326 3904 aliud
3368 3861 3454 3901 rc-

1877 3972 2004 4026 stat,
2037 3971 2093 4015 ut
2123 3961 2377 4023 aestimo,
2406 3957 2506 4011 nisi
2540 3964 2595 4007 ιιι
2617 3961 2709 4006 aut
2735 3952 2833 4003 ista
2869 3947 3082 4017 penitus
3109 3956 3241 4013 prae
3281 3937 3451 3993 nimia

1879 4071 1960 4110 snt
1990 4052 2273 4105 altitudine
2298 4049 2515 4103 silentio
2538 4042 2948 4101 bonorilicetur,
2980 4043 3094 4097 aut,
3123 4032 3166 4086 si
3203 4029 3331 4099 quid
3357 4026 3449 4079 tibi

1878 4145 1944 4199 de
1969 4157 2032 4196 ea
2080 4143 2292 4195 videtur
2332 4132 2785 4204 investigandum,
2840 4125 3160 4193 investigare
3202 4117 3446 4184 incipias.

1878 4232 2015 4288 MAG.
2050 4231 2346 4297 Utrumque
2372 4226 2499 4279 milii
2525 4224 2749 4281 videtur,
2778 4227 2836 4272 ut
2860 4226 2914 4271 ct
2934 4218 2979 4251 ³⁸
3006 4212 3251 4272 eandem,
3277 4221 3451 4275 quan-

1879 4336 1991 4381 ttnn
2035 4325 2178 4377 acies
2207 4315 2677 4387 contemplationis
2710 4321 2926 4366 nostrae
2952 4307 3063 4359 Deo
3113 4298 3449 4355 illuminante

1876 4434 1944 4474 ex
1974 4416 2141 4470 nimio
2168 4411 2478 4467 subtilitatis
2504 4423 2631 4462 suae
2666 4404 2873 4473 fulgore
2901 4414 3004 4454 non
3036 4393 3329 4464 repellitur,
3367 4390 3448 4442 in~

1879 4508 2146 4577 vestigare
2184 4521 2287 4557 non
2322 4502 2515 4571 pigeat,
2559 4513 2625 4553 ne
2666 4494 2902 4550 desidiae
2942 4505 3035 4545 seu
3077 4484 3301 4540 inertiae
3329 4478 3447 4534 cul-

1876 4614 1997 4669 pam
2023 4573 2393 4656 incttrratmts;
2438 4591 2524 4656 ubi
2568 4603 2696 4643 vero
2744 4582 3059 4639 intentionis
3095 4584 3311 4631 nostrae
3339 4573 3445 4623 vir-

1878 4665 2044 4741 tutem
2070 4689 2390 4752 exsuperat,
2415 4688 2594 4735 etnon
2618 4676 2818 4746 patitur
2846 4670 3113 4726 mentibus
3142 4665 3316 4720 adhuc
3340 4670 3444 4715 ter-

1878 4792 2005 4831 rena
2055 4774 2382 4829 habitatione
2423 4770 2690 4840 drpressis
2737 4764 2992 4837 perspici,
3042 4766 3097 4814 et
3141 4756 3205 4810 ad
3254 4768 3444 4823 purum

1877 4870 2141 4941 dignem.
2195 4867 2406 4922 silentio
2434 4864 2613 4919 cordis
2653 4871 2709 4915 ct
2752 4860 2863 4914 oris
2892 4848 3293 4909 liottorifieanda
3339 4854 3443 4907 est,

1876 4938 2098 5029 nequid
2132 4968 2333 5010 temere
2361 4970 2426 5007 ne
2452 4968 2514 5007 ea
2546 4953 2883 5007 deiiuiamus.
2924 4946 3067 5000 Dtsc.
3101 4943 3177 4995 lta
3223 4938 3336 5003 flat,
3382 4949 3448 4987 ac

1876 5049 1991 5102 sine
2022 5063 2169 5101 mora
2201 5042 2759 5121 bujus‘inquisitionis
2788 5040 2928 5092 viam
2968 5033 3164 5101 arripe.

1945 5140 1997 5191 8.
2041 5135 2179 5190 Mss.
2224 5135 2297 5189 De
2458 5133 2593 5203 suo]
2623 5132 2800 5185 omnia
2843 5129 2893 5181 in
2922 5125 3099 5181 Verbo
3138 5118 3233 5175 Dei
3262 5115 3447 5182 unige-

3444 5238 3469 5252 κ

1492 5286 1744 5342 VMHAB
1784 5290 2176 5346 LEGTlONi‘IS.

277 5433 296 5464 ι
325 5424 419 5478 Sic
445 5426 570 5490 AC;
604 5424 639 5478 τ.
667 5422 1001 5493 sumpserit?
1090 5423 1110 5453 ²
1135 5422 1239 5475 Pro
1261 5441 1292 5476 π
1318 5440 1416 5476 non
1453 5422 1494 5475 C
1517 5437 1608 5475 an.
1675 5427 1694 5455 ³
1725 5424 1767 5478 (2

207 5496 521 5561 imperfecto.
595 5496 614 5528 '
643 5495 686 5550 (ἶ
709 5494 944 5548 materie.
1020 5497 1040 5528 ⁸
1066 5496 1107 5551 C
1144 5494 1368 5562 apponit.
1445 5494 1461 5523 ⁸
1500 5511 1523 5531 ιι

205 5563 393 5616 lidius.
469 5564 513 5596 “
538 5567 575 5618 Α
608 5566 734 5620 sive.

135 5664 176 5706 .
209 5637 249 5666 δ’
273 5644 398 5687 sunt
447 5650 530 5690 om
553 5635 619 5689 Α.

1584 5507 1812 5547 ιιιἸΡΗΜ.

814 5563 859 5602 ³⁵
907 5563 948 5618 C
982 5580 1077 5632 per
1101 5564 1454 5632 στηενιςιιὶοιυε
1480 5567 1820 5619 occasionem.

694 5632 738 5668 ¹⁹
766 5644 813 5688 et
839 5646 929 5686 om
955 5630 1015 5689 C.
1078 5634 1137 5685 λη
1165 5634 1208 5686 Δ
1246 5630 1486 5696 Perinde.
1550 5642 1587 5668 ”
1621 5639 1662 5693 ι]
1686 5640 1738 5684 ut
1776 5634 1866 5687 ad.

1792 5431 1997 5495 potrril.
2076 5429 2095 5458 ⁴
2128 5430 2164 5481 Λ
2186 5440 2371 5482 utrem:
2403 5440 2548 5487 posse
2574 5427 2721 5493 ﬁetiu
2777 5425 2854 5477 ⁸Δ
2875 5438 2984 5473 esse
3010 5418 3277 5495 dictum”:
3316 5485 3329 5495 _
3350 5413 3372 5447 ⁸

2354 5485 2476 5549 ηιξι
2530 5488 2907 5564 qtmmimtilnts
2952 5505 3060 5564 om.
3093 5489 3151 5539 Li.
3202 5485 3277 5564 ﬂ“
3303 5485 3343 5537 A
3368 5488 3445 5564 ιιιν

2443 5567 2485 5599 ⁸⁸
2531 5556 2574 5619 Ᾱ
2629 5566 2720 5620 sic.
2798 5563 2837 5598 ι’
2867 5560 2971 5612 l’ro
3015 5560 3067 5611 in
3091 5572 3170 5609 me
3198 5556 3236 5612 Ο
3266 5556 3421 5612 modo

1894 5498 1934 5534 ⁸⁸
1967 5500 2001 5548 Λ
2037 5497 2275 5550 Perinde.

1903 5566 1943 5598 τ’
1975 5569 2013 5619 Α
2066 5569 2363 5624 prudentia.
