3912 6154
499 328 604 384 G39

1866 303 2144 381 missis
2183 304 2386 364 scort
2695 378 2700 381 Α
3647 307 3741 360 6h

520 443 612 489 ,ςιο
638 441 855 488 ποια-ειη
887 438 1013 486 sunt
1067 427 1108 488 ι,
1154 423 1328 494 primo
1361 418 1642 473 dicendum
1677 415 1880 486 judico.
1918 414 2066 467 Dtsc.
2104 416 2142 470 Α
2177 415 2448 468 desinunt.
2518 411 2652 466 the.
2719 411 3004 467 Similllmo
3078 407 3465 483 verissimoque
3517 430 3638 471 usus
3688 435 3742 474 es

515 510 621 562 Nec
655 509 812 560 aliter
841 506 983 556 volo.
1014 503 1091 555 Al)
1141 519 1204 552 eo
1249 502 1416 554 enim.
1461 501 1602 566 quod
1651 501 1946 567 praecellit,
1988 515 2075 550 ra-

519 601 794 656 tiocinatio
817 608 896 651 est
923 595 1248 650 inchoanda.
1279 592 1555 645 Praecedit
1587 604 1765 646 autem
1791 594 1810 622 ¹
1835 591 2074 643 aeterni-

520 704 600 744 tas
653 690 934 743 facturam.
1006 685 1085 736 Ah
1147 700 1210 737 ea
1260 687 1281 716 ‘
1339 684 1500 753 igitur
1557 691 1640 734 est
1691 681 2077 735 inchoandum.

519 781 652 835 Mss.
681 777 1028 846 Esloigitnr‘
1053 778 1315 838 intentus,
1339 785 1394 828 et
1428 775 1548 826 vide
1594 790 1660 826 ne
1701 774 1827 838 quid
1863 775 2080 828 incaute

515 870 803 926 conectas.
840 884 905 920 ne
929 867 1122 920 iterum
1151 875 1199 918 te
1227 865 1560 919 concessisse
1601 867 1897 932 poeniteat.
1932 863 2077 918 Dtsc.

518 959 840 1026 ingredere;
872 961 1110 1011 intentus
1133 971 1252 1009 sum
1288 971 1354 1010 ne.
1394 956 1520 1023 quid
1545 965 1664 1007 tem-
1688 971 1742 1007 ro
1763 956 2079 1008 concedam,

519 1051 648 1104 the.
689 1051 826 1109 (inid
876 1050 969 1102 tibi
1018 1047 1271 1100 videtur?
1326 1043 1463 1099 Num
1517 1046 1662 1100 Deus
1713 1047 2079 1102 accidentium

508 1145 675 1196 capax
703 1129 825 1183 est?
853 1129 994 1183 Dtsc.
1028 1130 1182 1182 Absit
1201 1130 1270 1182 ab
1295 1130 1399 1192 his,
1433 1130 1521 1196 qui
1545 1131 1611 1182 de
1641 1131 1869 1182 veritate
1890 1145 2077 1182 sanum

506 1222 786 1282 sentiunt,
840 1221 940 1272 hoc
995 1220 1178 1274 dicere
1225 1221 1305 1274 vel
1353 1222 1612 1290 cogitare.
1679 1219 1878 1273 Natura
1933 1221 2077 1273 enim

506 1311 673 1379 ipsius
706 1309 928 1377 simplex
961 1318 1062 1371 est,
1107 1319 1161 1363 et
1191 1309 1471 1379 plusq’uam
1513 1311 1758 1378 simplex,
1803 1310 2081 1362 erunibus-

507 1421 608 1473 rpie
658 1404 1026 1459 accidentibus
1074 1402 1336 1464 absoluta,
1384 1412 1436 1454 et
1487 1401 1766 1469 plusquam
1813 1400 2078 1454 absoluta.

507 1497 642 1554 ἅμα.
677 1496 816 1550 Nihil
866 1510 994 1563 ergo
1037 1494 1146 1546 Deo
1191 1491 1421 1544 accidit?
1453 1491 1593 1544 Dtsc.
1645 1483 1876 1544 Omnino
1924 1487 2076 1542 nihil.

508 1587 647 1642 Mtte.
684 1587 868 1653 Itaque
897 1601 1002 1638 non
1029 1592 1111 1637 est
1146 1584 1194 1636 ei
1224 1581 1492 1640 accidens,
1521 1581 1924 1634 universitatem
1952 1596 2081 1634 con-

510 1675 658 1728 dere.
698 1671 828 1727 Eam
867 1683 1044 1725 tamen
1091 1671 1396 1726 condidisse
1443 1669 1721 1738 Scriptura
1773 1685 1926 1722 sacra
1971 1683 2074 1721 non

2183 502 2453 570 exemplo.
2498 500 2826 555 Testimonia
2867 517 3080 571 quoque
3126 512 3178 555 et
3221 517 3408 556 sacrae
3449 502 3744 572 Scripturae

2183 603 2235 644 ‹ι
2272 600 2585 645 sanctorum
2624 591 2842 645 Patrum
2873 593 3056 646 omnia
3116 593 3167 646 in
3218 591 3330 647 Deo
3369 607 3490 647 esse
3537 604 3739 649 aeterna

2182 683 2463 749 perhibent
2507 683 2548 734 ⁸.
2605 683 2889 752 Apostolus
2933 698 2948 735 :
2998 682 3063 736 In
3109 699 3208 750 quo
3281 684 3517 748 vivimus,
3567 686 3740 753 inquit.

2181 771 2281 823 et’
2339 787 2627 834 movemur,
2674 782 2720 824 et
2767 789 2970 824 sumus.
3003 771 3059 826 In
3107 773 3218 827 Deo
3260 772 3404 827 enim
3450 789 3628 827 Sumus
3658 790 3744 842 per

2181 859 2530 914 excellentem
2571 870 2625 914 et
2668 870 2793 915 ante
2823 864 3144 916 existentem
3181 863 3237 916 in
3285 863 3400 932 ipso
3430 875 3635 917 nostrae
3662 881 3742 919 es-

2181 950 2388 1004 sentiae
2429 952 2721 1017 rationem;
2767 967 3046 1006 movemur
3087 961 3263 1007 autem
3312 952 3364 1006 in
3415 952 3524 1008 Deo
3565 970 3740 1008 secun-

2182 1041 2304 1093 dum
2357 1041 2772 1110 praecedentem
2821 1042 2871 1095 in
2913 1043 3028 1109 ipso
3071 1043 3202 1097 bene
3231 1043 3443 1097 cssendi
3497 1043 3742 1096 rationem

2182 1145 2278 1200 per
2311 1131 2537 1185 virtutes
2589 1133 2760 1184 bonae
2793 1132 3041 1185 actionis.
3091 1131 3257 1186 Porro
3303 1133 3355 1186 in
3397 1132 3506 1186 Deo
3535 1133 3744 1186 vivimus

2183 1222 2480 1275 secundum
2546 1224 2957 1291 praecedentem
3028 1223 3078 1276 in
3147 1223 3263 1292 ipso
3318 1222 3360 1254 ⁸⁸
3413 1239 3624 1293 semper
3670 1225 3739 1278 vi.

2184 1308 2342 1362 veudi
2379 1319 2434 1362 et
2463 1309 2728 1364 existeudi
2761 1311 3043 1363 rationem.
3082 1311 3146 1365 Et
3190 1326 3257 1365 ne
3319 1313 3441 1380 quis
3507 1314 3742 1366 aestima-

2188 1407 2312 1462 ret,
2380 1399 2523 1453 aliud
2581 1415 2678 1453 nos
2753 1415 2907 1462 esse,
2986 1409 3040 1454 et
3097 1400 3238 1454 aliud
3312 1410 3524 1454 nostras
3594 1402 3739 1454 ratio-

2185 1502 2305 1552 nes,
2368 1504 2473 1542 non
2531 1489 2685 1554 dixit,
2742 1489 2794 1542 in
2855 1505 2962 1558 quo
3015 1499 3233 1544 nostrae
3284 1494 3517 1544 rationes
3551 1493 3741 1554 vivunt,

2182 1588 2236 1631 et
2267 1589 2572 1644 meveutur,
2605 1589 2658 1634 et
2690 1593 2833 1644 sunt,
2864 1582 2956 1636 sed
2987 1583 3144 1644 dixit,
3172 1583 3223 1635 in
3271 1599 3377 1652 quo
3424 1583 3666 1646 vivimus,
3694 1592 3741 1637 ct

2184 1682 2484 1733 movemur,
2513 1679 2567 1724 et
2609 1686 2814 1724 sumus.
2847 1670 2988 1726 Nihil
3015 1673 3158 1725 enim
3188 1673 3329 1725 aliud
3359 1689 3458 1726 nos
3477 1689 3671 1732 sunius,
3696 1675 3740 1727 iu

507 1773 670 1826 tacet,
710 1763 802 1816 sed
845 1770 1028 1831 aperte
1074 1760 1291 1823 clamat,
1325 1759 1545 1812 dicens:
1576 1757 1641 1810 In
1679 1756 1932 1826 principio
1963 1756 2082 1824 fecit
2117 1755 2156 1812 Β
2185 1761 2444 1828 quantum
2476 1774 2683 1824 sumus,
2713 1761 2812 1814 nisi
2841 1761 2988 1830 ipsae
3012 1763 3250 1816 rationes
3276 1773 3490 1816 nostrae
3514 1773 3742 1817 aeterna-

505 1854 644 1907 Deus
672 1851 894 1915 caelum,
921 1861 968 1903 et
998 1861 1212 1913 terram,
1239 1859 1293 1902 ct
1319 1859 1496 1902 cetera
1517 1888 1530 1912 ,
1573 1862 1709 1916 quae
1733 1848 1798 1900 de
1832 1847 2086 1914 Operihus

502 1944 796 2014 primorum
849 1957 942 1996 sex
987 1942 1192 1995 dierum
1242 1940 1510 2008 leguntur.
1560 1939 1704 1992 Dtsc.
1762 1938 1900 1990 Dens
1960 1937 1982 1967 ⁸
2029 1945 2085 1992 ct

504 2036 912 2092 universitatem
943 2043 1311 2088 creaturarum
1347 2032 1607 2094 condidit,
1639 2044 1866 2097 eamque
1894 2029 2082 2082 condi-

503 2128 646 2181 disse
675 2141 778 2180 non
808 2134 894 2180 est
916 2125 962 2178 ei
1008 2123 1276 2177 accidens.
1313 2122 1454 2176 Illac.
1501 2120 1616 2174 Non
1647 2135 1774 2190 ergo
1809 2129 1930 2174 erat
1959 2119 2085 2172 sub-

502 2216 722 2279 sistens,
769 2222 1058 2282 antequam
1103 2211 1512 2264 universitatem
1562 2209 1839 2264 conderet.
1879 2207 2012 2262 Nam
2038 2207 2082 2261 si

499 2314 664 2370 esset,
701 2305 940 2359 conditio
991 2301 1091 2355 sibi
1145 2315 1326 2354 rerum
1372 2300 1664 2352 accideret.
1720 2299 1860 2352 Dtsc.
1914 2298 2080 2351 Deum

500 2395 824 2467 praecedere
859 2393 1265 2447 universitatem
1307 2389 1582 2443 credimus
1607 2428 1622 2452 ,
1666 2403 1770 2442 non
1820 2397 2080 2455 tempore,

503 2488 598 2541 sed
629 2503 691 2540 ea
721 2485 832 2540 sola
865 2485 1097 2546 ratione,
1137 2498 1240 2552 qua
1271 2496 1433 2536 causa
1461 2481 1702 2534 omnium
1737 2481 1851 2550 ipse
1883 2478 2080 2534 intelli-

502 2579 665 2649 gitur.
721 2577 778 2632 Si
831 2577 974 2631 enim
1026 2585 1267 2644 tempore
1314 2574 1682 2642 praecederet,
1736 2573 1984 2626 accidens
2032 2571 2081 2624 ei

499 2669 798 2724 secundum
833 2675 1046 2734 tempus
1085 2666 1266 2718 facere
1301 2663 1704 2717 universitatem
1735 2661 1892 2716 foret.
1939 2662 2084 2726 Quo-

501 2757 648 2812 niam
681 2771 809 2809 vero
839 2770 898 2809 ea
930 2755 1040 2807 sola
1074 2754 1304 2817 ratione,
1339 2770 1443 2822 qua
1471 2769 1633 2806 causa
1665 2763 1769 2818 est,
1819 2752 2084 2806 universi-

503 2852 670 2898 tatem
709 2845 778 2898 ah
807 2859 870 2897 eo
897 2843 1168 2897 conditam
1195 2842 1488 2912 praecedit,
1521 2844 1782 2911 sequitur,
1820 2843 2083 2897 universi-

508 2938 634 2991 tatis
666 2935 1030 2993 conditionem
1063 2951 1168 2990 non
1197 2949 1318 2988 esse
1346 2934 1455 2988 Deo
1478 2935 1774 2989 secundum
1809 2935 2079 2996 accidens,

501 3029 597 3083 sed
638 3027 932 3086 secundum
981 3025 1248 3094 quandam
1276 3025 1597 3080 ineliabilem
1633 3029 1929 3089 rationem,
1979 3041 2083 3095 qua

2188 1851 2308 1905 liter
2344 1851 2396 1904 in
2439 1850 2548 1904 Deo
2593 1852 2938 1906 substitutae.
2973 1851 3206 1907 Sanctus
3256 1853 3383 1906 item
3435 1853 3744 1920 Augustinus

2187 1942 2238 1995 in
2269 1942 2538 2011 opusculis
2565 1945 2676 1996 suis
2719 1943 3044 2012 operationis
3073 1944 3287 1998 divinae
3332 1942 3738 2012 quadriformem

2189 2035 2457 2088 rationem
2489 2049 2782 2103 exponens,
2807 2035 3040 2089 secunda
3069 2034 3120 2088 in
3150 2033 3308 2088 Verbi
3353 2035 3445 2088 Dei
3487 2035 3746 2104 dispensa-

2189 2125 2335 2179 tione
2366 2140 2470 2179 non
2503 2124 2669 2188 tacta,
2701 2125 2795 2178 sed
2831 2134 3051 2179 aeterna
3087 2140 3210 2179 esse
3239 2123 3496 2188 afﬁrmat;
3531 2126 3617 2179 uLi
3651 2139 3741 2177 non

2184 2210 2355 2264 solum
2387 2210 2590 2276 secula,
2624 2227 2809 2265 verum
2861 2213 3026 2266 etiam
3058 2212 3254 2278 omnia,
3285 2211 3479 2276 quibus
3509 2212 3674 2266 seCula
3699 2223 3745 2266 et

2185 2311 2516 2371 peraguntur
2542 2302 2939 2370 et-implentnr,
2980 2301 3147 2356 voluit
3194 2301 3434 2370 intelligi.
3481 2301 3742 2370 Operatio,

2187 2391 2379 2459 inquit,
2411 2393 2612 2456 divina,
2645 2409 2777 2461 quae
2803 2392 2976 2445 secula
3004 2393 3192 2445 crearit
3229 2401 3276 2444 et
3306 2393 3590 2459 gubernat,
3630 2407 3742 2460 quae

2185 2479 2428 2548 driformi
2461 2482 2661 2534 ratione
2699 2481 3060 2551 distinguitur.
3110 2480 3311 2542 Primo,
3343 2483 3480 2550 quod
3521 2483 3570 2532 iu
3612 2479 3745 2533 Verbi

2183 2569 2280 2623 Dei
2307 2571 2689 2637 dispensatione
2734 2588 2837 2624 non
2885 2572 3047 2641 facta,
3081 2572 3171 2624 sed
3216 2583 3429 2624 aeterna
3488 2582 3626 2633 sunt,
3667 2572 3744 2640 qui

2186 2677 2278 2714 uos
2308 2660 2556 2731 Apostolo
2587 2673 2712 2715 teste
2742 2673 2862 2716 ante
2909 2675 3138 2730 tempora
3187 2663 3446 2715 secularia
3484 2663 3748 2730 praedesti-

2188 2754 2328 2806 navit
2378 2754 2431 2806 in
2464 2769 2697 2822 regnum.
2733 2752 2866 2806 Item
2911 2753 3036 2805 alibi
3080 2753 3146 2806 de
3173 2751 3436 2806 Trinitate
3476 2753 3743 2806 Scriberis:

2198 2841 2422 2896 Verbum
2468 2843 2584 2906 Dei,
2616 2843 2809 2913 inquit,
2837 2859 2929 2910 per
2953 2842 3088 2912 quod
3122 2840 3264 2910 facta
3299 2852 3419 2895 sunt
3450 2842 3645 2904 omnia,
3672 2840 3747 2892 ubi

2187 2937 2675 2991 incommutabiliter
2701 2937 2870 2991 vivunt
2905 2936 3101 2998 omnia,
3132 2952 3233 2987 non
3269 2935 3457 2997 solum,
3484 2950 3614 3003 quae
3640 2933 3744 3002 fue-

2193 3037 2334 3092 runt,
2360 3043 2533 3081 rerum
2558 3029 2738 3090 etiam,
2761 3043 2893 3096 quae
2926 3028 3103 3095 futura
3133 3034 3253 3078 sunt
3271 3042 3290 3090 ;
3323 3041 3412 3078 uec
3435 3035 3541 3076 tum
3574 3025 3625 3075 in
3651 3024 3748 3088 ipso

507 3119 782 3173 causativa
833 3117 884 3169 in
915 3131 1076 3170 causa
1112 3130 1211 3169 sua
1243 3131 1453 3183 semper
1498 3114 1816 3170 subsistunt.
1853 3113 1991 3169 MAG.
2025 3115 2081 3170 Si
2113 3091 2156 3151 (ἶ
2190 3117 2426 3186 fuerunt,
2457 3135 2547 3171 uec
2577 3118 2756 3186 futura
2789 3128 2907 3170 sunt
2936 3117 3000 3181 εί,
3023 3117 3112 3170 sed
3141 3117 3501 3168 tantummodo
3534 3123 3681 3175 sunt;
3703 3119 3748 3162 ει

505 3209 666 3277 igitur
716 3207 856 3259 nulla
913 3207 1012 3258 alia
1055 3205 1266 3258 ratione
1305 3206 1443 3260 Deus
1492 3207 1896 3258 universitatem
1949 3222 1978 3257 a
2027 3221 2084 3258 se

505 3300 774 3354 conditam
808 3298 1105 3366 praecedit,
1152 3308 1364 3365 praeter
1411 3296 1550 3349 illam
1599 3297 1788 3360 solam,
1819 3313 1925 3365 qua
1969 3297 2084 3364 ipsc

505 3405 666 3444 causa
697 3401 808 3451 est;
851 3403 912 3441 ea
961 3404 1086 3441 vero
1125 3389 1420 3450 causativa,
1461 3399 1512 3440 et
1549 3404 1708 3442 omne
1748 3389 2081 3441 causativum

502 3493 716 3546 semper
770 3479 820 3529 in
875 3494 1036 3531 causa
1079 3477 1364 3540 subsistit,
1411 3477 1568 3529 aliter
1602 3477 1745 3531 enim
1791 3492 1888 3529 nec
1919 3491 2082 3530 causa

499 3583 660 3619 causa
692 3576 770 3619 est
792 3605 804 3629 ,
839 3581 935 3618 nee
960 3565 1294 3618 causativum
1319 3566 1654 3618 causativum
1681 3581 1695 3628 ;
1725 3565 1942 3632 Deoque
1974 3580 2079 3618 non

504 3657 698 3708 accidit
748 3655 980 3707 causalis
1011 3669 1150 3716 esse,
1185 3669 1396 3722 semper
1440 3655 1581 3708 cnim
1631 3670 1795 3709 causa
1832 3665 1885 3709 et
1917 3654 1936 3684 ⁸
1977 3664 2080 3719 est,

503 3756 557 3796 ct
581 3753 718 3805 erat,
741 3755 792 3797 et
820 3745 954 3806 erit;
988 3758 1200 3810 semper
1229 3744 1393 3810 igitur
1416 3745 1688 3798 causativa
1722 3747 1773 3799 in
1802 3761 1896 3798 sua
1919 3760 2082 3800 causa

503 3834 834 3895 stilisistuut,
893 3843 948 3886 et
996 3833 1373 3892 subsdternut,
1428 3842 1483 3886 et
1544 3835 1843 3888 substitura
1908 3844 2078 3888 sunt:

504 3925 730 3995 proinde
762 3925 1084 3978 universitas
1111 3925 1162 3977 in
1192 3939 1285 3976 sua
1314 3939 1500 3987 causa,
1532 3925 1783 3992 quoniam
1807 3925 2079 3979 causativa

502 4024 610 4080 est,
658 4016 759 4068 hoc
804 4023 908 4078 est,
960 4027 1091 4066 suae
1134 4028 1329 4066 causae
1375 4013 1668 4082 particeps,
1713 4023 1932 4067 aeterna
1977 4022 2079 4068 est.

507 4104 697 4157 Totius
757 4118 887 4170 ergo
931 4102 950 4132 ’τ
1007 4110 1287 4154 creaturae
1343 4102 1744 4155 universitatem
1802 4111 2080 4156 aeternam

506 4207 627 4245 esse
657 4192 708 4245 in
741 4190 917 4244 Verbo
946 4189 1039 4244 Dei
1083 4188 1426 4243 manifestum
1469 4198 1572 4244 est.
1614 4190 1759 4244 Dtsc.
1791 4189 1928 4243 iluic
1953 4204 2083 4243 con-

505 4280 732 4335 (‘illSltilti
767 4279 1135 4332 contradicere
1150 4291 1259 4330 non
1285 4277 1459 4341 valeo,
1490 4280 1615 4331 dum
1643 4278 1757 4332 sine
1784 4276 1889 4329 ulla
1917 4276 2083 4330 ambi-

502 4375 706 4442 guitate
755 4373 1060 4437 considero,
1106 4386 1296 4425 omnes
1340 4385 1592 4425 numeros
1637 4371 1690 4424 in
1737 4370 1981 4435 monade,
2027 4379 2082 4426 et

503 4481 696 4520 omnes
741 4465 908 4519 lineas
955 4464 1006 4517 iu
1039 4473 1226 4518 centro
1275 4462 1619 4517 aeternaliter
1664 4471 1717 4516 et
1747 4462 2085 4517 uniformiter

505 4555 824 4610 subsistere.
853 4555 920 4608 Et
949 4553 1196 4623 quamvis
1231 4563 1352 4607 actu
1393 4563 1446 4606 et
1471 4568 1634 4623 opere
1671 4554 2007 4608 numerantis
2031 4564 2086 4610 et

501 4641 760 4696 lineantis
807 4642 860 4695 in
901 4642 1082 4695 varias
1135 4656 1479 4696 numerorum
1527 4643 1734 4712 species
1783 4643 2086 4712 ﬁgurasque

505 4734 834 4797 formentur,
871 4749 1086 4801 semper
1113 4742 1290 4787 tamen
1323 4734 1374 4787 in
1412 4734 1690 4804 principiis
1719 4735 1854 4799 suis,
1887 4735 1940 4788 in
1971 4749 2084 4788 mO~

505 4826 645 4879 nade
683 4827 804 4881 dico
843 4835 898 4881 et
935 4836 1147 4893 centro,
1196 4827 1541 4882 uniformiler
1577 4836 1936 4898 permanent,
1986 4843 2084 4883 nec

504 4931 738 4985 unquam
779 4919 897 4972 sine
941 4919 1022 4972 eis
1066 4919 1328 4988 principia
1363 4919 1728 4987 intelliguntur
1767 4919 1948 4983 fuisse,
1982 4935 2082 4974 nec

504 5007 560 5062 in
610 5008 742 5076 ipsis
785 5010 1067 5078 principiis
1108 5010 1225 5065 fieri
1278 5011 1584 5075 inchoasse,
1636 5017 1691 5065 et
1730 5011 1854 5064 dum
1887 5013 1956 5066 ab
2002 5014 2081 5067 eis

501 5095 876 5165 multipliciter
939 5097 1243 5168 proﬂuunt,
1311 5098 1566 5154 uniformi
1621 5108 1799 5154 tamen
1876 5103 2081 5159 ratione

501 5196 723 5240 aeterno
766 5198 927 5258 atque
956 5189 1376 5245 incommutabili
1425 5201 1565 5246 statu
1613 5193 1663 5245 in
1711 5193 1790 5247 eis
1817 5208 1939 5248 esse
1974 5209 2079 5249 non

2189 3212 2362 3263 omnia
2399 3227 2559 3262 unum
2590 3221 2730 3271 sunt,
2777 3222 2822 3262 et
2855 3209 3019 3276 magis
3053 3224 3212 3260 unum
3254 3216 3349 3261 est.
3377 3205 3506 3259 ltcm
3539 3205 3590 3257 in
3622 3201 3746 3256 Exe-

2191 3315 2341 3353 mcro
2372 3299 2435 3352 de
2469 3297 2580 3351 Deo
2610 3296 2819 3352 Verbo:
2847 3298 3032 3359 Aliter,
3064 3295 3254 3366 inquit,
3282 3298 3374 3348 sub
3399 3295 3508 3362 ipso
3537 3301 3650 3346 sunt
3673 3307 3748 3357 ea,

2189 3407 2323 3459 quae
2352 3407 2442 3459 per
2464 3391 2632 3456 ipsum
2659 3390 2798 3457 [actu
2825 3399 2968 3451 sunt,
2994 3388 3145 3441 aiiter
3171 3387 3224 3439 in
3254 3389 3362 3456 ipso
3384 3396 3501 3439 sunt
3528 3401 3608 3448 ea,
3633 3398 3751 3454 quas

2185 3482 2294 3549 ipse
2340 3489 2435 3533 est.
2473 3479 2749 3547 Tanquam
2789 3487 2972 3547 aperte
3018 3477 3219 3529 diceret
3267 3493 3278 3528 :
3331 3476 3501 3529 Aliter
3534 3477 3632 3528 sub
3672 3472 3750 3526 illo

2187 3580 2334 3636 sunt,
2366 3571 2491 3624 dntn
2523 3587 2618 3639 per
2646 3570 3048 3638 generationem
3090 3569 3230 3622 facta
3261 3569 3313 3621 in
3359 3569 3670 3637 generibus,
3703 3571 3749 3618 et

2187 3669 2394 3732 foratis,
2425 3669 2555 3724 locis
2577 3683 2808 3736 quoque,
2835 3667 3271 3734 temporibusque
3301 3666 3343 3698 ¹¹
3368 3664 3647 3718 visibiliter
3666 3675 3742 3730 pet

2187 3761 2469 3814 materiem
2499 3768 2794 3828 apparent;
2825 3758 2980 3812 aliter
3005 3759 3056 3811 in
3093 3758 3206 3826 ipso
3235 3765 3378 3818 sunt,
3410 3755 3537 3807 dum
3567 3754 3619 3807 in
3653 3751 3749 3820 pri-

2190 3851 2545 3905 mordialibus
2575 3866 2752 3904 rerum
2795 3849 2994 3913 causis,
3031 3864 3168 3917 quae
3204 3863 3307 3900 non
3339 3846 3510 3900 solum
3543 3848 3595 3900 in
3633 3845 3750 3907 Deo.

2185 3956 2370 3996 verum
2416 3941 2580 3995 etiam
2609 3940 2751 3994 Deus
2781 3948 2926 4002 sunt,
2976 3935 3323 3991 aeternaliter
3369 3934 3751 4003 intelliguntur.

2188 4031 2250 4084 Et
2276 4033 2393 4086 ideo
2420 4031 2495 4085 ait
2521 4031 2564 4062 ³³
2589 4048 2600 4084 :
2631 4045 2715 4094 ea,
2745 4043 2881 4097 quae
2909 4028 3018 4096 ipse
3047 4037 3162 4091 est;
3189 4042 3292 4080 non
3319 4024 3458 4093 quod
3493 4024 3596 4076 alia
3634 4021 3751 4082 sint,

2183 4137 2322 4190 quae
2369 4122 2421 4174 in
2453 4121 2561 4175 Deo
2591 4129 2736 4183 sunt,
2785 4127 2840 4172 et
2887 4117 3028 4171 Deus
3072 4129 3192 4169 esse
3227 4114 3506 4166 discuntur
3549 4117 3752 4180 propter

2183 4213 2443 4266 ttnitatem
2470 4219 2718 4274 naturae,
2749 4217 2802 4263 et
2824 4208 2948 4273 alia,
2981 4221 3119 4275 quae
3143 4220 3241 4275 per
3269 4203 3668 4274 generationem
3698 4197 3746 4252 in

2184 4302 2438 4356 mundum
2489 4301 2726 4363 veniunt,
2773 4299 2865 4352 sed
2905 4298 3028 4366 quia
3077 4311 3178 4348 una
3233 4294 3528 4360 eademque
3581 4302 3746 4345 rerum

2189 4399 2379 4443 natura
2413 4389 2570 4444 aliter
2616 4389 2993 4443 consideratur
3020 4387 3071 4438 in
3103 4383 3425 4438 aeternitate
3458 4379 3615 4434 Verbi
3648 4377 3748 4438 Dei,

2188 4479 2348 4534 aliter
2387 4481 2438 4534 in
2501 4479 2900 4548 temporalitale
2937 4475 3229 4531 constituta
3268 4473 3310 4502 “
3369 4472 3571 4525 mundi.
3626 4469 3750 4523 San-

2187 4581 2306 4625 ctus
2331 4571 2375 4603 "
2400 4586 2612 4640 quoque
2639 4569 2922 4639 Dionysius
2965 4565 3288 4633 Aeropagita
3318 4563 3371 4615 in
3421 4562 3655 4631 capitulo
3693 4558 3751 4613 de

2186 4661 2426 4732 perfecto
2451 4671 2505 4716 et
2530 4677 2636 4714 uno
2663 4661 2773 4713 Deo
2803 4660 3059 4727 loquens:
3091 4653 3289 4717 Unum,
3324 4652 3518 4720 inquit,
3549 4650 3749 4710 dicitur,

2185 4753 2308 4820 quia
2341 4751 2513 4805 omnia
2541 4750 2901 4804 universaliter
2921 4758 3028 4808 est;
3053 4744 3251 4797 nultum
3277 4744 3411 4795 enim
3436 4741 3749 4794 uiuentium

2187 4854 2258 4896 est
2292 4859 2392 4895 non
2423 4843 2743 4912 participans
2773 4841 2946 4892 unius.
2987 4837 3054 4892 Et
3099 4835 3256 4904 paulo
3291 4844 3411 4902 post
3441 4850 3456 4886 :
3485 4831 3668 4901 Itaque
3708 4838 3749 4881 et

2186 4935 2282 4986 hoc
2302 4932 2734 5001 cognoscent/unt,
2765 4930 2886 4999 quia
2913 4927 3195 4980 secundum
3233 4940 3391 4976 unum
3429 4919 3754 4987 uniuscujus-

2185 5039 2282 5090 que
2327 5022 2676 5091 praecogitata
2723 5019 2768 5050 "
2797 5028 2870 5071 est
2915 5017 3131 5086 species,
3173 5013 3319 5066 unire
3359 5011 3553 5065 dicitur
3581 5008 3750 5068 unita;

2187 5125 2233 5166 et
2263 5113 2495 5166 omnium
2523 5122 2596 5164 est
2628 5126 2786 5163 unum
2816 5107 3098 5175 excinplar.
3132 5116 3178 5158 et
3206 5104 3251 5156 si
3274 5103 3543 5155 inIerirnas
3575 5111 3750 5157 unum,

2189 5219 2348 5271 neque
2377 5204 2710 5263 universitas,
2736 5217 2895 5270 neque
2928 5197 3073 5252 aliud
3109 5193 3320 5265 aliquod
3350 5192 3393 5224 ⁸⁷
3435 5189 3752 5247 existentiant

1786 5306 2037 5363 VARIAE
2073 5309 2450 5367 LECTIONES
2515 5376 2524 5386 ,

949 5423 1038 5476 Ἀ
1084 5421 1243 5474 enim.
1321 5419 1342 5450 ⁸
1376 5421 1415 5472 Α
1462 5438 1540 5474 eo.

1164 5490 1186 5521 '
1221 5501 1268 5544 et
1300 5505 1408 5544 om.
1437 5489 1503 5543 Α.

571 5429 590 5463 ³
652 5422 694 5475 C
751 5427 871 5478 sint.

1620 5422 1644 5495 ξ
1694 5424 1735 5476 Α
1792 5427 1982 5495 itaque.

502 5508 572 5543 an
627 5495 892 5560 pet-hibera
920 5509 1007 5548 om
1027 5491 1088 5546 C.

515 5647 558 5680 ¹⁶
579 5651 616 5698 Α
651 5654 988 5717 rercogitata.
1067 5647 1116 5682 "
1149 5648 1194 5701 Δ
1219 5646 1449 5718 aliquod.

2061 5427 2082 5459 ³
2107 5429 2146 5481 Α
2207 5428 2480 5483 Dominus.

1606 5493 1648 5531 ⁸⁸
1676 5495 1799 5549 bene
1824 5493 2027 5550 σώσηόὶ
2055 5526 2117 5539 -—-
2143 5499 2200 5551 in
2229 5499 2340 5564 ipso
2367 5516 2477 5554 om.
2503 5499 2564 5555 C.

504 5580 981 5656 {quantm-ibus.
1057 5578 1111 5656 ‘1
1132 5577 1237 5656 P‘lo
1259 5586 1306 5656 et
1334 5577 1450 5656 ideo
1479 5579 1550 5630 ait
1585 5577 1626 5634 C
1655 5580 1758 5644 Qui
1809 5583 1936 5634 deus
1976 5585 2077 5635 nisi

2186 5624 2191 5634 ι
2272 5585 2316 5623 ⁸⁵
2362 5586 2535 5656 Conj.,
2571 5590 2608 5642 Α
2647 5590 2919 5640 constituta
2998 5584 3036 5633 (ἰ
3087 5559 3350 5631 constitit:

2574 5431 2596 5462 ⁸
2642 5433 2680 5485 Α
2737 5440 2784 5484 et
2839 5443 3020 5482 causa.
3118 5420 3139 5454 '
3180 5420 3218 5473 Α
3251 5419 3430 5489 igitur.
3525 5420 3548 5451 ⁸
3595 5427 3754 5469 aeter-

2644 5509 2684 5542 ι¹
2713 5516 2802 5552 nec
2833 5509 2940 5550 tum
2969 5496 3024 5548 in
3055 5493 3166 5562 ipso
3188 5519 3254 5529 —
3275 5500 3392 5562 sunt
3434 5504 3542 5542 om.
3577 5490 3639 5543 (ἆ.
3714 5491 3754 5521 ³⁸

3453 5576 3500 5612 ⁸⁸
3524 5576 3566 5630 Α
3602 5576 3750 5629 sinu.
