  <div class='ocr_page' id='page_1' title='image "/cluster/home/n/w/nwhite01/storage/ocr_20150623/122/hvd.32044054759840/358.png"; bbox 0 0 3912 6154; ppageno 0'>
   <div class='ocr_carea' id='block_1_1' title="bbox 318 277 419 331">
    <p class='ocr_par' dir='ltr' id='par_1_1' title="bbox 318 277 419 331">
     <span class='ocr_line' id='line_1_1' title="bbox 318 277 419 331; baseline 0.01 -1"><span class='ocrx_word' id='word_1_1' title='bbox 318 277 419 331; x_wconf 65' lang='lat' dir='ltr'><strong>(Sil</strong></span> 
     </span>
    </p>
   </div>
   <div class='ocr_carea' id='block_1_2' title="bbox 1146 235 2687 315">
    <p class='ocr_par' dir='ltr' id='par_1_2' title="bbox 1146 235 2687 315">
     <span class='ocr_line' id='line_1_2' title="bbox 1146 235 2687 315; baseline -0.002 -3"><span class='ocrx_word' id='word_1_2' title='bbox 1146 266 1231 312; x_wconf 79' lang='lat' dir='ltr'><strong>nr.</strong></span> <span class='ocrx_word' id='word_1_3' title='bbox 1270 258 1604 313; x_wconf 68' lang='lat' dir='ltr'><strong>navistan</strong></span> <span class='ocrx_word' id='word_1_4' title='bbox 1640 235 1987 315; x_wconf 79' lang='lat' dir='ltr'><strong>NATURAE.</strong></span> <span class='ocrx_word' id='word_1_5' title='bbox 2024 284 2099 298; x_wconf 76' lang='grc'><strong>.-</strong></span> <span class='ocrx_word' id='word_1_6' title='bbox 2133 255 2332 310; x_wconf 65' lang='lat' dir='ltr'><strong>manu</strong></span> <span class='ocrx_word' id='word_1_7' title='bbox 2373 253 2687 310; x_wconf 62' lang='lat' dir='ltr'><strong>“manus.</strong></span> 
     </span>
    </p>
   </div>
   <div class='ocr_carea' id='block_1_3' title="bbox 3440 258 3544 313">
    <p class='ocr_par' dir='ltr' id='par_1_3' title="bbox 3440 258 3544 313">
     <span class='ocr_line' id='line_1_3' title="bbox 3440 258 3544 313; baseline 0.067 -6"><span class='ocrx_word' id='word_1_8' title='bbox 3440 258 3544 313; x_wconf 67' lang='lat' dir='ltr'><strong>uti</strong></span> 
     </span>
    </p>
   </div>
   <div class='ocr_carea' id='block_1_4' title="bbox 303 366 3544 441">
    <p class='ocr_par' dir='ltr' id='par_1_4' title="bbox 303 366 3544 441">
     <span class='ocr_line' id='line_1_4' title="bbox 303 366 3544 441; baseline -0.001 -16"><span class='ocrx_word' id='word_1_9' title='bbox 303 380 439 438; x_wconf 71' lang='lat' dir='ltr'><strong>erir;</strong></span> <span class='ocrx_word' id='word_1_10' title='bbox 470 373 643 427; x_wconf 84' lang='lat' dir='ltr'><strong>onmia</strong></span> <span class='ocrx_word' id='word_1_11' title='bbox 670 374 805 426; x_wconf 86' lang='lat' dir='ltr'><strong>enim</strong></span> <span class='ocrx_word' id='word_1_12' title='bbox 835 374 887 423; x_wconf 87' lang='lat' dir='ltr'><strong>in</strong></span> <span class='ocrx_word' id='word_1_13' title='bbox 913 370 1079 439; x_wconf 78' lang='lat' dir='ltr'><strong>seipse</strong></span> <span class='ocrx_word' id='word_1_14' title='bbox 1107 387 1268 423; x_wconf 77' lang='lat' dir='ltr'><strong>unum</strong></span> <span class='ocrx_word' id='word_1_15' title='bbox 1289 370 1618 436; x_wconf 78' lang='lat' dir='ltr'><strong>uniforntiter</strong></span> <span class='ocrx_word' id='word_1_16' title='bbox 1641 387 1877 440; x_wconf 82' lang='lat' dir='ltr'><strong>praeam-</strong></span> <span class='ocrx_word' id='word_1_17' title='bbox 1907 384 1952 440; x_wconf 69' lang='grc' dir='ltr'>Α</span> <span class='ocrx_word' id='word_1_18' title='bbox 1981 371 2184 433; x_wconf 84' lang='lat' dir='ltr'><strong>stione,</strong></span> <span class='ocrx_word' id='word_1_19' title='bbox 2236 369 2280 422; x_wconf 91' lang='lat' dir='ltr'><strong>si</strong></span> <span class='ocrx_word' id='word_1_20' title='bbox 2343 368 2470 438; x_wconf 85' lang='lat' dir='ltr'><strong>quid</strong></span> <span class='ocrx_word' id='word_1_21' title='bbox 2511 368 2791 421; x_wconf 82' lang='lat' dir='ltr'><strong>dicendum</strong></span> <span class='ocrx_word' id='word_1_22' title='bbox 2825 406 2838 426; x_wconf 88' lang='lat'><strong>,</strong></span> <span class='ocrx_word' id='word_1_23' title='bbox 2898 375 2949 419; x_wconf 85' lang='lat' dir='ltr'><strong>et</strong></span> <span class='ocrx_word' id='word_1_24' title='bbox 2994 366 3261 436; x_wconf 77' lang='lat' dir='ltr'><strong>inquirth</strong></span> <span class='ocrx_word' id='word_1_25' title='bbox 3318 379 3371 424; x_wconf 89' lang='lat' dir='ltr'><strong>ct</strong></span> <span class='ocrx_word' id='word_1_26' title='bbox 3420 390 3544 441; x_wconf 64' lang='grc' dir='ltr'><strong>εφυ-</strong></span> 
     </span>
    </p>
   </div>
   <div class='ocr_carea' id='block_1_5' title="bbox 302 459 1875 530">
    <p class='ocr_par' dir='ltr' id='par_1_5' title="bbox 302 459 1875 530">
     <span class='ocr_line' id='line_1_5' title="bbox 302 459 1875 530; baseline -0.002 -15"><span class='ocrx_word' id='word_1_27' title='bbox 302 469 405 528; x_wconf 63' lang='lat' dir='ltr'><strong>Idl,</strong></span> <span class='ocrx_word' id='word_1_28' title='bbox 433 474 480 517; x_wconf 85' lang='lat' dir='ltr'><strong>el</strong></span> <span class='ocrx_word' id='word_1_29' title='bbox 523 462 945 530; x_wconf 77' lang='lat' dir='ltr'><strong>cirrumprendit.</strong></span> <span class='ocrx_word' id='word_1_30' title='bbox 998 460 1092 514; x_wconf 83' lang='lat' dir='ltr'><strong>His</strong></span> <span class='ocrx_word' id='word_1_31' title='bbox 1132 469 1292 528; x_wconf 89' lang='lat' dir='ltr'><strong>atque</strong></span> <span class='ocrx_word' id='word_1_32' title='bbox 1350 459 1650 527; x_wconf 85' lang='lat' dir='ltr'><strong>hujusntodi</strong></span> <span class='ocrx_word' id='word_1_33' title='bbox 1693 474 1875 514; x_wconf 83' lang='lat' dir='ltr'><strong>exem-</strong></span> 
     </span>
    </p>
   </div>
   <div class='ocr_carea' id='block_1_6' title="bbox 300 549 1873 624">
    <p class='ocr_par' dir='ltr' id='par_1_6' title="bbox 300 549 1873 624">
     <span class='ocr_line' id='line_1_6' title="bbox 300 549 1873 624; baseline -0.003 -17"><span class='ocrx_word' id='word_1_34' title='bbox 300 554 412 624; x_wconf 74' lang='lat' dir='ltr'><strong>plis</strong></span> <span class='ocrx_word' id='word_1_35' title='bbox 436 563 600 622; x_wconf 91' lang='lat' dir='ltr'><strong>atque</strong></span> <span class='ocrx_word' id='word_1_36' title='bbox 633 562 647 589; x_wconf 82' lang='grc' dir='ltr'><strong>ι</strong></span> <span class='ocrx_word' id='word_1_37' title='bbox 681 550 998 605; x_wconf 71' lang='lat' dir='ltr'><strong>testimoniis</strong></span> <span class='ocrx_word' id='word_1_38' title='bbox 1044 550 1095 603; x_wconf 88' lang='lat' dir='ltr'><strong>in</strong></span> <span class='ocrx_word' id='word_1_39' title='bbox 1129 565 1289 603; x_wconf 90' lang='lat' dir='ltr'><strong>unum</strong></span> <span class='ocrx_word' id='word_1_40' title='bbox 1330 549 1568 603; x_wconf 79' lang='lat' dir='ltr'><strong>collectis</strong></span> <span class='ocrx_word' id='word_1_41' title='bbox 1589 590 1601 611; x_wconf 89' lang='lat'><strong>,</strong></span> <span class='ocrx_word' id='word_1_42' title='bbox 1650 550 1873 619; x_wconf 86' lang='lat' dir='ltr'><strong>apertis-</strong></span> 
     </span>
    </p>
   </div>
   <div class='ocr_carea' id='block_1_7' title="bbox 295 640 1874 712">
    <p class='ocr_par' dir='ltr' id='par_1_7' title="bbox 295 640 1874 712">
     <span class='ocr_line' id='line_1_7' title="bbox 295 640 1874 712; baseline -0.004 -12"><span class='ocrx_word' id='word_1_43' title='bbox 295 645 446 701; x_wconf 85' lang='lat' dir='ltr'><strong>sime</strong></span> <span class='ocrx_word' id='word_1_44' title='bbox 475 645 634 698; x_wconf 88' lang='lat' dir='ltr'><strong>datur</strong></span> <span class='ocrx_word' id='word_1_45' title='bbox 662 642 905 712; x_wconf 81' lang='lat' dir='ltr'><strong>intelligi,</strong></span> <span class='ocrx_word' id='word_1_46' title='bbox 946 642 1126 694; x_wconf 82' lang='lat' dir='ltr'><strong>omnia</strong></span> <span class='ocrx_word' id='word_1_47' title='bbox 1160 658 1212 694; x_wconf 85' lang='lat' dir='ltr'><strong>III</strong></span> <span class='ocrx_word' id='word_1_48' title='bbox 1245 641 1420 695; x_wconf 88' lang='lat' dir='ltr'><strong>Verbo</strong></span> <span class='ocrx_word' id='word_1_49' title='bbox 1449 641 1540 694; x_wconf 86' lang='lat' dir='ltr'><strong>Dei</strong></span> <span class='ocrx_word' id='word_1_50' title='bbox 1572 656 1676 694; x_wconf 81' lang='lat' dir='ltr'><strong>non</strong></span> <span class='ocrx_word' id='word_1_51' title='bbox 1701 640 1874 694; x_wconf 89' lang='lat' dir='ltr'><strong>solum</strong></span> 
     </span>
    </p>
   </div>
   <div class='ocr_carea' id='block_1_8' title="bbox 292 730 1876 800">
    <p class='ocr_par' dir='ltr' id='par_1_8' title="bbox 292 730 1876 800">
     <span class='ocr_line' id='line_1_8' title="bbox 292 730 1876 800; baseline -0.003 -11"><span class='ocrx_word' id='word_1_52' title='bbox 292 742 551 797; x_wconf 83' lang='lat' dir='ltr'><strong>aeterna,</strong></span> <span class='ocrx_word' id='word_1_53' title='bbox 581 748 764 786; x_wconf 88' lang='lat' dir='ltr'><strong>verum</strong></span> <span class='ocrx_word' id='word_1_54' title='bbox 788 733 951 787; x_wconf 90' lang='lat' dir='ltr'><strong>etiam</strong></span> <span class='ocrx_word' id='word_1_55' title='bbox 991 732 1011 762; x_wconf 80' lang='lat'><strong><em>‘</em></strong></span> <span class='ocrx_word' id='word_1_56' title='bbox 1065 732 1234 800; x_wconf 89' lang='lat' dir='ltr'><strong>ipsum</strong></span> <span class='ocrx_word' id='word_1_57' title='bbox 1271 730 1504 785; x_wconf 78' lang='lat' dir='ltr'><strong>Verbum</strong></span> <span class='ocrx_word' id='word_1_58' title='bbox 1546 746 1685 785; x_wconf 87' lang='lat' dir='ltr'><strong>esse.</strong></span> <span class='ocrx_word' id='word_1_59' title='bbox 1734 731 1876 798; x_wconf 56' lang='lat' dir='ltr'><strong>Quo.</strong></span> 
     </span>
    </p>
   </div>
   <div class='ocr_carea' id='block_1_9' title="bbox 294 819 1874 885">
    <p class='ocr_par' dir='ltr' id='par_1_9' title="bbox 294 819 1874 885">
     <span class='ocr_line' id='line_1_9' title="bbox 294 819 1874 885; baseline -0.001 -9"><span class='ocrx_word' id='word_1_60' title='bbox 294 823 455 876; x_wconf 87' lang='lat' dir='ltr'><strong>niam</strong></span> <span class='ocrx_word' id='word_1_61' title='bbox 486 837 615 876; x_wconf 86' lang='lat' dir='ltr'><strong>vero</strong></span> <span class='ocrx_word' id='word_1_62' title='bbox 636 830 689 876; x_wconf 91' lang='lat' dir='ltr'><strong>et</strong></span> <span class='ocrx_word' id='word_1_63' title='bbox 712 822 851 877; x_wconf 80' lang='lat' dir='ltr'><strong>facta</strong></span> <span class='ocrx_word' id='word_1_64' title='bbox 879 819 1038 875; x_wconf 86' lang='lat' dir='ltr'><strong>simul</strong></span> <span class='ocrx_word' id='word_1_65' title='bbox 1059 821 1260 885; x_wconf 86' lang='lat' dir='ltr'><strong>omnia,</strong></span> <span class='ocrx_word' id='word_1_66' title='bbox 1288 829 1345 874; x_wconf 90' lang='lat' dir='ltr'><strong>et</strong></span> <span class='ocrx_word' id='word_1_67' title='bbox 1370 829 1586 873; x_wconf 89' lang='lat' dir='ltr'><strong>aeterna</strong></span> <span class='ocrx_word' id='word_1_68' title='bbox 1624 835 1744 874; x_wconf 89' lang='lat' dir='ltr'><strong>esse</strong></span> <span class='ocrx_word' id='word_1_69' title='bbox 1777 820 1798 852; x_wconf 85' lang='grc'><strong><em>³</em></strong></span> <span class='ocrx_word' id='word_1_70' title='bbox 1820 821 1874 875; x_wconf 92' lang='lat' dir='ltr'><strong>in</strong></span> 
     </span>
    </p>
   </div>
   <div class='ocr_carea' id='block_1_10' title="bbox 292 911 1876 981">
    <p class='ocr_par' dir='ltr' id='par_1_10' title="bbox 292 911 1876 981">
     <span class='ocr_line' id='line_1_10' title="bbox 292 911 1876 981; baseline -0.001 -13"><span class='ocrx_word' id='word_1_71' title='bbox 292 912 485 969; x_wconf 87' lang='lat' dir='ltr'><strong>Verbo</strong></span> <span class='ocrx_word' id='word_1_72' title='bbox 514 914 609 968; x_wconf 90' lang='lat' dir='ltr'><strong>Dei</strong></span> <span class='ocrx_word' id='word_1_73' title='bbox 638 927 826 968; x_wconf 88' lang='lat' dir='ltr'><strong>sacrae</strong></span> <span class='ocrx_word' id='word_1_74' title='bbox 860 912 1171 981; x_wconf 86' lang='lat' dir='ltr'><strong>Scripturae</strong></span> <span class='ocrx_word' id='word_1_75' title='bbox 1206 911 1527 967; x_wconf 84' lang='lat' dir='ltr'><strong>testimoniis</strong></span> <span class='ocrx_word' id='word_1_76' title='bbox 1564 912 1876 981; x_wconf 84' lang='lat' dir='ltr'><strong>planissime</strong></span> 
     </span>
    </p>
   </div>
   <div class='ocr_carea' id='block_1_11' title="bbox 285 999 1873 1071">
    <p class='ocr_par' dir='ltr' id='par_1_11' title="bbox 285 999 1873 1071">
     <span class='ocr_line' id='line_1_11' title="bbox 285 999 1873 1071; baseline -0.004 -12"><span class='ocrx_word' id='word_1_77' title='bbox 285 1002 633 1066; x_wconf 76' lang='lat' dir='ltr'><strong>declaratur,</strong></span> <span class='ocrx_word' id='word_1_78' title='bbox 681 1000 917 1057; x_wconf 86' lang='lat' dir='ltr'><strong>Joannes</strong></span> <span class='ocrx_word' id='word_1_79' title='bbox 967 1000 1310 1071; x_wconf 79' lang='lat' dir='ltr'><strong>Evangelista</strong></span> <span class='ocrx_word' id='word_1_80' title='bbox 1358 1017 1371 1051; x_wconf 93' lang='lat'><strong>:</strong></span> <span class='ocrx_word' id='word_1_81' title='bbox 1423 999 1635 1066; x_wconf 81' lang='lat' dir='ltr'><strong>Omnia,</strong></span> <span class='ocrx_word' id='word_1_82' title='bbox 1680 1000 1873 1068; x_wconf 89' lang='lat' dir='ltr'><strong>inquit,</strong></span> 
     </span>
    </p>
   </div>
   <div class='ocr_carea' id='block_1_12' title="bbox 284 1091 1872 1162">
    <p class='ocr_par' dir='ltr' id='par_1_12' title="bbox 284 1091 1872 1162">
     <span class='ocr_line' id='line_1_12' title="bbox 284 1091 1872 1162; baseline -0.001 -16"><span class='ocrx_word' id='word_1_83' title='bbox 284 1108 392 1162; x_wconf 75' lang='lat' dir='ltr'><strong>per</strong></span> <span class='ocrx_word' id='word_1_84' title='bbox 422 1093 592 1161; x_wconf 87' lang='lat' dir='ltr'><strong>ipsum</strong></span> <span class='ocrx_word' id='word_1_85' title='bbox 632 1092 772 1161; x_wconf 78' lang='lat' dir='ltr'><strong>facta</strong></span> <span class='ocrx_word' id='word_1_86' title='bbox 822 1101 966 1157; x_wconf 88' lang='lat' dir='ltr'><strong>sunt,</strong></span> <span class='ocrx_word' id='word_1_87' title='bbox 1010 1101 1058 1144; x_wconf 83' lang='lat' dir='ltr'><strong>et</strong></span> <span class='ocrx_word' id='word_1_88' title='bbox 1104 1091 1216 1145; x_wconf 86' lang='lat' dir='ltr'><strong>sine</strong></span> <span class='ocrx_word' id='word_1_89' title='bbox 1263 1092 1374 1159; x_wconf 85' lang='lat' dir='ltr'><strong>ipso</strong></span> <span class='ocrx_word' id='word_1_90' title='bbox 1399 1092 1595 1160; x_wconf 76' lang='lat' dir='ltr'><strong>factum</strong></span> <span class='ocrx_word' id='word_1_91' title='bbox 1623 1101 1696 1145; x_wconf 86' lang='lat' dir='ltr'><strong>est</strong></span> <span class='ocrx_word' id='word_1_92' title='bbox 1724 1092 1872 1146; x_wconf 75' lang='lat' dir='ltr'><strong>nihil.</strong></span> 
     </span>
    </p>
   </div>
   <div class='ocr_carea' id='block_1_13' title="bbox 285 1181 1873 1253">
    <p class='ocr_par' dir='ltr' id='par_1_13' title="bbox 285 1181 1873 1253">
     <span class='ocr_line' id='line_1_13' title="bbox 285 1181 1873 1253; baseline 0 -16"><span class='ocrx_word' id='word_1_93' title='bbox 285 1183 464 1247; x_wconf 85' lang='lat' dir='ltr'><strong>Ecce,</strong></span> <span class='ocrx_word' id='word_1_94' title='bbox 488 1182 823 1253; x_wconf 85' lang='lat' dir='ltr'><strong>apertissime</strong></span> <span class='ocrx_word' id='word_1_95' title='bbox 839 1182 974 1237; x_wconf 80' lang='lat' dir='ltr'><strong>facta</strong></span> <span class='ocrx_word' id='word_1_96' title='bbox 996 1196 1113 1236; x_wconf 90' lang='lat' dir='ltr'><strong>esse</strong></span> <span class='ocrx_word' id='word_1_97' title='bbox 1127 1182 1306 1235; x_wconf 88' lang='lat' dir='ltr'><strong>omnia</strong></span> <span class='ocrx_word' id='word_1_98' title='bbox 1325 1181 1559 1237; x_wconf 88' lang='lat' dir='ltr'><strong>iuVerbo</strong></span> <span class='ocrx_word' id='word_1_99' title='bbox 1580 1182 1724 1237; x_wconf 82' lang='lat' dir='ltr'><strong>dicit.</strong></span> <span class='ocrx_word' id='word_1_100' title='bbox 1745 1183 1873 1249; x_wconf 80' lang='lat' dir='ltr'><strong>Sed,</strong></span> 
     </span>
    </p>
   </div>
   <div class='ocr_carea' id='block_1_14' title="bbox 284 1274 1877 1347">
    <p class='ocr_par' dir='ltr' id='par_1_14' title="bbox 284 1274 1877 1347">
     <span class='ocr_line' id='line_1_14' title="bbox 284 1274 1877 1347; baseline -0.003 -14"><span class='ocrx_word' id='word_1_101' title='bbox 284 1293 360 1333; x_wconf 87' lang='lat' dir='ltr'><strong>ne</strong></span> <span class='ocrx_word' id='word_1_102' title='bbox 393 1279 525 1347; x_wconf 88' lang='lat' dir='ltr'><strong>quis</strong></span> <span class='ocrx_word' id='word_1_103' title='bbox 577 1277 910 1331; x_wconf 79' lang='lat' dir='ltr'><strong>existimaret</strong></span> <span class='ocrx_word' id='word_1_104' title='bbox 956 1275 1006 1341; x_wconf 73' lang='grc'><strong>⁵,</strong></span> <span class='ocrx_word' id='word_1_105' title='bbox 1047 1274 1186 1329; x_wconf 83' lang='lat' dir='ltr'><strong>facta</strong></span> <span class='ocrx_word' id='word_1_106' title='bbox 1239 1289 1360 1330; x_wconf 89' lang='lat' dir='ltr'><strong>esse</strong></span> <span class='ocrx_word' id='word_1_107' title='bbox 1405 1275 1770 1339; x_wconf 86' lang='lat' dir='ltr'><strong>solummodo,</strong></span> <span class='ocrx_word' id='word_1_108' title='bbox 1821 1282 1877 1328; x_wconf 92' lang='lat' dir='ltr'><strong>et</strong></span> 
     </span>
    </p>
   </div>
   <div class='ocr_carea' id='block_1_15' title="bbox 280 1356 1875 1437">
    <p class='ocr_par' dir='ltr' id='par_1_15' title="bbox 280 1356 1875 1437">
     <span class='ocr_line' id='line_1_15' title="bbox 280 1356 1875 1437; baseline -0.003 -13"><span class='ocrx_word' id='word_1_109' title='bbox 280 1383 402 1424; x_wconf 85' lang='lat' dir='ltr'><strong>non</strong></span> <span class='ocrx_word' id='word_1_110' title='bbox 434 1356 681 1433; x_wconf 77' lang='lat' dir='ltr'><strong>aeterna,</strong></span> <span class='ocrx_word' id='word_1_111' title='bbox 710 1367 952 1437; x_wconf 84' lang='lat' dir='ltr'><strong>sequitur</strong></span> <span class='ocrx_word' id='word_1_112' title='bbox 979 1384 993 1419; x_wconf 86' lang='lat'><strong>:</strong></span> <span class='ocrx_word' id='word_1_113' title='bbox 1020 1364 1173 1431; x_wconf 81' lang='lat' dir='ltr'><strong>Quod</strong></span> <span class='ocrx_word' id='word_1_114' title='bbox 1200 1366 1396 1434; x_wconf 77' lang='lat' dir='ltr'><strong>factum</strong></span> <span class='ocrx_word' id='word_1_115' title='bbox 1432 1375 1507 1419; x_wconf 82' lang='lat' dir='ltr'><strong>est</strong></span> <span class='ocrx_word' id='word_1_116' title='bbox 1528 1367 1583 1418; x_wconf 87' lang='lat' dir='ltr'><strong>in</strong></span> <span class='ocrx_word' id='word_1_117' title='bbox 1606 1365 1741 1434; x_wconf 84' lang='lat' dir='ltr'><strong>ipso,</strong></span> <span class='ocrx_word' id='word_1_118' title='bbox 1770 1366 1875 1419; x_wconf 83' lang='lat' dir='ltr'><strong>vita</strong></span> 
     </span>
    </p>
   </div>
   <div class='ocr_carea' id='block_1_16' title="bbox 280 1454 1875 1525">
    <p class='ocr_par' dir='ltr' id='par_1_16' title="bbox 280 1454 1875 1525">
     <span class='ocr_line' id='line_1_16' title="bbox 280 1454 1875 1525; baseline -0.002 -14"><span class='ocrx_word' id='word_1_119' title='bbox 280 1467 433 1511; x_wconf 78' lang='lat' dir='ltr'><strong>erat.</strong></span> <span class='ocrx_word' id='word_1_120' title='bbox 470 1458 551 1511; x_wconf 81' lang='lat' dir='ltr'><strong>Ac</strong></span> <span class='ocrx_word' id='word_1_121' title='bbox 574 1457 618 1511; x_wconf 92' lang='lat' dir='ltr'><strong>si</strong></span> <span class='ocrx_word' id='word_1_122' title='bbox 646 1456 891 1521; x_wconf 73' lang='lat' dir='ltr'><strong>dixisset,</strong></span> <span class='ocrx_word' id='word_1_123' title='bbox 920 1456 1060 1525; x_wconf 86' lang='lat' dir='ltr'><strong>quod</strong></span> <span class='ocrx_word' id='word_1_124' title='bbox 1089 1455 1289 1509; x_wconf 81' lang='lat' dir='ltr'><strong>factum</strong></span> <span class='ocrx_word' id='word_1_125' title='bbox 1320 1463 1423 1519; x_wconf 91' lang='lat' dir='ltr'><strong>est,</strong></span> <span class='ocrx_word' id='word_1_126' title='bbox 1452 1456 1565 1508; x_wconf 82' lang='lat' dir='ltr'><strong>sive</strong></span> <span class='ocrx_word' id='word_1_127' title='bbox 1595 1455 1647 1507; x_wconf 93' lang='lat' dir='ltr'><strong>in</strong></span> <span class='ocrx_word' id='word_1_128' title='bbox 1674 1454 1875 1523; x_wconf 87' lang='lat' dir='ltr'><strong>princi-</strong></span> 
     </span>
    </p>
   </div>
   <div class='ocr_carea' id='block_1_17' title="bbox 279 1545 1873 1618">
    <p class='ocr_par' dir='ltr' id='par_1_17' title="bbox 279 1545 1873 1618">
     <span class='ocr_line' id='line_1_17' title="bbox 279 1545 1873 1618; baseline -0.002 -17"><span class='ocrx_word' id='word_1_129' title='bbox 279 1550 512 1618; x_wconf 85' lang='lat' dir='ltr'><strong>palibus</strong></span> <span class='ocrx_word' id='word_1_130' title='bbox 565 1548 758 1609; x_wconf 82' lang='lat' dir='ltr'><strong>causis,</strong></span> <span class='ocrx_word' id='word_1_131' title='bbox 805 1549 918 1602; x_wconf 85' lang='lat' dir='ltr'><strong>sive</strong></span> <span class='ocrx_word' id='word_1_132' title='bbox 967 1547 1019 1601; x_wconf 91' lang='lat' dir='ltr'><strong>in</strong></span> <span class='ocrx_word' id='word_1_133' title='bbox 1066 1561 1251 1602; x_wconf 90' lang='lat' dir='ltr'><strong>earum</strong></span> <span class='ocrx_word' id='word_1_134' title='bbox 1303 1545 1604 1609; x_wconf 81' lang='lat' dir='ltr'><strong>eﬂ&#39;ectibus,</strong></span> <span class='ocrx_word' id='word_1_135' title='bbox 1649 1546 1701 1599; x_wconf 93' lang='lat' dir='ltr'><strong>in</strong></span> <span class='ocrx_word' id='word_1_136' title='bbox 1757 1546 1873 1614; x_wconf 89' lang='lat' dir='ltr'><strong>ipso</strong></span> 
     </span>
    </p>
   </div>
   <div class='ocr_carea' id='block_1_18' title="bbox 286 1633 1872 1704">
    <p class='ocr_par' dir='ltr' id='par_1_18' title="bbox 286 1633 1872 1704">
     <span class='ocr_line' id='line_1_18' title="bbox 286 1633 1872 1704; baseline 0.001 -14"><span class='ocrx_word' id='word_1_137' title='bbox 286 1635 499 1700; x_wconf 77' lang='lat' dir='ltr'><strong>Verbo.</strong></span> <span class='ocrx_word' id='word_1_138' title='bbox 533 1637 585 1690; x_wconf 90' lang='lat' dir='ltr'><strong>in</strong></span> <span class='ocrx_word' id='word_1_139' title='bbox 626 1652 730 1704; x_wconf 89' lang='lat' dir='ltr'><strong>quo</strong></span> <span class='ocrx_word' id='word_1_140' title='bbox 760 1638 995 1691; x_wconf 89' lang='lat' dir='ltr'><strong>rationes</strong></span> <span class='ocrx_word' id='word_1_141' title='bbox 1021 1638 1259 1690; x_wconf 91' lang='lat' dir='ltr'><strong>omnium</strong></span> <span class='ocrx_word' id='word_1_142' title='bbox 1291 1644 1543 1690; x_wconf 84' lang='lat' dir='ltr'><strong>aeternae</strong></span> <span class='ocrx_word' id='word_1_143' title='bbox 1586 1644 1733 1699; x_wconf 84' lang='lat' dir='ltr'><strong>sunt,</strong></span> <span class='ocrx_word' id='word_1_144' title='bbox 1762 1633 1872 1691; x_wconf 68' lang='lat' dir='ltr'><strong>vita</strong></span> 
     </span>
    </p>
   </div>
   <div class='ocr_carea' id='block_1_19' title="bbox 1976 472 2102 511">
    <p class='ocr_par' dir='ltr' id='par_1_19' title="bbox 1976 472 2102 511">
     <span class='ocr_line' id='line_1_19' title="bbox 1976 472 2102 511; baseline -0.008 -1"><span class='ocrx_word' id='word_1_145' title='bbox 1976 472 2102 511; x_wconf 78' lang='lat' dir='ltr'><strong>I‘II‘C.</strong></span> 
     </span>
    </p>
   </div>
   <div class='ocr_carea' id='block_1_20' title="bbox 2044 547 3538 621">
    <p class='ocr_par' dir='ltr' id='par_1_20' title="bbox 2044 547 3538 621">
     <span class='ocr_line' id='line_1_20' title="bbox 2044 547 3538 621; baseline 0.003 -19"><span class='ocrx_word' id='word_1_146' title='bbox 2044 547 2096 602; x_wconf 89' lang='lat'><strong>9.</strong></span> <span class='ocrx_word' id='word_1_147' title='bbox 2139 548 2275 602; x_wconf 68' lang='lat' dir='ltr'><strong>ch.</strong></span> <span class='ocrx_word' id='word_1_148' title='bbox 2317 547 2573 602; x_wconf 78' lang='lat' dir='ltr'><strong>Rationes</strong></span> <span class='ocrx_word' id='word_1_149' title='bbox 2613 547 2849 600; x_wconf 79' lang='lat' dir='ltr'><strong>omnium</strong></span> <span class='ocrx_word' id='word_1_150' title='bbox 2892 562 3112 621; x_wconf 89' lang='lat' dir='ltr'><strong>rerum,</strong></span> <span class='ocrx_word' id='word_1_151' title='bbox 3144 549 3268 603; x_wconf 90' lang='lat' dir='ltr'><strong>dum</strong></span> <span class='ocrx_word' id='word_1_152' title='bbox 3322 552 3374 605; x_wconf 87' lang='lat' dir='ltr'><strong>in</strong></span> <span class='ocrx_word' id='word_1_153' title='bbox 3426 552 3538 621; x_wconf 70' lang='lat' dir='ltr'><strong>ipsa</strong></span> 
     </span>
    </p>
   </div>
   <div class='ocr_carea' id='block_1_21' title="bbox 1976 620 3543 709">
    <p class='ocr_par' dir='ltr' id='par_1_21' title="bbox 1976 620 3543 709">
     <span class='ocr_line' id='line_1_21' title="bbox 1976 620 3543 709; baseline 0.004 -21"><span class='ocrx_word' id='word_1_154' title='bbox 1976 644 2166 689; x_wconf 85' lang='lat' dir='ltr'><strong>natura</strong></span> <span class='ocrx_word' id='word_1_155' title='bbox 2208 636 2390 700; x_wconf 90' lang='lat' dir='ltr'><strong>Verbi,</strong></span> <span class='ocrx_word' id='word_1_156' title='bbox 2418 651 2555 705; x_wconf 87' lang='lat' dir='ltr'><strong>quae</strong></span> <span class='ocrx_word' id='word_1_157' title='bbox 2600 620 3064 705; x_wconf 81' lang='lat' dir='ltr'><strong>superessentialis</strong></span> <span class='ocrx_word' id='word_1_158' title='bbox 3113 646 3213 701; x_wconf 81' lang='lat' dir='ltr'><strong>est,</strong></span> <span class='ocrx_word' id='word_1_159' title='bbox 3242 620 3543 709; x_wconf 74' lang='lat' dir='ltr'><strong>intelligun-</strong></span> 
     </span>
    </p>
   </div>
   <div class='ocr_carea' id='block_1_22' title="bbox 1977 727 3545 797">
    <p class='ocr_par' dir='ltr' id='par_1_22' title="bbox 1977 727 3545 797">
     <span class='ocr_line' id='line_1_22' title="bbox 1977 727 3545 797; baseline 0.005 -18"><span class='ocrx_word' id='word_1_160' title='bbox 1977 735 2086 791; x_wconf 88' lang='lat' dir='ltr'><strong>tur,</strong></span> <span class='ocrx_word' id='word_1_161' title='bbox 2119 736 2368 782; x_wconf 87' lang='lat' dir='ltr'><strong>aeternas</strong></span> <span class='ocrx_word' id='word_1_162' title='bbox 2413 741 2533 781; x_wconf 87' lang='lat' dir='ltr'><strong>esse</strong></span> <span class='ocrx_word' id='word_1_163' title='bbox 2583 727 2835 781; x_wconf 85' lang='lat' dir='ltr'><strong>arbitror.</strong></span> <span class='ocrx_word' id='word_1_164' title='bbox 2870 727 3131 797; x_wconf 81' lang='lat' dir='ltr'><strong>Quicquid</strong></span> <span class='ocrx_word' id='word_1_165' title='bbox 3175 730 3315 783; x_wconf 86' lang='lat' dir='ltr'><strong>enim</strong></span> <span class='ocrx_word' id='word_1_166' title='bbox 3352 732 3401 784; x_wconf 92' lang='lat' dir='ltr'><strong>in</strong></span> <span class='ocrx_word' id='word_1_167' title='bbox 3436 733 3545 787; x_wconf 85' lang='lat' dir='ltr'><strong>Deo</strong></span> 
     </span>
    </p>
   </div>
   <div class='ocr_carea' id='block_1_23' title="bbox 1977 814 3546 890">
    <p class='ocr_par' dir='ltr' id='par_1_23' title="bbox 1977 814 3546 890">
     <span class='ocr_line' id='line_1_23' title="bbox 1977 814 3546 890; baseline 0.005 -22"><span class='ocrx_word' id='word_1_168' title='bbox 1977 814 2154 871; x_wconf 82' lang='lat' dir='ltr'><strong>Verbo</strong></span> <span class='ocrx_word' id='word_1_169' title='bbox 2179 816 2604 871; x_wconf 81' lang='lat' dir='ltr'><strong>substantialiter</strong></span> <span class='ocrx_word' id='word_1_170' title='bbox 2628 824 2730 880; x_wconf 89' lang='lat' dir='ltr'><strong>est,</strong></span> <span class='ocrx_word' id='word_1_171' title='bbox 2756 818 3005 886; x_wconf 85' lang='lat' dir='ltr'><strong>quoniam</strong></span> <span class='ocrx_word' id='word_1_172' title='bbox 3030 833 3136 872; x_wconf 91' lang='lat' dir='ltr'><strong>non</strong></span> <span class='ocrx_word' id='word_1_173' title='bbox 3156 818 3297 873; x_wconf 90' lang='lat' dir='ltr'><strong>aliud</strong></span> <span class='ocrx_word' id='word_1_174' title='bbox 3328 832 3546 890; x_wconf 87' lang='lat' dir='ltr'><strong>praeter</strong></span> 
     </span>
    </p>
   </div>
   <div class='ocr_carea' id='block_1_24' title="bbox 1976 904 3543 973">
    <p class='ocr_par' dir='ltr' id='par_1_24' title="bbox 1976 904 3543 973">
     <span class='ocr_line' id='line_1_24' title="bbox 1976 904 3543 973; baseline 0.006 -15"><span class='ocrx_word' id='word_1_175' title='bbox 1976 904 2149 973; x_wconf 90' lang='lat' dir='ltr'><strong>ipsum</strong></span> <span class='ocrx_word' id='word_1_176' title='bbox 2172 904 2406 960; x_wconf 80' lang='lat' dir='ltr'><strong>Verbum</strong></span> <span class='ocrx_word' id='word_1_177' title='bbox 2453 914 2556 971; x_wconf 91' lang='lat' dir='ltr'><strong>est,</strong></span> <span class='ocrx_word' id='word_1_178' title='bbox 2590 917 2864 961; x_wconf 84' lang='lat' dir='ltr'><strong>aeternum</strong></span> <span class='ocrx_word' id='word_1_179' title='bbox 2915 920 3039 962; x_wconf 83' lang='lat' dir='ltr'><strong>esse</strong></span> <span class='ocrx_word' id='word_1_180' title='bbox 3069 921 3286 964; x_wconf 87' lang='lat' dir='ltr'><strong>necesse</strong></span> <span class='ocrx_word' id='word_1_181' title='bbox 3314 920 3415 965; x_wconf 88' lang='lat' dir='ltr'><strong>est.</strong></span> <span class='ocrx_word' id='word_1_182' title='bbox 3465 912 3543 967; x_wconf 78' lang='lat' dir='ltr'><strong>Ae</strong></span> 
     </span>
    </p>
   </div>
   <div class='ocr_carea' id='block_1_25' title="bbox 1976 995 3539 1070">
    <p class='ocr_par' dir='ltr' id='par_1_25' title="bbox 1976 995 3539 1070">
     <span class='ocr_line' id='line_1_25' title="bbox 1976 995 3539 1070; baseline 0.004 -21"><span class='ocrx_word' id='word_1_183' title='bbox 1976 1009 2071 1063; x_wconf 80' lang='lat' dir='ltr'><strong>per</strong></span> <span class='ocrx_word' id='word_1_184' title='bbox 2094 995 2195 1050; x_wconf 90' lang='lat' dir='ltr'><strong>hoc</strong></span> <span class='ocrx_word' id='word_1_185' title='bbox 2216 995 2524 1060; x_wconf 82' lang='lat' dir='ltr'><strong>coniicitur,</strong></span> <span class='ocrx_word' id='word_1_186' title='bbox 2546 1004 2599 1050; x_wconf 82' lang='lat' dir='ltr'><strong>et</strong></span> <span class='ocrx_word' id='word_1_187' title='bbox 2629 996 2800 1064; x_wconf 90' lang='lat' dir='ltr'><strong>ipsum</strong></span> <span class='ocrx_word' id='word_1_188' title='bbox 2838 997 3088 1059; x_wconf 79' lang='lat' dir='ltr'><strong>Verbum,</strong></span> <span class='ocrx_word' id='word_1_189' title='bbox 3113 1008 3164 1052; x_wconf 92' lang='lat' dir='ltr'><strong>et</strong></span> <span class='ocrx_word' id='word_1_190' title='bbox 3195 1000 3539 1070; x_wconf 84' lang='lat' dir='ltr'><strong>multiplicem</strong></span> 
     </span>
    </p>
   </div>
   <div class='ocr_carea' id='block_1_26' title="bbox 1975 1082 3546 1158">
    <p class='ocr_par' dir='ltr' id='par_1_26' title="bbox 1975 1082 3546 1158">
     <span class='ocr_line' id='line_1_26' title="bbox 1975 1082 3546 1158; baseline 0.004 -22"><span class='ocrx_word' id='word_1_191' title='bbox 1975 1083 2142 1137; x_wconf 83' lang='lat' dir='ltr'><strong>totius</strong></span> <span class='ocrx_word' id='word_1_192' title='bbox 2166 1082 2533 1137; x_wconf 87' lang='lat' dir='ltr'><strong>universitatis</strong></span> <span class='ocrx_word' id='word_1_193' title='bbox 2552 1084 2798 1137; x_wconf 84' lang='lat' dir='ltr'><strong>conditae</strong></span> <span class='ocrx_word' id='word_1_194' title='bbox 2824 1084 3435 1158; x_wconf 87' lang='lat' dir='ltr'><strong>principalissimamque</strong></span> <span class='ocrx_word' id='word_1_195' title='bbox 3458 1106 3546 1142; x_wconf 83' lang='lat' dir='ltr'><strong>ra-</strong></span> 
     </span>
    </p>
   </div>
   <div class='ocr_carea' id='block_1_27' title="bbox 1975 1172 3539 1243">
    <p class='ocr_par' dir='ltr' id='par_1_27' title="bbox 1975 1172 3539 1243">
     <span class='ocr_line' id='line_1_27' title="bbox 1975 1172 3539 1243; baseline 0.003 -17"><span class='ocrx_word' id='word_1_196' title='bbox 1975 1173 2174 1229; x_wconf 87' lang='lat' dir='ltr'><strong>tionem</strong></span> <span class='ocrx_word' id='word_1_197' title='bbox 2204 1174 2255 1229; x_wconf 90' lang='lat' dir='ltr'><strong>id</strong></span> <span class='ocrx_word' id='word_1_198' title='bbox 2300 1174 2474 1243; x_wconf 89' lang='lat' dir='ltr'><strong>ipsum</strong></span> <span class='ocrx_word' id='word_1_199' title='bbox 2518 1189 2655 1229; x_wconf 89' lang='lat' dir='ltr'><strong>esse.</strong></span> <span class='ocrx_word' id='word_1_200' title='bbox 2701 1172 2990 1229; x_wconf 77' lang='lat' dir='ltr'><strong>Possumus</strong></span> <span class='ocrx_word' id='word_1_201' title='bbox 3015 1176 3175 1230; x_wconf 84' lang='lat' dir='ltr'><strong>etiam</strong></span> <span class='ocrx_word' id='word_1_202' title='bbox 3206 1177 3286 1231; x_wconf 85' lang='lat' dir='ltr'><strong>sic</strong></span> <span class='ocrx_word' id='word_1_203' title='bbox 3317 1178 3495 1233; x_wconf 83' lang='lat' dir='ltr'><strong>dicere</strong></span> <span class='ocrx_word' id='word_1_204' title='bbox 3528 1198 3539 1231; x_wconf 90' lang='lat'>:</span> 
     </span>
    </p>
   </div>
   <div class='ocr_carea' id='block_1_28' title="bbox 1975 1263 3540 1335">
    <p class='ocr_par' dir='ltr' id='par_1_28' title="bbox 1975 1263 3540 1335">
     <span class='ocr_line' id='line_1_28' title="bbox 1975 1263 3540 1335; baseline 0.001 -16"><span class='ocrx_word' id='word_1_205' title='bbox 1975 1264 2216 1333; x_wconf 78' lang='lat' dir='ltr'><strong>Simplex</strong></span> <span class='ocrx_word' id='word_1_206' title='bbox 2239 1274 2295 1319; x_wconf 91' lang='lat' dir='ltr'><strong>et</strong></span> <span class='ocrx_word' id='word_1_207' title='bbox 2317 1263 2589 1335; x_wconf 82' lang='lat' dir='ltr'><strong>multiplex</strong></span> <span class='ocrx_word' id='word_1_208' title='bbox 2619 1278 2796 1317; x_wconf 88' lang='lat' dir='ltr'><strong>rerum</strong></span> <span class='ocrx_word' id='word_1_209' title='bbox 2827 1266 3063 1317; x_wconf 75' lang='lat' dir='ltr'><strong>omnium</strong></span> <span class='ocrx_word' id='word_1_210' title='bbox 3092 1266 3540 1334; x_wconf 87' lang='lat' dir='ltr'><strong>principalissima</strong></span> 
     </span>
    </p>
   </div>
   <div class='ocr_carea' id='block_1_29' title="bbox 1980 1352 3540 1428">
    <p class='ocr_par' dir='ltr' id='par_1_29' title="bbox 1980 1352 3540 1428">
     <span class='ocr_line' id='line_1_29' title="bbox 1980 1352 3540 1428; baseline 0.002 -21"><span class='ocrx_word' id='word_1_211' title='bbox 1980 1355 2118 1409; x_wconf 88' lang='lat' dir='ltr'><strong>ratio</strong></span> <span class='ocrx_word' id='word_1_212' title='bbox 2161 1353 2303 1408; x_wconf 87' lang='lat' dir='ltr'><strong>Deus</strong></span> <span class='ocrx_word' id='word_1_213' title='bbox 2331 1352 2564 1409; x_wconf 83' lang='lat' dir='ltr'><strong>Verbum</strong></span> <span class='ocrx_word' id='word_1_214' title='bbox 2592 1362 2692 1407; x_wconf 86' lang='lat' dir='ltr'><strong>est.</strong></span> <span class='ocrx_word' id='word_1_215' title='bbox 2738 1352 2870 1407; x_wconf 73' lang='lat' dir='ltr'><strong>Nam</strong></span> <span class='ocrx_word' id='word_1_216' title='bbox 2900 1369 2931 1407; x_wconf 92' lang='lat' dir='ltr'><strong>a</strong></span> <span class='ocrx_word' id='word_1_217' title='bbox 2959 1353 3181 1408; x_wconf 86' lang='lat' dir='ltr'><strong>Graecis</strong></span> <span class='ocrx_word' id='word_1_218' title='bbox 3207 1356 3352 1428; x_wconf 70' lang='grc' dir='ltr'><strong>λόγος</strong></span> <span class='ocrx_word' id='word_1_219' title='bbox 3381 1374 3540 1417; x_wconf 71' lang='lat' dir='ltr'><strong>vora-</strong></span> 
     </span>
    </p>
   </div>
   <div class='ocr_carea' id='block_1_30' title="bbox 1975 1444 3540 1516">
    <p class='ocr_par' dir='ltr' id='par_1_30' title="bbox 1975 1444 3540 1516">
     <span class='ocr_line' id='line_1_30' title="bbox 1975 1444 3540 1516; baseline 0.003 -19"><span class='ocrx_word' id='word_1_220' title='bbox 1975 1452 2083 1509; x_wconf 87' lang='lat' dir='ltr'><strong>tur,</strong></span> <span class='ocrx_word' id='word_1_221' title='bbox 2111 1446 2214 1499; x_wconf 85' lang='lat' dir='ltr'><strong>boc</strong></span> <span class='ocrx_word' id='word_1_222' title='bbox 2232 1452 2333 1507; x_wconf 89' lang='lat' dir='ltr'><strong>est,</strong></span> <span class='ocrx_word' id='word_1_223' title='bbox 2358 1444 2598 1508; x_wconf 79' lang='lat' dir='ltr'><strong>verbum,</strong></span> <span class='ocrx_word' id='word_1_224' title='bbox 2625 1444 2704 1498; x_wconf 88' lang='lat' dir='ltr'><strong>vel</strong></span> <span class='ocrx_word' id='word_1_225' title='bbox 2735 1445 2892 1507; x_wconf 89' lang='lat' dir='ltr'><strong>ratio,</strong></span> <span class='ocrx_word' id='word_1_226' title='bbox 2918 1445 2998 1499; x_wconf 84' lang='lat' dir='ltr'><strong>vel</strong></span> <span class='ocrx_word' id='word_1_227' title='bbox 3023 1459 3205 1498; x_wconf 84' lang='lat' dir='ltr'><strong>causa.</strong></span> <span class='ocrx_word' id='word_1_228' title='bbox 3232 1446 3377 1509; x_wconf 80' lang='lat' dir='ltr'><strong>Inde,</strong></span> <span class='ocrx_word' id='word_1_229' title='bbox 3403 1450 3540 1516; x_wconf 74' lang='lat' dir='ltr'><strong>qunti</strong></span> 
     </span>
    </p>
   </div>
   <div class='ocr_carea' id='block_1_31' title="bbox 1973 1536 3516 1613">
    <p class='ocr_par' dir='ltr' id='par_1_31' title="bbox 1973 1536 3516 1613">
     <span class='ocr_line' id='line_1_31' title="bbox 1973 1536 3516 1613; baseline 0.001 -22"><span class='ocrx_word' id='word_1_230' title='bbox 1973 1538 2027 1591; x_wconf 92' lang='lat' dir='ltr'><strong>in</strong></span> <span class='ocrx_word' id='word_1_231' title='bbox 2055 1552 2249 1608; x_wconf 75' lang='lat' dir='ltr'><strong>graeco</strong></span> <span class='ocrx_word' id='word_1_232' title='bbox 2280 1537 2564 1608; x_wconf 80' lang='lat' dir='ltr'><strong>Evangelia</strong></span> <span class='ocrx_word' id='word_1_233' title='bbox 2590 1537 2844 1592; x_wconf 88' lang='lat' dir='ltr'><strong>scribitur</strong></span> <span class='ocrx_word' id='word_1_234' title='bbox 2866 1538 2937 1589; x_wconf 66' lang='lat'><strong>‘9:</strong></span> <span class='ocrx_word' id='word_1_235' title='bbox 2965 1538 3043 1591; x_wconf 73' lang='grc' dir='ltr'><strong>Ἐν</strong></span> <span class='ocrx_word' id='word_1_236' title='bbox 3069 1541 3212 1613; x_wconf 72' lang='grc' dir='ltr'>ἀρχῇ</span> <span class='ocrx_word' id='word_1_237' title='bbox 3234 1536 3291 1597; x_wconf 81' lang='grc' dir='ltr'><strong><em>ἦν</em></strong></span> <span class='ocrx_word' id='word_1_238' title='bbox 3321 1539 3344 1593; x_wconf 80' lang='grc' dir='ltr'><strong>ὁ</strong></span> <span class='ocrx_word' id='word_1_239' title='bbox 3378 1540 3516 1611; x_wconf 68' lang='grc' dir='ltr'><strong>λόγος</strong></span> 
     </span>
    </p>
   </div>
   <div class='ocr_carea' id='block_1_32' title="bbox 1972 1612 3539 1699">
    <p class='ocr_par' dir='ltr' id='par_1_32' title="bbox 1972 1612 3539 1699">
     <span class='ocr_line' id='line_1_32' title="bbox 1972 1612 3539 1699; baseline -0.001 -15"><span class='ocrx_word' id='word_1_240' title='bbox 1972 1637 2153 1699; x_wconf 83' lang='lat' dir='ltr'><strong>potest</strong></span> <span class='ocrx_word' id='word_1_241' title='bbox 2176 1629 2523 1698; x_wconf 80' lang='lat' dir='ltr'><strong>interpretari</strong></span> <span class='ocrx_word' id='word_1_242' title='bbox 2550 1647 2563 1681; x_wconf 93' lang='lat'><strong>:</strong></span> <span class='ocrx_word' id='word_1_243' title='bbox 2598 1628 2665 1682; x_wconf 84' lang='lat' dir='ltr'><strong>In</strong></span> <span class='ocrx_word' id='word_1_244' title='bbox 2686 1612 3069 1697; x_wconf 62' lang='lat' dir='ltr'><strong>principit’ernt</strong></span> <span class='ocrx_word' id='word_1_245' title='bbox 3107 1612 3349 1693; x_wconf 71' lang='lat' dir='ltr'><strong>Verbum,</strong></span> <span class='ocrx_word' id='word_1_246' title='bbox 3378 1631 3457 1683; x_wconf 95' lang='lat' dir='ltr'><strong>vel</strong></span> <span class='ocrx_word' id='word_1_247' title='bbox 3486 1631 3539 1683; x_wconf 90' lang='lat' dir='ltr'><strong>in</strong></span> 
     </span>
    </p>
   </div>
   <div class='ocr_carea' id='block_1_33' title="bbox 276 1718 3537 1817">
    <p class='ocr_par' dir='ltr' id='par_1_33' title="bbox 276 1718 3537 1817">
     <span class='ocr_line' id='line_1_33' title="bbox 276 1718 3537 1817; baseline -0.002 -38"><span class='ocrx_word' id='word_1_248' title='bbox 276 1736 431 1781; x_wconf 82' lang='lat' dir='ltr'><strong>erat.</strong></span> <span class='ocrx_word' id='word_1_249' title='bbox 470 1726 601 1779; x_wconf 90' lang='lat' dir='ltr'><strong>Item</strong></span> <span class='ocrx_word' id='word_1_250' title='bbox 637 1726 659 1756; x_wconf 82' lang='grc'><strong><em>⁸</em></strong></span> <span class='ocrx_word' id='word_1_251' title='bbox 690 1724 976 1795; x_wconf 80' lang='lat' dir='ltr'><strong>Apostolus</strong></span> <span class='ocrx_word' id='word_1_252' title='bbox 1016 1744 1028 1776; x_wconf 89' lang='lat'><strong>:</strong></span> <span class='ocrx_word' id='word_1_253' title='bbox 1062 1723 1130 1777; x_wconf 85' lang='lat' dir='ltr'><strong>In</strong></span> <span class='ocrx_word' id='word_1_254' title='bbox 1169 1740 1270 1793; x_wconf 89' lang='lat' dir='ltr'><strong>quo</strong></span> <span class='ocrx_word' id='word_1_255' title='bbox 1313 1733 1490 1779; x_wconf 78' lang='lat' dir='ltr'><strong>creata</strong></span> <span class='ocrx_word' id='word_1_256' title='bbox 1524 1732 1644 1777; x_wconf 83' lang='lat' dir='ltr'><strong>sunt</strong></span> <span class='ocrx_word' id='word_1_257' title='bbox 1673 1723 1868 1787; x_wconf 84' lang='lat' dir='ltr'><strong>omnia,</strong></span> <span class='ocrx_word' id='word_1_258' title='bbox 1902 1759 1946 1817; x_wconf 74' lang='grc' dir='ltr'><strong>Β</strong></span> <span class='ocrx_word' id='word_1_259' title='bbox 1974 1720 2237 1789; x_wconf 89' lang='lat' dir='ltr'><strong>principio</strong></span> <span class='ocrx_word' id='word_1_260' title='bbox 2282 1729 2402 1774; x_wconf 89' lang='lat' dir='ltr'><strong>erat</strong></span> <span class='ocrx_word' id='word_1_261' title='bbox 2454 1720 2623 1783; x_wconf 89' lang='lat' dir='ltr'><strong>ratio,</strong></span> <span class='ocrx_word' id='word_1_262' title='bbox 2653 1718 2737 1773; x_wconf 94' lang='lat' dir='ltr'><strong>vel</strong></span> <span class='ocrx_word' id='word_1_263' title='bbox 2783 1719 2835 1773; x_wconf 91' lang='lat' dir='ltr'><strong>in</strong></span> <span class='ocrx_word' id='word_1_264' title='bbox 2874 1719 3133 1788; x_wconf 89' lang='lat' dir='ltr'><strong>principio</strong></span> <span class='ocrx_word' id='word_1_265' title='bbox 3182 1729 3301 1773; x_wconf 87' lang='lat' dir='ltr'><strong>erat</strong></span> <span class='ocrx_word' id='word_1_266' title='bbox 3356 1737 3537 1774; x_wconf 85' lang='lat' dir='ltr'><strong>causa.</strong></span> 
     </span>
    </p>
   </div>
   <div class='ocr_carea' id='block_1_34' title="bbox 275 1809 3541 1891">
    <p class='ocr_par' dir='ltr' id='par_1_34' title="bbox 275 1809 3541 1891">
     <span class='ocr_line' id='line_1_34' title="bbox 275 1809 3541 1891; baseline -0.002 -21"><span class='ocrx_word' id='word_1_267' title='bbox 275 1834 425 1886; x_wconf 82' lang='lat' dir='ltr'><strong>quae</strong></span> <span class='ocrx_word' id='word_1_268' title='bbox 453 1827 575 1871; x_wconf 85' lang='lat' dir='ltr'><strong>sunt</strong></span> <span class='ocrx_word' id='word_1_269' title='bbox 604 1817 657 1870; x_wconf 87' lang='lat' dir='ltr'><strong>in</strong></span> <span class='ocrx_word' id='word_1_270' title='bbox 692 1817 846 1870; x_wconf 83' lang='lat' dir='ltr'><strong>caelis</strong></span> <span class='ocrx_word' id='word_1_271' title='bbox 870 1826 917 1871; x_wconf 82' lang='lat' dir='ltr'><strong>et</strong></span> <span class='ocrx_word' id='word_1_272' title='bbox 956 1832 1087 1887; x_wconf 83' lang='lat' dir='ltr'><strong>quae</strong></span> <span class='ocrx_word' id='word_1_273' title='bbox 1115 1817 1170 1869; x_wconf 89' lang='lat' dir='ltr'><strong>in</strong></span> <span class='ocrx_word' id='word_1_274' title='bbox 1193 1826 1353 1882; x_wconf 83' lang='lat' dir='ltr'><strong>terra,</strong></span> <span class='ocrx_word' id='word_1_275' title='bbox 1389 1817 1493 1871; x_wconf 75' lang='lat' dir='ltr'><strong>sive</strong></span> <span class='ocrx_word' id='word_1_276' title='bbox 1524 1816 1744 1870; x_wconf 80' lang='lat' dir='ltr'><strong>visibilia</strong></span> <span class='ocrx_word' id='word_1_277' title='bbox 1769 1816 1871 1870; x_wconf 79' lang='lat' dir='ltr'><strong>sive</strong></span> <span class='ocrx_word' id='word_1_278' title='bbox 1904 1809 1942 1817; x_wconf 76' lang='grc'><strong>”</strong></span> <span class='ocrx_word' id='word_1_279' title='bbox 1977 1809 2344 1880; x_wconf 80' lang='lat' dir='ltr'><strong>Quodcunque</strong></span> <span class='ocrx_word' id='word_1_280' title='bbox 2371 1811 2515 1865; x_wconf 90' lang='lat' dir='ltr'><strong>enim</strong></span> <span class='ocrx_word' id='word_1_281' title='bbox 2547 1810 2591 1840; x_wconf 77' lang='grc' dir='ltr'><strong>ὀ</strong></span> <span class='ocrx_word' id='word_1_282' title='bbox 2625 1810 2814 1891; x_wconf 84' lang='lat' dir='ltr'><strong>borum</strong></span> <span class='ocrx_word' id='word_1_283' title='bbox 2854 1810 2974 1879; x_wconf 89' lang='lat' dir='ltr'><strong>quis</strong></span> <span class='ocrx_word' id='word_1_284' title='bbox 3004 1809 3221 1875; x_wconf 78' lang='lat' dir='ltr'><strong>dixerit,</strong></span> <span class='ocrx_word' id='word_1_285' title='bbox 3252 1826 3280 1864; x_wconf 87' lang='lat' dir='ltr'><strong>a</strong></span> <span class='ocrx_word' id='word_1_286' title='bbox 3330 1812 3371 1841; x_wconf 86' lang='grc'><strong>¹¹</strong></span> <span class='ocrx_word' id='word_1_287' title='bbox 3402 1813 3541 1865; x_wconf 87' lang='lat' dir='ltr'><strong>veri-</strong></span> 
     </span>
    </p>
   </div>
   <div class='ocr_carea' id='block_1_35' title="bbox 274 1903 1872 1972">
    <p class='ocr_par' dir='ltr' id='par_1_35' title="bbox 274 1903 1872 1972">
     <span class='ocr_line' id='line_1_35' title="bbox 274 1903 1872 1972; baseline -0.001 -13"><span class='ocrx_word' id='word_1_288' title='bbox 274 1907 597 1972; x_wconf 76' lang='lat' dir='ltr'><strong>invisibilia,</strong></span> <span class='ocrx_word' id='word_1_289' title='bbox 626 1907 727 1959; x_wconf 78' lang='lat' dir='ltr'><strong>sive</strong></span> <span class='ocrx_word' id='word_1_290' title='bbox 753 1905 967 1971; x_wconf 72' lang='lat' dir='ltr'><strong>Tltroni,</strong></span> <span class='ocrx_word' id='word_1_291' title='bbox 984 1906 1086 1959; x_wconf 83' lang='lat' dir='ltr'><strong>sive</strong></span> <span class='ocrx_word' id='word_1_292' title='bbox 1108 1905 1517 1969; x_wconf 84' lang='lat' dir='ltr'><strong>Dominaliones,</strong></span> <span class='ocrx_word' id='word_1_293' title='bbox 1541 1905 1644 1959; x_wconf 80' lang='lat' dir='ltr'><strong>sive</strong></span> <span class='ocrx_word' id='word_1_294' title='bbox 1667 1903 1872 1959; x_wconf 82' lang='lat' dir='ltr'><strong>Princi-</strong></span> 
     </span>
    </p>
   </div>
   <div class='ocr_carea' id='block_1_36' title="bbox 273 1994 1869 2065">
    <p class='ocr_par' dir='ltr' id='par_1_36' title="bbox 273 1994 1869 2065">
     <span class='ocr_line' id='line_1_36' title="bbox 273 1994 1869 2065; baseline -0.001 -16"><span class='ocrx_word' id='word_1_295' title='bbox 273 2006 471 2063; x_wconf 81' lang='lat' dir='ltr'><strong>palus,</strong></span> <span class='ocrx_word' id='word_1_296' title='bbox 500 1997 608 2049; x_wconf 80' lang='lat' dir='ltr'><strong>sive</strong></span> <span class='ocrx_word' id='word_1_297' title='bbox 632 1994 962 2060; x_wconf 79' lang='lat' dir='ltr'><strong>Potestales;</strong></span> <span class='ocrx_word' id='word_1_298' title='bbox 995 1996 1168 2049; x_wconf 83' lang='lat' dir='ltr'><strong>omnia</strong></span> <span class='ocrx_word' id='word_1_299' title='bbox 1198 2011 1262 2049; x_wconf 74' lang='lat' dir='ltr'><strong>ex</strong></span> <span class='ocrx_word' id='word_1_300' title='bbox 1295 1995 1406 2064; x_wconf 86' lang='lat' dir='ltr'><strong>ipso</strong></span> <span class='ocrx_word' id='word_1_301' title='bbox 1437 2005 1483 2049; x_wconf 83' lang='lat' dir='ltr'><strong>et</strong></span> <span class='ocrx_word' id='word_1_302' title='bbox 1505 2011 1598 2065; x_wconf 83' lang='lat' dir='ltr'><strong>per</strong></span> <span class='ocrx_word' id='word_1_303' title='bbox 1626 1996 1793 2065; x_wconf 86' lang='lat' dir='ltr'><strong>ipsum</strong></span> <span class='ocrx_word' id='word_1_304' title='bbox 1820 2004 1869 2049; x_wconf 84' lang='lat' dir='ltr'><strong>et</strong></span> 
     </span>
    </p>
   </div>
   <div class='ocr_carea' id='block_1_37' title="bbox 271 2082 1871 2154">
    <p class='ocr_par' dir='ltr' id='par_1_37' title="bbox 271 2082 1871 2154">
     <span class='ocr_line' id='line_1_37' title="bbox 271 2082 1871 2154; baseline -0.001 -17"><span class='ocrx_word' id='word_1_305' title='bbox 271 2085 332 2139; x_wconf 84' lang='lat' dir='ltr'><strong>in</strong></span> <span class='ocrx_word' id='word_1_306' title='bbox 362 2086 488 2154; x_wconf 85' lang='lat' dir='ltr'><strong>ipso</strong></span> <span class='ocrx_word' id='word_1_307' title='bbox 516 2094 692 2137; x_wconf 83' lang='lat' dir='ltr'><strong>creata</strong></span> <span class='ocrx_word' id='word_1_308' title='bbox 714 2093 852 2138; x_wconf 82' lang='lat' dir='ltr'><strong>sunt.</strong></span> <span class='ocrx_word' id='word_1_309' title='bbox 876 2084 1078 2137; x_wconf 84' lang='lat' dir='ltr'><strong>Causas</strong></span> <span class='ocrx_word' id='word_1_310' title='bbox 1105 2083 1272 2147; x_wconf 86' lang='lat' dir='ltr'><strong>enim,</strong></span> <span class='ocrx_word' id='word_1_311' title='bbox 1293 2091 1353 2137; x_wconf 94' lang='lat' dir='ltr'><strong>ut</strong></span> <span class='ocrx_word' id='word_1_312' title='bbox 1383 2082 1459 2136; x_wconf 86' lang='lat' dir='ltr'><strong>ait</strong></span> <span class='ocrx_word' id='word_1_313' title='bbox 1485 2083 1673 2137; x_wconf 90' lang='lat' dir='ltr'><strong>beatus</strong></span> <span class='ocrx_word' id='word_1_314' title='bbox 1704 2082 1871 2137; x_wconf 78' lang='lat' dir='ltr'><strong>Maxi-</strong></span> 
     </span>
    </p>
   </div>
   <div class='ocr_carea' id='block_1_38' title="bbox 275 2171 1869 2241">
    <p class='ocr_par' dir='ltr' id='par_1_38' title="bbox 275 2171 1869 2241">
     <span class='ocr_line' id='line_1_38' title="bbox 275 2171 1869 2241; baseline -0.001 -14"><span class='ocrx_word' id='word_1_315' title='bbox 275 2188 433 2236; x_wconf 84' lang='lat' dir='ltr'><strong>mus,</strong></span> <span class='ocrx_word' id='word_1_316' title='bbox 467 2188 683 2236; x_wconf 89' lang='lat' dir='ltr'><strong>eorum,</strong></span> <span class='ocrx_word' id='word_1_317' title='bbox 710 2187 847 2241; x_wconf 89' lang='lat' dir='ltr'><strong>quae</strong></span> <span class='ocrx_word' id='word_1_318' title='bbox 876 2171 1013 2226; x_wconf 79' lang='lat' dir='ltr'><strong>facta</strong></span> <span class='ocrx_word' id='word_1_319' title='bbox 1051 2182 1198 2236; x_wconf 82' lang='lat' dir='ltr'><strong>sunt,</strong></span> <span class='ocrx_word' id='word_1_320' title='bbox 1238 2171 1445 2226; x_wconf 84' lang='lat' dir='ltr'><strong>habens</strong></span> <span class='ocrx_word' id='word_1_321' title='bbox 1465 2171 1488 2203; x_wconf 79' lang='grc'><strong>⁸</strong></span> <span class='ocrx_word' id='word_1_322' title='bbox 1516 2181 1642 2226; x_wconf 88' lang='lat' dir='ltr'><strong>ante</strong></span> <span class='ocrx_word' id='word_1_323' title='bbox 1688 2171 1869 2226; x_wconf 88' lang='lat' dir='ltr'><strong>secula</strong></span> 
     </span>
    </p>
   </div>
   <div class='ocr_carea' id='block_1_39' title="bbox 271 2262 1864 2335">
    <p class='ocr_par' dir='ltr' id='par_1_39' title="bbox 271 2262 1864 2335">
     <span class='ocr_line' id='line_1_39' title="bbox 271 2262 1864 2335; baseline 0 -18"><span class='ocrx_word' id='word_1_324' title='bbox 271 2265 746 2335; x_wconf 81' lang='lat' dir='ltr'><strong>praesubstitutas</strong></span> <span class='ocrx_word' id='word_1_325' title='bbox 774 2263 1050 2333; x_wconf 78' lang='lat' dir='ltr'><strong>voluntate</strong></span> <span class='ocrx_word' id='word_1_326' title='bbox 1092 2264 1248 2328; x_wconf 87' lang='lat' dir='ltr'><strong>bona,</strong></span> <span class='ocrx_word' id='word_1_327' title='bbox 1287 2263 1578 2317; x_wconf 88' lang='lat' dir='ltr'><strong>secundum</strong></span> <span class='ocrx_word' id='word_1_328' title='bbox 1606 2278 1700 2317; x_wconf 90' lang='lat' dir='ltr'><strong>eas</strong></span> <span class='ocrx_word' id='word_1_329' title='bbox 1735 2262 1864 2317; x_wconf 80' lang='lat' dir='ltr'><strong>visi—</strong></span> 
     </span>
    </p>
   </div>
   <div class='ocr_carea' id='block_1_40' title="bbox 272 2352 1871 2409">
    <p class='ocr_par' dir='ltr' id='par_1_40' title="bbox 272 2352 1871 2409">
     <span class='ocr_line' id='line_1_40' title="bbox 272 2352 1871 2409; baseline -0.002 -1"><span class='ocrx_word' id='word_1_330' title='bbox 272 2355 451 2409; x_wconf 84' lang='lat' dir='ltr'><strong>bilem</strong></span> <span class='ocrx_word' id='word_1_331' title='bbox 499 2361 559 2406; x_wconf 87' lang='grc' dir='ltr'><strong>ει</strong></span> <span class='ocrx_word' id='word_1_332' title='bbox 584 2352 901 2407; x_wconf 75' lang='lat' dir='ltr'><strong>invisibilem</strong></span> <span class='ocrx_word' id='word_1_333' title='bbox 952 2367 1019 2405; x_wconf 87' lang='lat' dir='ltr'><strong>ex</strong></span> <span class='ocrx_word' id='word_1_334' title='bbox 1080 2367 1186 2405; x_wconf 89' lang='lat' dir='ltr'><strong>non</strong></span> <span class='ocrx_word' id='word_1_335' title='bbox 1232 2352 1500 2405; x_wconf 84' lang='lat' dir='ltr'><strong>existente</strong></span> <span class='ocrx_word' id='word_1_336' title='bbox 1535 2353 1555 2382; x_wconf 87' lang='grc'><strong>⁷</strong></span> <span class='ocrx_word' id='word_1_337' title='bbox 1596 2352 1871 2406; x_wconf 86' lang='lat' dir='ltr'><strong>substituit</strong></span> 
     </span>
    </p>
   </div>
   <div class='ocr_carea' id='block_1_41' title="bbox 270 2435 1865 2510">
    <p class='ocr_par' dir='ltr' id='par_1_41' title="bbox 270 2435 1865 2510">
     <span class='ocr_line' id='line_1_41' title="bbox 270 2435 1865 2510; baseline -0.001 -15"><span class='ocrx_word' id='word_1_338' title='bbox 270 2452 637 2508; x_wconf 86' lang='lat' dir='ltr'><strong>creaturam;</strong></span> <span class='ocrx_word' id='word_1_339' title='bbox 679 2443 884 2496; x_wconf 86' lang='lat' dir='ltr'><strong>ratione</strong></span> <span class='ocrx_word' id='word_1_340' title='bbox 909 2452 962 2497; x_wconf 88' lang='lat' dir='ltr'><strong>et</strong></span> <span class='ocrx_word' id='word_1_341' title='bbox 992 2441 1252 2509; x_wconf 83' lang='lat' dir='ltr'><strong>sapientia</strong></span> <span class='ocrx_word' id='word_1_342' title='bbox 1281 2435 1573 2496; x_wconf 84' lang='lat' dir='ltr'><strong>secundum</strong></span> <span class='ocrx_word' id='word_1_343' title='bbox 1610 2448 1865 2510; x_wconf 87' lang='lat' dir='ltr'><strong>opportu-</strong></span> 
     </span>
    </p>
   </div>
   <div class='ocr_carea' id='block_1_42' title="bbox 270 2532 1870 2603">
    <p class='ocr_par' dir='ltr' id='par_1_42' title="bbox 270 2532 1870 2603">
     <span class='ocr_line' id='line_1_42' title="bbox 270 2532 1870 2603; baseline 0 -16"><span class='ocrx_word' id='word_1_344' title='bbox 270 2550 407 2587; x_wconf 79' lang='lat' dir='ltr'><strong>t.um</strong></span> <span class='ocrx_word' id='word_1_345' title='bbox 445 2542 661 2603; x_wconf 87' lang='lat' dir='ltr'><strong>tempus</strong></span> <span class='ocrx_word' id='word_1_346' title='bbox 694 2542 747 2587; x_wconf 91' lang='lat' dir='ltr'><strong>et</strong></span> <span class='ocrx_word' id='word_1_347' title='bbox 791 2533 934 2591; x_wconf 81' lang='lat' dir='ltr'><strong>fecit,</strong></span> <span class='ocrx_word' id='word_1_348' title='bbox 967 2541 1023 2587; x_wconf 91' lang='lat' dir='ltr'><strong>et</strong></span> <span class='ocrx_word' id='word_1_349' title='bbox 1057 2532 1204 2597; x_wconf 82' lang='lat' dir='ltr'><strong>facit,</strong></span> <span class='ocrx_word' id='word_1_350' title='bbox 1239 2542 1292 2587; x_wconf 92' lang='lat' dir='ltr'><strong>et</strong></span> <span class='ocrx_word' id='word_1_351' title='bbox 1323 2548 1460 2601; x_wconf 91' lang='lat' dir='ltr'><strong>quae</strong></span> <span class='ocrx_word' id='word_1_352' title='bbox 1488 2532 1870 2588; x_wconf 88' lang='lat' dir='ltr'><strong>universaliter</strong></span> 
     </span>
    </p>
   </div>
   <div class='ocr_carea' id='block_1_43' title="bbox 267 2624 1865 2696">
    <p class='ocr_par' dir='ltr' id='par_1_43' title="bbox 267 2624 1865 2696">
     <span class='ocr_line' id='line_1_43' title="bbox 267 2624 1865 2696; baseline 0.002 -20"><span class='ocrx_word' id='word_1_353' title='bbox 267 2634 427 2687; x_wconf 90' lang='lat' dir='ltr'><strong>sunt,</strong></span> <span class='ocrx_word' id='word_1_354' title='bbox 463 2633 519 2676; x_wconf 92' lang='lat' dir='ltr'><strong>et</strong></span> <span class='ocrx_word' id='word_1_355' title='bbox 549 2638 687 2691; x_wconf 85' lang='lat' dir='ltr'><strong>quae</strong></span> <span class='ocrx_word' id='word_1_356' title='bbox 720 2640 816 2693; x_wconf 89' lang='lat' dir='ltr'><strong>per</strong></span> <span class='ocrx_word' id='word_1_357' title='bbox 848 2624 1052 2694; x_wconf 75' lang='lat' dir='ltr'><strong>singula</strong></span> <span class='ocrx_word' id='word_1_358' title='bbox 1074 2655 1146 2665; x_wconf 95' lang='lat'><strong>—</strong></span> <span class='ocrx_word' id='word_1_359' title='bbox 1167 2640 1382 2679; x_wconf 87' lang='lat' dir='ltr'><strong>causam</strong></span> <span class='ocrx_word' id='word_1_360' title='bbox 1409 2626 1623 2695; x_wconf 81' lang='lat' dir='ltr'><strong>quidem</strong></span> <span class='ocrx_word' id='word_1_361' title='bbox 1654 2626 1865 2696; x_wconf 76' lang='lat' dir='ltr'><strong>angelo-</strong></span> 
     </span>
    </p>
   </div>
   <div class='ocr_carea' id='block_1_44' title="bbox 268 2716 1868 2785">
    <p class='ocr_par' dir='ltr' id='par_1_44' title="bbox 268 2716 1868 2785">
     <span class='ocr_line' id='line_1_44' title="bbox 268 2716 1868 2785; baseline 0.003 -17"><span class='ocrx_word' id='word_1_362' title='bbox 268 2729 397 2768; x_wconf 85' lang='lat' dir='ltr'><strong>rum</strong></span> <span class='ocrx_word' id='word_1_363' title='bbox 452 2729 651 2768; x_wconf 85' lang='lat' dir='ltr'><strong>creaus</strong></span> <span class='ocrx_word' id='word_1_364' title='bbox 681 2716 996 2785; x_wconf 80' lang='lat' dir='ltr'><strong>produxisse</strong></span> <span class='ocrx_word' id='word_1_365' title='bbox 1036 2716 1306 2771; x_wconf 87' lang='lat' dir='ltr'><strong>credimus</strong></span> <span class='ocrx_word' id='word_1_366' title='bbox 1350 2731 1567 2773; x_wconf 85' lang='lat' dir='ltr'><strong>causam</strong></span> <span class='ocrx_word' id='word_1_367' title='bbox 1616 2717 1868 2773; x_wconf 84' lang='lat' dir='ltr'><strong>uniuscu-</strong></span> 
     </span>
    </p>
   </div>
   <div class='ocr_carea' id='block_1_45' title="bbox 256 2803 1865 2879">
    <p class='ocr_par' dir='ltr' id='par_1_45' title="bbox 256 2803 1865 2879">
     <span class='ocr_line' id='line_1_45' title="bbox 256 2803 1865 2879; baseline 0.004 -22"><span class='ocrx_word' id='word_1_368' title='bbox 256 2803 475 2875; x_wconf 81' lang='lat' dir='ltr'><strong>jusque</strong></span> <span class='ocrx_word' id='word_1_369' title='bbox 521 2807 906 2877; x_wconf 86' lang='lat' dir='ltr'><strong>complentium</strong></span> <span class='ocrx_word' id='word_1_370' title='bbox 954 2809 1233 2874; x_wconf 91' lang='lat' dir='ltr'><strong>mundum,</strong></span> <span class='ocrx_word' id='word_1_371' title='bbox 1283 2809 1374 2879; x_wconf 91' lang='lat' dir='ltr'><strong>qui</strong></span> <span class='ocrx_word' id='word_1_372' title='bbox 1411 2823 1573 2877; x_wconf 85' lang='lat' dir='ltr'><strong>super</strong></span> <span class='ocrx_word' id='word_1_373' title='bbox 1613 2824 1712 2865; x_wconf 90' lang='lat' dir='ltr'><strong>nos</strong></span> <span class='ocrx_word' id='word_1_374' title='bbox 1758 2820 1865 2875; x_wconf 86' lang='lat' dir='ltr'><strong>est,</strong></span> 
     </span>
    </p>
   </div>
   <div class='ocr_carea' id='block_1_46' title="bbox 264 2897 1867 2965">
    <p class='ocr_par' dir='ltr' id='par_1_46' title="bbox 264 2897 1867 2965">
     <span class='ocr_line' id='line_1_46' title="bbox 264 2897 1867 2965; baseline 0.003 -16"><span class='ocrx_word' id='word_1_375' title='bbox 264 2897 653 2950; x_wconf 80' lang='lat' dir='ltr'><strong>essentiarum</strong></span> <span class='ocrx_word' id='word_1_376' title='bbox 701 2907 754 2951; x_wconf 89' lang='lat' dir='ltr'><strong>et</strong></span> <span class='ocrx_word' id='word_1_377' title='bbox 784 2900 1062 2964; x_wconf 88' lang='lat' dir='ltr'><strong>virtutum,</strong></span> <span class='ocrx_word' id='word_1_378' title='bbox 1110 2899 1373 2955; x_wconf 88' lang='lat' dir='ltr'><strong>rationem</strong></span> <span class='ocrx_word' id='word_1_379' title='bbox 1425 2900 1726 2965; x_wconf 84' lang='lat' dir='ltr'><strong>hominum,</strong></span> <span class='ocrx_word' id='word_1_380' title='bbox 1780 2914 1867 2954; x_wconf 84' lang='lat' dir='ltr'><strong>ra-</strong></span> 
     </span>
    </p>
   </div>
   <div class='ocr_carea' id='block_1_47' title="bbox 266 2988 1867 3060">
    <p class='ocr_par' dir='ltr' id='par_1_47' title="bbox 266 2988 1867 3060">
     <span class='ocr_line' id='line_1_47' title="bbox 266 2988 1867 3060; baseline 0.005 -21"><span class='ocrx_word' id='word_1_381' title='bbox 266 2988 486 3041; x_wconf 83' lang='lat' dir='ltr'><strong>tionem</strong></span> <span class='ocrx_word' id='word_1_382' title='bbox 510 2988 534 3019; x_wconf 83' lang='grc'><strong><em>⁸</em></strong></span> <span class='ocrx_word' id='word_1_383' title='bbox 569 2989 984 3059; x_wconf 85' lang='lat' dir='ltr'><strong>uniuscujusque</strong></span> <span class='ocrx_word' id='word_1_384' title='bbox 1025 3006 1091 3045; x_wconf 84' lang='lat' dir='ltr'><strong>ex</strong></span> <span class='ocrx_word' id='word_1_385' title='bbox 1121 2992 1230 3046; x_wconf 90' lang='lat' dir='ltr'><strong>Deo</strong></span> <span class='ocrx_word' id='word_1_386' title='bbox 1257 3007 1376 3047; x_wconf 88' lang='lat' dir='ltr'><strong>esse</strong></span> <span class='ocrx_word' id='word_1_387' title='bbox 1401 2992 1778 3060; x_wconf 84' lang='lat' dir='ltr'><strong>accipientium</strong></span> <span class='ocrx_word' id='word_1_388' title='bbox 1799 3020 1867 3033; x_wconf 91' lang='lat'><strong>-—</strong></span> 
     </span>
    </p>
   </div>
   <div class='ocr_carea' id='block_1_48' title="bbox 266 3079 1935 3176">
    <p class='ocr_par' dir='ltr' id='par_1_48' title="bbox 266 3079 1935 3176">
     <span class='ocr_line' id='line_1_48' title="bbox 266 3079 1935 3176; baseline 0.001 -43"><span class='ocrx_word' id='word_1_389' title='bbox 266 3079 324 3133; x_wconf 83' lang='lat' dir='ltr'><strong>in</strong></span> <span class='ocrx_word' id='word_1_390' title='bbox 358 3093 425 3133; x_wconf 87' lang='lat' dir='ltr'><strong>se</strong></span> <span class='ocrx_word' id='word_1_391' title='bbox 471 3079 654 3149; x_wconf 80' lang='lat' dir='ltr'><strong>ipsum</strong></span> <span class='ocrx_word' id='word_1_392' title='bbox 690 3080 869 3134; x_wconf 82' lang='lat' dir='ltr'><strong>omnia</strong></span> <span class='ocrx_word' id='word_1_393' title='bbox 909 3080 1299 3151; x_wconf 88' lang='lat' dir='ltr'><strong>recapitulans,</strong></span> <span class='ocrx_word' id='word_1_394' title='bbox 1351 3082 1454 3136; x_wconf 88' lang='lat' dir='ltr'><strong>hoc</strong></span> <span class='ocrx_word' id='word_1_395' title='bbox 1490 3089 1575 3135; x_wconf 87' lang='lat' dir='ltr'><strong>est</strong></span> <span class='ocrx_word' id='word_1_396' title='bbox 1616 3096 1865 3137; x_wconf 89' lang='lat' dir='ltr'><strong>consum-</strong></span> <span class='ocrx_word' id='word_1_397' title='bbox 1892 3113 1935 3176; x_wconf 62' lang='grc' dir='ltr'>Ο</span> 
     </span>
    </p>
   </div>
   <div class='ocr_carea' id='block_1_49' title="bbox 266 3172 1860 3241">
    <p class='ocr_par' dir='ltr' id='par_1_49' title="bbox 266 3172 1860 3241">
     <span class='ocr_line' id='line_1_49' title="bbox 266 3172 1860 3241; baseline 0.002 -17"><span class='ocrx_word' id='word_1_398' title='bbox 266 3186 456 3234; x_wconf 80' lang='lat' dir='ltr'><strong>muns,</strong></span> <span class='ocrx_word' id='word_1_399' title='bbox 490 3184 594 3239; x_wconf 89' lang='lat' dir='ltr'><strong>per</strong></span> <span class='ocrx_word' id='word_1_400' title='bbox 618 3185 776 3240; x_wconf 89' lang='lat' dir='ltr'><strong>quem</strong></span> <span class='ocrx_word' id='word_1_401' title='bbox 798 3180 858 3226; x_wconf 90' lang='lat' dir='ltr'><strong>et</strong></span> <span class='ocrx_word' id='word_1_402' title='bbox 879 3187 1022 3236; x_wconf 86' lang='lat' dir='ltr'><strong>esse,</strong></span> <span class='ocrx_word' id='word_1_403' title='bbox 1047 3180 1102 3226; x_wconf 91' lang='lat' dir='ltr'><strong>et</strong></span> <span class='ocrx_word' id='word_1_404' title='bbox 1129 3187 1466 3241; x_wconf 87' lang='lat' dir='ltr'><strong>permanere,</strong></span> <span class='ocrx_word' id='word_1_405' title='bbox 1497 3180 1552 3227; x_wconf 92' lang='lat' dir='ltr'><strong>ct</strong></span> <span class='ocrx_word' id='word_1_406' title='bbox 1587 3172 1607 3203; x_wconf 86' lang='lat'>&#39;</span> <span class='ocrx_word' id='word_1_407' title='bbox 1639 3187 1702 3228; x_wconf 89' lang='lat' dir='ltr'><strong>ex</strong></span> <span class='ocrx_word' id='word_1_408' title='bbox 1731 3188 1860 3241; x_wconf 88' lang='lat' dir='ltr'><strong>quo,</strong></span> 
     </span>
    </p>
   </div>
   <div class='ocr_carea' id='block_1_50' title="bbox 266 3261 1862 3331">
    <p class='ocr_par' dir='ltr' id='par_1_50' title="bbox 266 3261 1862 3331">
     <span class='ocr_line' id='line_1_50' title="bbox 266 3261 1862 3331; baseline 0.003 -21"><span class='ocrx_word' id='word_1_409' title='bbox 266 3275 419 3329; x_wconf 84' lang='lat' dir='ltr'><strong>quae</strong></span> <span class='ocrx_word' id='word_1_410' title='bbox 455 3261 641 3330; x_wconf 73' lang='lat' dir='ltr'><strong>genita</strong></span> <span class='ocrx_word' id='word_1_411' title='bbox 670 3270 817 3324; x_wconf 88' lang='lat' dir='ltr'><strong>sunt,</strong></span> <span class='ocrx_word' id='word_1_412' title='bbox 862 3271 1121 3331; x_wconf 88' lang='lat' dir='ltr'><strong>quantum</strong></span> <span class='ocrx_word' id='word_1_413' title='bbox 1157 3262 1337 3331; x_wconf 74' lang='lat' dir='ltr'><strong>genita</strong></span> <span class='ocrx_word' id='word_1_414' title='bbox 1372 3271 1514 3327; x_wconf 88' lang='lat' dir='ltr'><strong>sunt,</strong></span> <span class='ocrx_word' id='word_1_415' title='bbox 1540 3271 1596 3316; x_wconf 89' lang='lat' dir='ltr'><strong>et</strong></span> <span class='ocrx_word' id='word_1_416' title='bbox 1615 3262 1679 3316; x_wconf 90' lang='lat' dir='ltr'><strong>ad</strong></span> <span class='ocrx_word' id='word_1_417' title='bbox 1704 3278 1862 3331; x_wconf 87' lang='lat' dir='ltr'><strong>quem</strong></span> 
     </span>
    </p>
   </div>
   <div class='ocr_carea' id='block_1_51' title="bbox 263 3351 1860 3421">
    <p class='ocr_par' dir='ltr' id='par_1_51' title="bbox 263 3351 1860 3421">
     <span class='ocr_line' id='line_1_51' title="bbox 263 3351 1860 3421; baseline 0 -18"><span class='ocrx_word' id='word_1_418' title='bbox 263 3352 457 3420; x_wconf 73' lang='lat' dir='ltr'><strong>genita</strong></span> <span class='ocrx_word' id='word_1_419' title='bbox 514 3358 662 3414; x_wconf 86' lang='lat' dir='ltr'><strong>sunt,</strong></span> <span class='ocrx_word' id='word_1_420' title='bbox 719 3352 986 3404; x_wconf 89' lang='lat' dir='ltr'><strong>manentia</strong></span> <span class='ocrx_word' id='word_1_421' title='bbox 1014 3360 1070 3405; x_wconf 92' lang='lat' dir='ltr'><strong>et</strong></span> <span class='ocrx_word' id='word_1_422' title='bbox 1109 3360 1251 3405; x_wconf 84' lang='lat' dir='ltr'><strong>mota</strong></span> <span class='ocrx_word' id='word_1_423' title='bbox 1305 3351 1626 3421; x_wconf 87' lang='lat' dir='ltr'><strong>participant</strong></span> <span class='ocrx_word' id='word_1_424' title='bbox 1672 3351 1860 3406; x_wconf 90' lang='lat' dir='ltr'><strong>Deum.</strong></span> 
     </span>
    </p>
   </div>
   <div class='ocr_carea' id='block_1_52' title="bbox 260 3438 1861 3509">
    <p class='ocr_par' dir='ltr' id='par_1_52' title="bbox 260 3438 1861 3509">
     <span class='ocr_line' id='line_1_52' title="bbox 260 3438 1861 3509; baseline -0.002 -12"><span class='ocrx_word' id='word_1_425' title='bbox 260 3438 473 3498; x_wconf 71' lang='lat' dir='ltr'><strong>Ozttnia</strong></span> <span class='ocrx_word' id='word_1_426' title='bbox 506 3441 654 3495; x_wconf 91' lang='lat' dir='ltr'><strong>enim</strong></span> <span class='ocrx_word' id='word_1_427' title='bbox 686 3442 1031 3509; x_wconf 84' lang='lat' dir='ltr'><strong>participant,</strong></span> <span class='ocrx_word' id='word_1_428' title='bbox 1063 3442 1205 3509; x_wconf 89' lang='lat' dir='ltr'><strong>quod</strong></span> <span class='ocrx_word' id='word_1_429' title='bbox 1231 3441 1273 3481; x_wconf 78' lang='grc' dir='ltr'><strong>ι’</strong></span> <span class='ocrx_word' id='word_1_430' title='bbox 1300 3457 1366 3494; x_wconf 87' lang='lat' dir='ltr'><strong>ex</strong></span> <span class='ocrx_word' id='word_1_431' title='bbox 1398 3442 1507 3495; x_wconf 87' lang='lat' dir='ltr'><strong>Deo</strong></span> <span class='ocrx_word' id='word_1_432' title='bbox 1534 3440 1673 3495; x_wconf 84' lang='lat' dir='ltr'><strong>facta</strong></span> <span class='ocrx_word' id='word_1_433' title='bbox 1714 3452 1861 3505; x_wconf 89' lang='lat' dir='ltr'><strong>sunt,</strong></span> 
     </span>
    </p>
   </div>
   <div class='ocr_carea' id='block_1_53' title="bbox 263 3530 1865 3599">
    <p class='ocr_par' dir='ltr' id='par_1_53' title="bbox 263 3530 1865 3599">
     <span class='ocr_line' id='line_1_53' title="bbox 263 3530 1865 3599; baseline 0.001 -16"><span class='ocrx_word' id='word_1_434' title='bbox 263 3530 751 3599; x_wconf 81' lang='lat' dir='ltr'><strong>proportionalitet</strong></span> <span class='ocrx_word' id='word_1_435' title='bbox 782 3530 1083 3594; x_wconf 86' lang='lat' dir='ltr'><strong>Dominum,</strong></span> <span class='ocrx_word' id='word_1_436' title='bbox 1112 3531 1224 3585; x_wconf 87' lang='lat' dir='ltr'><strong>sive</strong></span> <span class='ocrx_word' id='word_1_437' title='bbox 1254 3545 1350 3599; x_wconf 89' lang='lat' dir='ltr'><strong>per</strong></span> <span class='ocrx_word' id='word_1_438' title='bbox 1378 3530 1723 3595; x_wconf 85' lang='lat' dir='ltr'><strong>intellectum,</strong></span> <span class='ocrx_word' id='word_1_439' title='bbox 1752 3532 1865 3586; x_wconf 88' lang='lat' dir='ltr'><strong>sive</strong></span> 
     </span>
    </p>
   </div>
   <div class='ocr_carea' id='block_1_54' title="bbox 264 3621 1865 3686">
    <p class='ocr_par' dir='ltr' id='par_1_54' title="bbox 264 3621 1865 3686">
     <span class='ocr_line' id='line_1_54' title="bbox 264 3621 1865 3686; baseline 0.002 -11"><span class='ocrx_word' id='word_1_440' title='bbox 264 3621 577 3683; x_wconf 85' lang='lat' dir='ltr'><strong>rationem,</strong></span> <span class='ocrx_word' id='word_1_441' title='bbox 625 3622 738 3675; x_wconf 83' lang='lat' dir='ltr'><strong>sive</strong></span> <span class='ocrx_word' id='word_1_442' title='bbox 778 3637 1017 3686; x_wconf 87' lang='lat' dir='ltr'><strong>sensum,</strong></span> <span class='ocrx_word' id='word_1_443' title='bbox 1053 3623 1167 3676; x_wconf 84' lang='lat' dir='ltr'><strong>sive</strong></span> <span class='ocrx_word' id='word_1_444' title='bbox 1213 3630 1414 3676; x_wconf 89' lang='lat' dir='ltr'><strong>motum</strong></span> <span class='ocrx_word' id='word_1_445' title='bbox 1463 3622 1702 3686; x_wconf 86' lang='lat' dir='ltr'><strong>vitalem,</strong></span> <span class='ocrx_word' id='word_1_446' title='bbox 1751 3624 1865 3678; x_wconf 81' lang='lat' dir='ltr'><strong>sive</strong></span> 
     </span>
    </p>
   </div>
   <div class='ocr_carea' id='block_1_55' title="bbox 263 3708 1866 3783">
    <p class='ocr_par' dir='ltr' id='par_1_55' title="bbox 263 3708 1866 3783">
     <span class='ocr_line' id='line_1_55' title="bbox 263 3708 1866 3783; baseline 0.001 -19"><span class='ocrx_word' id='word_1_447' title='bbox 263 3708 633 3764; x_wconf 82' lang='lat' dir='ltr'><strong>essentialem</strong></span> <span class='ocrx_word' id='word_1_448' title='bbox 661 3720 714 3763; x_wconf 91' lang='lat' dir='ltr'><strong>et</strong></span> <span class='ocrx_word' id='word_1_449' title='bbox 744 3710 981 3765; x_wconf 79' lang='lat' dir='ltr'><strong>habitam</strong></span> <span class='ocrx_word' id='word_1_450' title='bbox 1011 3711 1487 3780; x_wconf 86' lang='lat' dir='ltr'><strong>opportunitatem,</strong></span> <span class='ocrx_word' id='word_1_451' title='bbox 1512 3720 1571 3764; x_wconf 90' lang='lat' dir='ltr'><strong>ut</strong></span> <span class='ocrx_word' id='word_1_452' title='bbox 1597 3726 1789 3783; x_wconf 73' lang='lat' dir='ltr'><strong>magno</strong></span> <span class='ocrx_word' id='word_1_453' title='bbox 1810 3720 1866 3767; x_wconf 88' lang='lat' dir='ltr'><strong>et</strong></span> 
     </span>
    </p>
   </div>
   <div class='ocr_carea' id='block_1_56' title="bbox 263 3801 1860 3874">
    <p class='ocr_par' dir='ltr' id='par_1_56' title="bbox 263 3801 1860 3874">
     <span class='ocr_line' id='line_1_56' title="bbox 263 3801 1860 3874; baseline 0.002 -20"><span class='ocrx_word' id='word_1_454' title='bbox 263 3801 467 3855; x_wconf 84' lang='lat' dir='ltr'><strong>divino</strong></span> <span class='ocrx_word' id='word_1_455' title='bbox 505 3801 898 3856; x_wconf 84' lang='lat' dir='ltr'><strong>manifestatori</strong></span> <span class='ocrx_word' id='word_1_456' title='bbox 930 3803 1196 3874; x_wconf 61' lang='lat' dir='ltr'><strong>gDionysio</strong></span> <span class='ocrx_word' id='word_1_457' title='bbox 1233 3802 1443 3857; x_wconf 88' lang='lat' dir='ltr'><strong>videtur</strong></span> <span class='ocrx_word' id='word_1_458' title='bbox 1486 3803 1860 3873; x_wconf 76' lang='lat' dir='ltr'><strong>Areopagitae.</strong></span> 
     </span>
    </p>
   </div>
   <div class='ocr_carea' id='block_1_57' title="bbox 261 3890 1863 3963">
    <p class='ocr_par' dir='ltr' id='par_1_57' title="bbox 261 3890 1863 3963">
     <span class='ocr_line' id='line_1_57' title="bbox 261 3890 1863 3963; baseline 0.002 -18"><span class='ocrx_word' id='word_1_459' title='bbox 261 3890 569 3947; x_wconf 78' lang='lat' dir='ltr'><strong>Neminem</strong></span> <span class='ocrx_word' id='word_1_460' title='bbox 602 3895 783 3962; x_wconf 84' lang='lat' dir='ltr'><strong>itaque</strong></span> <span class='ocrx_word' id='word_1_461' title='bbox 811 3894 1043 3949; x_wconf 83' lang='lat' dir='ltr'><strong>ﬁdelium</strong></span> <span class='ocrx_word' id='word_1_462' title='bbox 1072 3895 1264 3963; x_wconf 88' lang='lat' dir='ltr'><strong>pieque</strong></span> <span class='ocrx_word' id='word_1_463' title='bbox 1298 3909 1505 3950; x_wconf 89' lang='lat' dir='ltr'><strong>sacram</strong></span> <span class='ocrx_word' id='word_1_464' title='bbox 1530 3893 1863 3963; x_wconf 88' lang='lat' dir='ltr'><strong>Scripturam</strong></span> 
     </span>
    </p>
   </div>
   <div class='ocr_carea' id='block_1_58' title="bbox 263 3981 1865 4054">
    <p class='ocr_par' dir='ltr' id='par_1_58' title="bbox 263 3981 1865 4054">
     <span class='ocr_line' id='line_1_58' title="bbox 263 3981 1865 4054; baseline 0.002 -18"><span class='ocrx_word' id='word_1_465' title='bbox 263 3981 727 4053; x_wconf 70' lang='lat' dir='ltr'><strong>investigandum</strong></span> <span class='ocrx_word' id='word_1_466' title='bbox 756 3983 1003 4039; x_wconf 89' lang='lat' dir='ltr'><strong>dubitare</strong></span> <span class='ocrx_word' id='word_1_467' title='bbox 1033 3993 1246 4054; x_wconf 89' lang='lat' dir='ltr'><strong>oportet</strong></span> <span class='ocrx_word' id='word_1_468' title='bbox 1280 3986 1346 4039; x_wconf 87' lang='lat' dir='ltr'><strong>de</strong></span> <span class='ocrx_word' id='word_1_469' title='bbox 1375 4000 1440 4039; x_wconf 89' lang='lat' dir='ltr'><strong>eo</strong></span> <span class='ocrx_word' id='word_1_470' title='bbox 1471 3985 1538 4049; x_wconf 80' lang='grc'><strong>¹¹,</strong></span> <span class='ocrx_word' id='word_1_471' title='bbox 1568 3985 1711 4054; x_wconf 90' lang='lat' dir='ltr'><strong>quod</strong></span> <span class='ocrx_word' id='word_1_472' title='bbox 1749 4000 1865 4039; x_wconf 93' lang='lat' dir='ltr'><strong>om-</strong></span> 
     </span>
    </p>
   </div>
   <div class='ocr_carea' id='block_1_59' title="bbox 259 4070 1859 4129">
    <p class='ocr_par' dir='ltr' id='par_1_59' title="bbox 259 4070 1859 4129">
     <span class='ocr_line' id='line_1_59' title="bbox 259 4070 1859 4129; baseline 0.001 -3"><span class='ocrx_word' id='word_1_473' title='bbox 259 4070 359 4126; x_wconf 81' lang='lat' dir='ltr'><strong>nia</strong></span> <span class='ocrx_word' id='word_1_474' title='bbox 403 4072 464 4125; x_wconf 87' lang='lat' dir='ltr'><strong>in</strong></span> <span class='ocrx_word' id='word_1_475' title='bbox 508 4073 621 4128; x_wconf 89' lang='lat' dir='ltr'><strong>Deo</strong></span> <span class='ocrx_word' id='word_1_476' title='bbox 650 4074 828 4128; x_wconf 84' lang='lat' dir='ltr'><strong>Verbo</strong></span> <span class='ocrx_word' id='word_1_477' title='bbox 854 4081 912 4128; x_wconf 92' lang='lat' dir='ltr'><strong>et</strong></span> <span class='ocrx_word' id='word_1_478' title='bbox 941 4074 985 4104; x_wconf 71' lang='grc' dir='ltr'><strong><em>η</em></strong></span> <span class='ocrx_word' id='word_1_479' title='bbox 1012 4082 1231 4127; x_wconf 88' lang='lat' dir='ltr'><strong>aeterna</strong></span> <span class='ocrx_word' id='word_1_480' title='bbox 1270 4074 1428 4128; x_wconf 90' lang='lat' dir='ltr'><strong>simul</strong></span> <span class='ocrx_word' id='word_1_481' title='bbox 1456 4083 1511 4129; x_wconf 90' lang='lat' dir='ltr'><strong>et</strong></span> <span class='ocrx_word' id='word_1_482' title='bbox 1538 4074 1677 4129; x_wconf 82' lang='lat' dir='ltr'><strong>facta</strong></span> <span class='ocrx_word' id='word_1_483' title='bbox 1716 4083 1859 4129; x_wconf 90' lang='lat' dir='ltr'><strong>sunt.</strong></span> 
     </span>
    </p>
   </div>
   <div class='ocr_carea' id='block_1_60' title="bbox 262 4160 1861 4234">
    <p class='ocr_par' dir='ltr' id='par_1_60' title="bbox 262 4160 1861 4234">
     <span class='ocr_line' id='line_1_60' title="bbox 262 4160 1861 4234; baseline -0.001 -14"><span class='ocrx_word' id='word_1_484' title='bbox 262 4160 421 4220; x_wconf 77' lang='lat' dir='ltr'><strong>Nam</strong></span> <span class='ocrx_word' id='word_1_485' title='bbox 446 4173 505 4218; x_wconf 92' lang='lat' dir='ltr'><strong>et</strong></span> <span class='ocrx_word' id='word_1_486' title='bbox 531 4179 657 4218; x_wconf 89' lang='lat' dir='ltr'><strong>vera</strong></span> <span class='ocrx_word' id='word_1_487' title='bbox 688 4164 824 4217; x_wconf 90' lang='lat' dir='ltr'><strong>ratio</strong></span> <span class='ocrx_word' id='word_1_488' title='bbox 850 4172 904 4217; x_wconf 81' lang='lat' dir='ltr'><strong>et</strong></span> <span class='ocrx_word' id='word_1_489' title='bbox 939 4179 1127 4219; x_wconf 88' lang='lat' dir='ltr'><strong>sacrae</strong></span> <span class='ocrx_word' id='word_1_490' title='bbox 1154 4163 1465 4234; x_wconf 83' lang='lat' dir='ltr'><strong>Scripturae</strong></span> <span class='ocrx_word' id='word_1_491' title='bbox 1496 4166 1787 4220; x_wconf 83' lang='lat' dir='ltr'><strong>auctoritas</strong></span> <span class='ocrx_word' id='word_1_492' title='bbox 1808 4169 1861 4219; x_wconf 91' lang='lat' dir='ltr'><strong>in</strong></span> 
     </span>
    </p>
   </div>
   <div class='ocr_carea' id='block_1_61' title="bbox 263 4254 1862 4327">
    <p class='ocr_par' dir='ltr' id='par_1_61' title="bbox 263 4254 1862 4327">
     <span class='ocr_line' id='line_1_61' title="bbox 263 4254 1862 4327; baseline -0.001 -14"><span class='ocrx_word' id='word_1_493' title='bbox 263 4258 379 4313; x_wconf 85' lang='lat' dir='ltr'><strong>hoc</strong></span> <span class='ocrx_word' id='word_1_494' title='bbox 405 4254 740 4309; x_wconf 89' lang='lat' dir='ltr'><strong>unanimiter</strong></span> <span class='ocrx_word' id='word_1_495' title='bbox 774 4256 1137 4319; x_wconf 88' lang='lat' dir='ltr'><strong>consentiunt,</strong></span> <span class='ocrx_word' id='word_1_496' title='bbox 1180 4265 1235 4309; x_wconf 92' lang='lat' dir='ltr'><strong>et</strong></span> <span class='ocrx_word' id='word_1_497' title='bbox 1264 4273 1368 4311; x_wconf 87' lang='lat' dir='ltr'><strong>non</strong></span> <span class='ocrx_word' id='word_1_498' title='bbox 1410 4258 1514 4312; x_wconf 89' lang='lat' dir='ltr'><strong>alia</strong></span> <span class='ocrx_word' id='word_1_499' title='bbox 1552 4272 1692 4322; x_wconf 90' lang='lat' dir='ltr'><strong>esse,</strong></span> <span class='ocrx_word' id='word_1_500' title='bbox 1723 4272 1862 4327; x_wconf 87' lang='lat' dir='ltr'><strong>quae</strong></span> 
     </span>
    </p>
   </div>
   <div class='ocr_carea' id='block_1_62' title="bbox 262 4347 1860 4416">
    <p class='ocr_par' dir='ltr' id='par_1_62' title="bbox 262 4347 1860 4416">
     <span class='ocr_line' id='line_1_62' title="bbox 262 4347 1860 4416; baseline 0.003 -14"><span class='ocrx_word' id='word_1_501' title='bbox 262 4359 507 4402; x_wconf 75' lang='lat' dir='ltr'><strong>aeterna</strong></span> <span class='ocrx_word' id='word_1_502' title='bbox 535 4355 681 4409; x_wconf 88' lang='lat' dir='ltr'><strong>sunt,</strong></span> <span class='ocrx_word' id='word_1_503' title='bbox 721 4355 778 4401; x_wconf 88' lang='lat' dir='ltr'><strong>et</strong></span> <span class='ocrx_word' id='word_1_504' title='bbox 818 4347 941 4410; x_wconf 86' lang='lat' dir='ltr'><strong>alia,</strong></span> <span class='ocrx_word' id='word_1_505' title='bbox 969 4363 1108 4416; x_wconf 87' lang='lat' dir='ltr'><strong>quae</strong></span> <span class='ocrx_word' id='word_1_506' title='bbox 1136 4348 1300 4414; x_wconf 78' lang='lat' dir='ltr'><strong>facta,</strong></span> <span class='ocrx_word' id='word_1_507' title='bbox 1332 4350 1423 4404; x_wconf 87' lang='lat' dir='ltr'><strong>sed</strong></span> <span class='ocrx_word' id='word_1_508' title='bbox 1452 4352 1639 4405; x_wconf 88' lang='lat' dir='ltr'><strong>eadem</strong></span> <span class='ocrx_word' id='word_1_509' title='bbox 1666 4361 1791 4405; x_wconf 87' lang='lat' dir='ltr'><strong>sunt</strong></span> <span class='ocrx_word' id='word_1_510' title='bbox 1815 4351 1860 4388; x_wconf 81' lang='grc'><strong><em>⁸³</em></strong></span> 
     </span>
    </p>
   </div>
   <div class='ocr_carea' id='block_1_63' title="bbox 1976 1900 3544 1971">
    <p class='ocr_par' dir='ltr' id='par_1_63' title="bbox 1976 1900 3544 1971">
     <span class='ocr_line' id='line_1_63' title="bbox 1976 1900 3544 1971; baseline -0.002 -16"><span class='ocrx_word' id='word_1_511' title='bbox 1976 1909 2085 1956; x_wconf 91' lang='lat' dir='ltr'><strong>tate</strong></span> <span class='ocrx_word' id='word_1_512' title='bbox 2112 1917 2215 1957; x_wconf 91' lang='lat' dir='ltr'><strong>non</strong></span> <span class='ocrx_word' id='word_1_513' title='bbox 2242 1901 2495 1956; x_wconf 88' lang='lat' dir='ltr'><strong>deviabit.</strong></span> <span class='ocrx_word' id='word_1_514' title='bbox 2531 1900 2663 1955; x_wconf 83' lang='lat' dir='ltr'><strong>Nam</strong></span> <span class='ocrx_word' id='word_1_515' title='bbox 2693 1901 2999 1971; x_wconf 76' lang='lat' dir='ltr'><strong>unigenitus</strong></span> <span class='ocrx_word' id='word_1_516' title='bbox 3023 1900 3111 1954; x_wconf 85' lang='lat' dir='ltr'><strong>Dei</strong></span> <span class='ocrx_word' id='word_1_517' title='bbox 3141 1900 3308 1955; x_wconf 82' lang='lat' dir='ltr'><strong>Filius</strong></span> <span class='ocrx_word' id='word_1_518' title='bbox 3334 1910 3387 1955; x_wconf 87' lang='lat' dir='ltr'><strong>et</strong></span> <span class='ocrx_word' id='word_1_519' title='bbox 3417 1901 3544 1954; x_wconf 60' lang='lat' dir='ltr'><strong>Ver-</strong></span> 
     </span>
    </p>
   </div>
   <div class='ocr_carea' id='block_1_64' title="bbox 1974 1989 3542 2062">
    <p class='ocr_par' dir='ltr' id='par_1_64' title="bbox 1974 1989 3542 2062">
     <span class='ocr_line' id='line_1_64' title="bbox 1974 1989 3542 2062; baseline -0.001 -15"><span class='ocrx_word' id='word_1_520' title='bbox 1974 1992 2099 2048; x_wconf 88' lang='lat' dir='ltr'><strong>bum</strong></span> <span class='ocrx_word' id='word_1_521' title='bbox 2132 2000 2234 2055; x_wconf 89' lang='lat' dir='ltr'><strong>est,</strong></span> <span class='ocrx_word' id='word_1_522' title='bbox 2257 2001 2310 2046; x_wconf 92' lang='lat' dir='ltr'><strong>et</strong></span> <span class='ocrx_word' id='word_1_523' title='bbox 2362 1992 2517 2051; x_wconf 88' lang='lat' dir='ltr'><strong>ratio,</strong></span> <span class='ocrx_word' id='word_1_524' title='bbox 2542 1999 2597 2045; x_wconf 89' lang='lat' dir='ltr'><strong>et</strong></span> <span class='ocrx_word' id='word_1_525' title='bbox 2644 2007 2826 2045; x_wconf 87' lang='lat' dir='ltr'><strong>causa.</strong></span> <span class='ocrx_word' id='word_1_526' title='bbox 2866 1989 3100 2044; x_wconf 85' lang='lat' dir='ltr'><strong>Verbum</strong></span> <span class='ocrx_word' id='word_1_527' title='bbox 3149 1992 3388 2061; x_wconf 83' lang='lat' dir='ltr'><strong>quidem,</strong></span> <span class='ocrx_word' id='word_1_528' title='bbox 3416 1993 3542 2062; x_wconf 80' lang='lat' dir='ltr'><strong>quia</strong></span> 
     </span>
    </p>
   </div>
   <div class='ocr_carea' id='block_1_65' title="bbox 1972 2081 3541 2152">
    <p class='ocr_par' dir='ltr' id='par_1_65' title="bbox 1972 2081 3541 2152">
     <span class='ocr_line' id='line_1_65' title="bbox 1972 2081 3541 2152; baseline -0.001 -15"><span class='ocrx_word' id='word_1_529' title='bbox 1972 2097 2071 2151; x_wconf 90' lang='lat' dir='ltr'><strong>per</strong></span> <span class='ocrx_word' id='word_1_530' title='bbox 2097 2082 2430 2152; x_wconf 80' lang='lat' dir='ltr'><strong>ipsumDeus</strong></span> <span class='ocrx_word' id='word_1_531' title='bbox 2454 2082 2617 2137; x_wconf 90' lang='lat' dir='ltr'><strong>Pater</strong></span> <span class='ocrx_word' id='word_1_532' title='bbox 2650 2081 2786 2136; x_wconf 78' lang='lat' dir='ltr'><strong>dixit</strong></span> <span class='ocrx_word' id='word_1_533' title='bbox 2814 2081 2929 2136; x_wconf 70' lang='lat' dir='ltr'><strong>fieri</strong></span> <span class='ocrx_word' id='word_1_534' title='bbox 2957 2082 3157 2146; x_wconf 84' lang='lat' dir='ltr'><strong>omnia,</strong></span> <span class='ocrx_word' id='word_1_535' title='bbox 3187 2081 3351 2135; x_wconf 79' lang='lat' dir='ltr'><strong>immo</strong></span> <span class='ocrx_word' id='word_1_536' title='bbox 3376 2083 3541 2135; x_wconf 82' lang='lat' dir='ltr'><strong>etiam</strong></span> 
     </span>
    </p>
   </div>
   <div class='ocr_carea' id='block_1_66' title="bbox 1973 2172 3543 2242">
    <p class='ocr_par' dir='ltr' id='par_1_66' title="bbox 1973 2172 3543 2242">
     <span class='ocr_line' id='line_1_66' title="bbox 1973 2172 3543 2242; baseline -0.001 -15"><span class='ocrx_word' id='word_1_537' title='bbox 1973 2173 2088 2242; x_wconf 90' lang='lat' dir='ltr'><strong>ipse</strong></span> <span class='ocrx_word' id='word_1_538' title='bbox 2126 2181 2209 2227; x_wconf 88' lang='lat' dir='ltr'><strong>est</strong></span> <span class='ocrx_word' id='word_1_539' title='bbox 2240 2173 2285 2203; x_wconf 83' lang='lat'><strong>”</strong></span> <span class='ocrx_word' id='word_1_540' title='bbox 2311 2172 2486 2228; x_wconf 88' lang='lat' dir='ltr'><strong>Patris</strong></span> <span class='ocrx_word' id='word_1_541' title='bbox 2513 2172 2714 2237; x_wconf 89' lang='lat' dir='ltr'><strong>dicere,</strong></span> <span class='ocrx_word' id='word_1_542' title='bbox 2744 2180 2799 2227; x_wconf 88' lang='lat' dir='ltr'><strong>et</strong></span> <span class='ocrx_word' id='word_1_543' title='bbox 2841 2172 3026 2236; x_wconf 90' lang='lat' dir='ltr'><strong>dictio,</strong></span> <span class='ocrx_word' id='word_1_544' title='bbox 3054 2182 3108 2226; x_wconf 87' lang='lat' dir='ltr'><strong>et</strong></span> <span class='ocrx_word' id='word_1_545' title='bbox 3136 2189 3311 2226; x_wconf 88' lang='lat' dir='ltr'><strong>sermo</strong></span> <span class='ocrx_word' id='word_1_546' title='bbox 3347 2173 3392 2202; x_wconf 82' lang='lat'><strong>&quot;</strong></span> <span class='ocrx_word' id='word_1_547' title='bbox 3418 2189 3432 2235; x_wconf 85' lang='lat'><strong>;</strong></span> <span class='ocrx_word' id='word_1_548' title='bbox 3467 2173 3543 2226; x_wconf 76' lang='lat' dir='ltr'><strong>si-</strong></span> 
     </span>
    </p>
   </div>
   <div class='ocr_carea' id='block_1_67' title="bbox 1971 2242 3536 2335">
    <p class='ocr_par' dir='ltr' id='par_1_67' title="bbox 1971 2242 3536 2335">
     <span class='ocr_line' id='line_1_67' title="bbox 1971 2242 3536 2335; baseline -0.002 -16"><span class='ocrx_word' id='word_1_549' title='bbox 1971 2274 2063 2319; x_wconf 88' lang='lat' dir='ltr'><strong>cut</strong></span> <span class='ocrx_word' id='word_1_550' title='bbox 2108 2266 2221 2335; x_wconf 90' lang='lat' dir='ltr'><strong>ipse</strong></span> <span class='ocrx_word' id='word_1_551' title='bbox 2260 2265 2335 2319; x_wconf 87' lang='lat' dir='ltr'><strong>ait</strong></span> <span class='ocrx_word' id='word_1_552' title='bbox 2384 2266 2436 2318; x_wconf 91' lang='lat' dir='ltr'><strong>in</strong></span> <span class='ocrx_word' id='word_1_553' title='bbox 2486 2264 2773 2333; x_wconf 77' lang='lat' dir='ltr'><strong>Evangelia</strong></span> <span class='ocrx_word' id='word_1_554' title='bbox 2808 2282 2820 2316; x_wconf 90' lang='lat'>:</span> <span class='ocrx_word' id='word_1_555' title='bbox 2858 2262 2924 2315; x_wconf 82' lang='lat' dir='ltr'><strong>Et</strong></span> <span class='ocrx_word' id='word_1_556' title='bbox 2969 2281 3158 2328; x_wconf 83' lang='lat' dir='ltr'><strong>sermo,</strong></span> <span class='ocrx_word' id='word_1_557' title='bbox 3193 2242 3345 2334; x_wconf 67' lang='lat' dir='ltr'><strong>qtiem</strong></span> <span class='ocrx_word' id='word_1_558' title='bbox 3388 2265 3536 2318; x_wconf 79' lang='lat' dir='ltr'><strong>loru-</strong></span> 
     </span>
    </p>
   </div>
   <div class='ocr_carea' id='block_1_68' title="bbox 1972 2356 3533 2425">
    <p class='ocr_par' dir='ltr' id='par_1_68' title="bbox 1972 2356 3533 2425">
     <span class='ocr_line' id='line_1_68' title="bbox 1972 2356 3533 2425; baseline 0.001 -15"><span class='ocrx_word' id='word_1_559' title='bbox 1972 2368 2057 2411; x_wconf 80' lang='lat' dir='ltr'><strong>ttts</strong></span> <span class='ocrx_word' id='word_1_560' title='bbox 2086 2373 2200 2412; x_wconf 85' lang='lat' dir='ltr'><strong>sum</strong></span> <span class='ocrx_word' id='word_1_561' title='bbox 2226 2358 2388 2421; x_wconf 81' lang='lat' dir='ltr'><strong>vobis,</strong></span> <span class='ocrx_word' id='word_1_562' title='bbox 2418 2374 2519 2411; x_wconf 87' lang='lat' dir='ltr'><strong>non</strong></span> <span class='ocrx_word' id='word_1_563' title='bbox 2547 2366 2621 2410; x_wconf 85' lang='lat' dir='ltr'><strong>est</strong></span> <span class='ocrx_word' id='word_1_564' title='bbox 2648 2373 2810 2418; x_wconf 86' lang='lat' dir='ltr'><strong>meus,</strong></span> <span class='ocrx_word' id='word_1_565' title='bbox 2837 2358 2924 2410; x_wconf 78' lang='lat' dir='ltr'><strong>sed</strong></span> <span class='ocrx_word' id='word_1_566' title='bbox 2950 2356 3135 2425; x_wconf 78' lang='lat' dir='ltr'><strong>ipsius,</strong></span> <span class='ocrx_word' id='word_1_567' title='bbox 3157 2358 3245 2425; x_wconf 84' lang='lat' dir='ltr'><strong>qui</strong></span> <span class='ocrx_word' id='word_1_568' title='bbox 3273 2359 3407 2411; x_wconf 78' lang='lat' dir='ltr'><strong>misi!</strong></span> <span class='ocrx_word' id='word_1_569' title='bbox 3434 2374 3533 2412; x_wconf 81' lang='grc' dir='ltr'><strong>ιιιε.</strong></span> 
     </span>
    </p>
   </div>
   <div class='ocr_carea' id='block_1_69' title="bbox 1973 2446 3536 2518">
    <p class='ocr_par' dir='ltr' id='par_1_69' title="bbox 1973 2446 3536 2518">
     <span class='ocr_line' id='line_1_69' title="bbox 1973 2446 3536 2518; baseline 0.002 -17"><span class='ocrx_word' id='word_1_570' title='bbox 1973 2446 2248 2517; x_wconf 84' lang='lat' dir='ltr'><strong>Tanquam</strong></span> <span class='ocrx_word' id='word_1_571' title='bbox 2290 2447 2496 2502; x_wconf 88' lang='lat' dir='ltr'><strong>diceret</strong></span> <span class='ocrx_word' id='word_1_572' title='bbox 2523 2456 2707 2518; x_wconf 88' lang='lat' dir='ltr'><strong>aperte</strong></span> <span class='ocrx_word' id='word_1_573' title='bbox 2736 2462 2749 2500; x_wconf 90' lang='lat'><strong>:</strong></span> <span class='ocrx_word' id='word_1_574' title='bbox 2783 2448 2912 2518; x_wconf 83' lang='lat' dir='ltr'><strong>Ego,</strong></span> <span class='ocrx_word' id='word_1_575' title='bbox 2935 2449 3024 2517; x_wconf 89' lang='lat' dir='ltr'><strong>qui</strong></span> <span class='ocrx_word' id='word_1_576' title='bbox 3065 2464 3182 2502; x_wconf 89' lang='lat' dir='ltr'><strong>sum</strong></span> <span class='ocrx_word' id='word_1_577' title='bbox 3228 2464 3403 2502; x_wconf 80' lang='lat' dir='ltr'><strong>sermo</strong></span> <span class='ocrx_word' id='word_1_578' title='bbox 3436 2450 3536 2504; x_wconf 80' lang='lat' dir='ltr'><strong>Pa-</strong></span> 
     </span>
    </p>
   </div>
   <div class='ocr_carea' id='block_1_70' title="bbox 1973 2538 3539 2608">
    <p class='ocr_par' dir='ltr' id='par_1_70' title="bbox 1973 2538 3539 2608">
     <span class='ocr_line' id='line_1_70' title="bbox 1973 2538 3539 2608; baseline 0.003 -16"><span class='ocrx_word' id='word_1_579' title='bbox 1973 2539 2093 2603; x_wconf 91' lang='lat' dir='ltr'><strong>tris,</strong></span> <span class='ocrx_word' id='word_1_580' title='bbox 2127 2539 2216 2608; x_wconf 92' lang='lat' dir='ltr'><strong>qui</strong></span> <span class='ocrx_word' id='word_1_581' title='bbox 2245 2538 2456 2594; x_wconf 92' lang='lat' dir='ltr'><strong>locutus</strong></span> <span class='ocrx_word' id='word_1_582' title='bbox 2487 2555 2603 2593; x_wconf 90' lang='lat' dir='ltr'><strong>sum</strong></span> <span class='ocrx_word' id='word_1_583' title='bbox 2646 2539 2817 2604; x_wconf 86' lang='lat' dir='ltr'><strong>vobis,</strong></span> <span class='ocrx_word' id='word_1_584' title='bbox 2847 2555 2950 2594; x_wconf 90' lang='lat' dir='ltr'><strong>non</strong></span> <span class='ocrx_word' id='word_1_585' title='bbox 2982 2556 3099 2596; x_wconf 88' lang='lat' dir='ltr'><strong>smn</strong></span> <span class='ocrx_word' id='word_1_586' title='bbox 3140 2557 3310 2605; x_wconf 81' lang='lat' dir='ltr'><strong>meus,</strong></span> <span class='ocrx_word' id='word_1_587' title='bbox 3343 2544 3433 2595; x_wconf 88' lang='lat' dir='ltr'><strong>sel</strong></span> <span class='ocrx_word' id='word_1_588' title='bbox 3462 2544 3539 2597; x_wconf 86' lang='lat' dir='ltr'><strong>lo-</strong></span> 
     </span>
    </p>
   </div>
   <div class='ocr_carea' id='block_1_71' title="bbox 1970 2628 3542 2697">
    <p class='ocr_par' dir='ltr' id='par_1_71' title="bbox 1970 2628 3542 2697">
     <span class='ocr_line' id='line_1_71' title="bbox 1970 2628 3542 2697; baseline 0.001 -14"><span class='ocrx_word' id='word_1_589' title='bbox 1970 2628 2187 2697; x_wconf 87' lang='lat' dir='ltr'><strong>quentis</strong></span> <span class='ocrx_word' id='word_1_590' title='bbox 2231 2630 2284 2683; x_wconf 89' lang='lat' dir='ltr'><strong>in</strong></span> <span class='ocrx_word' id='word_1_591' title='bbox 2331 2645 2416 2686; x_wconf 89' lang='lat' dir='ltr'><strong>me</strong></span> <span class='ocrx_word' id='word_1_592' title='bbox 2440 2628 2636 2691; x_wconf 87' lang='lat' dir='ltr'><strong>Patris.</strong></span> <span class='ocrx_word' id='word_1_593' title='bbox 2669 2639 2725 2685; x_wconf 90' lang='lat' dir='ltr'><strong>et</strong></span> <span class='ocrx_word' id='word_1_594' title='bbox 2764 2645 2831 2684; x_wconf 86' lang='lat' dir='ltr'><strong>ex</strong></span> <span class='ocrx_word' id='word_1_595' title='bbox 2861 2629 2908 2661; x_wconf 67' lang='grc'><strong>⁸⁵</strong></span> <span class='ocrx_word' id='word_1_596' title='bbox 2938 2629 3161 2685; x_wconf 57' lang='lat' dir='ltr'><strong>secretis</strong></span> <span class='ocrx_word' id='word_1_597' title='bbox 3206 2632 3542 2688; x_wconf 72' lang='lat' dir='ltr'><strong>substantita</strong></span> 
     </span>
    </p>
   </div>
   <div class='ocr_carea' id='block_1_72' title="bbox 1966 2718 3541 2791">
    <p class='ocr_par' dir='ltr' id='par_1_72' title="bbox 1966 2718 3541 2791">
     <span class='ocr_line' id='line_1_72' title="bbox 1966 2718 3541 2791; baseline 0 -15"><span class='ocrx_word' id='word_1_598' title='bbox 1966 2733 2100 2776; x_wconf 85' lang='lat' dir='ltr'><strong>suae</strong></span> <span class='ocrx_word' id='word_1_599' title='bbox 2126 2718 2335 2775; x_wconf 86' lang='lat' dir='ltr'><strong>sinibus</strong></span> <span class='ocrx_word' id='word_1_600' title='bbox 2357 2734 2442 2774; x_wconf 88' lang='lat' dir='ltr'><strong>me</strong></span> <span class='ocrx_word' id='word_1_601' title='bbox 2463 2719 2749 2791; x_wconf 78' lang='lat' dir='ltr'><strong>gignentia,</strong></span> <span class='ocrx_word' id='word_1_602' title='bbox 2778 2729 2831 2775; x_wconf 90' lang='lat' dir='ltr'><strong>et</strong></span> <span class='ocrx_word' id='word_1_603' title='bbox 2856 2720 3035 2775; x_wconf 84' lang='lat' dir='ltr'><strong>omnia</strong></span> <span class='ocrx_word' id='word_1_604' title='bbox 3055 2736 3153 2790; x_wconf 84' lang='lat' dir='ltr'><strong>per</strong></span> <span class='ocrx_word' id='word_1_605' title='bbox 3173 2737 3276 2782; x_wconf 85' lang='lat' dir='ltr'><strong>me.</strong></span> <span class='ocrx_word' id='word_1_606' title='bbox 3311 2723 3410 2778; x_wconf 82' lang='lat' dir='ltr'><strong>hoc</strong></span> <span class='ocrx_word' id='word_1_607' title='bbox 3434 2735 3541 2787; x_wconf 80' lang='lat' dir='ltr'><strong>est,</strong></span> 
     </span>
    </p>
   </div>
   <div class='ocr_carea' id='block_1_73' title="bbox 1970 2810 3536 2883">
    <p class='ocr_par' dir='ltr' id='par_1_73' title="bbox 1970 2810 3536 2883">
     <span class='ocr_line' id='line_1_73' title="bbox 1970 2810 3536 2883; baseline 0.003 -19"><span class='ocrx_word' id='word_1_608' title='bbox 1970 2811 2235 2881; x_wconf 71' lang='lat' dir='ltr'><strong>gignendo</strong></span> <span class='ocrx_word' id='word_1_609' title='bbox 2261 2827 2346 2866; x_wconf 91' lang='lat' dir='ltr'><strong>me</strong></span> <span class='ocrx_word' id='word_1_610' title='bbox 2386 2811 2652 2868; x_wconf 73' lang='lat' dir='ltr'><strong>facientis.</strong></span> <span class='ocrx_word' id='word_1_611' title='bbox 2682 2810 2840 2867; x_wconf 82' lang='lat' dir='ltr'><strong>Ratio</strong></span> <span class='ocrx_word' id='word_1_612' title='bbox 2870 2828 3020 2877; x_wconf 87' lang='lat' dir='ltr'><strong>vero,</strong></span> <span class='ocrx_word' id='word_1_613' title='bbox 3044 2814 3293 2880; x_wconf 90' lang='lat' dir='ltr'><strong>quoniam</strong></span> <span class='ocrx_word' id='word_1_614' title='bbox 3322 2813 3433 2883; x_wconf 89' lang='lat' dir='ltr'><strong>ipse</strong></span> <span class='ocrx_word' id='word_1_615' title='bbox 3454 2827 3536 2870; x_wconf 89' lang='lat' dir='ltr'><strong>est</strong></span> 
     </span>
    </p>
   </div>
   <div class='ocr_carea' id='block_1_74' title="bbox 1968 2900 3533 2971">
    <p class='ocr_par' dir='ltr' id='par_1_74' title="bbox 1968 2900 3533 2971">
     <span class='ocr_line' id='line_1_74' title="bbox 1968 2900 3533 2971; baseline 0.001 -16"><span class='ocrx_word' id='word_1_616' title='bbox 1968 2901 2207 2955; x_wconf 88' lang='lat' dir='ltr'><strong>omnium</strong></span> <span class='ocrx_word' id='word_1_617' title='bbox 2235 2900 2524 2956; x_wconf 89' lang='lat' dir='ltr'><strong>visibilium</strong></span> <span class='ocrx_word' id='word_1_618' title='bbox 2563 2909 2619 2956; x_wconf 91' lang='lat' dir='ltr'><strong>et</strong></span> <span class='ocrx_word' id='word_1_619' title='bbox 2649 2901 2993 2956; x_wconf 87' lang='lat' dir='ltr'><strong>invisibilium</strong></span> <span class='ocrx_word' id='word_1_620' title='bbox 3019 2902 3309 2971; x_wconf 86' lang='lat' dir='ltr'><strong>principale</strong></span> <span class='ocrx_word' id='word_1_621' title='bbox 3348 2918 3533 2959; x_wconf 82' lang='lat' dir='ltr'><strong>exem-</strong></span> 
     </span>
    </p>
   </div>
   <div class='ocr_carea' id='block_1_75' title="bbox 1967 2990 3530 3062">
    <p class='ocr_par' dir='ltr' id='par_1_75' title="bbox 1967 2990 3530 3062">
     <span class='ocr_line' id='line_1_75' title="bbox 1967 2990 3530 3062; baseline 0.003 -18"><span class='ocrx_word' id='word_1_622' title='bbox 1967 2991 2107 3061; x_wconf 87' lang='lat' dir='ltr'><strong>plar,</strong></span> <span class='ocrx_word' id='word_1_623' title='bbox 2125 2992 2351 3061; x_wconf 88' lang='lat' dir='ltr'><strong>ideoque</strong></span> <span class='ocrx_word' id='word_1_624' title='bbox 2380 3007 2411 3045; x_wconf 88' lang='lat' dir='ltr'><strong>a</strong></span> <span class='ocrx_word' id='word_1_625' title='bbox 2439 2990 2659 3047; x_wconf 88' lang='lat' dir='ltr'><strong>Graecis</strong></span> <span class='ocrx_word' id='word_1_626' title='bbox 2685 2991 2819 3055; x_wconf 73' lang='grc' dir='ltr'><strong>ἰδία,</strong></span> <span class='ocrx_word' id='word_1_627' title='bbox 2843 2992 2999 3054; x_wconf 82' lang='lat' dir='ltr'><strong>idest</strong></span> <span class='ocrx_word' id='word_1_628' title='bbox 3021 2993 3227 3062; x_wconf 87' lang='lat' dir='ltr'><strong>species</strong></span> <span class='ocrx_word' id='word_1_629' title='bbox 3252 2994 3333 3048; x_wconf 77' lang='lat' dir='ltr'><strong>vel</strong></span> <span class='ocrx_word' id='word_1_630' title='bbox 3363 2992 3530 3049; x_wconf 73' lang='lat' dir='ltr'><strong>forma</strong></span> 
     </span>
    </p>
   </div>
   <div class='ocr_carea' id='block_1_76' title="bbox 1968 3081 3530 3153">
    <p class='ocr_par' dir='ltr' id='par_1_76' title="bbox 1968 3081 3530 3153">
     <span class='ocr_line' id='line_1_76' title="bbox 1968 3081 3530 3153; baseline 0.001 -17"><span class='ocrx_word' id='word_1_631' title='bbox 1968 3083 2181 3137; x_wconf 89' lang='lat' dir='ltr'><strong>dicitur.</strong></span> <span class='ocrx_word' id='word_1_632' title='bbox 2212 3082 2267 3136; x_wconf 91' lang='lat' dir='ltr'><strong>In</strong></span> <span class='ocrx_word' id='word_1_633' title='bbox 2298 3084 2414 3153; x_wconf 91' lang='lat' dir='ltr'><strong>ipso</strong></span> <span class='ocrx_word' id='word_1_634' title='bbox 2440 3082 2584 3137; x_wconf 91' lang='lat' dir='ltr'><strong>enim</strong></span> <span class='ocrx_word' id='word_1_635' title='bbox 2615 3081 2775 3136; x_wconf 85' lang='lat' dir='ltr'><strong>Pater</strong></span> <span class='ocrx_word' id='word_1_636' title='bbox 2801 3082 3001 3146; x_wconf 89' lang='lat' dir='ltr'><strong>omnia,</strong></span> <span class='ocrx_word' id='word_1_637' title='bbox 3032 3096 3169 3151; x_wconf 87' lang='lat' dir='ltr'><strong>quae</strong></span> <span class='ocrx_word' id='word_1_638' title='bbox 3196 3082 3362 3138; x_wconf 90' lang='lat' dir='ltr'><strong>voluit</strong></span> <span class='ocrx_word' id='word_1_639' title='bbox 3396 3083 3530 3147; x_wconf 84' lang='lat' dir='ltr'><strong>ﬁeri,</strong></span> 
     </span>
    </p>
   </div>
   <div class='ocr_carea' id='block_1_77' title="bbox 1965 3172 3530 3246">
    <p class='ocr_par' dir='ltr' id='par_1_77' title="bbox 1965 3172 3530 3246">
     <span class='ocr_line' id='line_1_77' title="bbox 1965 3172 3530 3246; baseline 0.001 -19"><span class='ocrx_word' id='word_1_640' title='bbox 1965 3175 2279 3246; x_wconf 89' lang='lat' dir='ltr'><strong>priusquam</strong></span> <span class='ocrx_word' id='word_1_641' title='bbox 2305 3174 2515 3237; x_wconf 79' lang='lat' dir='ltr'><strong>tierent,</strong></span> <span class='ocrx_word' id='word_1_642' title='bbox 2536 3173 2670 3227; x_wconf 90' lang='lat' dir='ltr'><strong>vidit</strong></span> <span class='ocrx_word' id='word_1_643' title='bbox 2692 3172 2956 3227; x_wconf 81' lang='lat' dir='ltr'><strong>facienda.</strong></span> <span class='ocrx_word' id='word_1_644' title='bbox 2989 3172 3161 3227; x_wconf 88' lang='lat' dir='ltr'><strong>Causa</strong></span> <span class='ocrx_word' id='word_1_645' title='bbox 3188 3189 3398 3243; x_wconf 86' lang='lat' dir='ltr'><strong>quoque</strong></span> <span class='ocrx_word' id='word_1_646' title='bbox 3427 3185 3530 3241; x_wconf 85' lang='lat' dir='ltr'><strong>est,</strong></span> 
     </span>
    </p>
   </div>
   <div class='ocr_carea' id='block_1_78' title="bbox 1962 3263 3534 3332">
    <p class='ocr_par' dir='ltr' id='par_1_78' title="bbox 1962 3263 3534 3332">
     <span class='ocr_line' id='line_1_78' title="bbox 1962 3263 3534 3332; baseline 0.003 -17"><span class='ocrx_word' id='word_1_647' title='bbox 1962 3263 2216 3332; x_wconf 89' lang='lat' dir='ltr'><strong>quoniam</strong></span> <span class='ocrx_word' id='word_1_648' title='bbox 2245 3264 2559 3318; x_wconf 87' lang='lat' dir='ltr'><strong>occasiones</strong></span> <span class='ocrx_word' id='word_1_649' title='bbox 2586 3263 2825 3317; x_wconf 87' lang='lat' dir='ltr'><strong>omnium</strong></span> <span class='ocrx_word' id='word_1_650' title='bbox 2858 3263 3204 3317; x_wconf 86' lang='lat' dir='ltr'><strong>aeternaliter</strong></span> <span class='ocrx_word' id='word_1_651' title='bbox 3231 3275 3284 3319; x_wconf 91' lang='lat' dir='ltr'><strong>et</strong></span> <span class='ocrx_word' id='word_1_652' title='bbox 3330 3267 3534 3321; x_wconf 83' lang='lat' dir='ltr'><strong>incom-</strong></span> 
     </span>
    </p>
   </div>
   <div class='ocr_carea' id='block_1_79' title="bbox 1964 3352 3532 3424">
    <p class='ocr_par' dir='ltr' id='par_1_79' title="bbox 1964 3352 3532 3424">
     <span class='ocr_line' id='line_1_79' title="bbox 1964 3352 3532 3424; baseline 0.002 -18"><span class='ocrx_word' id='word_1_653' title='bbox 1964 3353 2295 3408; x_wconf 86' lang='lat' dir='ltr'><strong>mutabililer</strong></span> <span class='ocrx_word' id='word_1_654' title='bbox 2323 3353 2375 3406; x_wconf 90' lang='lat' dir='ltr'><strong>in</strong></span> <span class='ocrx_word' id='word_1_655' title='bbox 2424 3353 2540 3421; x_wconf 91' lang='lat' dir='ltr'><strong>ipso</strong></span> <span class='ocrx_word' id='word_1_656' title='bbox 2570 3353 2886 3407; x_wconf 89' lang='lat' dir='ltr'><strong>subsistunt.</strong></span> <span class='ocrx_word' id='word_1_657' title='bbox 2936 3352 3199 3419; x_wconf 82' lang='lat' dir='ltr'><strong>Quoniam</strong></span> <span class='ocrx_word' id='word_1_658' title='bbox 3247 3354 3409 3424; x_wconf 79' lang='lat' dir='ltr'><strong>igitur</strong></span> <span class='ocrx_word' id='word_1_659' title='bbox 3438 3356 3532 3412; x_wconf 85' lang='lat' dir='ltr'><strong>Dei</strong></span> 
     </span>
    </p>
   </div>
   <div class='ocr_carea' id='block_1_80' title="bbox 1963 3441 3532 3507">
    <p class='ocr_par' dir='ltr' id='par_1_80' title="bbox 1963 3441 3532 3507">
     <span class='ocr_line' id='line_1_80' title="bbox 1963 3441 3532 3507; baseline 0.001 -12"><span class='ocrx_word' id='word_1_660' title='bbox 1963 3441 2131 3496; x_wconf 87' lang='lat' dir='ltr'><strong>Filius</strong></span> <span class='ocrx_word' id='word_1_661' title='bbox 2154 3450 2208 3495; x_wconf 91' lang='lat' dir='ltr'><strong>et</strong></span> <span class='ocrx_word' id='word_1_662' title='bbox 2238 3442 2484 3507; x_wconf 88' lang='lat' dir='ltr'><strong>verbum,</strong></span> <span class='ocrx_word' id='word_1_663' title='bbox 2512 3451 2567 3495; x_wconf 91' lang='lat' dir='ltr'><strong>et</strong></span> <span class='ocrx_word' id='word_1_664' title='bbox 2595 3442 2751 3505; x_wconf 86' lang='lat' dir='ltr'><strong>ratio,</strong></span> <span class='ocrx_word' id='word_1_665' title='bbox 2783 3450 2836 3497; x_wconf 92' lang='lat' dir='ltr'><strong>et</strong></span> <span class='ocrx_word' id='word_1_666' title='bbox 2863 3457 3024 3496; x_wconf 87' lang='lat' dir='ltr'><strong>causa</strong></span> <span class='ocrx_word' id='word_1_667' title='bbox 3050 3452 3151 3507; x_wconf 91' lang='lat' dir='ltr'><strong>est,</strong></span> <span class='ocrx_word' id='word_1_668' title='bbox 3184 3460 3290 3498; x_wconf 89' lang='lat' dir='ltr'><strong>non</strong></span> <span class='ocrx_word' id='word_1_669' title='bbox 3345 3444 3532 3498; x_wconf 81' lang='lat' dir='ltr'><strong>incon-</strong></span> 
     </span>
    </p>
   </div>
   <div class='ocr_carea' id='block_1_81' title="bbox 1964 3529 3532 3600">
    <p class='ocr_par' dir='ltr' id='par_1_81' title="bbox 1964 3529 3532 3600">
     <span class='ocr_line' id='line_1_81' title="bbox 1964 3529 3532 3600; baseline 0.003 -17"><span class='ocrx_word' id='word_1_670' title='bbox 1964 3543 2154 3597; x_wconf 73' lang='lat' dir='ltr'><strong>gruum</strong></span> <span class='ocrx_word' id='word_1_671' title='bbox 2175 3529 2375 3596; x_wconf 89' lang='lat' dir='ltr'><strong>dicere,</strong></span> <span class='ocrx_word' id='word_1_672' title='bbox 2397 3529 2622 3600; x_wconf 80' lang='lat' dir='ltr'><strong>simplex</strong></span> <span class='ocrx_word' id='word_1_673' title='bbox 2648 3539 2699 3583; x_wconf 92' lang='lat' dir='ltr'><strong>et</strong></span> <span class='ocrx_word' id='word_1_674' title='bbox 2720 3530 2770 3583; x_wconf 94' lang='lat' dir='ltr'><strong>in</strong></span> <span class='ocrx_word' id='word_1_675' title='bbox 2788 3544 2846 3585; x_wconf 86' lang='lat' dir='ltr'><strong>se</strong></span> <span class='ocrx_word' id='word_1_676' title='bbox 2867 3529 3073 3586; x_wconf 75' lang='lat' dir='ltr'><strong>infinite</strong></span> <span class='ocrx_word' id='word_1_677' title='bbox 3090 3531 3365 3600; x_wconf 78' lang='lat' dir='ltr'><strong>multiplex</strong></span> <span class='ocrx_word' id='word_1_678' title='bbox 3384 3548 3532 3588; x_wconf 85' lang='lat' dir='ltr'><strong>crea-</strong></span> 
     </span>
    </p>
   </div>
   <div class='ocr_carea' id='block_1_82' title="bbox 1964 3621 3534 3680">
    <p class='ocr_par' dir='ltr' id='par_1_82' title="bbox 1964 3621 3534 3680">
     <span class='ocr_line' id='line_1_82' title="bbox 1964 3621 3534 3680; baseline 0.004 -6"><span class='ocrx_word' id='word_1_679' title='bbox 1964 3621 2070 3675; x_wconf 89' lang='lat' dir='ltr'><strong>trix</strong></span> <span class='ocrx_word' id='word_1_680' title='bbox 2087 3621 2447 3677; x_wconf 87' lang='lat' dir='ltr'><strong>universitatis</strong></span> <span class='ocrx_word' id='word_1_681' title='bbox 2467 3622 2714 3676; x_wconf 87' lang='lat' dir='ltr'><strong>conditae</strong></span> <span class='ocrx_word' id='word_1_682' title='bbox 2739 3623 2874 3677; x_wconf 89' lang='lat' dir='ltr'><strong>ratio</strong></span> <span class='ocrx_word' id='word_1_683' title='bbox 2887 3631 3110 3678; x_wconf 87' lang='lat' dir='ltr'><strong>etcausa</strong></span> <span class='ocrx_word' id='word_1_684' title='bbox 3127 3625 3215 3679; x_wconf 89' lang='lat' dir='ltr'><strong>Dei</strong></span> <span class='ocrx_word' id='word_1_685' title='bbox 3236 3624 3466 3680; x_wconf 88' lang='lat' dir='ltr'><strong>Verbum</strong></span> <span class='ocrx_word' id='word_1_686' title='bbox 3485 3627 3534 3659; x_wconf 82' lang='lat'>&quot;</span> 
     </span>
    </p>
   </div>
   <div class='ocr_carea' id='block_1_83' title="bbox 1964 3709 3534 3785">
    <p class='ocr_par' dir='ltr' id='par_1_83' title="bbox 1964 3709 3534 3785">
     <span class='ocr_line' id='line_1_83' title="bbox 1964 3709 3534 3785; baseline 0.004 -21"><span class='ocrx_word' id='word_1_687' title='bbox 1964 3720 2067 3764; x_wconf 89' lang='lat' dir='ltr'><strong>est.</strong></span> <span class='ocrx_word' id='word_1_688' title='bbox 2099 3709 2176 3763; x_wconf 82' lang='lat' dir='ltr'><strong>Ac</strong></span> <span class='ocrx_word' id='word_1_689' title='bbox 2204 3710 2283 3765; x_wconf 90' lang='lat' dir='ltr'><strong>sic</strong></span> <span class='ocrx_word' id='word_1_690' title='bbox 2325 3720 2659 3775; x_wconf 89' lang='lat' dir='ltr'><strong>recurreret,</strong></span> <span class='ocrx_word' id='word_1_691' title='bbox 2690 3711 2782 3766; x_wconf 88' lang='lat' dir='ltr'><strong>Dei</strong></span> <span class='ocrx_word' id='word_1_692' title='bbox 2816 3713 3038 3767; x_wconf 89' lang='lat' dir='ltr'><strong>verbum</strong></span> <span class='ocrx_word' id='word_1_693' title='bbox 3075 3723 3157 3768; x_wconf 88' lang='lat' dir='ltr'><strong>est</strong></span> <span class='ocrx_word' id='word_1_694' title='bbox 3200 3715 3448 3785; x_wconf 80' lang='lat' dir='ltr'><strong>simplex,</strong></span> <span class='ocrx_word' id='word_1_695' title='bbox 3478 3725 3534 3771; x_wconf 92' lang='lat' dir='ltr'><strong>et</strong></span> 
     </span>
    </p>
   </div>
   <div class='ocr_carea' id='block_1_84' title="bbox 1963 3802 3529 3876">
    <p class='ocr_par' dir='ltr' id='par_1_84' title="bbox 1963 3802 3529 3876">
     <span class='ocr_line' id='line_1_84' title="bbox 1963 3802 3529 3876; baseline 0.006 -20"><span class='ocrx_word' id='word_1_696' title='bbox 1963 3802 2016 3856; x_wconf 92' lang='lat' dir='ltr'><strong>in</strong></span> <span class='ocrx_word' id='word_1_697' title='bbox 2033 3818 2093 3857; x_wconf 90' lang='lat' dir='ltr'><strong>se</strong></span> <span class='ocrx_word' id='word_1_698' title='bbox 2107 3803 2312 3858; x_wconf 82' lang='lat' dir='ltr'><strong>inﬁnite</strong></span> <span class='ocrx_word' id='word_1_699' title='bbox 2328 3804 2601 3874; x_wconf 87' lang='lat' dir='ltr'><strong>multiplex</strong></span> <span class='ocrx_word' id='word_1_700' title='bbox 2620 3806 2855 3860; x_wconf 87' lang='lat' dir='ltr'><strong>creatrix</strong></span> <span class='ocrx_word' id='word_1_701' title='bbox 2878 3806 3240 3863; x_wconf 86' lang='lat' dir='ltr'><strong>universitatis</strong></span> <span class='ocrx_word' id='word_1_702' title='bbox 3260 3811 3529 3876; x_wconf 84' lang='lat' dir='ltr'><strong>conditae.</strong></span> 
     </span>
    </p>
   </div>
   <div class='ocr_carea' id='block_1_85' title="bbox 1961 3889 3531 3965">
    <p class='ocr_par' dir='ltr' id='par_1_85' title="bbox 1961 3889 3531 3965">
     <span class='ocr_line' id='line_1_85' title="bbox 1961 3889 3531 3965; baseline 0.004 -17"><span class='ocrx_word' id='word_1_703' title='bbox 1961 3902 2017 3948; x_wconf 92' lang='lat' dir='ltr'><strong>et</strong></span> <span class='ocrx_word' id='word_1_704' title='bbox 2032 3894 2187 3959; x_wconf 88' lang='lat' dir='ltr'><strong>ratio,</strong></span> <span class='ocrx_word' id='word_1_705' title='bbox 2209 3903 2263 3949; x_wconf 92' lang='lat' dir='ltr'><strong>et</strong></span> <span class='ocrx_word' id='word_1_706' title='bbox 2282 3910 2443 3949; x_wconf 86' lang='lat' dir='ltr'><strong>causa</strong></span> <span class='ocrx_word' id='word_1_707' title='bbox 2465 3896 2530 3946; x_wconf 80' lang='lat'><strong>’°.</strong></span> <span class='ocrx_word' id='word_1_708' title='bbox 2565 3895 2798 3964; x_wconf 84' lang='lat' dir='ltr'><strong>Simplex</strong></span> <span class='ocrx_word' id='word_1_709' title='bbox 2814 3889 3051 3964; x_wconf 77' lang='lat' dir='ltr'><strong>quidem,</strong></span> <span class='ocrx_word' id='word_1_710' title='bbox 3068 3898 3190 3965; x_wconf 90' lang='lat' dir='ltr'><strong>quia</strong></span> <span class='ocrx_word' id='word_1_711' title='bbox 3216 3913 3391 3953; x_wconf 87' lang='lat' dir='ltr'><strong>rerum</strong></span> <span class='ocrx_word' id='word_1_712' title='bbox 3415 3916 3531 3955; x_wconf 59' lang='lat' dir='ltr'><strong>omo</strong></span> 
     </span>
    </p>
   </div>
   <div class='ocr_carea' id='block_1_86' title="bbox 1963 3983 3532 4051">
    <p class='ocr_par' dir='ltr' id='par_1_86' title="bbox 1963 3983 3532 4051">
     <span class='ocr_line' id='line_1_86' title="bbox 1963 3983 3532 4051; baseline 0.004 -16"><span class='ocrx_word' id='word_1_713' title='bbox 1963 3983 2110 4036; x_wconf 91' lang='lat' dir='ltr'><strong>nium</strong></span> <span class='ocrx_word' id='word_1_714' title='bbox 2143 3983 2463 4038; x_wconf 87' lang='lat' dir='ltr'><strong>universitas</strong></span> <span class='ocrx_word' id='word_1_715' title='bbox 2493 3984 2544 4036; x_wconf 87' lang='lat' dir='ltr'><strong>in</strong></span> <span class='ocrx_word' id='word_1_716' title='bbox 2573 3984 2689 4051; x_wconf 90' lang='lat' dir='ltr'><strong>ipso</strong></span> <span class='ocrx_word' id='word_1_717' title='bbox 2717 4000 2882 4036; x_wconf 90' lang='lat' dir='ltr'><strong>unum</strong></span> <span class='ocrx_word' id='word_1_718' title='bbox 2910 3984 3238 4039; x_wconf 86' lang='lat' dir='ltr'><strong>individuum</strong></span> <span class='ocrx_word' id='word_1_719' title='bbox 3293 3996 3347 4040; x_wconf 91' lang='lat' dir='ltr'><strong>et</strong></span> <span class='ocrx_word' id='word_1_720' title='bbox 3389 3988 3532 4042; x_wconf 80' lang='lat' dir='ltr'><strong>inse—</strong></span> 
     </span>
    </p>
   </div>
   <div class='ocr_carea' id='block_1_87' title="bbox 1962 4073 3529 4143">
    <p class='ocr_par' dir='ltr' id='par_1_87' title="bbox 1962 4073 3529 4143">
     <span class='ocr_line' id='line_1_87' title="bbox 1962 4073 3529 4143; baseline 0.006 -19"><span class='ocrx_word' id='word_1_721' title='bbox 1962 4074 2199 4141; x_wconf 88' lang='lat' dir='ltr'><strong>parabile</strong></span> <span class='ocrx_word' id='word_1_722' title='bbox 2221 4084 2332 4138; x_wconf 88' lang='lat' dir='ltr'><strong>est;</strong></span> <span class='ocrx_word' id='word_1_723' title='bbox 2364 4073 2444 4127; x_wconf 92' lang='lat' dir='ltr'><strong>vel</strong></span> <span class='ocrx_word' id='word_1_724' title='bbox 2471 4083 2620 4127; x_wconf 90' lang='lat' dir='ltr'><strong>certe</strong></span> <span class='ocrx_word' id='word_1_725' title='bbox 2644 4073 2915 4127; x_wconf 83' lang='lat' dir='ltr'><strong>individua</strong></span> <span class='ocrx_word' id='word_1_726' title='bbox 2937 4082 2993 4128; x_wconf 91' lang='lat' dir='ltr'><strong>et</strong></span> <span class='ocrx_word' id='word_1_727' title='bbox 3017 4074 3387 4143; x_wconf 85' lang='lat' dir='ltr'><strong>inseparabilis</strong></span> <span class='ocrx_word' id='word_1_728' title='bbox 3414 4078 3529 4133; x_wconf 88' lang='lat' dir='ltr'><strong>uni-</strong></span> 
     </span>
    </p>
   </div>
   <div class='ocr_carea' id='block_1_88' title="bbox 1964 4163 3532 4234">
    <p class='ocr_par' dir='ltr' id='par_1_88' title="bbox 1964 4163 3532 4234">
     <span class='ocr_line' id='line_1_88' title="bbox 1964 4163 3532 4234; baseline 0.003 -17"><span class='ocrx_word' id='word_1_729' title='bbox 1964 4174 2044 4218; x_wconf 90' lang='lat' dir='ltr'><strong>tas</strong></span> <span class='ocrx_word' id='word_1_730' title='bbox 2065 4165 2303 4219; x_wconf 78' lang='lat' dir='ltr'><strong>Omnium</strong></span> <span class='ocrx_word' id='word_1_731' title='bbox 2334 4164 2425 4217; x_wconf 89' lang='lat' dir='ltr'><strong>Dei</strong></span> <span class='ocrx_word' id='word_1_732' title='bbox 2454 4163 2685 4218; x_wconf 87' lang='lat' dir='ltr'><strong>Verbum</strong></span> <span class='ocrx_word' id='word_1_733' title='bbox 2711 4172 2814 4228; x_wconf 89' lang='lat' dir='ltr'><strong>est,</strong></span> <span class='ocrx_word' id='word_1_734' title='bbox 2858 4164 3112 4233; x_wconf 88' lang='lat' dir='ltr'><strong>quoniam</strong></span> <span class='ocrx_word' id='word_1_735' title='bbox 3142 4165 3315 4234; x_wconf 90' lang='lat' dir='ltr'><strong>ipsum</strong></span> <span class='ocrx_word' id='word_1_736' title='bbox 3348 4167 3532 4222; x_wconf 81' lang='lat' dir='ltr'><strong>omnia</strong></span> 
     </span>
    </p>
   </div>
   <div class='ocr_carea' id='block_1_89' title="bbox 1960 4253 3528 4323">
    <p class='ocr_par' dir='ltr' id='par_1_89' title="bbox 1960 4253 3528 4323">
     <span class='ocr_line' id='line_1_89' title="bbox 1960 4253 3528 4323; baseline 0.001 -14"><span class='ocrx_word' id='word_1_737' title='bbox 1960 4265 2063 4310; x_wconf 88' lang='lat' dir='ltr'><strong>est.</strong></span> <span class='ocrx_word' id='word_1_738' title='bbox 2100 4253 2373 4323; x_wconf 80' lang='lat' dir='ltr'><strong>Muitiplex</strong></span> <span class='ocrx_word' id='word_1_739' title='bbox 2421 4269 2548 4308; x_wconf 87' lang='lat' dir='ltr'><strong>vero</strong></span> <span class='ocrx_word' id='word_1_740' title='bbox 2577 4269 2683 4308; x_wconf 90' lang='lat' dir='ltr'><strong>non</strong></span> <span class='ocrx_word' id='word_1_741' title='bbox 2721 4254 2993 4309; x_wconf 89' lang='lat' dir='ltr'><strong>immerito</strong></span> <span class='ocrx_word' id='word_1_742' title='bbox 3022 4253 3339 4322; x_wconf 75' lang='lat' dir='ltr'><strong>intelligitur</strong></span> <span class='ocrx_word' id='word_1_743' title='bbox 3385 4270 3528 4321; x_wconf 82' lang='lat' dir='ltr'><strong>esse,</strong></span> 
     </span>
    </p>
   </div>
   <div class='ocr_carea' id='block_1_90' title="bbox 1960 4343 3529 4412">
    <p class='ocr_par' dir='ltr' id='par_1_90' title="bbox 1960 4343 3529 4412">
     <span class='ocr_line' id='line_1_90' title="bbox 1960 4343 3529 4412; baseline 0.001 -15"><span class='ocrx_word' id='word_1_744' title='bbox 1960 4345 2213 4412; x_wconf 87' lang='lat' dir='ltr'><strong>quoniam</strong></span> <span class='ocrx_word' id='word_1_745' title='bbox 2263 4358 2358 4412; x_wconf 91' lang='lat' dir='ltr'><strong>per</strong></span> <span class='ocrx_word' id='word_1_746' title='bbox 2400 4344 2581 4398; x_wconf 88' lang='lat' dir='ltr'><strong>omnia</strong></span> <span class='ocrx_word' id='word_1_747' title='bbox 2614 4344 2666 4397; x_wconf 94' lang='lat' dir='ltr'><strong>in</strong></span> <span class='ocrx_word' id='word_1_748' title='bbox 2715 4344 2980 4397; x_wconf 88' lang='lat' dir='ltr'><strong>inlinitunt</strong></span> <span class='ocrx_word' id='word_1_749' title='bbox 3023 4343 3335 4398; x_wconf 70' lang='lat' dir='ltr'><strong>diffunditur</strong></span> <span class='ocrx_word' id='word_1_750' title='bbox 3365 4346 3407 4377; x_wconf 79' lang='lat'><strong>&quot;</strong></span> <span class='ocrx_word' id='word_1_751' title='bbox 3432 4386 3448 4411; x_wconf 90' lang='lat'><strong>,</strong></span> <span class='ocrx_word' id='word_1_752' title='bbox 3472 4355 3529 4403; x_wconf 88' lang='lat' dir='ltr'><strong>et</strong></span> 
     </span>
    </p>
   </div>
   <div class='ocr_carea' id='block_1_91' title="bbox 254 4435 3530 4527">
    <p class='ocr_par' dir='ltr' id='par_1_91' title="bbox 254 4435 3530 4527">
     <span class='ocr_line' id='line_1_91' title="bbox 254 4435 3530 4527; baseline 0 -34"><span class='ocrx_word' id='word_1_753' title='bbox 254 4441 434 4495; x_wconf 78' lang='lat' dir='ltr'><strong>simul</strong></span> <span class='ocrx_word' id='word_1_754' title='bbox 460 4448 516 4493; x_wconf 89' lang='lat' dir='ltr'><strong>et</strong></span> <span class='ocrx_word' id='word_1_755' title='bbox 540 4447 756 4494; x_wconf 87' lang='lat' dir='ltr'><strong>aeterna</strong></span> <span class='ocrx_word' id='word_1_756' title='bbox 784 4449 838 4494; x_wconf 91' lang='lat' dir='ltr'><strong>et</strong></span> <span class='ocrx_word' id='word_1_757' title='bbox 865 4439 1023 4495; x_wconf 80' lang='lat' dir='ltr'><strong>facta.</strong></span> <span class='ocrx_word' id='word_1_758' title='bbox 1049 4442 1162 4507; x_wconf 83' lang='lat' dir='ltr'><strong>Qua</strong></span> <span class='ocrx_word' id='word_1_759' title='bbox 1192 4457 1319 4496; x_wconf 90' lang='lat' dir='ltr'><strong>vero</strong></span> <span class='ocrx_word' id='word_1_760' title='bbox 1344 4442 1388 4481; x_wconf 60' lang='grc' dir='ltr'><strong>ιδ</strong></span> <span class='ocrx_word' id='word_1_761' title='bbox 1412 4444 1617 4498; x_wconf 88' lang='lat' dir='ltr'><strong>ratione</strong></span> <span class='ocrx_word' id='word_1_762' title='bbox 1637 4455 1855 4501; x_wconf 76' lang='lat' dir='ltr'><strong>aeterna</strong></span> <span class='ocrx_word' id='word_1_763' title='bbox 1883 4467 1934 4527; x_wconf 80' lang='lat' dir='ltr'>D</span> <span class='ocrx_word' id='word_1_764' title='bbox 1961 4438 2076 4508; x_wconf 89' lang='lat' dir='ltr'><strong>ipsa</strong></span> <span class='ocrx_word' id='word_1_765' title='bbox 2105 4436 2318 4491; x_wconf 79' lang='lat' dir='ltr'><strong>diﬂ&#39;usio</strong></span> <span class='ocrx_word' id='word_1_766' title='bbox 2348 4437 2697 4491; x_wconf 90' lang='lat' dir='ltr'><strong>subsistentia</strong></span> <span class='ocrx_word' id='word_1_767' title='bbox 2730 4435 2968 4489; x_wconf 90' lang='lat' dir='ltr'><strong>omnium</strong></span> <span class='ocrx_word' id='word_1_768' title='bbox 2998 4443 3099 4489; x_wconf 90' lang='lat' dir='ltr'><strong>est.</strong></span> <span class='ocrx_word' id='word_1_769' title='bbox 3130 4435 3358 4507; x_wconf 79' lang='lat' dir='ltr'><strong>Attingit</strong></span> <span class='ocrx_word' id='word_1_770' title='bbox 3384 4439 3530 4496; x_wconf 81' lang='lat' dir='ltr'><strong>enim</strong></span> 
     </span>
    </p>
   </div>
   <div class='ocr_carea' id='block_1_92' title="bbox 257 4530 1855 4602">
    <p class='ocr_par' dir='ltr' id='par_1_92' title="bbox 257 4530 1855 4602">
     <span class='ocr_line' id='line_1_92' title="bbox 257 4530 1855 4602; baseline 0.003 -18"><span class='ocrx_word' id='word_1_771' title='bbox 257 4540 399 4584; x_wconf 80' lang='lat' dir='ltr'><strong>sunt</strong></span> <span class='ocrx_word' id='word_1_772' title='bbox 424 4530 477 4561; x_wconf 77' lang='grc'><strong>⁸⁸</strong></span> <span class='ocrx_word' id='word_1_773' title='bbox 504 4530 669 4595; x_wconf 80' lang='lat' dir='ltr'><strong>facta,</strong></span> <span class='ocrx_word' id='word_1_774' title='bbox 697 4540 751 4584; x_wconf 90' lang='lat' dir='ltr'><strong>et</strong></span> <span class='ocrx_word' id='word_1_775' title='bbox 782 4530 921 4586; x_wconf 80' lang='lat' dir='ltr'><strong>facta</strong></span> <span class='ocrx_word' id='word_1_776' title='bbox 948 4542 1165 4586; x_wconf 86' lang='lat' dir='ltr'><strong>aeterna</strong></span> <span class='ocrx_word' id='word_1_777' title='bbox 1203 4533 1247 4565; x_wconf 82' lang='grc'><strong>¹⁶</strong></span> <span class='ocrx_word' id='word_1_778' title='bbox 1282 4534 1548 4602; x_wconf 74' lang='lat' dir='ltr'><strong>possimus</strong></span> <span class='ocrx_word' id='word_1_779' title='bbox 1578 4536 1621 4573; x_wconf 81' lang='grc' dir='ltr'><strong>ιτ</strong></span> <span class='ocrx_word' id='word_1_780' title='bbox 1660 4534 1855 4590; x_wconf 86' lang='lat' dir='ltr'><strong>intelli-</strong></span> 
     </span>
    </p>
   </div>
   <div class='ocr_carea' id='block_1_93' title="bbox 256 4621 1859 4693">
    <p class='ocr_par' dir='ltr' id='par_1_93' title="bbox 256 4621 1859 4693">
     <span class='ocr_line' id='line_1_93' title="bbox 256 4621 1859 4693; baseline 0.004 -22"><span class='ocrx_word' id='word_1_781' title='bbox 256 4634 420 4690; x_wconf 65' lang='lat' dir='ltr'><strong>gere,</strong></span> <span class='ocrx_word' id='word_1_782' title='bbox 473 4621 649 4690; x_wconf 74' lang='lat' dir='ltr'><strong>exigis</strong></span> <span class='ocrx_word' id='word_1_783' title='bbox 679 4635 708 4673; x_wconf 93' lang='lat' dir='ltr'><strong>a</strong></span> <span class='ocrx_word' id='word_1_784' title='bbox 745 4636 830 4673; x_wconf 88' lang='lat' dir='ltr'><strong>me</strong></span> <span class='ocrx_word' id='word_1_785' title='bbox 874 4638 981 4675; x_wconf 88' lang='lat' dir='ltr'><strong>non</strong></span> <span class='ocrx_word' id='word_1_786' title='bbox 1027 4622 1298 4676; x_wconf 89' lang='lat' dir='ltr'><strong>immerito</strong></span> <span class='ocrx_word' id='word_1_787' title='bbox 1328 4621 1636 4691; x_wconf 84' lang='lat' dir='ltr'><strong>explanare.</strong></span> <span class='ocrx_word' id='word_1_788' title='bbox 1676 4621 1859 4693; x_wconf 82' lang='lat' dir='ltr'><strong>Siqui-</strong></span> 
     </span>
    </p>
   </div>
   <div class='ocr_carea' id='block_1_94' title="bbox 261 4713 1853 4781">
    <p class='ocr_par' dir='ltr' id='par_1_94' title="bbox 261 4713 1853 4781">
     <span class='ocr_line' id='line_1_94' title="bbox 261 4713 1853 4781; baseline 0.002 -15"><span class='ocrx_word' id='word_1_789' title='bbox 261 4713 393 4766; x_wconf 84' lang='lat' dir='ltr'><strong>dem</strong></span> <span class='ocrx_word' id='word_1_790' title='bbox 439 4713 497 4765; x_wconf 89' lang='lat' dir='ltr'><strong>id</strong></span> <span class='ocrx_word' id='word_1_791' title='bbox 542 4713 715 4781; x_wconf 90' lang='lat' dir='ltr'><strong>ipsum</strong></span> <span class='ocrx_word' id='word_1_792' title='bbox 763 4724 1039 4768; x_wconf 89' lang='lat' dir='ltr'><strong>aeternum</strong></span> <span class='ocrx_word' id='word_1_793' title='bbox 1077 4723 1132 4767; x_wconf 90' lang='lat' dir='ltr'><strong>et</strong></span> <span class='ocrx_word' id='word_1_794' title='bbox 1169 4713 1373 4769; x_wconf 73' lang='lat' dir='ltr'><strong>factum</strong></span> <span class='ocrx_word' id='word_1_795' title='bbox 1409 4715 1732 4781; x_wconf 82' lang='lat' dir='ltr'><strong>subsistere,</strong></span> <span class='ocrx_word' id='word_1_796' title='bbox 1771 4716 1853 4769; x_wconf 85' lang='lat' dir='ltr'><strong>vi-</strong></span> 
     </span>
    </p>
   </div>
   <div class='ocr_carea' id='block_1_95' title="bbox 259 4800 1852 4867">
    <p class='ocr_par' dir='ltr' id='par_1_95' title="bbox 259 4800 1852 4867">
     <span class='ocr_line' id='line_1_95' title="bbox 259 4800 1852 4867; baseline 0.003 -14"><span class='ocrx_word' id='word_1_797' title='bbox 259 4800 434 4854; x_wconf 86' lang='lat' dir='ltr'><strong>detur</strong></span> <span class='ocrx_word' id='word_1_798' title='bbox 466 4801 560 4855; x_wconf 91' lang='lat' dir='ltr'><strong>tibi</strong></span> <span class='ocrx_word' id='word_1_799' title='bbox 604 4801 650 4833; x_wconf 79' lang='grc'><strong>⁸⁸</strong></span> <span class='ocrx_word' id='word_1_800' title='bbox 696 4817 856 4857; x_wconf 82' lang='lat' dir='ltr'><strong>verae</strong></span> <span class='ocrx_word' id='word_1_801' title='bbox 896 4803 1088 4857; x_wconf 87' lang='lat' dir='ltr'><strong>rationi</strong></span> <span class='ocrx_word' id='word_1_802' title='bbox 1128 4818 1232 4856; x_wconf 90' lang='lat' dir='ltr'><strong>non</strong></span> <span class='ocrx_word' id='word_1_803' title='bbox 1282 4805 1600 4867; x_wconf 82' lang='lat' dir='ltr'><strong>convenire,</strong></span> <span class='ocrx_word' id='word_1_804' title='bbox 1645 4813 1699 4859; x_wconf 90' lang='lat' dir='ltr'><strong>et</strong></span> <span class='ocrx_word' id='word_1_805' title='bbox 1741 4804 1852 4858; x_wconf 81' lang='lat' dir='ltr'><strong>for-</strong></span> 
     </span>
    </p>
   </div>
   <div class='ocr_carea' id='block_1_96' title="bbox 259 4890 1855 4961">
    <p class='ocr_par' dir='ltr' id='par_1_96' title="bbox 259 4890 1855 4961">
     <span class='ocr_line' id='line_1_96' title="bbox 259 4890 1855 4961; baseline 0.001 -14"><span class='ocrx_word' id='word_1_806' title='bbox 259 4891 435 4947; x_wconf 86' lang='lat' dir='ltr'><strong>tassis</strong></span> <span class='ocrx_word' id='word_1_807' title='bbox 479 4893 716 4945; x_wconf 82' lang='lat' dir='ltr'><strong>nondum</strong></span> <span class='ocrx_word' id='word_1_808' title='bbox 742 4907 841 4961; x_wconf 75' lang='lat' dir='ltr'><strong>ego</strong></span> <span class='ocrx_word' id='word_1_809' title='bbox 866 4890 1003 4960; x_wconf 83' lang='lat' dir='ltr'><strong>ipse,</strong></span> <span class='ocrx_word' id='word_1_810' title='bbox 1037 4891 1303 4961; x_wconf 87' lang='lat' dir='ltr'><strong>quomodo</strong></span> <span class='ocrx_word' id='word_1_811' title='bbox 1326 4894 1426 4948; x_wconf 87' lang='lat' dir='ltr'><strong>hoc</strong></span> <span class='ocrx_word' id='word_1_812' title='bbox 1461 4894 1762 4957; x_wconf 88' lang='lat' dir='ltr'><strong>conveniat,</strong></span> <span class='ocrx_word' id='word_1_813' title='bbox 1786 4895 1855 4948; x_wconf 90' lang='lat' dir='ltr'><strong>ad</strong></span> 
     </span>
    </p>
   </div>
   <div class='ocr_carea' id='block_1_97' title="bbox 254 4982 1855 5054">
    <p class='ocr_par' dir='ltr' id='par_1_97' title="bbox 254 4982 1855 5054">
     <span class='ocr_line' id='line_1_97' title="bbox 254 4982 1855 5054; baseline 0.002 -21"><span class='ocrx_word' id='word_1_814' title='bbox 254 4995 478 5049; x_wconf 81' lang='lat' dir='ltr'><strong>purum</strong></span> <span class='ocrx_word' id='word_1_815' title='bbox 515 4982 790 5051; x_wconf 80' lang='lat' dir='ltr'><strong>dignosco.</strong></span> <span class='ocrx_word' id='word_1_816' title='bbox 846 4982 991 5036; x_wconf 80' lang='lat' dir='ltr'><strong>DISC.</strong></span> <span class='ocrx_word' id='word_1_817' title='bbox 1028 4982 1207 5053; x_wconf 89' lang='lat' dir='ltr'><strong>Incipe</strong></span> <span class='ocrx_word' id='word_1_818' title='bbox 1245 4983 1426 5054; x_wconf 87' lang='lat' dir='ltr'><strong>itaque</strong></span> <span class='ocrx_word' id='word_1_819' title='bbox 1466 4983 1532 5038; x_wconf 89' lang='lat' dir='ltr'><strong>de</strong></span> <span class='ocrx_word' id='word_1_820' title='bbox 1560 4983 1663 5038; x_wconf 83' lang='lat' dir='ltr'><strong>bac</strong></span> <span class='ocrx_word' id='word_1_821' title='bbox 1690 4996 1855 5052; x_wconf 85' lang='lat' dir='ltr'><strong>quae-</strong></span> 
     </span>
    </p>
   </div>
   <div class='ocr_carea' id='block_1_98' title="bbox 1960 4525 3529 4596">
    <p class='ocr_par' dir='ltr' id='par_1_98' title="bbox 1960 4525 3529 4596">
     <span class='ocr_line' id='line_1_98' title="bbox 1960 4525 3529 4596; baseline 0.001 -12"><span class='ocrx_word' id='word_1_822' title='bbox 1960 4546 1990 4584; x_wconf 89' lang='lat' dir='ltr'><strong>a</strong></span> <span class='ocrx_word' id='word_1_823' title='bbox 2021 4529 2128 4583; x_wconf 84' lang='lat' dir='ltr'><strong>line</strong></span> <span class='ocrx_word' id='word_1_824' title='bbox 2156 4542 2324 4595; x_wconf 88' lang='lat' dir='ltr'><strong>usque</strong></span> <span class='ocrx_word' id='word_1_825' title='bbox 2356 4526 2401 4557; x_wconf 78' lang='grc'><strong>’⁸</strong></span> <span class='ocrx_word' id='word_1_826' title='bbox 2438 4527 2504 4579; x_wconf 92' lang='lat' dir='ltr'><strong>ad</strong></span> <span class='ocrx_word' id='word_1_827' title='bbox 2532 4526 2689 4580; x_wconf 84' lang='lat' dir='ltr'><strong>ﬁnem</strong></span> <span class='ocrx_word' id='word_1_828' title='bbox 2739 4525 2972 4589; x_wconf 81' lang='lat' dir='ltr'><strong>fortiter,</strong></span> <span class='ocrx_word' id='word_1_829' title='bbox 3020 4536 3077 4581; x_wconf 93' lang='lat' dir='ltr'><strong>et</strong></span> <span class='ocrx_word' id='word_1_830' title='bbox 3129 4527 3363 4596; x_wconf 88' lang='lat' dir='ltr'><strong>disponit</strong></span> <span class='ocrx_word' id='word_1_831' title='bbox 3408 4545 3529 4585; x_wconf 87' lang='lat' dir='ltr'><strong>om-</strong></span> 
     </span>
    </p>
   </div>
   <div class='ocr_carea' id='block_1_99' title="bbox 1961 4614 3529 4678">
    <p class='ocr_par' dir='ltr' id='par_1_99' title="bbox 1961 4614 3529 4678">
     <span class='ocr_line' id='line_1_99' title="bbox 1961 4614 3529 4678; baseline 0.003 -4"><span class='ocrx_word' id='word_1_832' title='bbox 1961 4622 2048 4674; x_wconf 88' lang='lat' dir='ltr'><strong>nia</strong></span> <span class='ocrx_word' id='word_1_833' title='bbox 2081 4618 2336 4673; x_wconf 87' lang='lat' dir='ltr'><strong>suaviter.</strong></span> <span class='ocrx_word' id='word_1_834' title='bbox 2367 4615 2495 4670; x_wconf 90' lang='lat' dir='ltr'><strong>Item</strong></span> <span class='ocrx_word' id='word_1_835' title='bbox 2524 4617 2577 4669; x_wconf 92' lang='lat' dir='ltr'><strong>in</strong></span> <span class='ocrx_word' id='word_1_836' title='bbox 2605 4616 2819 4670; x_wconf 90' lang='lat' dir='ltr'><strong>Psalmo</strong></span> <span class='ocrx_word' id='word_1_837' title='bbox 2843 4635 2856 4670; x_wconf 90' lang='lat'><strong>:</strong></span> <span class='ocrx_word' id='word_1_838' title='bbox 2898 4614 3150 4673; x_wconf 82' lang='lat' dir='ltr'><strong>Velociler</strong></span> <span class='ocrx_word' id='word_1_839' title='bbox 3170 4621 3330 4673; x_wconf 81' lang='lat' dir='ltr'><strong>currit</strong></span> <span class='ocrx_word' id='word_1_840' title='bbox 3359 4636 3529 4678; x_wconf 77' lang='lat' dir='ltr'><strong>sema</strong></span> 
     </span>
    </p>
   </div>
   <div class='ocr_carea' id='block_1_100' title="bbox 1957 4708 3528 4783">
    <p class='ocr_par' dir='ltr' id='par_1_100' title="bbox 1957 4708 3528 4783">
     <span class='ocr_line' id='line_1_100' title="bbox 1957 4708 3528 4783; baseline 0.002 -17"><span class='ocrx_word' id='word_1_841' title='bbox 1957 4716 2092 4782; x_wconf 83' lang='lat' dir='ltr'><strong>ejus.</strong></span> <span class='ocrx_word' id='word_1_842' title='bbox 2115 4712 2429 4766; x_wconf 86' lang='lat' dir='ltr'><strong>Sermonem</strong></span> <span class='ocrx_word' id='word_1_843' title='bbox 2448 4709 2631 4764; x_wconf 78' lang='lat' dir='ltr'><strong>dicit&quot;</strong></span> <span class='ocrx_word' id='word_1_844' title='bbox 2653 4708 2918 4779; x_wconf 85' lang='lat' dir='ltr'><strong>Propheta</strong></span> <span class='ocrx_word' id='word_1_845' title='bbox 2941 4711 3159 4765; x_wconf 91' lang='lat' dir='ltr'><strong>verbum</strong></span> <span class='ocrx_word' id='word_1_846' title='bbox 3175 4711 3370 4778; x_wconf 88' lang='lat' dir='ltr'><strong>Patris,</strong></span> <span class='ocrx_word' id='word_1_847' title='bbox 3387 4714 3528 4783; x_wconf 91' lang='lat' dir='ltr'><strong>quod</strong></span> 
     </span>
    </p>
   </div>
   <div class='ocr_carea' id='block_1_101' title="bbox 1962 4802 3527 4877">
    <p class='ocr_par' dir='ltr' id='par_1_101' title="bbox 1962 4802 3527 4877">
     <span class='ocr_line' id='line_1_101' title="bbox 1962 4802 3527 4877; baseline 0.003 -20"><span class='ocrx_word' id='word_1_848' title='bbox 1962 4804 2218 4858; x_wconf 85' lang='lat' dir='ltr'><strong>velociter</strong></span> <span class='ocrx_word' id='word_1_849' title='bbox 2274 4802 2446 4877; x_wconf 89' lang='lat' dir='ltr'><strong>currit</strong></span> <span class='ocrx_word' id='word_1_850' title='bbox 2496 4816 2594 4872; x_wconf 90' lang='lat' dir='ltr'><strong>per</strong></span> <span class='ocrx_word' id='word_1_851' title='bbox 2622 4802 2823 4865; x_wconf 89' lang='lat' dir='ltr'><strong>omnia,</strong></span> <span class='ocrx_word' id='word_1_852' title='bbox 2858 4810 2915 4856; x_wconf 92' lang='lat' dir='ltr'><strong>ut</strong></span> <span class='ocrx_word' id='word_1_853' title='bbox 2967 4804 3145 4857; x_wconf 91' lang='lat' dir='ltr'><strong>omnia</strong></span> <span class='ocrx_word' id='word_1_854' title='bbox 3176 4804 3302 4859; x_wconf 89' lang='lat' dir='ltr'><strong>sint.</strong></span> <span class='ocrx_word' id='word_1_855' title='bbox 3354 4805 3527 4876; x_wconf 84' lang='lat' dir='ltr'><strong>Ipsius</strong></span> 
     </span>
    </p>
   </div>
   <div class='ocr_carea' id='block_1_102' title="bbox 1962 4890 3528 4961">
    <p class='ocr_par' dir='ltr' id='par_1_102' title="bbox 1962 4890 3528 4961">
     <span class='ocr_line' id='line_1_102' title="bbox 1962 4890 3528 4961; baseline 0 -14"><span class='ocrx_word' id='word_1_856' title='bbox 1962 4894 2104 4947; x_wconf 89' lang='lat' dir='ltr'><strong>enim</strong></span> <span class='ocrx_word' id='word_1_857' title='bbox 2127 4908 2318 4948; x_wconf 89' lang='lat' dir='ltr'><strong>cursus</strong></span> <span class='ocrx_word' id='word_1_858' title='bbox 2346 4907 2441 4961; x_wconf 88' lang='lat' dir='ltr'><strong>per</strong></span> <span class='ocrx_word' id='word_1_859' title='bbox 2469 4891 2647 4946; x_wconf 88' lang='lat' dir='ltr'><strong>omnia</strong></span> <span class='ocrx_word' id='word_1_860' title='bbox 2673 4890 2944 4959; x_wconf 87' lang='lat' dir='ltr'><strong>multiplex</strong></span> <span class='ocrx_word' id='word_1_861' title='bbox 2975 4902 3031 4946; x_wconf 92' lang='lat' dir='ltr'><strong>et</strong></span> <span class='ocrx_word' id='word_1_862' title='bbox 3061 4892 3265 4948; x_wconf 89' lang='lat' dir='ltr'><strong>inlinita</strong></span> <span class='ocrx_word' id='word_1_863' title='bbox 3288 4895 3528 4950; x_wconf 83' lang='lat' dir='ltr'><strong>omnium</strong></span> 
     </span>
    </p>
   </div>
   <div class='ocr_carea' id='block_1_103' title="bbox 1962 4981 3526 5055">
    <p class='ocr_par' dir='ltr' id='par_1_103' title="bbox 1962 4981 3526 5055">
     <span class='ocr_line' id='line_1_103' title="bbox 1962 4981 3526 5055; baseline 0.001 -17"><span class='ocrx_word' id='word_1_864' title='bbox 1962 4983 2303 5039; x_wconf 89' lang='lat' dir='ltr'><strong>subsistentia</strong></span> <span class='ocrx_word' id='word_1_865' title='bbox 2331 4991 2431 5038; x_wconf 89' lang='lat' dir='ltr'><strong>est.</strong></span> <span class='ocrx_word' id='word_1_866' title='bbox 2478 4981 2614 5035; x_wconf 90' lang='lat' dir='ltr'><strong>llinc</strong></span> <span class='ocrx_word' id='word_1_867' title='bbox 2640 4989 2861 5036; x_wconf 87' lang='lat' dir='ltr'><strong>sanctus</strong></span> <span class='ocrx_word' id='word_1_868' title='bbox 2890 4982 3174 5055; x_wconf 82' lang='lat' dir='ltr'><strong>Dionysius</strong></span> <span class='ocrx_word' id='word_1_869' title='bbox 3214 4986 3265 5039; x_wconf 93' lang='lat' dir='ltr'><strong>iu</strong></span> <span class='ocrx_word' id='word_1_870' title='bbox 3296 4986 3526 5055; x_wconf 85' lang='lat' dir='ltr'><strong>capitulo</strong></span> 
     </span>
    </p>
   </div>
   <div class='ocr_carea' id='block_1_104' title="bbox 1567 5132 2255 5190">
    <p class='ocr_par' dir='ltr' id='par_1_104' title="bbox 1567 5132 2255 5190">
     <span class='ocr_line' id='line_1_104' title="bbox 1567 5132 2255 5190; baseline 0.004 -5"><span class='ocrx_word' id='word_1_871' title='bbox 1567 5132 1819 5190; x_wconf 79' lang='lat' dir='ltr'><strong>VARIAE</strong></span> <span class='ocrx_word' id='word_1_872' title='bbox 1856 5134 2255 5190; x_wconf 75' lang='lat' dir='ltr'><strong>LECTIONES.</strong></span> 
     </span>
    </p>
   </div>
   <div class='ocr_carea' id='block_1_105' title="bbox 332 5271 1454 5328">
    <p class='ocr_par' dir='ltr' id='par_1_105' title="bbox 332 5271 1454 5328">
     <span class='ocr_line' id='line_1_105' title="bbox 332 5271 1454 5328; baseline 0.002 -4"><span class='ocrx_word' id='word_1_873' title='bbox 332 5283 357 5316; x_wconf 73' lang='grc' dir='ltr'><strong>ι</strong></span> <span class='ocrx_word' id='word_1_874' title='bbox 386 5276 442 5328; x_wconf 79' lang='grc' dir='ltr'><strong>Δ</strong></span> <span class='ocrx_word' id='word_1_875' title='bbox 470 5288 554 5325; x_wconf 84' lang='lat' dir='ltr'><strong>ac.</strong></span> <span class='ocrx_word' id='word_1_876' title='bbox 675 5273 695 5301; x_wconf 84' lang='grc'>²</span> <span class='ocrx_word' id='word_1_877' title='bbox 722 5280 880 5323; x_wconf 77' lang='lat' dir='ltr'><strong>etiam</strong></span> <span class='ocrx_word' id='word_1_878' title='bbox 902 5286 1009 5324; x_wconf 88' lang='lat' dir='ltr'><strong>om.</strong></span> <span class='ocrx_word' id='word_1_879' title='bbox 1041 5271 1105 5324; x_wconf 80' lang='grc' dir='ltr'><strong>Α.</strong></span> <span class='ocrx_word' id='word_1_880' title='bbox 1203 5272 1223 5302; x_wconf 84' lang='grc'>³</span> <span class='ocrx_word' id='word_1_881' title='bbox 1250 5273 1289 5326; x_wconf 92' lang='lat' dir='ltr'><strong>C</strong></span> <span class='ocrx_word' id='word_1_882' title='bbox 1314 5283 1454 5327; x_wconf 79' lang='lat' dir='ltr'><strong>sunt.</strong></span> 
     </span>
    </p>
   </div>
   <div class='ocr_carea' id='block_1_106' title="bbox 254 5340 1656 5398">
    <p class='ocr_par' dir='ltr' id='par_1_106' title="bbox 254 5340 1656 5398">
     <span class='ocr_line' id='line_1_106' title="bbox 254 5340 1656 5398; baseline -0.001 0"><span class='ocrx_word' id='word_1_883' title='bbox 254 5346 280 5379; x_wconf 85' lang='grc'><strong>⁷</strong></span> <span class='ocrx_word' id='word_1_884' title='bbox 304 5344 356 5398; x_wconf 83' lang='grc' dir='ltr'><strong>Δ</strong></span> <span class='ocrx_word' id='word_1_885' title='bbox 381 5353 438 5398; x_wconf 79' lang='lat' dir='ltr'><strong>et</strong></span> <span class='ocrx_word' id='word_1_886' title='bbox 482 5358 584 5394; x_wconf 87' lang='lat' dir='ltr'><strong>non</strong></span> <span class='ocrx_word' id='word_1_887' title='bbox 609 5340 990 5393; x_wconf 78' lang='lat' dir='ltr'><strong>subsistentem.</strong></span> <span class='ocrx_word' id='word_1_888' title='bbox 1068 5343 1089 5372; x_wconf 84' lang='grc'>⁸</span> <span class='ocrx_word' id='word_1_889' title='bbox 1112 5341 1215 5395; x_wconf 89' lang='lat' dir='ltr'><strong>Pro</strong></span> <span class='ocrx_word' id='word_1_890' title='bbox 1242 5345 1491 5396; x_wconf 79' lang='lat' dir='ltr'><strong>rationem</strong></span> <span class='ocrx_word' id='word_1_891' title='bbox 1520 5344 1558 5396; x_wconf 86' lang='lat' dir='ltr'><strong>A</strong></span> <span class='ocrx_word' id='word_1_892' title='bbox 1592 5356 1656 5397; x_wconf 77' lang='lat' dir='ltr'><strong>et.</strong></span> 
     </span>
    </p>
   </div>
   <div class='ocr_carea' id='block_1_107' title="bbox 259 5410 1586 5480">
    <p class='ocr_par' dir='ltr' id='par_1_107' title="bbox 259 5410 1586 5480">
     <span class='ocr_line' id='line_1_107' title="bbox 259 5410 1586 5480; baseline -0.002 -12"><span class='ocrx_word' id='word_1_893' title='bbox 259 5414 308 5446; x_wconf 80' lang='grc'><strong>⁸³</strong></span> <span class='ocrx_word' id='word_1_894' title='bbox 339 5424 479 5468; x_wconf 76' lang='lat' dir='ltr'><strong>sunt</strong></span> <span class='ocrx_word' id='word_1_895' title='bbox 504 5428 607 5465; x_wconf 89' lang='lat' dir='ltr'><strong>om.</strong></span> <span class='ocrx_word' id='word_1_896' title='bbox 638 5415 700 5463; x_wconf 87' lang='lat' dir='ltr'><strong>A.</strong></span> <span class='ocrx_word' id='word_1_897' title='bbox 780 5410 825 5441; x_wconf 74' lang='lat'>“</span> <span class='ocrx_word' id='word_1_898' title='bbox 857 5410 899 5462; x_wconf 79' lang='grc' dir='ltr'><strong>Α</strong></span> <span class='ocrx_word' id='word_1_899' title='bbox 926 5426 1064 5464; x_wconf 84' lang='lat' dir='ltr'><strong>vera.</strong></span> <span class='ocrx_word' id='word_1_900' title='bbox 1141 5411 1185 5442; x_wconf 82' lang='lat'>”</span> <span class='ocrx_word' id='word_1_901' title='bbox 1212 5417 1586 5480; x_wconf 74' lang='lat' dir='ltr'><strong>prusuntAet.</strong></span> 
     </span>
    </p>
   </div>
   <div class='ocr_carea' id='block_1_108' title="bbox 647 5480 1844 5537">
    <p class='ocr_par' dir='ltr' id='par_1_108' title="bbox 647 5480 1844 5537">
     <span class='ocr_line' id='line_1_108' title="bbox 647 5480 1844 5537; baseline 0.003 -4"><span class='ocrx_word' id='word_1_902' title='bbox 647 5480 693 5510; x_wconf 81' lang='lat'><strong>&quot;</strong></span> <span class='ocrx_word' id='word_1_903' title='bbox 718 5481 855 5533; x_wconf 84' lang='lat' dir='ltr'><strong>enim</strong></span> <span class='ocrx_word' id='word_1_904' title='bbox 895 5492 1002 5533; x_wconf 89' lang='lat' dir='ltr'><strong>om.</strong></span> <span class='ocrx_word' id='word_1_905' title='bbox 1033 5480 1095 5534; x_wconf 91' lang='lat' dir='ltr'><strong>C.</strong></span> <span class='ocrx_word' id='word_1_906' title='bbox 1168 5481 1212 5521; x_wconf 76' lang='grc' dir='ltr'><strong>ἰ</strong></span> <span class='ocrx_word' id='word_1_907' title='bbox 1237 5482 1277 5535; x_wconf 67' lang='lat' dir='ltr'><strong>Ii</strong></span> <span class='ocrx_word' id='word_1_908' title='bbox 1308 5498 1391 5535; x_wconf 73' lang='lat' dir='ltr'><strong>ex.</strong></span> <span class='ocrx_word' id='word_1_909' title='bbox 1467 5483 1511 5513; x_wconf 83' lang='grc'><strong>²²</strong></span> <span class='ocrx_word' id='word_1_910' title='bbox 1543 5493 1615 5536; x_wconf 82' lang='lat' dir='ltr'><strong>est</strong></span> <span class='ocrx_word' id='word_1_911' title='bbox 1643 5499 1752 5536; x_wconf 91' lang='lat' dir='ltr'><strong>om.</strong></span> <span class='ocrx_word' id='word_1_912' title='bbox 1782 5484 1844 5537; x_wconf 78' lang='grc' dir='ltr'><strong>Α.</strong></span> 
     </span>
    </p>
   </div>
   <div class='ocr_carea' id='block_1_109' title="bbox 1430 5552 1827 5622">
    <p class='ocr_par' dir='ltr' id='par_1_109' title="bbox 1430 5552 1827 5622">
     <span class='ocr_line' id='line_1_109' title="bbox 1430 5552 1827 5622; baseline -0.003 -16"><span class='ocrx_word' id='word_1_913' title='bbox 1430 5552 1473 5583; x_wconf 78' lang='grc'><strong>’⁷</strong></span> <span class='ocrx_word' id='word_1_914' title='bbox 1497 5553 1539 5606; x_wconf 85' lang='grc' dir='ltr'>Α</span> <span class='ocrx_word' id='word_1_915' title='bbox 1561 5552 1827 5622; x_wconf 73' lang='lat' dir='ltr'><strong>deﬁnitur,</strong></span> 
     </span>
    </p>
   </div>
   <div class='ocr_carea' id='block_1_110' title="bbox 298 5491 556 5536">
    <p class='ocr_par' dir='ltr' id='par_1_110' title="bbox 298 5491 556 5536">
     <span class='ocr_line' id='line_1_110' title="bbox 298 5491 556 5536; baseline -0.012 -1"><span class='ocrx_word' id='word_1_916' title='bbox 298 5497 427 5536; x_wconf 74' lang='lat' dir='ltr'><strong>tum</strong></span> <span class='ocrx_word' id='word_1_917' title='bbox 458 5491 556 5533; x_wconf 65' lang='lat' dir='ltr'><strong>(si.</strong></span> 
     </span>
    </p>
   </div>
   <div class='ocr_carea' id='block_1_111' title="bbox 337 5551 1351 5607">
    <p class='ocr_par' dir='ltr' id='par_1_111' title="bbox 337 5551 1351 5607">
     <span class='ocr_line' id='line_1_111' title="bbox 337 5551 1351 5607; baseline -0.004 0"><span class='ocrx_word' id='word_1_918' title='bbox 337 5570 409 5607; x_wconf 86' lang='lat' dir='ltr'><strong>ac</strong></span> <span class='ocrx_word' id='word_1_919' title='bbox 436 5552 493 5605; x_wconf 86' lang='lat' dir='ltr'><strong>si</strong></span> <span class='ocrx_word' id='word_1_920' title='bbox 523 5560 800 5601; x_wconf 71' lang='lat' dir='ltr'><strong>recurrere!</strong></span> <span class='ocrx_word' id='word_1_921' title='bbox 824 5577 888 5588; x_wconf 90' lang='lat'><strong>—-</strong></span> <span class='ocrx_word' id='word_1_922' title='bbox 913 5560 958 5601; x_wconf 79' lang='lat' dir='ltr'><strong>el</strong></span> <span class='ocrx_word' id='word_1_923' title='bbox 983 5566 1140 5605; x_wconf 86' lang='lat' dir='ltr'><strong>causa</strong></span> <span class='ocrx_word' id='word_1_924' title='bbox 1161 5566 1268 5605; x_wconf 89' lang='lat' dir='ltr'><strong>om.</strong></span> <span class='ocrx_word' id='word_1_925' title='bbox 1292 5551 1351 5604; x_wconf 89' lang='lat' dir='ltr'><strong>C.</strong></span> 
     </span>
    </p>
   </div>
   <div class='ocr_carea' id='block_1_112' title="bbox 528 5642 1102 5705">
    <p class='ocr_par' dir='ltr' id='par_1_112' title="bbox 528 5642 1102 5705">
     <span class='ocr_line' id='line_1_112' title="bbox 528 5642 1102 5705; baseline 0.005 -4"><span class='ocrx_word' id='word_1_926' title='bbox 528 5642 796 5701; x_wconf 53' lang='lat' dir='ltr'><strong>Puncta</strong></span> <span class='ocrx_word' id='word_1_927' title='bbox 847 5642 1102 5705; x_wconf 72' lang='lat' dir='ltr'><strong>CXXII.</strong></span> 
     </span>
    </p>
   </div>
   <div class='ocr_carea' id='block_1_113' title="bbox 1549 5274 2030 5399">
    <p class='ocr_par' dir='ltr' id='par_1_113' title="bbox 1549 5274 2030 5399">
     <span class='ocr_line' id='line_1_113' title="bbox 1549 5274 2005 5331; baseline 0.007 -3"><span class='ocrx_word' id='word_1_928' title='bbox 1549 5274 1570 5305; x_wconf 76' lang='grc'><strong>⁸</strong></span> <span class='ocrx_word' id='word_1_929' title='bbox 1598 5274 1641 5328; x_wconf 81' lang='grc' dir='ltr'>Α</span> <span class='ocrx_word' id='word_1_930' title='bbox 1688 5277 2005 5331; x_wconf 66' lang='lat' dir='ltr'><strong>aestimaret.</strong></span> 
     </span>
     <span class='ocr_line' id='line_1_114' title="bbox 1549 5346 2030 5399; baseline 0.006 -3"><span class='ocrx_word' id='word_1_931' title='bbox 1549 5368 1558 5396; x_wconf 82' lang='grc' dir='ltr'><strong>ι</strong></span> <span class='ocrx_word' id='word_1_932' title='bbox 1592 5356 1656 5397; x_wconf 82' lang='grc' dir='ltr'><strong>ει.</strong></span> <span class='ocrx_word' id='word_1_933' title='bbox 1752 5346 1774 5376; x_wconf 74' lang='grc'><strong><em>³</em></strong></span> <span class='ocrx_word' id='word_1_934' title='bbox 1798 5356 1845 5399; x_wconf 78' lang='lat' dir='ltr'><strong>et</strong></span> <span class='ocrx_word' id='word_1_935' title='bbox 1867 5362 1953 5398; x_wconf 90' lang='lat' dir='ltr'><strong>om</strong></span> <span class='ocrx_word' id='word_1_936' title='bbox 1987 5346 2030 5399; x_wconf 85' lang='lat' dir='ltr'><strong>A</strong></span> 
     </span>
    </p>
   </div>
   <div class='ocr_carea' id='block_1_114' title="bbox 1663 5356 2345 5537">
    <p class='ocr_par' dir='ltr' id='par_1_114' title="bbox 1663 5356 2345 5537">
     <span class='ocr_line' id='line_1_115' title="bbox 1752 5356 2345 5401; baseline 0 -3"><span class='ocrx_word' id='word_1_937' title='bbox 1752 5356 1845 5399; x_wconf 77' lang='grc' dir='ltr'><strong>ἐι</strong></span> <span class='ocrx_word' id='word_1_938' title='bbox 1867 5362 1953 5398; x_wconf 90' lang='lat' dir='ltr'><strong>om</strong></span> <span class='ocrx_word' id='word_1_939' title='bbox 1987 5356 2051 5401; x_wconf 83' lang='lat' dir='ltr'><strong>A.</strong></span> <span class='ocrx_word' id='word_1_940' title='bbox 2146 5356 2190 5386; x_wconf 73' lang='grc' dir='ltr'><strong>ι’</strong></span> <span class='ocrx_word' id='word_1_941' title='bbox 2217 5356 2261 5400; x_wconf 79' lang='grc' dir='ltr'>Λ</span> <span class='ocrx_word' id='word_1_942' title='bbox 2296 5363 2345 5399; x_wconf 77' lang='lat' dir='ltr'><strong>ec</strong></span> 
     </span>
     <span class='ocr_line' id='line_1_116' title="bbox 1663 5414 2345 5470; baseline 0 -3"><span class='ocrx_word' id='word_1_943' title='bbox 1663 5414 1708 5448; x_wconf 80' lang='lat'>“</span> <span class='ocrx_word' id='word_1_944' title='bbox 1734 5414 1778 5467; x_wconf 83' lang='lat' dir='ltr'><strong>A</strong></span> <span class='ocrx_word' id='word_1_945' title='bbox 1801 5424 1853 5467; x_wconf 89' lang='lat' dir='ltr'><strong>et</strong></span> <span class='ocrx_word' id='word_1_946' title='bbox 1877 5415 2014 5467; x_wconf 83' lang='lat' dir='ltr'><strong>facta</strong></span> <span class='ocrx_word' id='word_1_947' title='bbox 2036 5426 2082 5469; x_wconf 82' lang='lat' dir='ltr'><strong>et</strong></span> <span class='ocrx_word' id='word_1_948' title='bbox 2106 5427 2345 5470; x_wconf 84' lang='lat' dir='ltr'><strong>aeterna.</strong></span> 
     </span>
     <span class='ocr_line' id='line_1_117' title="bbox 1663 5484 2345 5537; baseline 0.003 -2"><span class='ocrx_word' id='word_1_949' title='bbox 1663 5499 1752 5536; x_wconf 84' lang='grc' dir='ltr'><strong>ιιιι.</strong></span> <span class='ocrx_word' id='word_1_950' title='bbox 1782 5484 1844 5537; x_wconf 78' lang='grc' dir='ltr'><strong>Α.</strong></span> <span class='ocrx_word' id='word_1_951' title='bbox 1924 5484 1971 5515; x_wconf 85' lang='grc'><strong>²³</strong></span> <span class='ocrx_word' id='word_1_952' title='bbox 2002 5484 2044 5537; x_wconf 81' lang='grc' dir='ltr'>Α</span> <span class='ocrx_word' id='word_1_953' title='bbox 2084 5500 2261 5537; x_wconf 89' lang='lat' dir='ltr'><strong>sermo</strong></span> <span class='ocrx_word' id='word_1_954' title='bbox 2287 5502 2345 5537; x_wconf 82' lang='lat' dir='ltr'><strong>es</strong></span> 
     </span>
    </p>
   </div>
   <div class='ocr_carea' id='block_1_115' title="bbox 1902 5495 2383 5625">
    <p class='ocr_par' dir='ltr' id='par_1_115' title="bbox 1902 5495 2383 5625">
     <span class='ocr_line' id='line_1_118' title="bbox 1925 5495 2383 5539; baseline 0 -2"><span class='ocrx_word' id='word_1_955' title='bbox 1925 5495 1971 5515; x_wconf 85' lang='lat'><strong>&quot;</strong></span> <span class='ocrx_word' id='word_1_956' title='bbox 2002 5495 2044 5537; x_wconf 83' lang='lat' dir='ltr'><strong>A</strong></span> <span class='ocrx_word' id='word_1_957' title='bbox 2084 5500 2261 5539; x_wconf 89' lang='lat' dir='ltr'><strong>sermo</strong></span> <span class='ocrx_word' id='word_1_958' title='bbox 2287 5495 2383 5538; x_wconf 83' lang='lat' dir='ltr'><strong>est.</strong></span> 
     </span>
     <span class='ocr_line' id='line_1_119' title="bbox 1902 5553 2366 5625; baseline 0.002 -18"><span class='ocrx_word' id='word_1_959' title='bbox 1902 5553 1949 5585; x_wconf 81' lang='lat'>”</span> <span class='ocrx_word' id='word_1_960' title='bbox 1977 5571 2136 5625; x_wconf 83' lang='lat' dir='ltr'><strong>usque</strong></span> <span class='ocrx_word' id='word_1_961' title='bbox 2173 5570 2279 5608; x_wconf 90' lang='lat' dir='ltr'><strong>om.</strong></span> <span class='ocrx_word' id='word_1_962' title='bbox 2302 5557 2366 5609; x_wconf 82' lang='lat' dir='ltr'><strong>A.</strong></span> 
     </span>
    </p>
   </div>
   <div class='ocr_carea' id='block_1_116' title="bbox 2102 5276 3517 5345">
    <p class='ocr_par' dir='ltr' id='par_1_116' title="bbox 2102 5276 3517 5345">
     <span class='ocr_line' id='line_1_120' title="bbox 2102 5276 3517 5345; baseline 0.002 -13"><span class='ocrx_word' id='word_1_963' title='bbox 2102 5277 2186 5332; x_wconf 81' lang='grc' dir='ltr'><strong>Ὀ</strong></span> <span class='ocrx_word' id='word_1_964' title='bbox 2229 5276 2296 5329; x_wconf 82' lang='grc' dir='ltr'><strong>Ει</strong></span> <span class='ocrx_word' id='word_1_965' title='bbox 2328 5278 2617 5345; x_wconf 88' lang='lat' dir='ltr'><strong>apostolus.</strong></span> <span class='ocrx_word' id='word_1_966' title='bbox 2720 5279 2741 5310; x_wconf 80' lang='lat'><strong><em>‘</em></strong></span> <span class='ocrx_word' id='word_1_967' title='bbox 2789 5280 2891 5333; x_wconf 87' lang='lat' dir='ltr'><strong>Pro</strong></span> <span class='ocrx_word' id='word_1_968' title='bbox 2935 5280 3128 5333; x_wconf 83' lang='lat' dir='ltr'><strong>habens</strong></span> <span class='ocrx_word' id='word_1_969' title='bbox 3185 5282 3227 5333; x_wconf 84' lang='lat' dir='ltr'><strong>A</strong></span> <span class='ocrx_word' id='word_1_970' title='bbox 3266 5283 3517 5337; x_wconf 78' lang='lat' dir='ltr'><strong>homines.</strong></span> 
     </span>
    </p>
   </div>
   <div class='ocr_carea' id='block_1_117' title="bbox 2146 5347 3516 5415">
    <p class='ocr_par' dir='ltr' id='par_1_117' title="bbox 2146 5347 3516 5415">
     <span class='ocr_line' id='line_1_121' title="bbox 2146 5347 3516 5415; baseline 0.004 -15"><span class='ocrx_word' id='word_1_971' title='bbox 2146 5347 2190 5386; x_wconf 72' lang='grc'><strong><em>³⁸</em></strong></span> <span class='ocrx_word' id='word_1_972' title='bbox 2217 5347 2261 5400; x_wconf 79' lang='grc' dir='ltr'>Α</span> <span class='ocrx_word' id='word_1_973' title='bbox 2296 5363 2355 5399; x_wconf 84' lang='lat' dir='ltr'><strong>eo</strong></span> <span class='ocrx_word' id='word_1_974' title='bbox 2391 5352 2552 5415; x_wconf 87' lang='lat' dir='ltr'><strong>quod.</strong></span> <span class='ocrx_word' id='word_1_975' title='bbox 2631 5358 2671 5387; x_wconf 76' lang='grc' dir='ltr'><strong>ιι</strong></span> <span class='ocrx_word' id='word_1_976' title='bbox 2702 5349 2765 5401; x_wconf 87' lang='lat' dir='ltr'><strong>de</strong></span> <span class='ocrx_word' id='word_1_977' title='bbox 2787 5366 2844 5402; x_wconf 86' lang='lat' dir='ltr'><strong>eo</strong></span> <span class='ocrx_word' id='word_1_978' title='bbox 2874 5364 2984 5402; x_wconf 91' lang='lat' dir='ltr'><strong>om.</strong></span> <span class='ocrx_word' id='word_1_979' title='bbox 3011 5351 3054 5401; x_wconf 87' lang='lat' dir='ltr'><strong>A</strong></span> <span class='ocrx_word' id='word_1_980' title='bbox 3150 5350 3192 5380; x_wconf 73' lang='grc'><strong>¹³</strong></span> <span class='ocrx_word' id='word_1_981' title='bbox 3217 5361 3263 5402; x_wconf 77' lang='lat' dir='ltr'><strong>et</strong></span> <span class='ocrx_word' id='word_1_982' title='bbox 3312 5368 3419 5406; x_wconf 90' lang='lat' dir='ltr'><strong>om.</strong></span> <span class='ocrx_word' id='word_1_983' title='bbox 3452 5353 3516 5405; x_wconf 79' lang='grc' dir='ltr'><strong>Α.</strong></span> 
     </span>
    </p>
   </div>
   <div class='ocr_carea' id='block_1_118' title="bbox 2425 5418 3518 5484">
    <p class='ocr_par' dir='ltr' id='par_1_118' title="bbox 2425 5418 3518 5484">
     <span class='ocr_line' id='line_1_122' title="bbox 2425 5418 3518 5484; baseline 0.003 -15"><span class='ocrx_word' id='word_1_984' title='bbox 2425 5419 2465 5455; x_wconf 82' lang='grc'><strong>¹⁷</strong></span> <span class='ocrx_word' id='word_1_985' title='bbox 2493 5418 2531 5469; x_wconf 71' lang='lat' dir='ltr'><strong>tl</strong></span> <span class='ocrx_word' id='word_1_986' title='bbox 2560 5434 2852 5484; x_wconf 79' lang='lat' dir='ltr'><strong>possumus.</strong></span> <span class='ocrx_word' id='word_1_987' title='bbox 2933 5418 3033 5470; x_wconf 80' lang='grc' dir='ltr'><strong>¹⁸Α</strong></span> <span class='ocrx_word' id='word_1_988' title='bbox 3058 5418 3174 5470; x_wconf 84' lang='lat' dir='ltr'><strong>sibi.</strong></span> <span class='ocrx_word' id='word_1_989' title='bbox 3255 5418 3298 5449; x_wconf 73' lang='grc'><strong>¹⁹</strong></span> <span class='ocrx_word' id='word_1_990' title='bbox 3319 5426 3357 5473; x_wconf 78' lang='grc' dir='ltr'>Α</span> <span class='ocrx_word' id='word_1_991' title='bbox 3395 5424 3518 5478; x_wconf 80' lang='lat' dir='ltr'><strong>scri-</strong></span> 
     </span>
    </p>
   </div>
   <div class='ocr_carea' id='block_1_119' title="bbox 2461 5485 3516 5549">
    <p class='ocr_par' dir='ltr' id='par_1_119' title="bbox 2461 5485 3516 5549">
     <span class='ocr_line' id='line_1_123' title="bbox 2461 5485 3516 5549; baseline 0.026 -27"><span class='ocrx_word' id='word_1_992' title='bbox 2461 5488 2505 5517; x_wconf 75' lang='lat' dir='ltr'><strong>n</strong></span> <span class='ocrx_word' id='word_1_993' title='bbox 2533 5503 2596 5539; x_wconf 65' lang='grc' dir='ltr'><strong>εει</strong></span> <span class='ocrx_word' id='word_1_994' title='bbox 2617 5502 2722 5540; x_wconf 72' lang='lat' dir='ltr'><strong>om,</strong></span> <span class='ocrx_word' id='word_1_995' title='bbox 2748 5488 2809 5540; x_wconf 81' lang='grc' dir='ltr'><strong>Α,</strong></span> <span class='ocrx_word' id='word_1_996' title='bbox 2887 5487 2934 5518; x_wconf 70' lang='grc'><strong>’⁵</strong></span> <span class='ocrx_word' id='word_1_997' title='bbox 2960 5487 3054 5538; x_wconf 87' lang='lat' dir='ltr'><strong>Dei</strong></span> <span class='ocrx_word' id='word_1_998' title='bbox 3088 5485 3291 5540; x_wconf 81' lang='lat' dir='ltr'><strong>verbum</strong></span> <span class='ocrx_word' id='word_1_999' title='bbox 3318 5505 3427 5549; x_wconf 75' lang='lat' dir='ltr'><strong>utn.</strong></span> <span class='ocrx_word' id='word_1_1000' title='bbox 3456 5491 3516 5549; x_wconf 88' lang='lat' dir='ltr'><strong>C.</strong></span> 
     </span>
    </p>
   </div>
   <div class='ocr_carea' id='block_1_120' title="bbox 2452 5556 2743 5608">
    <p class='ocr_par' dir='ltr' id='par_1_120' title="bbox 2452 5556 2743 5608">
     <span class='ocr_line' id='line_1_124' title="bbox 2452 5556 2743 5608; baseline 0 -1"><span class='ocrx_word' id='word_1_1001' title='bbox 2452 5556 2494 5586; x_wconf 72' lang='grc'><strong>’⁸</strong></span> <span class='ocrx_word' id='word_1_1002' title='bbox 2522 5559 2560 5607; x_wconf 72' lang='grc' dir='ltr'><strong>Α</strong></span> <span class='ocrx_word' id='word_1_1003' title='bbox 2594 5557 2627 5607; x_wconf 84' lang='lat' dir='ltr'><strong>d</strong></span> <span class='ocrx_word' id='word_1_1004' title='bbox 2640 5557 2743 5608; x_wconf 62' lang='lat' dir='ltr'><strong>ait.</strong></span> 
     </span>
    </p>
   </div>
   <div class='ocr_carea' id='block_1_121' title="bbox 2973 5646 3049 5705">
    <p class='ocr_par' dir='ltr' id='par_1_121' title="bbox 2973 5646 3049 5705">
     <span class='ocr_line' id='line_1_125' title="bbox 2973 5646 3049 5705; baseline 0.013 -1"><span class='ocrx_word' id='word_1_1005' title='bbox 2973 5646 3049 5705; x_wconf 74' lang='lat'><strong>21</strong></span> 
     </span>
    </p>
   </div>
   <div class='ocr_carea' id='block_1_122' title="bbox 3066 5748 3089 5777">
    <p class='ocr_par' dir='ltr' id='par_1_122' title="bbox 3066 5748 3089 5777">
     <span class='ocr_line' id='line_1_126' title="bbox 3066 5748 3089 5777; baseline 0 0"><span class='ocrx_word' id='word_1_1006' title='bbox 3066 5748 3089 5777; x_wconf 61' lang='grc' dir='ltr'><strong>κ</strong></span> 
     </span>
    </p>
   </div>
  </div>
