3912 6154
400 374 505 426 643

1741 356 2019 413 JUANle
2062 352 2255 408 SLIO'l'I

3532 346 3661 402 (Sin

397 491 462 542 de
496 486 731 557 perferto
767 496 821 540 et
867 499 970 538 uno
1002 502 1014 536 :
1045 482 1337 550 Perfectum
1369 482 1575 552 quilem
1620 491 1718 541 est,
1754 479 1948 547 inquit,
1985 484 2026 537 Α
2056 480 2334 542 superant,
2375 485 2601 540 quorum
2643 483 2763 524 esse
2818 477 2900 524 est
2964 468 3110 523 omni
3176 470 3670 542 comprehensibili

402 595 512 631 non
537 577 727 635 solum,
750 583 803 625 ut
832 586 925 640 per
947 586 1004 623 se
1022 571 1188 638 ipsum
1212 566 1495 636 perfectum
1516 562 1795 618 secundum
1823 563 1959 629 seip-

398 688 512 725 sum
541 687 573 724 a
608 669 776 737 seipso
822 661 1157 729 uniformiter
1187 666 1534 730 segregatum.
1571 666 1621 710 et
1669 665 1833 707 totum
1867 666 1959 719 per

398 770 566 815 totum
578 769 625 812 et
658 759 672 787 ¹
696 756 1150 826 perfectissimum.
1174 751 1262 805 sed
1279 760 1326 804 et
1354 750 1628 817 plusquam
1651 744 1958 810 perfectum,

397 852 682 908 secundum
719 851 950 922 omnium
994 843 1378 903 excellentiam,
1412 850 1458 893 et
1509 854 1712 891 omnem
1751 835 1960 905 quidem

396 941 779 996 multitudinem
804 937 1088 992 terminans
1103 938 1155 1000 ’ς
1178 932 1321 987 omni
1338 946 1455 985 rero
1470 928 1761 983 summitati
1781 941 1963 991 super-

397 1047 701 1093 esnansum.
735 1039 783 1083 et
813 1027 1010 1082 anulla
1045 1026 1266 1079 locatum
1299 1012 1961 1089 autcompreltensum,sed

394 1137 666 1177 extensum
698 1121 751 1174 in
777 1119 956 1175 omnia
1004 1117 1181 1182 simul,
1220 1126 1270 1170 et
1295 1131 1453 1185 super
1483 1114 1657 1167 ontuia
1689 1125 1792 1163 non
1822 1106 1960 1173 deﬁo

394 1210 645 1265 cientibus
672 1207 961 1278 augmentis
987 1215 1033 1258 et
1061 1204 1279 1273 infinitis
1327 1203 1729 1272 operationibus.
1781 1199 1960 1281 Perfe-

391 1312 529 1353 ctum
574 1299 758 1350 iterum
788 1295 980 1348 dicitur
1022 1304 1070 1347 et
1109 1294 1246 1348 velut
1293 1309 1394 1346 non
1424 1302 1634 1345 auctum
1664 1300 1711 1344 et
1760 1305 1961 1358 semper

390 1387 673 1459 perfectum
706 1396 752 1438 et
780 1395 833 1436 ut
862 1384 1261 1446 indiminutum,
1293 1392 1345 1435 ut
1369 1381 1544 1435 omnia
1573 1380 1626 1433 in
1647 1395 1702 1433 se
1740 1379 1852 1449 ipso
1875 1394 1961 1432 su-

389 1493 579 1547 perans
601 1486 648 1529 et
672 1490 1046 1545 superumnans
1094 1472 1373 1525 seeimdum
1406 1486 1562 1523 unam
1602 1480 1645 1522 et
1671 1468 1956 1522 incessabi-

390 1564 489 1617 lem
512 1580 602 1633 per
621 1578 675 1617 se
702 1562 1060 1635 superplenpm
1085 1572 1131 1615 et
1161 1577 1262 1614 non
1291 1560 1601 1614 minoratam
1642 1558 1956 1628 largitatem.

391 1656 571 1710 Manet
604 1670 734 1724 ergo
769 1655 821 1706 in
870 1667 927 1707 se
968 1652 1082 1721 ipso
1123 1649 1495 1705 nniversaliter
1522 1657 1579 1703 et
1624 1648 1956 1717 simpliciter,

388 1746 640 1815 cpioniam
670 1744 723 1798 in
754 1744 873 1813 ipso
899 1757 1061 1796 unum
1092 1750 1217 1795 sunt
1248 1741 1449 1795 omnia.
1472 1739 1702 1808 Attingit
1736 1746 1915 1793 autem
1940 1738 1960 1769 ³

2055 564 2291 619 essentia
2314 563 2359 593 "
2381 576 2583 624 carere,
2609 559 2739 615 nihil
2758 559 2900 615 aliud
2916 560 3227 626 subsistere,
3243 570 3459 632 praeter
3490 562 3670 618 unius

2056 654 2222 708 solius
2241 653 2480 708 omnium
2515 664 2711 705 causae
2731 650 3216 720 participationem.
3239 649 3412 708 Omne
3442 660 3663 721 autem,

2057 745 2201 815 quod
2223 743 2597 813 participantur,
2636 749 2691 795 et
2721 741 2766 781 ιδ
2792 740 3256 812 participationem
3286 742 3369 797 sui
3402 752 3463 799 et
3484 745 3678 813 parti—

2062 835 2298 905 ripantia
2327 848 2388 888 se
2418 832 2715 902 praecedit.
2767 831 2910 886 Deus
2960 831 3124 902 igitur
3142 832 3416 903 praecedit
3440 834 3661 898 anulis,

2058 939 2411 996 quaecunque
2450 940 2510 979 se
2532 922 2875 993 participant,
2903 932 2957 979 et
2984 938 3213 993 quorum
3240 925 3479 980 essentia
3528 939 3666 996 par—

2060 1016 2299 1087 ticipatio
2327 1013 2443 1083 ejus
2470 1024 2573 1069 est.
2601 1012 2738 1071 Hinc
2770 1027 2993 1081 magnus
3010 1012 3294 1085 Dionysius
3314 1014 3665 1087 Areopagita

2060 1106 2113 1160 in
2142 1105 2280 1160 libro
2305 1102 2620 1183 de_caelesti
2663 1101 2953 1165 lerarcbia.
3016 1101 3119 1158 hoc
3160 1111 3263 1168 est,
3305 1102 3660 1175 episcopatu,

2059 1205 2253 1266 quarto
2280 1195 2513 1265 capitulo
2553 1211 2566 1247 :
2600 1190 2863 1257 Primum,
2889 1193 3086 1262 inquit,
3112 1194 3344 1248 omnium
3372 1193 3512 1250 illud
3572 1197 3662 1249 di-

2060 1305 2176 1343 cere
2201 1303 2374 1344 rerum
2394 1296 2491 1350 est,
2527 1295 2581 1339 ut
2609 1285 2836 1338 bonitate
2862 1283 3141 1339 universali
3196 1287 3664 1356 superessentialis

2059 1380 2303 1434 divinitas
2322 1394 2521 1441 eorum,
2535 1393 2668 1446 quae
2688 1383 2826 1438 sunt,
2849 1374 3096 1430 essentias
3116 1376 3431 1430 substituens
3450 1377 3530 1430 ad
3548 1393 3664 1432 esse

2065 1469 2319 1524 adduxit.
2341 1467 2434 1522 Est
2459 1469 2596 1525 enim
2624 1468 2720 1521 hoc
2748 1466 2978 1520 omnium
3005 1481 3196 1520 causae
3217 1458 3435 1535 etsuper
3466 1470 3664 1522 omnia

2061 1558 2309 1614 bonitatis
2336 1557 2627 1627 proprium,
2665 1556 2733 1610 ad
2776 1555 3185 1611 communionem
3217 1570 3367 1611 suam
3397 1572 3483 1625 ea,
3518 1574 3664 1629 quae

2060 1656 2206 1713 sunt,
2235 1662 2439 1710 uocare,
2468 1653 2524 1700 ut
2551 1644 2827 1715 unicuique
2860 1659 3060 1709 eorum,
3082 1660 3216 1714 quae
3258 1655 3402 1709 sunt,
3435 1661 3504 1699 ea:
3535 1663 3665 1716 pro-

2060 1738 2176 1809 pria
2211 1736 2463 1806 deﬁnitur
2485 1735 2752 1806 analogia.
2780 1734 2973 1789 Omnia
2990 1736 3152 1806 igitur
3174 1735 3488 1806 participant
3534 1754 3662 1806 pro-

382 1852 417 1888 a
449 1834 553 1888 line
582 1847 751 1903 usque
778 1832 844 1886 ad
872 1832 1120 1897 ilnem,et
1143 1830 1399 1887 velociter
1425 1829 1594 1885 currit
1622 1844 1719 1899 per
1744 1828 1948 1890 omnia,
1990 1824 2033 1883 Β
2061 1829 2339 1883 videntium
2367 1843 2432 1883 ex
2456 1825 2871 1897 superessentiali
2905 1836 2952 1880 et
2986 1827 3348 1881 causalissima
3371 1829 3663 1885 divinitate

385 1923 491 1977 hoc
523 1931 626 1988 est,
655 1922 774 1977 sine
804 1936 952 1975 mora
996 1920 1123 1975 facit
1147 1920 1169 1951 ⁸
1189 1920 1389 1984 omnia,
1421 1927 1474 1975 et
1496 1919 1555 1973 llt
1577 1920 1598 1951 ⁸
1627 1921 1679 1973 in
1712 1920 1961 1974 omnibus

386 2013 564 2066 omnia
584 2051 601 2077 ,
629 2020 684 2066 et
710 2012 836 2066 dum
888 2011 939 2065 in
969 2010 1144 2080 seipse
1170 2024 1334 2063 unum
1366 2009 1662 2079 perfectum
1706 2018 1761 2063 et
1806 2009 1953 2079 plus-

385 2116 549 2172 quam
575 2100 872 2172 perl‘ectnm
899 2109 953 2153 et
980 2101 1048 2153 ab
1065 2100 1317 2153 omnibus
1337 2108 1673 2169 segregatum
1695 2099 1957 2163 subsisﬁt,

386 2194 635 2249 extendit
656 2208 714 2249 se
740 2194 791 2246 in
818 2191 1017 2256 omnia,
1035 2200 1091 2245 et
1111 2191 1223 2260 ipsa
1246 2190 1490 2245 extensio
1513 2198 1597 2245 est
1621 2192 1821 2246 omnia.
1847 2191 1961 2247 Hoc

398 2286 561 2339 etiam
578 2284 793 2339 nomine
819 2283 984 2354 ipsius
997 2282 1246 2338 caelestis
1265 2283 1553 2347 essentiae,
1566 2282 1708 2352 quod
1720 2290 1801 2337 est
1821 2280 1960 2338 Che-

392 2376 597 2442 rubim,
623 2375 913 2447 signiﬁcari
941 2376 1173 2429 videtur.
1202 2375 1478 2445 Siquidem
1495 2376 1785 2431 Cherubim
1821 2376 1959 2445 fusio

395 2467 683 2537 sapientiae
696 2467 1050 2536 interpretatu
1058 2476 1165 2531 r,ut
1187 2481 1243 2519 sa
1251 2467 1456 2536 pientes
1471 2465 1835 2523 Hebraeorum
1850 2474 1960 2519 tra-

388 2558 656 2613 diderunt.
690 2556 809 2627 Ubi
822 2557 1170 2612 subtilissime
1199 2556 1619 2627 intelligendum,
1650 2555 1790 2626 quod
1822 2556 1957 2611 I'usio

386 2648 712 2717 sapientiae,
741 2621 828 2702 vel
847 2647 1115 2711 extensio,
1144 2647 1226 2701 vel
1250 2663 1439 2701 cursus
1457 2686 1474 2713 ,
1504 2648 1586 2701 vel
1608 2662 1823 2718 quoquo
1854 2646 1958 2702 alio

383 2739 544 2794 modo
573 2737 783 2793 inﬁnita
813 2737 961 2791 verbi
992 2736 1362 2807 niultiplicatio
1401 2737 1633 2801 dicatur,
1668 2752 1773 2792 non
1802 2736 1957 2807 quasi

383 2830 438 2882 iu
469 2842 556 2890 ea,
585 2842 733 2897 quae.
751 2826 901 2897 prius
928 2834 1104 2890 erant,
1137 2840 1298 2895 quam
1327 2824 1640 2881 funderetur
1660 2826 1743 2882 vel
1769 2835 1957 2882 exten-

388 2919 607 2973 deretnr
628 2916 718 2971 ’νει
747 2925 992 2971 curreret
1018 2916 1240 2971 verbum
1267 2915 1444 2970 Patris
1472 2925 1527 2971 et
1548 2916 1834 2987 sapientia,
1860 2915 1957 2972 sed

382 3011 550 3080 ipsius
582 3008 740 3075 lusio,
773 3008 855 3064 vel
880 3010 1160 3073 extensio,
1186 3009 1269 3064 vel
1303 3024 1495 3065 cursus
1520 3010 1795 3080 praecedit
1834 3025 1953 3065 om-

380 3102 491 3168 nia,
512 3109 568 3157 et
592 3116 750 3156 causa
774 3100 1093 3156 existentiae
1121 3101 1361 3155 omnium
1386 3110 1493 3167 est,
1512 3111 1573 3156 et
1594 3103 1795 3158 omnia.
1822 3102 1954 3170 Quis

2062 1927 2383 1971 manantem.
2403 1914 2675 1971 Nonenim
2697 1915 2936 1984 fortassis
2954 1927 3144 1981 essent,
3170 1918 3267 1971 nisi
3287 1933 3491 1982 eorum,
3517 1935 3663 1989 quae

2060 2015 2200 2070 sunt,
2246 2006 2496 2062 essentia:
2542 2014 2591 2060 et
2627 2004 2868 2074 principii
2927 2008 3295 2076 assumptione.
3349 2007 3659 2064 Existentia

2060 2095 2220 2165 igitur
2255 2096 2432 2150 omnia
2456 2111 2565 2150 esse
2593 2095 2927 2164 participant.
2965 2094 3094 2150 Esse
3116 2098 3253 2151 enim
3281 2099 3524 2169 omnium
3554 2112 3654 2163 est,

2060 2203 2330 2258 superesse
2346 2187 2596 2241 divinitas
2626 2185 2690 2239 ε’.
2752 2184 2989 2241 Viventia
3038 2196 3213 2241 autem
3240 2188 3459 2241 eandem
3490 2205 3660 2259 super

2061 2292 2265 2330 omnem
2291 2277 2449 2330 vitam
2472 2275 2726 2345 viviﬁcaris
2751 2277 3012 2342 virtutem,
3040 2276 3371 2331 rationabilia
3399 2277 3448 2308 “
3481 2290 3536 2332 et
3566 2285 3655 2332 in—

2063 2366 2381 2422 tellectualia
2409 2368 2625 2422 eandem
2654 2383 2809 2437 super
2835 2383 3037 2422 omnem
3066 2377 3114 2422 et
3144 2368 3395 2422 rationein
3419 2377 3467 2421 et
3493 2366 3659 2423 intel-

2060 2456 2248 2509 lectum
2265 2472 2359 2526 per
2388 2473 2444 2511 se
2462 2457 2743 2527 perfectam
2771 2466 2821 2512 et
2839 2471 2960 2512 ante
2985 2456 3269 2528 perfectam
3296 2459 3655 2527 sapientiam.

2060 2545 2273 2601 Audisti
2298 2547 2499 2603 summi
2532 2546 2766 2617 theologi
2806 2548 3160 2618 Areopagitae
3184 2548 3450 2619 Dionysii,
3492 2564 3661 2619 prac-

2059 2637 2342 2693 clarissimi
2356 2637 2695 2692 Athenarum
2715 2638 2973 2709 episcopi,
2989 2639 3054 2694 de
3068 2640 3485 2709 participatione
3511 2643 3659 2697 divi-

2060 2744 2165 2786 nae
2188 2730 2459 2785 essentiae
2469 2730 2815 2796 sententiam,
2832 2732 3288 2802 quaapertissime
3304 2731 3656 2800 manifestat,

2060 2821 2243 2876 omnia
2253 2835 2396 2891 quae
2406 2830 2597 2878 suntet
2607 2836 2746 2891 quae
2759 2838 2863 2877 non
2880 2838 2976 2878 sun
2985 2832 3022 2889 t,
3034 2823 3167 2879 nihil
3178 2823 3322 2878 aliud
3334 2824 3662 2896 intelligen-

2056 2916 2376 2986 da,praeter
2403 2916 2615 2973 divinae
2642 2917 2907 2973 essentiae
2927 2917 3393 2988 participationem
3422 2934 3439 2983 ;
3466 2919 3654 2989 ipsam

2055 3024 2185 3066 vero
2218 3009 2687 3081 participationem
2704 3011 2991 3068 nibilaliud
3004 3026 3144 3076 esse,
3159 3022 3369 3083 praeter
3395 3013 3656 3082 ejlistleat

2057 3100 2322 3155 essentiae
2335 3100 2752 3171 assumptiouem
2768 3101 2836 3155 ι’.
2854 3101 2968 3157 Non
2988 3103 3152 3169 enim,
3179 3103 3374 3174 inquit,
3389 3103 3657 3162 fortassis

378 3192 522 3246 enim
550 3192 831 3247 veritatem
859 3188 1459 3245 consulenscrediderit
1485 3190 1566 3244 vel
1613 3192 1948 3261 cogitaverit,
1979 3170 2025 3233 Ο
2053 3198 2254 3255 essent,
2274 3190 2377 3246 nisi
2389 3206 2602 3256 eorum,
2614 3205 2753 3261 quae
2775 3202 2919 3257 sunt,
2936 3170 3657 3265 essentiaeelprincipiias—

380 3285 547 3338 Deum
584 3297 936 3352 praeparasse
966 3282 1068 3338 sibi
1098 3281 1267 3347 locos,
1294 3296 1390 3350 per
1432 3297 1570 3354 quos
1599 3296 1719 3337 sese
1750 3282 1947 3339 dill‘un-

372 3375 551 3436 deret,
577 3372 667 3441 qui
697 3369 842 3425 nullo
862 3370 983 3425 loco
1016 3372 1345 3437 continetur,
1376 3370 1503 3426 dum
1529 3372 1679 3427 locus
1702 3373 1945 3428 omnium

378 3462 677 3520 communis
702 3461 806 3515 sit?
830 3459 907 3514 Ac
927 3474 1027 3529 per
1057 3462 1160 3515 hoc
1190 3460 1341 3516 locus
1371 3461 1609 3517 locorum
1643 3461 1787 3517 nullo
1830 3462 1949 3519 loco

370 3554 609 3623 capitur.
634 3551 739 3605 Aut
769 3551 871 3606 sibi
902 3566 1254 3622 praeparasse
1274 3553 1442 3624 spatia
1471 3552 1661 3608 localia
1686 3568 1779 3609 seu
1812 3562 1947 3610 tem-

367 3644 603 3714 poralia,
629 3657 727 3713 per
746 3657 885 3710 quae
904 3656 1026 3698 sese
1047 3643 1381 3709 extenderet,
1403 3659 1634 3701 cursuve
1658 3660 1755 3701 suo
1770 3660 1949 3701 curre-

378 3744 478 3799 rel,
508 3736 598 3804 qui
627 3733 651 3766 '
671 3733 817 3788 omni
865 3733 1039 3803 spatio
1066 3741 1235 3798 caret,
1265 3743 1320 3788 et
1349 3734 1531 3789 omnia
1557 3744 1795 3805 tempora
1846 3750 1944 3789 sua

379 3824 698 3879 aeternitate
746 3823 989 3893 superat?
1025 3822 1133 3877 Aut
1173 3823 1296 3892 quis
1324 3823 1539 3889 dixerit,
1580 3824 1721 3894 quod
1754 3825 1945 3880 incre-

380 3912 598 3969 dibilius
618 3913 767 3978 ".est,
800 3912 925 3983 ipsi,
953 3912 1063 3966 Deo
1089 3911 1227 3977 dico,
1264 3912 1332 3967 ab
1362 3911 1467 3968 alio
1486 3912 1651 3968 veluti
1682 3914 1949 3985 principio

377 4001 890 4075 praeparata-fuisse
913 4001 1151 4057 locorum
1188 4009 1594 4073 temporumque
1622 4003 1816 4073 spatia,
1848 4020 1944 4058 seu

373 4098 827 4169 qualiumeunque
850 4093 1209 4165 quantitatum
1237 4092 1534 4158 intervalla,
1558 4110 1698 4165 quae
1718 4110 1813 4150 sua
1838 4096 1943 4150 dii-

374 4190 582 4243 tusione
633 4184 899 4256 impleret,
949 4184 1029 4237 vel
1057 4197 1156 4239 suo
1182 4197 1341 4238 cursu
1366 4193 1671 4255 perageret,
1725 4184 1810 4239 vel
1846 4201 1944 4240 sua

354 4261 694 4316 extensione
722 4262 1024 4318 solidaret?
1054 4260 1165 4317 Nec
1195 4266 1339 4319 enim
1372 4268 1436 4319 de
1456 4278 1650 4323 natura
1683 4268 1944 4329 ineli’ablli

373 4365 428 4406 et
455 4353 477 4384 ⁵
502 4354 951 4421 superessentiali
982 4370 1088 4410 non
1115 4357 1290 4412 solum
1325 4358 1532 4424 dicere,
1566 4375 1750 4416 vei-mn
1779 4367 1946 4419 etiam

2052 3279 2378 3351 sumptione.
2395 3279 2491 3335 Est
2503 3279 2665 3351 igitur
2676 3280 2938 3351 particips
2946 3280 3019 3336 tio
3031 3282 3244 3339 divinae
3267 3286 3547 3341 essentiae
3562 3303 3655 3343 as-

2051 3371 2621 3442 sumptio.Assumptio
2634 3387 2764 3427 vero
2772 3372 2906 3443 ejns'
2915 3371 3237 3444 ‘sapientiae
3248 3373 3465 3431 divinae
3478 3374 3654 3443 fusio,

2049 3472 2284 3532 quaeest
2301 3464 2539 3519 omnium
2558 3465 2855 3521 substantia
2873 3475 2928 3522 et
2940 3468 3197 3533 essentia,
3209 3477 3659 3543 etquaecuuque

2053 3552 2107 3605 in
2149 3552 2231 3606 eis
2259 3552 2574 3608 naturaliter
2611 3552 2999 3625 intelliguntur.
3041 3555 3179 3611 Audi
3195 3558 3358 3613 etiam
3389 3557 3654 3626 dusdem

2051 3641 2477 3710 deprocessionc
2498 3642 2592 3699 Dei
2626 3658 2723 3713 per
2743 3644 2948 3709 omnia,
2965 3655 3021 3700 et
3044 3648 3328 3703 mansione
3349 3648 3406 3703 in
3430 3652 3654 3722 seipse,

2052 3729 2105 3783 iu
2148 3730 2398 3800 epistola,
2429 3747 2590 3802 quam
2636 3733 2910 3803 rescripsit
2957 3733 3079 3791 Tito
3106 3738 3344 3807 pontiﬁci
3394 3741 3653 3798 interro-

2048 3822 2214 3891 ganti.
2251 3839 2392 3894 quae
2409 3825 2699 3895 sapientiae
2717 3826 2926 3892 «toruus,
2960 3828 3081 3897 quis
3102 3840 3295 3895 crater,
3318 3839 3371 3887 et
3406 3834 3505 3903 qui
3536 3836 3654 3891 cibi

2047 3911 2166 3981 ejus
2190 3922 2245 3967 et
2271 3923 2428 3983 potus
2456 3913 2788 3986 :‘Duplicem,
2812 3916 3009 3987 inquit,
3032 3936 3203 3975 escam
3223 3921 3403 3977 divina
3423 3928 3655 3994 sapien-

2048 4002 2123 4055 tia
2140 4003 2378 4072 proponit
2402 4017 2422 4056 :
2450 4019 2609 4057 unam
2636 4004 2839 4073 quidem
2866 4005 3089 4062 solidam
3116 4017 3165 4063 et
3186 4012 3651 4081 manducnbilem,

2049 4092 2268 4146 alteram
2324 4108 2442 4147 vero
2488 4093 2758 4149 humidam
2780 4104 2827 4150 et
2872 4097 3166 4165 profusam.
3222 4098 3287 4155 Et
3312 4102 3367 4154 in
3426 4114 3654 4159 cratere

2036 4182 2263 4254 porrigit
2288 4183 2565 4248 providens
2603 4201 2729 4241 suas
2755 4185 3031 4244 bonitates.
3058 4188 3179 4260 Ipse
3204 4193 3247 4230 ι’
3271 4191 3434 4260 igitur
3454 4205 3655 4250 crater

2051 4285 2311 4331 rotundus
2335 4276 2462 4330 dum
2488 4276 2557 4331 sit
2592 4286 2642 4330 et
2669 4280 2955 4347 repandus,
2973 4278 3266 4348 symbolum
3286 4288 3364 4332 est
3375 4293 3651 4343 expansa

2055 4366 2214 4420 simul
2232 4378 2281 4421 et
2317 4367 2374 4420 in
2403 4368 2582 4421 omnia
2613 4367 2989 4423 circumeuntis
3016 4369 3126 4423 sine
3147 4366 3405 4432 principio
3427 4376 3483 4419 et
3509 4369 3651 4437 ειυς-

350 4445 1389 4542 ~cpgitare,|‘slsisqueimaginationibus
1405 4452 1950 4522 lingere,etridieulo-
1984 4486 2026 4542 υ
2056 4458 2180 4512 uitae
2226 4458 2412 4512 horum
2455 4457 2500 4490 ”
2544 4459 2777 4512 omnium
2839 4459 3201 4526 prouidentia.
3270 4455 3648 4513 Veruutameu

374 4536 649 4591 sissimum
665 4549 746 4593 est
769 4548 823 4593 et
840 4542 1361 4608 perniciosissimum
1388 4546 1432 4599 ’.
1466 4543 1583 4601 Non
1604 4549 1749 4602 enim
1773 4549 1820 4582 “
1842 4550 1945 4604 alia

375 4642 524 4683 mors
542 4630 824 4685 rationalis
842 4633 1037 4688 animae
1052 4634 1260 4704 turpior
1281 4636 1541 4707 pejorque
1552 4648 1662 4704 est,
1682 4655 1842 4710 quam
1868 4653 1950 4697 ta-

355 4722 390 4773 ιΙ
415 4735 444 4774 a
458 4732 696 4776 monstra
714 4723 1182 4795 abominandaque
1201 4728 1338 4783 idola
1355 4731 1694 4787 deCreatore
1704 4738 1946 4790 omnium

372 4813 635 4883 cogitare,
668 4829 789 4869 cum
816 4818 1016 4873 veritas
1059 4819 1173 4890 ipsa
1211 4821 1265 4875 in
1289 4821 1658 4879 intellectibus
1686 4827 1773 4894 pie
1803 4840 1951 4895 qun-

364 4905 613 4959 ..rentium
643 4922 706 4960 ac
737 4908 777 4939 “
805 4908 1143 4978 diligentiam
1163 4913 1481 4969 Creatorem
1504 4929 1659 4970 suum
1684 4917 1945 4983 intelligi-

362 4995 470 5051 .bili
508 5012 638 5053 vove
668 5001 963 5069 proclamet
978 5004 1303 5072 generaliter
1325 5006 1392 5060 de
1417 5008 1669 5061 omnibus
1685 5023 1808 5078 quae
1822 5019 1949 5062 sunt

364 5102 431 5144 -.et
463 5108 580 5164 quae
601 5111 705 5150 non
745 5108 893 5164 sunt,
921 5100 1021 5152 hoc
1037 5110 1141 5162 est,
1165 5116 1282 5168 quite
1315 5118 1476 5157 sensu
1494 5114 1586 5157 aut
1604 5104 1648 5137 “
1673 5106 1944 5161 intellectu

373 5186 759 5253 comprehendi
782 5198 1027 5255 possunt,
1049 5197 1242 5259 etquae
1259 5204 1480 5246 sensum
1503 5194 1580 5248 vel
1612 5193 1945 5246 intellectum

2054 4547 2394 4614 quoniamin
2446 4547 2627 4600 omnia
2672 4548 2980 4615 prooeniens
3004 4557 3181 4601 manet
3220 4547 3274 4600 in
3319 4562 3373 4600 se
3402 4548 3562 4615 ipsa,
3595 4562 3648 4603 et

2052 4640 2158 4691 stat
2181 4637 2496 4690 inmutabili
2544 4647 2750 4692 natura
2783 4637 3148 4703 similitudine,
3163 4648 3214 4691 et
3240 4637 3652 4707 perfectissima

2052 4727 2456 4783 inremeabiliter
2470 4744 2523 4782 se
2537 4728 2651 4797 ipsa
2665 4720 2923 4784 collocata
2943 4730 3273 4797 uniformiter
3286 4737 3336 4782 et
3349 4728 3580 4796 ﬁu.sic
3601 4734 3652 4764 ἰ

2053 4829 2228 4875 crater
2256 4826 2384 4872 stat.
2422 4815 2727 4886 Eni/leam
2768 4826 2940 4871 autent
2981 4817 3246 4885 sapientia
3275 4820 3501 4869 domum
3541 4819 3656 4870 sibi

2057 4911 2276 4975 dicitur,
2311 4919 2359 4964 et
2400 4911 2455 4963 in
2488 4910 2603 4977 ipsa
2628 4907 2830 4963 solidas
2876 4924 3021 4963 escas
3050 4916 3099 4963 et
3138 4917 3293 4974 potus
3332 4915 3381 4960 et
3415 4918 3655 4963 cratera

2055 5020 2352 5074 proponens
2369 5017 2389 5058 :
2406 5006 2601 5057 sicesse
2613 5003 2788 5056 divina
2801 5003 3051 5056 diuinitus
3067 5001 3300 5072 symbolo
3313 5000 3659 5068 facientibus

2056 5099 2283 5154 clarum.
2299 5096 2424 5163 quia
2438 5109 2486 5150 et
2505 5095 2834 5162 providentia
2852 5093 3231 5160 perfectissima
3248 5093 3451 5159 estipse
3460 5108 3657 5147 essen-

2054 5193 2108 5244 di
2133 5201 2179 5243 et
2200 5191 2327 5245 bene
2342 5189 2545 5244 essendi
2559 5189 2734 5242 omnia
2749 5186 2997 5252 causalis,
3016 5200 3065 5239 et
3084 5186 3137 5238 iu
3158 5184 3338 5238 omnia
3367 5188 3659 5252 procedit,

1672 5338 1904 5394 VAltlAs
1934 5335 2336 5393 anioNES.

452 5479 467 5507 ‘
490 5490 537 5531 et
571 5495 682 5533 om.
710 5479 776 5533 A.
854 5482 874 5512 ⁸
911 5480 953 5533 Α
992 5480 1371 5536 determinans.
1438 5464 1467 5512 ’³
1491 5481 1533 5535 Α
1567 5497 1711 5552 ergo.
1789 5482 1809 5512 ⁸
1836 5481 1877 5536 C
1911 5481 2053 5547 fecit.
2130 5482 2151 5514 ⁸
2187 5479 2228 5534 C
2258 5480 2401 5551 fecit.
2478 5480 2499 5510 '
2527 5479 2569 5531 A
2604 5478 2746 5547 quia.

452 5564 533 5582 ηε.
628 5552 649 5581 ο
685 5553 712 5582 Δ
747 5551 1245 5582 ...νεμηιηρέιυὸηηηιι
1346 5552 1391 5582 ιο
1423 5554 1555 5582 ...ἕω
1583 5567 1669 5582 ιιι...
1733 5551 1759 5582 Δ
1875 5551 1915 5582 ιι
1958 5553 1984 5582 Δ
2020 5562 2066 5582 ΔΙ
2174 5550 2214 5582 ιι
2252 5553 2280 5582 Δ
2316 5550 2399 5582 ..-Ι
2496 5549 2540 5581 ιι
2568 5550 2596 5582 Δ
2633 5563 2743 5582 ..ιι

1950 5553 1992 5604 Α
2018 5562 2090 5606 et.
2174 5553 2214 5582 "
2244 5553 2287 5604 Δ
2316 5566 2370 5604 ve

1948 5622 2043 5675 “(2
2065 5619 2370 5675 rationalia.

1917 5690 1961 5723 ”
1989 5690 2175 5744 horum
2198 5704 2308 5745 om.
2342 5691 2406 5746 (Ξ.
2485 5694 2525 5725 ’ί
2556 5690 2597 5743 C
2625 5701 2700 5742 ut.

376 5557 554 5615 atque.
628 5552 649 5581 '
680 5553 719 5603 Α
742 5551 1270 5617 periculosissimum.
1346 5552 1391 5583 ι’
1420 5554 1556 5605 enim
1582 5551 1692 5606 oin.
1725 5551 1789 5613 Δ.

377 5615 890 5681 Hannonem—let
906 5635 1013 5675 om.
1044 5621 1107 5676 ϐ.
1188 5622 1232 5653 ⁸³
1261 5620 1351 5676 Sic
1373 5621 1414 5675 C
1436 5636 1452 5688 ;
1477 5621 1519 5674 Α
1551 5621 1844 5676 divinitatis

379 5693 605 5752 yttonem
639 5701 752 5744 om.
787 5691 852 5743 A.
932 5690 976 5721 ⁸⁸
1017 5701 1093 5745 est
1116 5691 1415 5759 sapientia.
1489 5693 1530 5724 "
1561 5694 1606 5747 Α
1642 5690 1837 5751 Ipsius.

2835 5479 2856 5509 ν
2886 5477 2928 5532 Α
2964 5476 3043 5531 vel
3102 5474 3426 5550 credibilius.
3454 5524 3510 5540 ,ρ
3540 5478 3656 5537 ’.Δ

2174 5550 2214 5582 ⁸⁸
2244 5546 2415 5626 ιδ’-νει.
2454 5546 2866 5626 η¹ξΔ⁷ρισεηιὶι
2882 5546 3353 5623 canopi-31,353.55“.
3439 5557 3478 5586 ι.
3512 5577 3657 5626 par.

2452 5620 2499 5653 ”
2522 5624 2689 5694 ipsum
2720 5639 2835 5676 vero
2850 5620 3311 5694 participationem
3339 5654 3402 5664 -
3420 5620 3659 5684 asiam-
