3912 6154
211 406 312 460 6ιῆ

1041 410 1130 465 DE
1171 411 1508 466 DIVISIONE
1545 411 1888 466 NATL'RAE.
1931 441 1998 449 —
2035 409 2233 464 LIBER
2275 409 2301 460 ’1
2321 408 2589 462 ΕΙΠἹΕΞ.

3346 405 3453 458 (iiii

211 534 252 574 ct
283 522 332 574 in
368 521 506 574 omni
547 519 607 588 ﬁt
643 531 690 574 ct
725 523 948 575 contine!
977 521 1152 576 omnia
1177 537 1196 574 :
1238 534 1284 577 et
1312 525 1498 577 iterum
1540 525 1556 555 ¹
1590 525 1696 593 ipse
1730 524 1783 576 in
1813 531 1856 586 Λ
1899 522 1952 574 in
1981 529 2185 574 tantum
2212 520 2370 581 valet,
2404 528 2459 570 ut
2502 518 2645 570 nullo
2689 519 2790 570 alio
2816 519 2971 572 modo
3014 517 3254 573 consulta
3293 521 3456 572 rati»-

203 626 301 665 sese
356 625 447 678 per
492 608 846 662 excellentiam
916 609 1117 663 nullum
1159 613 1214 664 in
1251 611 1395 665 nullo
1455 627 1544 680 per
1583 610 1782 664 nullum

199 713 286 764 est,
347 699 439 752 sed
487 697 749 752 exaltatur
798 701 1032 753 omnibus
1083 701 1265 768 ipsein
1287 717 1340 754 se
1387 702 1496 770 ipso
1547 701 1786 753 similiter

199 803 240 844 et
267 787 595 844 aeternaliter
619 789 842 842 existens
885 798 932 842 et
983 801 1126 842 stans
1171 802 1219 842 et
1270 806 1500 852 manens,
1555 801 1602 843 et
1648 806 1782 842 sem-

199 901 280 949 per
298 883 580 936 secundum
609 883 850 936 eademet
901 883 978 936 sic
1011 900 1066 937 se
1098 884 1312 949 habens,
1363 894 1412 936 et
1439 884 1584 938 nullo
1627 885 1780 937 modo

199 981 332 1024 extra
356 989 410 1024 se
437 973 603 1040 ipsum
644 971 836 1040 factus,
898 989 1060 1043 neque
1094 975 1305 1042 propria
1351 974 1602 1044 gravitate
1623 985 1670 1027 et
1699 975 1782 1027 in-

199 1061 539 1114 eommutabili
567 1063 836 1115 mansione
878 1072 925 1116 et
965 1063 1192 1116 bonitate
1226 1063 1430 1116 relictus
1457 1063 1501 1127 ³,
1535 1064 1624 1116 sed
1651 1073 1697 1116 et
1723 1063 1777 1116 in

204 1170 250 1204 se
271 1155 380 1220 ipso
417 1164 548 1204 totas
566 1165 613 1206 et
639 1153 1041 1220 perfectissimus
1063 1153 1414 1222 providentius
1444 1154 1634 1221 optime
1659 1169 1778 1222 ope-

202 1256 336 1300 rans,
380 1250 428 1291 et
450 1241 752 1308 proveniens
783 1242 834 1292 in
862 1243 1058 1306 omnia,
1084 1253 1128 1293 et
1155 1257 1369 1294 ntanens
1393 1243 1447 1294 in
1487 1259 1541 1294 se
1567 1243 1698 1311 ipso,
1727 1252 1774 1295 et

199 1340 331 1382 stans
358 1346 562 1398 semper
584 1340 774 1383 motus.
814 1331 1227 1394 Animadverte,
1259 1331 1398 1400 quod
1424 1331 1520 1394 ait,
1567 1334 1617 1385 in
1660 1347 1776 1386 om-

199 1422 273 1472 nia
299 1422 558 1490 procedit,
581 1430 634 1473 et
657 1421 709 1473 in
739 1421 883 1473 omni
914 1421 992 1474 lit.
1024 1420 1175 1486 Quod
1196 1421 1359 1475 etiam
1381 1421 1506 1474 alibi
1537 1420 1775 1476 declarat

196 1513 396 1564 dicens:
430 1510 739 1562 Audendum
766 1525 880 1562 vero
907 1520 953 1562 et
977 1509 1074 1562 hoc
1097 1510 1160 1563 de
1184 1511 1396 1564 veritate
1433 1510 1620 1574 dicere,
1649 1514 1771 1578 quia

198 1607 240 1649 et
264 1599 364 1665 ipse
385 1599 616 1648 omnium
644 1597 872 1650 causalis
899 1599 1030 1650 bono
1055 1607 1100 1650 et
1127 1598 1317 1666 optimo
1340 1599 1570 1650 omnium
1596 1615 1772 1651 amore

194 1706 287 1757 per-
315 1689 670 1742 excellentiam
705 1691 994 1742 amatoriae
1039 1689 1281 1742 bonitatis
1320 1700 1468 1742 extra
1503 1707 1558 1743 se
1596 1691 1768 1758 ipsum

192 1781 244 1848 ﬁt
285 1781 334 1833 in
363 1782 563 1843 omnia,
585 1797 718 1851 quae
737 1791 882 1846 sunt,
911 1780 1270 1850 providentiis,
1294 1790 1340 1834 et
1365 1780 1519 1835 ueluti
1543 1782 1596 1833 in
1623 1781 1768 1834 boni-

1889 611 1973 664 nis
1999 611 2194 664 virtute
2221 609 2388 676 possit
2430 607 2584 670 solvi,
2629 617 2686 659 ut
2729 608 2984 659 arbitror.
3043 609 3098 661 Si
3146 608 3285 661 enim
3319 608 3451 679 ipse,

1885 704 1972 772 qui
1997 701 2228 756 causalis
2255 708 2338 755 est
2368 701 2578 755 essendi
2611 701 2655 740 ιδ
2687 711 2738 753 et
2767 700 2897 754 bene
2927 700 3136 754 esscndi
3175 701 3374 766 omnia,
3399 714 3454 756 et

1886 793 1935 845 in
1978 792 2157 846 omnia
2189 791 2449 860 procedit,
2480 799 2534 842 et
2584 789 2634 841 in
2681 789 2824 842 omni
2856 801 3102 843 creatura
3142 789 3194 842 lit
3217 830 3230 852 ,
3255 799 3307 842 et
3331 804 3452 844 cono

1885 883 2015 935 tinet
2036 882 2215 934 omnia
2249 899 2260 932 :
2298 879 2424 948 quid
2459 879 2602 932 aliud
2641 889 2824 941 restat,
2851 880 2953 933 nisi
2988 890 3046 933 ιιι
3070 880 3442 949 Ῐιιιιτυῑετιειιςικ.

1879 970 2196 1039 sapientiam
2227 969 2318 1022 Dei
2351 968 2526 1022 Patris
2550 1009 2563 1032 ,
2594 968 2660 1022 de
2687 984 2787 1036 qua
2818 968 2941 1022 talia
2971 970 3368 1038 praedicantur,
3396 981 3450 1023 ei.

1877 1076 2097 1116 causam
2142 1059 2464 1114 creatricem
2531 1059 2774 1112 omnium
2805 1075 2940 1120 esse,
2977 1071 3029 1112 et
3070 1061 3119 1112 in
3167 1063 3448 1124 omnibus>

1876 1166 2012 1220 quac
2041 1159 2208 1215 creat,
2234 1149 2406 1203 creari
2435 1158 2488 1203 et
2511 1148 2647 1207 ﬁeri.
2673 1158 2725 1204 et
2759 1153 2962 1214 omnia,
2993 1151 3044 1204 in
3077 1152 3272 1220 quibus
3305 1169 3444 1206 crea

1877 1251 1963 1295 tur
1983 1249 2037 1296 et
2066 1240 2124 1292 lit
2144 1280 2157 1302 ,
2185 1239 2501 1293 continere?
2526 1238 2580 1292 ln
2605 1241 2853 1294 omnibus
2882 1242 3045 1304 enim,
3091 1243 3447 1310 quemcunque

1875 1346 1999 1386 vere
2041 1330 2357 1400 intelligitur
2385 1346 2527 1394 esse,
2580 1330 2651 1384 nil
2691 1329 2833 1384 aliud
2883 1341 2965 1385 est
2994 1333 3094 1386 nisi
3154 1334 3448 1400 sapientiae

1873 1419 2150 1474 creatricis
2165 1419 2440 1488 multiplex
2459 1420 2650 1482 virtus,
2673 1435 2812 1488 quae
2833 1419 2884 1472 in
2904 1421 3152 1474 omnibus
3183 1422 3445 1476 subsistit.

1872 1511 1927 1564 Si
1961 1511 2105 1564 enim
2138 1509 2414 1564 intellectu
2455 1508 2776 1564 creatricem
2833 1509 3148 1578 sapientiam
3180 1513 3247 1565 ab
3275 1511 3446 1565 omni-

1870 1601 1988 1664 bus,
2037 1615 2175 1670 quae
2211 1607 2378 1664 creat,
2421 1599 2805 1665 substraxeris,
2858 1600 2910 1653 in
2965 1601 3188 1654 nihilum
3225 1602 3448 1655 omnino

1871 1693 2196 1762 redigentur,
2215 1692 2465 1760 nullaque
2484 1692 2744 1756 essentia,
2774 1691 2917 1745 nulla
2951 1691 3088 1755 vita',
3117 1693 3292 1746 nullus
3315 1710 3438 1748 sen-

1870 1796 1983 1845 sus,
2009 1781 2152 1835 nulla
2177 1783 2334 1846 ratio,
2361 1781 2538 1834 nullus
2566 1782 2890 1847 intellectus,
2918 1791 2969 1836 et
2991 1784 3210 1837 omnino
3240 1785 3440 1838 nullum

194 1880 302 1934 tate,
323 1883 367 1923 et
427 1870 724 1936 dilectione,
745 1883 792 1924 et
817 1888 994 1925 amore
1037 1873 1169 1942 fovet
1199 1885 1246 1926 et
1273 1882 1520 1944 exuperat
1557 1875 1755 1940 omnia,
1792 1875 1833 1933 Β
1865 1873 2060 1926 bonum
2081 1873 2400 1927 remanebit.
2418 1872 2568 1940 Quod
2586 1873 2743 1927 ctiam
2767 1883 2987 1928 sanctus
3017 1884 3168 1943 pater
3195 1875 3236 1905 ¹⁶
3262 1875 3445 1945 Augu-

194 1959 248 2010 ab
268 1960 502 2014 omnibus
525 1970 752 2013 remotus
779 1961 821 2025 ³,
844 1963 914 2013 ad
941 1961 1035 2014 hoc
1059 1961 1077 1990 "
1101 1962 1156 2015 in
1181 1963 1418 2016 omnibus
1447 1963 1729 2016 deducitur
1750 1965 1771 1996 ⁸

192 2051 461 2102 secundum
487 2062 651 2104 mente
680 2052 1010 2105 excedentem
1058 2052 1540 2122 superessentialem
1587 2064 1769 2124 poten-

194 2141 304 2192 tium
330 2141 883 2211 ineanversibilemque
921 2159 1090 2196 suout.
1121 2143 1214 2196 His
1242 2144 1403 2196 etiam
1433 2144 1576 2199 favet
1628 2144 1770 2213 ejus-

195 2233 297 2283 deut
321 2232 560 2301 Dionysii
607 2234 900 2295 sententia,
959 2249 1120 2301 quam
1162 2249 1226 2287 ex
1253 2234 1565 2304 theologicis
1608 2252 1762 2290 com-

197 2323 457 2376 tuenlariis
481 2321 501 2352 ⁶
528 2323 895 2376 sanctissimi"
917 2322 1155 2377 Jerolhei
1181 2325 1407 2393 sumpsit
1447 2342 1461 2378 :
1495 2324 1766 2388 Omnium,

193 2411 360 2479 inquit,
399 2429 564 2465 causa
592 2423 640 2466 et
675 2413 916 2482 repletiea
941 2413 1069 2467 Jesu
1095 2415 1263 2468 deitas
1296 2426 1472 2485 partes
1512 2417 1765 2470 universi-

194 2506 270 2552 tati
311 2519 568 2556 consonos
606 2503 861 2566 solvens;
910 2514 956 2556 et
994 2504 1016 2536 ⁸
1057 2520 1218 2573 neque
1241 2521 1362 2572 pars
1402 2521 1564 2576 neque
1600 2514 1765 2559 totum

192 2608 272 2658 est,
297 2609 339 2648 et
367 2582 546 2651 totum
570 2608 620 2650 et
668 2615 812 2668 pars,
854 2607 908 2651 ut
938 2614 1086 2652 omne
1121 2609 1167 2652 et
1207 2607 1406 2666 partem
1431 2607 1480 2652 et
1519 2607 1683 2652 totum
1711 2598 1764 2652 in

196 2693 467 2759 semetipsa
494 2691 785 2744 coambiens
801 2700 848 2744 et
868 2689 1250 2760 supereminens
1273 2699 1319 2743 et
1341 2690 1614 2745 excellens.
1637 2689 1764 2743 Per-

196 2779 311 2846 fecta
338 2783 549 2850 quidem
572 2790 643 2834 est
673 2783 726 2833 in
749 2774 1060 2850 imperfectis
1085 2791 1138 2832 ut
1162 2779 1406 2849 perfectio
1427 2780 1760 2850 principalis:

196 2871 482 2939 imperfecta
530 2887 644 2924 vero
666 2873 719 2924 in
740 2871 978 2940 perfectis
1021 2883 1265 2942 tanquam
1292 2871 1674 2942 superperfecta
1717 2871 1762 2936 ’,

193 2969 232 3010 et
259 2959 602 3030 anteperfecta
637 2960 808 3028 forma
857 2961 1180 3028 formiﬁcans
1206 2962 1258 3014 in
1289 2960 1598 3029 informibus
1642 2969 1760 3013 tan-

191 3065 328 3115 quam
388 3051 564 3119 forma
623 3049 949 3119 principalis.
1001 3049 1254 3120 Informis
1306 3053 1360 3105 in
1404 3051 1530 3121 ipsis
1580 3049 1761 3121 formis

197 3147 425 3208 tanquam
474 3140 838 3209 superformis,
896 3141 1116 3194 essentia
1168 3141 1327 3194 totius
1375 3141 1630 3194 essentiae
1673 3140 1762 3192 in—

1872 1964 2047 2021 stimts
2069 1965 2122 2020 in
2150 1964 2302 2019 libris
2331 1965 2376 2006 ³⁷
2403 1961 2808 2019 Confessionum
2861 1973 3079 2020 suarum
3125 1967 3335 2020 videtur
3359 1969 3438 2020 in—

1873 2059 2128 2130 telligere,
2187 2070 2488 2113 sermonem
2542 2055 2780 2128 dirigens
2811 2057 2874 2111 ad
2928 2057 3101 2128 ipsam
3135 2060 3438 2122 veritatem,

1869 2151 2099 2206 divinam
2136 2150 2382 2205 videlicet
2410 2149 2452 2184 ⁸⁸
2482 2150 2804 2218 sapientiam
2834 2167 2846 2202 ε
2876 2148 2940 2202 Et
2965 2151 3198 2218 inspexi,
3249 2151 3441 2220 inquit,

1867 2253 2035 2296 cetera
2065 2244 2202 2296 intra
2232 2252 2299 2306 te,
2347 2253 2393 2296 et
2420 2242 2549 2306 vidi,
2579 2258 2669 2294 nec
2712 2241 2922 2293 omnino
2948 2256 3078 2302 esse,
3112 2256 3203 2292 nec
3233 2242 3438 2293 omnino

1868 2352 1970 2389 non
1994 2352 2102 2390 esse
2125 2334 2191 2388 ⁸⁸.
2225 2333 2336 2388 Nec
2373 2335 2582 2388 omnino
2609 2349 2739 2397 esse,
2767 2333 2891 2401 quia
2927 2348 3028 2383 non
3055 2341 3194 2393 sunt,
3220 2331 3358 2395 quod
3381 2342 3436 2382 tu

1866 2445 1940 2491 es,
1965 2444 2056 2482 nec
2082 2427 2292 2481 omnino
2321 2443 2422 2478 non
2471 2441 2601 2489 esse,
2628 2423 2753 2493 quia
2791 2441 2821 2476 a
2847 2433 2894 2476 te
2915 2431 3055 2474 sunt.
3089 2422 3294 2488 Quibus
3321 2436 3444 2476 ver-

1865 2516 1952 2571 his
1981 2515 2238 2579 insinuat,
2280 2527 2494 2567 omnem
2526 2520 2831 2566 creaturam
2862 2509 3080 2563 omnino
3106 2525 3201 2578 per
3225 2525 3281 2562 se
3313 2525 3439 2562 con-

1866 2605 2154 2659 sideratam
2210 2601 2342 2656 nihil
2384 2616 2522 2656 esse.
2553 2598 2815 2669 Quicquid
2841 2607 3019 2653 autem
3047 2598 3097 2651 in
3155 2614 3214 2652 ea
3248 2597 3444 2652 intelli-

1865 2695 2011 2767 gitur
2035 2692 2351 2756 subsistere,
2378 2706 2444 2746 ex
2484 2689 2895 2759 participatione
2920 2688 3198 2742 crcatricis
3237 2688 3436 2741 verita-

1872 2787 1941 2840 tis
1985 2785 2249 2841 subsistit.
2311 2783 2368 2838 Si
2417 2783 2560 2836 cnim
2627 2796 2787 2835 omne
2843 2793 3027 2833 verum
3089 2793 3154 2831 ex
3217 2779 3438 2833 veritate

1864 2889 2049 2928 verum
2073 2872 2140 2937 ’°,
2170 2881 2225 2926 et
2265 2871 2378 2926 sola
2420 2870 2621 2924 veritas
2662 2875 2974 2939 permanet,
3021 2877 3203 2922 cetera
3257 2877 3434 2921 autem

1867 2972 2168 3027 moventur,
2218 2961 2330 3017 sola
2361 2961 2523 3032 igitur
2555 2959 2754 3014 veritas
2788 2957 2840 3012 in
2867 2957 3117 3011 omnibus
3145 2957 3283 3012 veris
3313 2958 3437 3012 sub~

1867 3053 2034 3107 sistit.
2072 3051 2354 3105 Moventur
2388 3057 2590 3114 autem,
2642 3047 2772 3114 dixi,
2801 3047 2925 3116 quia
2963 3061 3060 3114 per
3107 3061 3164 3099 se
3192 3046 3302 3114 ipsa
3324 3061 3435 3099 non

1863 3144 2182 3206 subsistunt,
2224 3141 2319 3194 sed
2350 3140 2416 3195 ad
2463 3138 2689 3193 nihilum
2742 3145 3001 3208 vergunt;
3050 3136 3251 3190 virtute
3305 3151 3435 3189 vero

192 3233 531 3283 rontaminata
557 3231 966 3300 supergrediens,
999 3239 1046 3284 et
1091 3231 1590 3300 superessentialiter
1634 3247 1744 3284 om-
1775 3223 1817 3285 C
1851 3232 2097 3289 veritatis
2118 3231 2396 3301 providae,
2447 3245 2585 3300 quae
2613 3229 2665 3282 in
2699 3228 2764 3282 iis
2792 3228 3060 3292 subsistit,
3089 3241 3155 3282 ne
3183 3225 3250 3280 ad
3294 3227 3435 3280 nihi-

194 3317 236 3366 ni
254 3321 462 3370 essentia
493 3329 711 3382 remota,
735 3329 844 3372 tota
868 3319 1122 3387 principia
1147 3329 1192 3372 et
1216 3321 1425 3372 ordines
1448 3319 1739 3385 destinatis,

192 3415 229 3455 et
248 3410 373 3460 omni
395 3409 656 3476 principio
682 3417 729 3460 et
759 3409 930 3461 ordini
960 3407 1374 3477 supercollocata
1402 3409 1473 3475 ιθ,
1520 3419 1566 3464 et
1597 3425 1749 3463 man-

194 3509 294 3546 sura
316 3507 386 3549 est
415 3513 601 3550 eorum
625 3537 639 3561 ,
658 3515 796 3566 quae
818 3506 964 3562 sunt,
989 3491 1037 3552 et
1065 3499 1380 3564 seculorum,
1411 3510 1458 3553 et
1486 3516 1642 3570 super
1669 3495 1751 3554 se-

197 3589 317 3651 cala,
341 3601 385 3642 et
410 3601 536 3644 ante
557 3591 730 3643 secula
756 3590 907 3660 plena
930 3592 983 3644 in
1015 3592 1383 3662 indigentibus,
1433 3591 1740 3661 superplena

197 3680 239 3728 in
257 3682 689 3744 mnt:itudinibus,
733 3697 952 3746 arcana,
990 3682 1274 3751 ine/rabilis
1302 3699 1459 3752 super
1492 3684 1750 3750 animum,

195 3783 327 3834 super
350 3772 535 3833 vitam,
563 3787 720 3840 super
749 3771 1025 3824 essentiam
1053 3811 1067 3834 ,
1097 3770 1565 3840 supernaturaliter
1601 3773 1749 3825 habet

195 3859 594 3924 supernaturale,
632 3859 1130 3930 superessentialiter
1151 3860 1603 3931 superessentiale.
1630 3861 1753 3916 Sat-

197 3947 363 4002 ﬁciunt
389 3951 550 4015 haec,
579 3960 637 4003 ut
681 3953 932 4012 arbitror,
966 3952 1102 4007 bene
1129 3952 1549 4024 in-telligentibus
1571 3953 1638 4007 ad
1670 3968 1754 4008 co-

202 4043 731 4110 gnoscendum,quod
755 4043 968 4098 divinae
994 4043 1249 4098 bonitatis
1275 4044 1327 4097 in
1350 4058 1408 4098 se
1437 4044 1548 4114 ipsa
1573 4049 1614 4082 ίί
1634 4043 1753 4114 per—

197 4132 384 4184 mansio
401 4148 566 4186 causa
597 4134 838 4186 omnium
865 4134 1320 4189 incommutabilis
1351 4135 1441 4189 sit.
1471 4135 1754 4190 Processio

198 4230 309 4272 vero
354 4220 471 4286 ejus
518 4233 574 4276 et
625 4221 910 4277 ineﬂ‘abilis
957 4231 1133 4277 motus
1169 4222 1392 4279 ell'ectus
1431 4225 1672 4278 omnium
1708 4228 1752 4258 "

199 4309 416 4377 peragit;
437 4326 604 4380 porro
619 4313 734 4381 ejus
761 4313 1176 4383 participatio-et
1195 4316 1494 4384 assumptio
1515 4315 1589 4369 nil
1612 4316 1754 4370 aliud

201 4408 267 4448 est
289 4401 381 4454 nisi
405 4403 654 4456 omnium
677 4406 930 4458 essentia.
958 4407 1020 4460 Et
1052 4407 1290 4461 intentus
1313 4409 1581 4478 perspice,
1611 4409 1752 4477 quod

204 4490 264 4542 ait
289 4533 303 4557 ,
325 4495 445 4562 quia
473 4497 892 4564 etprovidentia
923 4498 1312 4568 perfectissima
1340 4509 1424 4554 est
1445 4500 1682 4554 omnium
1711 4500 1754 4531 “

1851 3324 1960 3376 lum
2014 3330 2194 3388 ruant,
2223 3320 2578 3391 prohibentur
2608 3327 2661 3372 et
2713 3325 2858 3372 stant
2887 3318 2954 3370 ἰ.
2989 3315 3045 3371 Si
3096 3332 3223 3387 ergo
3254 3317 3430 3386 ipsum

1850 3414 2084 3468 Verbum
2112 3413 2204 3466 Dei
2234 3421 2288 3466 et
2317 3410 2672 3476 omniafacit,
2695 3419 2749 3463 et
2780 3409 2831 3462 in
2862 3409 3111 3464 omnibus
3140 3411 3216 3474 lit,
3252 3418 3305 3464 ct
3334 3409 3436 3463 hoc

1851 3519 1915 3557 ex
1953 3503 2131 3559 verbis
2161 3501 2418 3573 praedicti
2452 3503 2621 3572 patris
2664 3498 2904 3572 Dionysii
2951 3498 3429 3570 aliorutuque‘poc

1859 3601 1962 3649 test
1992 3593 2276 3663 approbari
2314 3613 2327 3647 :
2361 3593 2488 3662 quid
2514 3593 2728 3657 mirum,
2755 3591 2798 3645 si
2831 3599 3046 3655 cuncta,
3069 3606 3209 3661 quae
3233 3592 3282 3643 in
3313 3590 3429 3659 ipso

1852 3685 2030 3742 Verbo
2057 3684 2428 3755 intelliguntur
2448 3684 2761 3747 subsistere,
2787 3691 3005 3738 aeterna
3027 3681 3183 3736 simul
3208 3681 3260 3737 et
3285 3680 3429 3736 facta

1855 3774 2149 3830 credantur
2221 3781 2278 3827 et
2329 3781 2724 3841 cognoscantur
2774 3771 2931 3827 esse?
2976 3770 3127 3838 Quod
3177 3771 3318 3826 enim
3368 3771 3435 3824 de

1855 3879 2019 3920 causa
2043 3863 2405 3934 praedicatur,
2449 3878 2553 3933 qua
2587 3863 2793 3917 ratione
2818 3877 2924 3916 non
2953 3861 3116 3916 etiam
3146 3861 3210 3915 de
3236 3876 3428 3915 causa-

1855 3959 1981 4012 tivis
2003 3956 2301 4028 praedicari
2320 3964 2539 4025 possunt
2556 3955 2622 4018 ",
2644 3969 2747 4008 non
2772 3951 3217 4007 invenimOmnia
3245 3950 3430 4018 igitur,

1855 4063 1994 4117 quae
2037 4055 2180 4108 sunt,
2213 4053 2266 4100 et
2309 4053 2526 4100 aeterna
2553 4042 2710 4097 simul
2740 4049 2792 4096 et
2821 4041 2958 4096 facta
3003 4055 3109 4093 non
3141 4039 3432 4108 incongrue

1858 4138 2128 4201 dicuntur,
2179 4136 2303 4191 dum
2353 4135 2405 4188 in
2431 4133 2512 4188 eis
2540 4133 2600 4187 llt‘
2625 4132 2738 4201 ipsa
2771 4131 3053 4201 sapientia,
3086 4143 3224 4200 quae
3242 4144 3312 4183 ea
3344 4127 3454 4181 l'a-‘

1856 4225 1949 4290 cit,
1985 4235 2039 4280 et
2059 4239 2242 4287 causa,
2275 4224 2328 4278 in
2360 4237 2462 4292 qua
2490 4231 2544 4276 et
2574 4235 2669 4290 per
2691 4236 2849 4289 quam
2885 4227 2937 4273 et
2962 4227 3179 4273 aeterna
3205 4227 3261 4272 et
3283 4216 3425 4272 facta

1860 4326 2003 4380 sunt,
2041 4316 2094 4369 in
2127 4315 2205 4369 eis
2229 4322 2446 4369 acterna
2477 4318 2531 4366 et
2545 4309 2693 4365 facta
2721 4318 2822 4364 cst.
2861 4310 3006 4364 Dtsc.
3043 4307 3207 4362 Valde
3237 4307 3426 4373 miror,

1857 4415 1912 4462 et
1934 4404 2269 4476 stupefactus
2294 4403 2459 4458 veluti
2505 4401 2770 4455 exanimis
2798 4401 3016 4456 haereo.
3043 4398 3144 4453 llis
3168 4398 3316 4454 etaim
3337 4412 3428 4454 ra-

1863 4499 2096 4554 tionibus
2127 4495 2392 4559 attrahor,
2423 4495 2673 4563 quoniam
2696 4489 3021 4546 verisimiles
3049 4499 3193 4555 sunt,
3223 4501 3278 4545 et
3303 4505 3430 4545 saa-

161 4632 168 4652 (
203 4586 391 4637 essendi
425 4596 479 4639 et
511 4587 654 4641 bene
692 4589 904 4643 cssendi
948 4591 1128 4643 omnia
1176 4591 1428 4645 causalis.
1460 4590 1576 4646 Non
1629 4607 1757 4662 ergo
1787 4573 1832 4632 Ῑ)
1865 4598 2072 4644 ctorum
2124 4587 2342 4640 Patrum
2404 4582 2722 4637 testimoniis
2771 4593 3065 4649 sacraeque
3119 4579 3430 4650 Scripturae

208 4668 289 4720 alia
334 4684 414 4726 est
456 4676 798 4743 providentia
845 4680 1082 4732 omnium
1117 4679 1181 4742 υ,
1220 4687 1272 4733 et
1302 4679 1404 4734 alia
1441 4697 1603 4735 causa
1637 4696 1758 4735 om-

207 4757 354 4824 nium,
385 4765 478 4816 sed
505 4779 647 4816 unus
678 4774 837 4832 atque
861 4767 998 4819 idem
1033 4769 1171 4822 Deus
1193 4776 1244 4821 et
1273 4769 1607 4837 providentia
1638 4777 1757 4837 per-

208 4845 470 4906 lectissima
503 4863 592 4908 est
633 4857 898 4920 omnium,
951 4865 1004 4910 et
1033 4859 1246 4912 essendi
1293 4867 1349 4912 et
1380 4859 1514 4912 bene
1545 4859 1757 4913 essendi

207 4944 361 4994 omnia
403 4946 663 4999 causalis.
697 4946 847 5014 Quod
877 4959 1054 5003 autem
1094 4952 1358 5020 sequitur,
1391 4960 1444 5004 et
1472 4953 1523 5006 in
1572 4953 1754 5006 omnia

207 5033 454 5097 procedit,
507 5045 567 5089 et
609 5036 665 5089 in
707 5038 851 5090 omni
896 5037 972 5100 lit,
1023 5041 1125 5094 hoc
1171 5050 1275 5103 est,
1311 5041 1362 5094 in
1405 5041 1757 5096 universitate

207 5131 348 5183 quam
379 5121 538 5188 facit,
567 5135 624 5178 et
650 5126 889 5178 continet
917 5129 1120 5191 omnia,
1141 5129 1204 5181 ad
1248 5128 1555 5182 solvendam
1609 5144 1759 5197 prae-

209 5211 356 5265 tentis
378 5214 736 5280 quaestionis,
767 5216 832 5269 de
863 5231 965 5284 qua
994 5233 1136 5272 nunc
1170 5219 1366 5287 agitur,
1401 5219 1756 5273 nodositatem

1865 4676 2264 4732 corroboratae.
2311 4671 2417 4727 Sed
2445 4672 2638 4726 iterum
2669 4678 2865 4724 nutans
2919 4670 3188 4734 retrahor,‘
3215 4684 3277 4722 ac
3307 4684 3429 4723 mox

1867 4769 1918 4822 in
1965 4765 2218 4820 tenebras
2267 4763 2618 4817 densissimas
2659 4759 3048 4832 cogitationum
3095 4758 3143 4790 ³³
3187 4773 3426 4812 mearum

1862 4857 2091 4912 relabor.
2111 4853 2227 4908 Non
2245 4863 2327 4909 est
2340 4854 2385 4884 "
2403 4853 2544 4908 enim
2566 4852 2709 4906 acies
2725 4850 2918 4905 mentis
2935 4863 3087 4904 meae
3100 4849 3164 4903 ad
3179 4864 3432 4918 praesen-

1866 4947 1934 5000 tis
1982 4945 2313 5015 quaestionis
2370 4943 2706 4998 altitudinem
2745 4940 3058 4996 intuendam
3111 4939 3433 5010 penitusque

1862 5036 2246 5107 penetrandam
2289 5035 2498 5090 idonea.
2543 5034 2781 5088 Audiens
2821 5033 3017 5102 quippe
3039 5031 3087 5063 "
3113 5031 3241 5085 illud
3277 5047 3291 5084 :
3329 5029 3430 5094 Qui

1865 5127 2034 5193 fecisti
2059 5126 2310 5179 mundum
2335 5125 2398 5178 de
2425 5125 2645 5177 materia
2692 5123 2924 5193 informi,
2964 5136 3068 5175 non
3099 5121 3256 5174 aliter
3286 5117 3428 5187 cogi-

1869 5218 2068 5280 tabam,
2112 5217 2213 5270 nisi
2247 5217 2369 5285 quia
2410 5215 2639 5269 mundus
2687 5215 2911 5270 visibilis
2959 5223 3013 5268 et
3057 5210 3338 5265 invisibilis
3366 5209 3429 5261 de

1492 5347 1744 5400 V’ARlAE
1784 5345 2159 5401 LECTIONES

277 5487 293 5516 ι
323 5476 426 5533 Pro
457 5490 504 5532 et
540 5478 724 5530 iterum
778 5478 819 5531 Ο
847 5480 940 5530 erit
970 5480 1126 5532 enim.
1221 5481 1240 5511 ¹
1270 5479 1308 5531 Α
1345 5479 1626 5532 restrictus.

209 5550 391 5599 mentis.
457 5550 477 5579 ⁷
511 5550 552 5599 Λ
582 5548 924 5602 scientissimi.
999 5550 1020 5577 ⁸
1049 5559 1096 5600 et
1117 5565 1224 5602 om.
1259 5550 1322 5602 A.

210 5615 330 5685 nium
351 5617 591 5684 effectus.
668 5619 710 5648 ¹³
738 5617 841 5671 Pro
865 5620 1093 5670 omnium
1111 5619 1151 5670 Α
1184 5619 1290 5685 ipse
1310 5627 1404 5671 est.

210 5682 299 5735 bro.
379 5682 439 5720 ’λ’
476 5689 519 5738 Α
557 5687 770 5740 scilicet.
864 5687 907 5717 "
932 5704 1021 5740 nec
1051 5682 1260 5741 omnino
1287 5705 1384 5740 non
1413 5692 1520 5740 ess‘e
1549 5702 1655 5738 om.
1687 5687 1751 5738 A.

204 5755 365 5811 possit.
441 5756 488 5788 "
520 5757 567 5809 Α
603 5757 964 5824 cognitionum.
1043 5757 1087 5787 ’³
1113 5767 1187 5810 est
1214 5772 1321 5811 om.
1371 5756 1432 5812 C.

1406 5554 1426 5582 ³
1455 5565 1610 5616 super
1640 5563 1748 5600 om.
1781 5548 1845 5598 A.

1484 5619 1527 5648 ³⁵
1557 5618 1784 5668 omnium
1817 5631 1924 5668 om.
1950 5618 2010 5669 C.
2115 5618 2158 5649 ”
2181 5620 2222 5668 A
2253 5627 2299 5668 et

1484 5692 1520 5738 t‘e
1549 5702 1655 5738 om.
1687 5687 1751 5738 A.
1846 5685 1891 5716 ²⁰
1922 5702 2091 5738 verum
2122 5702 2232 5738 om.
2260 5686 2304 5738 A

1922 5702 2091 5738 verum
2122 5702 2232 5739 Ol“.
2260 5702 2325 5742 Α.

1510 5757 1554 5788 ³⁸
1589 5757 1688 5809 l’ro
1716 5757 1900 5826 quippe
1923 5754 1962 5808 C
1993 5757 2176 5825 inquit.

1728 5477 1747 5508 ³
1771 5477 1808 5530 Α
1837 5488 2048 5530 remoto.
2138 5477 2158 5507 ⁸
2185 5478 2226 5530 Α
2266 5478 2455 5532 adhuc.
2546 5479 2568 5512 ⁸
2605 5480 2879 5533 deducitur
2900 5491 3008 5530 om.
3046 5476 3089 5528 A
3184 5473 3204 5504 ⁶
3227 5471 3266 5526 C
3290 5487 3430 5524 com-

1923 5549 2032 5620 “lli
2060 5547 2427 5620 super-collata.
2507 5556 2546 5620 it
2588 5551 2640 5601 in
2665 5566 2718 5620 se
2753 5549 2865 5615 ipsa
2888 5563 2996 5599 om.
3169 5543 3427 5620 "__A_ont-

2115 5618 2158 5649 ¹¹⁵
2181 5620 2222 5668 Λ
2253 5627 2299 5668 et
2329 5618 2563 5671 cssendi.
2671 5617 2716 5658 ιθ
2740 5611 2886 5684 pater
2906 5630 3014 5684 om.
3044 5615 3110 5667 A.
3151 5613 3253 5684 in”
3357 5613 3426 5664 li-

2421 5688 2461 5723 ³ι
2491 5697 2538 5740 et
2569 5695 2709 5739 stant
2741 5681 2856 5738 'om.
2895 5683 2959 5736 Α.
3056 5685 3101 5715 ⁸⁸
3144 5681 3239 5740 Sic
3276 5682 3318 5741 Ο
3342 5699 3357 5747 ;
3384 5684 3429 5736 Α
