3912 6154
446 382 553 434 1H"?

1830 366 2113 425 JOANNIS
2151 369 2346 428 SCO'H

3618 366 3723 421 (138

454 492 684 548 materia
715 488 959 548 informi,
982 502 1143 556 quam
1166 486 1306 541 Deus
1330 484 1395 539 de
1416 482 1637 539 omnino
1659 482 1828 537 nihilo
1857 483 2021 537 veluti
2053 489 2099 545 A
2130 501 2257 540 num
2273 500 2450 541 rerum
2468 483 2800 539 conditorem
2816 481 3185 554 proclamante
3199 482 3261 533 ι⁸ε
3282 478 3453 550 Opera
3469 497 3722 535 ηιαιικυηι

463 582 758 651 ntispiciuni
797 576 1063 646 quoddam
1091 588 1220 628 suae
1248 572 1580 643 operationis
1608 570 1829 634 creavit,
1861 569 2031 623 factus

462 680 727 730 narratur,
764 676 817 719 ct
842 675 979 730 erat,
1032 664 1247 734 quando
1274 663 1439 717 totius
1482 662 1665 717 mundi
1708 661 2033 716 universitas

464 776 568 814 non
597 764 733 811 erat.
761 754 839 808 ’Ac
870 769 964 823 per
994 753 1094 808 hoc
1124 754 1177 806 in
1208 750 1522 821 primordiis
1543 746 1871 806 conditionis
1899 763 2034 803 suae

465 852 530 903 de
555 845 774 901 omnino
801 843 969 898 nihilo
1018 844 1070 897 in
1118 842 1403 896 informem
1431 840 1696 912 processit
1732 839 2033 903 materiem,

463 948 521 992 et
563 944 957 1004 consequenter
1000 948 1095 1002 per
1133 948 1331 1003 genera
1372 942 1429 987 et
1479 930 1682 986 formas
1723 939 2037 999 ceterosque

468 1039 723 1080 numeros
743 1020 1017 1079 naturales
1038 1020 1103 1074 ad
1127 1018 1508 1090 perfectionem
1525 1019 1792 1089 quandam
1817 1017 2041 1074 Creato—

470 1116 513 1169 ri
542 1114 640 1171 soli
670 1113 937 1184 cognitam
979 1110 1224 1181 pervenit
1265 1110 1304 1163 ¹.
1366 1108 1476 1163 Nec
1521 1109 1622 1163 hoc
1656 1124 1753 1180 per
1804 1108 2041 1164 morulas

475 1221 773 1277 temporum
819 1204 1021 1258 factum
1052 1203 1218 1257 fuisse
1249 1217 1278 1256 a
1330 1212 1517 1257 sancto
1553 1210 1705 1271 patre
1742 1202 2041 1274 Augustino

473 1302 524 1352 in
557 1298 820 1351 Exemero
866 1308 963 1347 suo
1005 1306 1223 1347 suasum
1248 1302 1347 1346 est.
1380 1290 1495 1345 Non
1527 1291 1669 1346 enim
1702 1291 1755 1345 in
1779 1300 2038 1360 tempore,

470 1386 747 1457 praecedit
776 1383 1081 1449 informitas
1128 1381 1377 1448 formam,
1420 1384 1512 1437 sed
1564 1382 1795 1437 naturali
1832 1383 2041 1446 ordine,

471 1494 580 1546 quo
626 1491 785 1531 causa
818 1474 1098 1544 praevenit
1143 1471 1414 1527 effectum.
1460 1472 1664 1541 Nempe
1697 1488 1797 1529 vox
1822 1481 1877 1528 et
1924 1488 2047 1527 ver-

474 1574 599 1625 hum
630 1569 786 1625 simul
817 1582 881 1623 ex
916 1581 1010 1621 ore
1047 1565 1315 1636 loquentis
1343 1564 1641 1635 prodeunt;
1673 1575 1725 1620 et
1747 1575 1923 1619 tamen
1950 1580 2047 1617 an-

476 1661 673 1715 tevenit
724 1675 822 1713 vox
881 1660 1127 1722 verbum,
1175 1670 1278 1711 non
1325 1656 1543 1725 quidem
1599 1664 1839 1726 tempore
1869 1657 1911 1720 ⁸,
1954 1656 2045 1710 scd

477 1768 659 1806 causa.
700 1751 774 1805 De
804 1764 932 1804 voce
961 1749 1103 1803 enim
1131 1745 1358 1802 edicitur
1381 1746 1623 1809 verbum,
1664 1747 1729 1801 de
1765 1747 1931 1802 verbo
1957 1761 2048 1799 au-

2137 587 2347 630 tuarum
2369 587 2486 631 sunt
2517 575 2650 630 caeli
2672 593 2690 640 ;
2742 576 2841 646 ipsi
2869 574 3129 643 peribunt,
3151 582 3207 626 tu
3240 582 3413 625 autem
3445 588 3728 641 permane-

2136 668 2256 732 bis;
2285 676 2332 721 et
2364 682 2541 720 omnes
2562 667 2693 719 sicut
2727 666 3083 719 vestimentum
3111 671 3446 725 eeterasceut,
3491 671 3540 717 et
3592 662 3724 716 sicut

2135 756 2513 821 opertoriorum
2541 756 2766 811 mutabis
2790 772 2899 821 eos,
2942 763 2990 808 et
3043 754 3408 818 mutabuntur,
3458 762 3517 805 tu
3548 762 3724 805 autem

2136 848 2272 901 idem
2294 846 2401 916 ipse
2422 863 2499 911 es,
2514 856 2561 900 et
2590 845 2716 900 anni
2744 846 2822 899 tui
2845 861 2949 897 non
2970 844 3233 913 deﬁcient.
3258 843 3375 913 Ipse
3395 842 3570 897 etiam
3594 857 3721 897 con-

2138 937 2284 992 ditor
2307 937 2545 991 omnium
2579 953 2594 990 :
2628 934 2867 998 Caelum,
2894 934 3069 1004 inquit
3091 934 3220 999 ",et
3244 944 3386 988 terra
3403 933 3723 996 transibunt,

2138 1030 2289 1084 verba
2318 1039 2491 1083 autem
2522 1045 2636 1083 mea
2666 1044 2771 1083 non
2817 1029 3092 1082 transient.
3142 1026 3200 1083 Si
3250 1034 3432 1081 autem
3488 1026 3726 1081 maxima

2141 1120 2333 1188 spatio,
2366 1118 2837 1188 pulcherrimaque
2893 1116 3223 1172 sublimitate
3265 1116 3541 1180 siderum,
3592 1123 3649 1169 et
3681 1116 3723 1148 ⁸⁸

2139 1209 2426 1280 purissima
2448 1207 2744 1263 subtilitate
2769 1216 3174 1272 naturae,statu
3199 1217 3473 1261 astrorum
3495 1206 3722 1269 consita,

2144 1315 2306 1354 cursu
2322 1299 2661 1373 planetarum
2680 1300 2990 1354 harmonica
3011 1300 3076 1364 ι’,
3098 1298 3313 1352 luminis
3334 1313 3556 1369 semper
3576 1297 3727 1368 plena

2146 1405 2272 1460 pars
2300 1388 2484 1444 mundi
2531 1389 2770 1459 peritura
2826 1390 2916 1451 sit,
2971 1397 3107 1443 teste
3140 1386 3441 1457 Scriptura,
3486 1386 3727 1458 nunquid

2147 1481 2464 1552 putandum,
2488 1480 2774 1535 interiores
2793 1488 2994 1549 partes,
3020 1494 3085 1534 ac
3111 1478 3279 1533 multo
3301 1478 3596 1535 inferiores
3615 1494 3729 1549 pera

2150 1572 2469 1625 mansuras?
2508 1571 2818 1626 Melioribus
2841 1571 2983 1625 enim
3033 1569 3428 1625 intereuntibus
3472 1567 3728 1626 inferiora

2151 1675 2256 1715 non
2286 1660 2506 1714 interire
2542 1660 2872 1730 impossibile
2898 1670 2999 1725 est,
3022 1670 3083 1715 et
3130 1661 3257 1715 dum
3294 1660 3564 1727 aufertur,
3593 1662 3728 1731 quod

2153 1749 2412 1814 continet,
2442 1749 2584 1819 quod
2641 1750 2968 1814 continetur,
3001 1764 3225 1804 manere
3270 1764 3396 1804 vera
3450 1766 3564 1805 non
3612 1749 3698 1805 sin

478 1857 582 1897 tem
615 1842 759 1896 nullo
789 1842 946 1896 modo
986 1855 1108 1893 vox.
1152 1839 1229 1893 lta
1261 1853 1438 1915 rerum
1468 1837 1706 1892 omnium
1745 1836 2048 1891 informitas
2081 1845 2125 1905 Β
2155 1840 2311 1893 ratio.
2362 1837 2474 1893 lloc
2509 1848 2689 1892 autem
2736 1839 2964 1895 dicimus
3002 1838 3069 1891 ad
3104 1837 3475 1909 differentiam
3516 1853 3720 1893 eorum

468 1946 531 1989 et
568 1935 817 1989 formatio
844 1944 1005 2005 atque
1039 1932 1059 1962 ⁸
1096 1931 1355 2000 perfectio
1384 1930 1613 1984 naturali
1636 1930 1866 1999 quadam
1894 1944 2050 1999 prae-

468 2026 722 2079 rcessione
750 2024 771 2054 ⁸
800 2035 854 2078 ct
881 2022 1182 2090 sequentia,
1234 2036 1338 2075 non
1370 2029 1548 2075 autem
1585 2029 1884 2089 temporum
1920 2020 1939 2051 ⁸
1971 2019 2050 2073 in-

480 2116 739 2178 tervallis,
788 2115 1041 2168 distincte
1077 2111 1234 2166 simul
1286 2121 1340 2165 et
1384 2111 1549 2167 semel
1586 2114 1651 2166 de
1689 2110 1858 2165 nihilo
1888 2109 1939 2163 in
1962 2124 2049 2163 es-

481 2207 709 2261 s-‘ntiatn
757 2205 1028 2258 voluntate
1063 2201 1338 2258 Creatoris
1365 2202 1628 2256 adductae
1658 2212 1800 2256 sunt.
1830 2200 1894 2255 Et
1922 2201 2054 2255 haec

478 2306 601 2349 erat
622 2311 739 2348 mea
768 2293 922 2357 fides,
944 2307 1170 2361 meaque
1184 2291 1662 2362 quantulacunque
1677 2290 2050 2360 intelligentia.

480 2390 549 2440 At
590 2372 729 2439 nunc
755 2384 912 2437 aliter
932 2399 960 2437 a
986 2393 1035 2437 te
1063 2383 1243 2448 audio,
1274 2396 1413 2451 quae
1437 2381 1663 2436 multntn
1706 2396 1792 2435 me
1816 2388 2053 2445 movent,

481 2487 534 2527 et
564 2476 631 2527 ab
662 2475 766 2538 his,
798 2488 934 2542 quae
960 2472 1219 2527 hactenus
1246 2472 1517 2536 tenebam,
1545 2469 1792 2535 firmiter,
1817 2470 1891 2523 uti
1921 2468 2052 2524 mihi

482 2567 654 2618 visunt
686 2573 788 2628 cst,
823 2563 1047 2619 invitum
1074 2570 1345 2618 revocant.
1370 2562 1633 2618 Praesens
1654 2561 1801 2617 enim
1832 2562 2052 2616 ratioci—

484 2656 652 2718 natio,
697 2666 756 2709 ιιι
790 2671 934 2719 reor,
983 2654 1053 2708 nil
1081 2654 1223 2709 aliud
1258 2655 1472 2709 videtur
1501 2654 1636 2709 velle
1671 2655 1919 2718 suadere,
1952 2654 2056 2708 nisi

485 2760 573 2807 ea,
605 2760 744 2813 quae
797 2744 862 2797 (ie
909 2743 1077 2798 nihilo
1135 2744 1387 2813 putabam
1437 2758 1556 2798 esse
1596 2743 1758 2807 facta,
1806 2752 1860 2798 et
1912 2744 2059 2799 nullo

491 2833 648 2888 modo
701 2842 920 2888 acterna
949 2863 1018 2872 —
1056 2842 1173 2888 erat
1231 2834 1414 2899 enim,
1462 2834 1674 2903 quando
1733 2850 1836 2890 non
1881 2844 2057 2900 erant,

488 2934 545 2975 ut
572 2922 896 2989 arbitrabar,
921 2938 985 2977 ae
1016 2937 1112 2994 per
1141 2923 1242 2977 hoc
1280 2932 1619 2993 acceperant,
1641 2924 1787 2996 quod
1815 2939 1922 2979 non
1962 2926 2059 2981 ha-

483 3014 717 3066 buerant
741 3043 809 3052 —
836 3021 1053 3066 aeterna
1074 3012 1231 3067 simul
1256 3022 1308 3066 et
1340 3013 1477 3067 facta
1514 3028 1651 3069 esse.
1711 3012 1864 3082 Quod
1906 3014 2059 3071 valde

485 3104 813 3158 rozttrarium
843 3103 1051 3173 opinor.
1120 3105 1187 3159 Et
1218 3106 1438 3171 merito;
1474 3121 1600 3160 nam
1636 3107 1769 3161 haec
1792 3105 1814 3137 ‘
1843 3108 2059 3164 sibimet

2151 1946 2289 2000 quae
2327 1940 2545 1985 aeterna
2568 1940 2717 1996 sunt,
2756 1932 2823 1985 ab
2864 1931 2968 1995 his,
2991 1945 3129 2001 quae
3158 1940 3284 1985 sunt
3313 1928 3455 2009 fagta
3502 1930 3574 1981 ".
3623 1927 3743 1982 Non

2152 2022 2294 2077 enim
2319 2038 2484 2091 parva
2509 2022 2763 2076 distantia
2792 2031 2874 2077 est
2903 2022 3044 2077 inter
3062 2036 3148 2086 ea,
3164 2036 3302 2091 quae
3334 2036 3435 2075 nec
3470 2019 3732 2091 incipiunt

2153 2125 2296 2176 esse,
2322 2126 2423 2164 nec
2456 2111 2743 2175 desinunt,
2775 2121 2829 2165 et
2869 2125 2952 2172 ea,
3006 2125 3147 2179 quae
3196 2108 3453 2164 inchoant
3482 2122 3645 2172 esse,
3680 2115 3734 2163 et

2155 2216 2260 2255 non
2288 2186 2512 2272 possunt
2534 2216 2747 2271 semper
2776 2214 2998 2255 manere
3020 2202 3086 2254 ⁸⁷.
3111 2198 3226 2256 Νοη
3250 2199 3413 2267 igitur
3437 2199 3559 2253 sine
3578 2210 3733 2253 causa

2156 2294 2301 2347 acies
2327 2294 2524 2348 mentis
2553 2294 2732 2347 minus
2764 2292 2885 2347 talia
2919 2291 3328 2363 intelligentiam
3351 2290 3728 2359 repercutitur,

2156 2383 2370 2451 quando
2391 2382 2440 2437 ei
2462 2390 2691 2457 .aetcrna
2719 2396 2838 2435 esse
2864 2380 3029 2447 facta,
3047 2391 3102 2435 et
3129 2378 3265 2434 facta
3295 2390 3513 2434 aeterna
3542 2378 3730 2432 suade-

2160 2482 2267 2527 tur.
2291 2471 2426 2526 Nam
2457 2487 2562 2526 non
2590 2471 2748 2526 facile
2792 2471 3135 2551 crediderim,
3184 2481 3235 2526 te
3281 2469 3589 2524 consentire
3634 2469 3730 2535 his.

2158 2565 2249 2634 qui
2280 2563 2464 2619 volunt
2494 2564 2813 2635 intelligere,
2839 2564 3011 2619 multa
3035 2580 3100 2619 ex
3126 2564 3227 2627 his,
3258 2577 3398 2633 quae
3426 2563 3562 2617 facta
3588 2572 3730 2627 sunt,

2159 2654 2268 2709 imo
2292 2668 2460 2724 paene
2484 2654 2663 2709 omnia
2712 2670 2926 2725 semper
2970 2669 3221 2709 mansura
3269 2653 3338 2717 ⁸⁸,
3381 2669 3446 2708 ac
3494 2667 3589 2722 per
3640 2653 3736 2708 hoc

2159 2744 2337 2800 futura
2384 2759 2502 2800 esse
2532 2753 2778 2799 aeterna.
2825 2743 2987 2799 Verbi
3016 2743 3214 2815 gratia,
3247 2741 3571 2797 universitas
3620 2740 3740 2805 ista,

2160 2854 2299 2910 quae
2327 2846 2539 2894 constat
2560 2854 2628 2893 ex
2651 2836 2801 2893 caelo
2827 2845 2880 2892 et
2911 2846 3077 2901 terra,
3104 2843 3337 2906 quatuor
3364 2833 3648 2889 elementis
3682 2831 3735 2885 in

2160 2930 2393 3003 speciem
2420 2915 2568 2987 orbis
2595 2929 2823 2986 absoluti
2843 2927 3183 2997 conglobata,
3205 2925 3503 2995 mundique
3524 2924 3738 2981 nomine

2163 3025 2419 3090 vocitata,
2444 3030 2496 3079 et
2519 3023 2596 3081 .de
2625 3022 2792 3078 nihilo
2821 3021 2963 3077 facta
2983 3030 3085 3087 est,
3111 3029 3171 3076 ut
3195 3020 3369 3086 aiunt,
3392 3029 3450 3075 et
3488 3028 3737 3075 aeterna-

2163 3112 2286 3169 liter
2311 3128 2585 3177 mansura,
2615 3120 2831 3183 praeter
2855 3112 3115 3182 quasdam
3148 3125 3274 3165 suas
3300 3110 3612 3180 particulas,
3637 3109 3737 3164 hoc

488 3196 734 3247 videntur
778 3192 993 3263 opponi,
1028 3200 1247 3247 aeterna
1293 3194 1468 3260 factis,
1510 3203 1565 3249 et
1608 3194 1752 3249 facta
1800 3196 2055 3251 aeternis.
2086 3192 2132 3256 C
2162 3210 2267 3268 est,
2291 3201 2660 3272 corruptibilia
2693 3214 2946 3269 corpora,
2970 3198 3303 3270 generationi
3331 3206 3387 3253 et
3409 3196 3738 3267 corruptioni

488 3288 633 3350 Quae
663 3287 804 3339 enim
826 3294 1044 3341 aeterna
1075 3294 1215 3359 sunt,
1247 3302 1523 3357 nunquam
1555 3288 1823 3359 incipiunt
1854 3304 1973 3344 esse
2011 3289 2056 3354 ",

488 3391 763 3445 nunquam
812 3377 1064 3433 desinunt
1103 3354 1419 3445 subsistere,
1439 3388 1502 3435 et
1545 3394 1650 3434 non
1668 3354 1815 3445 verat,
1848 3379 2063 3450 quando

490 3484 598 3523 non
636 3477 811 3533 erant,
834 3471 965 3539 quia
990 3484 1201 3539 semper
1225 3479 1410 3533 erant;
1462 3486 1601 3542 quae
1636 3479 1816 3527 autem
1849 3472 1873 3502 ⁸
1919 3472 2063 3526 facta

490 3568 641 3626 sunt,
661 3560 980 3629 principium
1010 3560 1250 3616 facturae
1290 3576 1422 3617 suae
1454 3570 1795 3632 acceperunt.
1841 3562 2065 3619 inchoa-

493 3659 690 3704 verunt
714 3650 858 3704 enim
884 3665 1024 3717 esse,
1049 3652 1175 3722 quia
1202 3661 1340 3717 erat,
1368 3654 1582 3723 quando
1624 3669 1731 3709 non
1771 3662 1960 3719 erant;
2011 3664 2069 3710 et

480 3739 738 3797 desinent
778 3756 917 3805 esse,
973 3743 1098 3812 quia
1140 3741 1161 3773 '
1211 3742 1601 3800 inchoaverunt
1658 3745 1878 3801 habere.
1926 3745 2067 3801 Vera

493 3831 759 3900 siquidem
785 3832 991 3886 ratione
1013 3833 1258 3888 consulta
1286 3849 1466 3900 omne,
1481 3834 1624 3905 quod
1650 3834 1838 3906 incipit
1864 3843 2070 3905 tempo-

495 3922 684 3977 ralitcr
712 3938 851 3990 esse,
881 3939 984 3979 non
1014 3924 1208 3979 sinitur
1231 3939 1443 3996 semper
1471 3940 1809 3997 permanere.
1838 3926 2070 3982 Necesse

492 4018 709 4088 quidem
757 4026 840 4072 est
881 4016 947 4071 ad
998 4016 1158 4073 finem
1188 4033 1431 4089 vergere,
1459 4017 1514 4073 in
1546 4034 1654 4089 quo
1675 4018 1902 4091 cogitur,
1926 4019 2068 4090 quod

494 4117 736 4177 tempore
766 4105 952 4176 incipit
981 4121 1124 4172 esse,
1152 4107 1348 4177 perire.
1379 4107 1443 4162 Et
1481 4122 1641 4163 nemo
1678 4107 1957 4174 aestimet,
1986 4122 2072 4162 me

481 4198 632 4254 .velle
658 4198 887 4253 suadere
915 4196 1142 4252 reditum
1171 4195 1236 4251 ad
1275 4197 1500 4253 nihilum
1526 4211 1734 4262 eorum,
1764 4211 1902 4267 quae
1930 4206 2068 4251 tem-

474 4290 754 4359 iporaliter
792 4304 860 4345 ex
908 4289 1135 4344 materia
1182 4303 1279 4357 per
1321 4288 1723 4360 generationem
1766 4287 1821 4342 in
1874 4287 2072 4341 mundo

494 4382 664 4449 fiunt;
690 4382 792 4437 hoc
818 4380 960 4437 enim
999 4394 1267 4434 summum
1300 4380 1455 4434 fleret
1478 4376 1698 4433 malum.
1738 4375 2071 4432 Solutionem

494 4486 626 4527 vero
651 4486 838 4526 eorum
878 4470 930 4524 in
974 4462 1058 4533 ea,
1104 4485 1168 4524 ex
1214 4468 1410 4539 quibus
1461 4475 1872 4538 componuntur,
1919 4474 1975 4519 et
2017 4466 2070 4519 in

497 4561 693 4630 quibus
730 4560 1055 4623 subsistunt,
1086 4559 1223 4614 dico.
1272 4556 1405 4613 Nam
1449 4566 1505 4613 et
1555 4558 1789 4615 humana
1842 4570 2069 4626 corpora

500 4658 908 4718 ceterorumque
956 4648 1301 4715 animalium,
1346 4648 1473 4702 dum
1524 4647 1847 4709 solvuntur,
1893 4647 2070 4716 perire

502 4736 784 4803 dieuntnr;
821 4753 925 4793 non
958 4746 1132 4793 tamen
1156 4738 1231 4793 ad
1249 4737 1473 4793 nihilum
1499 4738 1837 4809 rediguntur,
1869 4739 1962 4794 sed
2013 4739 2068 4792 in

499 4829 761 4885 catholica
787 4828 1053 4884 elementa
1083 4838 1428 4885 revertuntur
1455 4831 1521 4886 ⁸⁸.
1548 4830 1618 4885 Et
1661 4833 1763 4886 hoc
1806 4833 2070 4902 generali-

503 4934 586 4975 ter
610 4920 677 4976 de
703 4920 1052 4976 universitate
1081 4922 1239 4993 hujus
1267 4922 1449 4978 mundi
1474 4922 1699 4979 visibilis
1734 4924 2067 4994 intelligitur.

430 5082 433 5091 _
499 5011 611 5066 Nec
646 5011 956 5081 incongrue.
1010 5009 1145 5065 Nam
1187 5011 1441 5081 quoniam
1473 5012 1815 5082 .principium
1856 5015 2068 5070 essendi

493 5103 722 5175 accepit,
751 5104 1017 5160 essentiae
1038 5118 1168 5159 suae
1192 5105 1483 5160 terminum
1519 5104 1896 5160 inevitabiliter
1919 5122 2071 5162 acce‘

498 5203 689 5264 pturus
714 5203 814 5250 est.
850 5192 1001 5250 Sicut
1036 5196 1175 5250 enim
1213 5196 1250 5226 “
1289 5203 1426 5261 erat,
1455 5195 1670 5265 quando
1693 5212 1796 5251 non
1832 5205 1971 5262 erat,
1998 5197 2069 5251 ita

442 5312 445 5317 -
502 5284 626 5350 erit,
652 5284 866 5354 quando
923 5303 1028 5340 non
1092 5288 1211 5345 erit,
1266 5283 1548 5346 Psalntista
1621 5294 1849 5341 testante
1897 5293 2070 5340 aeter-

2163 3292 2424 3364 subjecta,
2451 3307 2592 3362 quae
2617 3307 2816 3361 negare
2856 3290 2901 3331 ι⁸
2939 3305 3042 3346 non
3066 3298 3294 3360 possunt
3319 3287 3589 3360 peritura;
3620 3298 3738 3342 cae-

2163 3384 2274 3441 lum
2297 3398 2426 3439 vero
2451 3398 2574 3440 cum
2619 3382 2733 3437 suis
2768 3381 3037 3437 sideribus
3079 3394 3293 3449 semper
3332 3378 3467 3441 fore,
3492 3377 3609 3433 sive
3646 3389 3741 3430 vo-

2163 3474 2327 3531 lubile
2347 3474 2437 3540 sit,
2464 3473 2578 3529 sive
2609 3472 2810 3527 moveri
2839 3471 3068 3527 desinat.
3092 3470 3149 3525 In
3171 3470 3274 3525 hoc
3298 3483 3528 3538 namque
3549 3482 3734 3522 senm

2165 3581 2352 3623 eorum
2410 3564 2667 3629 variatur,
2710 3563 3029 3633 quihusdam
3091 3560 3485 3615 affirmantibus
3538 3567 3731 3614 statum

2166 3656 2504 3716 mutabilium
2568 3656 2806 3711 futurum
2831 3696 2846 3722 ,
2895 3655 3218 3725 quibusdam
3273 3666 3401 3707 vero
3445 3649 3734 3706 naturalem

2167 3757 2371 3804 motum
2429 3746 2819 3803 elementorum
2862 3758 3076 3812 semper
3116 3758 3222 3797 non
3263 3749 3621 3798 cessaturum.
3664 3737 3741 3793 Illi

2168 3837 2385 3909 quidem
2412 3845 2706 3906 sequentes
2729 3834 2871 3906 quod
2923 3834 3183 3905 scriptum
3226 3840 3310 3888 est
3334 3849 3348 3886 :
3380 3830 3553 3885 Erunt
3575 3830 3739 3884 omnia

2167 3929 2366 4000 quieta,
2394 3936 2451 3987 et
2480 3927 2583 3983 hoc
2603 3926 2671 3982 de
2696 3934 2841 3982 statu
2862 3923 3202 3980 mutabilium
3234 3923 3624 3993 intelligentes;
3668 3916 3739 3971 illi

2169 4033 2329 4075 vero:
2347 4016 2664 4074 Contentum
2683 4017 2816 4072 caeli
2834 4018 2951 4088 quis
2970 4016 3200 4070 dormire
3222 4014 3420 4084 faciet?
3442 4013 3511 4067 de
3532 4020 3741 4066 aeterno

2171 4111 2509 4168 mutabilium
2536 4118 2683 4166 motu
2706 4110 2908 4165 dictum
2936 4123 3058 4165 esse
3078 4107 3423 4177 accipientes.
3455 4100 3740 4159 Harmonia

2169 4203 2436 4274 siquidem
2466 4202 2714 4259 caelestis
2730 4204 2848 4257 sine
2868 4209 3014 4256 motu
3037 4198 3320 4255 aethereae
3343 4196 3608 4266 sphaerae
3631 4205 3747 4245 om-

2172 4295 2426 4362 niumque
2451 4292 2687 4348 siderum
2713 4291 2985 4361 quomodo
3023 4288 3225 4360 peterit
3266 4285 3578 4348 concinere,
3620 4292 3741 4335 cum

2172 4384 2375 4440 musica
2397 4382 2686 4452 semperin
2721 4389 2868 4438 motu
2904 4381 2999 4446 sit,
3038 4376 3489 4451 quemadmodum
3535 4385 3743 4445 geome-

2175 4473 2275 4528 tria
2298 4474 2351 4529 in
2381 4472 2564 4528 statu?
2603 4471 2901 4527 Terrenam
2929 4484 3142 4540 quoque
3187 4467 3379 4522 molem
3424 4480 3579 4519 suam
3625 4474 3744 4532 pro-

2174 4564 2347 4636 priam
2378 4562 2734 4632 quantitatem
2775 4575 2988 4630 semper
3033 4558 3340 4614 habituram
3387 4553 3742 4608 indubitanter

2175 4652 2465 4718 afﬁrmant,
2494 4661 2783 4722 sequentes
2821 4649 2964 4722 quod
3011 4648 3272 4718 scriptum
3315 4653 3400 4699 cst
3431 4658 3446 4696 :
3475 4637 3738 4697 Geueretio

2174 4742 2329 4811 venit,
2359 4742 2622 4812 generatio
2644 4741 2783 4794 vadit
2808 4780 2827 4804 ,
2854 4749 2993 4792 terra
3027 4752 3145 4791 vero
3199 4735 3253 4788 in
3301 4744 3572 4787 aeternum
3616 4734 3738 4787 stat.

2174 4845 2239 4886 eo
2267 4840 2493 4899 excepto
2518 4830 2588 4895 ⁸⁸,
2613 4830 2756 4898 quod
2782 4826 3098 4898 superficies
3126 4823 3243 4894 ejus
3282 4823 3519 4891 undique
3565 4819 3714 4891 plana

2174 4922 2339 4985 bitur,
2374 4930 2431 4975 ut
2477 4921 2773 4991 pulchrior,
2818 4934 2980 4990 quam
3020 4933 3165 4973 nunc
3213 4924 3315 4978 est,
3361 4913 3739 4974 eﬂiciatur,ac

2175 5011 2338 5065 veluti
2381 5026 2517 5065 nova
2553 5011 2784 5081 quadam
2808 5009 3043 5080 partium
3094 5005 3422 5077 aequalitate
3467 5008 3738 5060 renovata.

2176 5119 2282 5158 non
2315 5112 2374 5157 ut
2420 5102 2673 5167 intereat,
2702 5102 2843 5171 quod
2888 5116 3033 5156 nunc
3073 5109 3172 5162 est,
3202 5098 3295 5155 sed
3335 5108 3397 5153 ut
3442 5104 3641 5152 mutata
3684 5091 3739 5145 in

2176 5191 2368 5247 melius
2394 5192 2670 5262 quantitas
2698 5191 2814 5261 ejus
2842 5200 2897 5246 et
2921 5190 3218 5261 aequalitas
3237 5196 3571 5258 permaneat.
3590 5180 3741 5250 Quod

2176 5285 2340 5338 etiam
2366 5283 2431 5338 de
2459 5281 2608 5337 caelo
2634 5283 2816 5337 volunt
2844 5281 3090 5352 intelligi,
3137 5282 3239 5335 hoc
3286 5288 3394 5343 est,
3441 5277 3580 5347 quod
3625 5273 3740 5342 ejus

1772 5433 2024 5489 VABIAE
2060 5427 2458 5489 LECTIONES.

1546 5547 1732 5603 Ἀρι.

572 5545 594 5581 ⁸
614 5538 961 5618 ϐλρενυςηὶη.
995 5616 1001 5618 Α
1035 5548 1058 5579 ⁸
1088 5544 1130 5602 C
1159 5558 1465 5618 temporum.

1144 5617 1190 5649 ⁸⁸
1220 5616 1270 5669 Αή
1307 5626 1634 5671 revertuntur
1676 5616 1947 5677 elementa.

506 5627 643 5685 rero.
680 5616 683 5617 ⁷
744 5620 765 5650 ⁸
862 5616 1023 5685 quod,

505 5682 671 5759 ditare
690 5679 1082 5759 proclamante;
1110 5685 1151 5741 C
1174 5696 1440 5759 aeternum
1463 5702 1634 5740 rerum
1647 5686 1964 5759 conditorem
1982 5683 2334 5757 proclamans.
2392 5685 2455 5759 ⁸⁸
2475 5683 2895 5759 jnquitnom.‘
2957 5684 2999 5723 ³⁸
3026 5694 3073 5736 et
3095 5697 3204 5759 om.
3230 5679 3293 5737 C.

500 5751 631 5803 uici.
707 5751 812 5805 "A
850 5754 989 5820 [acta
1013 5767 1152 5809 sunt.
1228 5756 1271 5787 ⁸⁸
1301 5755 1341 5807 Α
1370 5770 1692 5814 permanere.
1764 5753 1813 5794 ³⁸
1845 5755 1893 5808 Δ
1944 5751 2311 5826 permansura.

1821 5548 1844 5576 ⁸
1866 5547 1909 5599 Α
1939 5546 2284 5616 processione.

2077 5617 2119 5650 “
2171 5616 2307 5667 enim
2350 5628 2459 5667 om.
2504 5614 2566 5667 C.

2898 5543 2920 5575 ⁸
2945 5543 2986 5598 C
3020 5545 3146 5598 haec
3168 5558 3309 5595 nam.
3386 5544 3405 5574 "
3440 5542 3479 5596 A
3510 5552 3573 5595 et.
3640 5539 3666 5571 ⁸
3694 5538 3740 5591 Α

2677 5616 2721 5650 ³⁸
2759 5613 2936 5675 Corn,
2977 5614 3019 5666 Α
3066 5623 3375 5682 aeternoque
3415 5627 3582 5665 rerum
3618 5624 3745 5662 con-

2679 5698 2786 5735 om.
2817 5683 2876 5735 C.
2957 5684 2999 5723 t‘
3026 5694 3073 5735 et
3095 5697 3204 5735 om.
3230 5679 3293 5735 C.
3391 5682 3438 5717 ⁸⁸
3468 5681 3743 5735 Altam-

2380 5543 2404 5575 ³
2426 5544 2469 5597 Δ
2492 5555 2716 5612 tempore
2739 5554 2806 5597 et.

2388 5752 2431 5786 ⁸⁹
2472 5751 2568 5808 εἰσ
2602 5751 2712 5809 AC.
2785 5752 2832 5785 ⁸⁸
2867 5756 2912 5805 Δ
2934 5751 3188 5821 “erupto.
