  <div class='ocr_page' id='page_1' title='image "/cluster/home/n/w/nwhite01/storage/ocr_20150623/122/hvd.32044054759840/362.png"; bbox 0 0 3912 6154; ppageno 0'>
   <div class='ocr_carea' id='block_1_1' title="bbox 288 218 391 275">
    <p class='ocr_par' dir='ltr' id='par_1_1' title="bbox 288 218 391 275">
     <span class='ocr_line' id='line_1_1' title="bbox 288 218 391 275; baseline 0 -1"><span class='ocrx_word' id='word_1_1' title='bbox 288 218 391 275; x_wconf 69' lang='grc' dir='ltr'><strong>διε)</strong></span> 
     </span>
    </p>
   </div>
   <div class='ocr_carea' id='block_1_2' title="bbox 1142 208 2690 274">
    <p class='ocr_par' dir='ltr' id='par_1_2' title="bbox 1142 208 2690 274">
     <span class='ocr_line' id='line_1_2' title="bbox 1142 208 2690 274; baseline -0.003 -3"><span class='ocrx_word' id='word_1_2' title='bbox 1142 216 1228 272; x_wconf 86' lang='lat' dir='ltr'><strong>DE</strong></span> <span class='ocrx_word' id='word_1_3' title='bbox 1269 216 1605 274; x_wconf 74' lang='lat' dir='ltr'><strong>DIVISIONE</strong></span> <span class='ocrx_word' id='word_1_4' title='bbox 1641 216 1986 274; x_wconf 61' lang='lat' dir='ltr'><strong>NA&#39;l’UllAE.</strong></span> <span class='ocrx_word' id='word_1_5' title='bbox 2027 246 2098 255; x_wconf 89' lang='lat'><strong><em>—</em></strong></span> <span class='ocrx_word' id='word_1_6' title='bbox 2135 213 2335 270; x_wconf 72' lang='grc' dir='ltr'><strong>ΗΒΕῙί</strong></span> <span class='ocrx_word' id='word_1_7' title='bbox 2377 208 2690 271; x_wconf 74' lang='lat' dir='ltr'><strong>TERTIUS.</strong></span> 
     </span>
    </p>
   </div>
   <div class='ocr_carea' id='block_1_3' title="bbox 3436 212 3549 268">
    <p class='ocr_par' dir='ltr' id='par_1_3' title="bbox 3436 212 3549 268">
     <span class='ocr_line' id='line_1_3' title="bbox 3436 212 3549 268; baseline -0.009 0"><span class='ocrx_word' id='word_1_8' title='bbox 3436 212 3549 268; x_wconf 57' lang='lat' dir='ltr'><strong>65W</strong></span> 
     </span>
    </p>
   </div>
   <div class='ocr_carea' id='block_1_4' title="bbox 288 319 3545 400">
    <p class='ocr_par' dir='ltr' id='par_1_4' title="bbox 288 319 3545 400">
     <span class='ocr_line' id='line_1_4' title="bbox 288 319 3545 400; baseline 0 -17"><span class='ocrx_word' id='word_1_9' title='bbox 288 328 653 400; x_wconf 71' lang='lat' dir='ltr'><strong>pulchritudo,</strong></span> <span class='ocrx_word' id='word_1_10' title='bbox 681 328 732 383; x_wconf 92' lang='lat' dir='ltr'><strong>in</strong></span> <span class='ocrx_word' id='word_1_11' title='bbox 755 344 859 399; x_wconf 87' lang='lat' dir='ltr'><strong>qua</strong></span> <span class='ocrx_word' id='word_1_12' title='bbox 890 343 1029 383; x_wconf 90' lang='lat' dir='ltr'><strong>nunc</strong></span> <span class='ocrx_word' id='word_1_13' title='bbox 1054 330 1301 389; x_wconf 88' lang='lat' dir='ltr'><strong>sensibus</strong></span> <span class='ocrx_word' id='word_1_14' title='bbox 1329 330 1601 400; x_wconf 83' lang='lat' dir='ltr'><strong>corporeis</strong></span> <span class='ocrx_word' id='word_1_15' title='bbox 1631 329 1854 394; x_wconf 77' lang='lat' dir='ltr'><strong>arridet,</strong></span> <span class='ocrx_word' id='word_1_16' title='bbox 1887 340 1929 397; x_wconf 69' lang='grc' dir='ltr'><strong>Α</strong></span> <span class='ocrx_word' id='word_1_17' title='bbox 1960 332 2267 384; x_wconf 82' lang='lat' dir='ltr'><strong>sanetorbm</strong></span> <span class='ocrx_word' id='word_1_18' title='bbox 2311 327 2529 382; x_wconf 85' lang='lat' dir='ltr'><strong>Patrum</strong></span> <span class='ocrx_word' id='word_1_19' title='bbox 2560 326 2783 398; x_wconf 87' lang='lat' dir='ltr'><strong>vestigia</strong></span> <span class='ocrx_word' id='word_1_20' title='bbox 2828 319 3077 394; x_wconf 82' lang='lat' dir='ltr'><strong>sequens,</strong></span> <span class='ocrx_word' id='word_1_21' title='bbox 3131 326 3292 382; x_wconf 80' lang='lat' dir='ltr'><strong>divini</strong></span> <span class='ocrx_word' id='word_1_22' title='bbox 3321 330 3545 384; x_wconf 84' lang='lat' dir='ltr'><strong>luminis</strong></span> 
     </span>
    </p>
   </div>
   <div class='ocr_carea' id='block_1_5' title="bbox 285 418 1862 490">
    <p class='ocr_par' dir='ltr' id='par_1_5' title="bbox 285 418 1862 490">
     <span class='ocr_line' id='line_1_5' title="bbox 285 418 1862 490; baseline -0.002 -15"><span class='ocrx_word' id='word_1_23' title='bbox 285 438 338 475; x_wconf 83' lang='grc' dir='ltr'><strong>ιιι</strong></span> <span class='ocrx_word' id='word_1_24' title='bbox 387 421 493 476; x_wconf 83' lang='lat' dir='ltr'><strong>line</strong></span> <span class='ocrx_word' id='word_1_25' title='bbox 534 421 720 475; x_wconf 89' lang='lat' dir='ltr'><strong>mundi</strong></span> <span class='ocrx_word' id='word_1_26' title='bbox 751 418 1110 474; x_wconf 89' lang='lat' dir='ltr'><strong>cumulabitur</strong></span> <span class='ocrx_word' id='word_1_27' title='bbox 1149 421 1163 451; x_wconf 82' lang='grc'>¹</span> <span class='ocrx_word' id='word_1_28' title='bbox 1208 419 1411 489; x_wconf 85' lang='lat' dir='ltr'><strong>absque</strong></span> <span class='ocrx_word' id='word_1_29' title='bbox 1461 419 1566 474; x_wconf 92' lang='lat' dir='ltr'><strong>ullo</strong></span> <span class='ocrx_word' id='word_1_30' title='bbox 1616 419 1862 490; x_wconf 88' lang='lat' dir='ltr'><strong>globatae</strong></span> 
     </span>
    </p>
   </div>
   <div class='ocr_carea' id='block_1_6' title="bbox 284 506 1860 583">
    <p class='ocr_par' dir='ltr' id='par_1_6' title="bbox 284 506 1860 583">
     <span class='ocr_line' id='line_1_6' title="bbox 284 506 1860 583; baseline -0.003 -15"><span class='ocrx_word' id='word_1_31' title='bbox 284 528 415 568; x_wconf 87' lang='lat' dir='ltr'><strong>suae</strong></span> <span class='ocrx_word' id='word_1_32' title='bbox 441 513 645 583; x_wconf 87' lang='lat' dir='ltr'><strong>tigurae</strong></span> <span class='ocrx_word' id='word_1_33' title='bbox 675 506 1030 582; x_wconf 88' lang='lat' dir='ltr'><strong>stellataeque</strong></span> <span class='ocrx_word' id='word_1_34' title='bbox 1056 513 1299 580; x_wconf 91' lang='lat' dir='ltr'><strong>picturae</strong></span> <span class='ocrx_word' id='word_1_35' title='bbox 1325 511 1580 577; x_wconf 90' lang='lat' dir='ltr'><strong>interitu,</strong></span> <span class='ocrx_word' id='word_1_36' title='bbox 1607 511 1860 580; x_wconf 91' lang='lat' dir='ltr'><strong>quoniam</strong></span> 
     </span>
    </p>
   </div>
   <div class='ocr_carea' id='block_1_7' title="bbox 284 599 1863 671">
    <p class='ocr_par' dir='ltr' id='par_1_7' title="bbox 284 599 1863 671">
     <span class='ocr_line' id='line_1_7' title="bbox 284 599 1863 671; baseline -0.004 -14"><span class='ocrx_word' id='word_1_37' title='bbox 284 603 546 671; x_wconf 86' lang='lat' dir='ltr'><strong>scriptum</strong></span> <span class='ocrx_word' id='word_1_38' title='bbox 572 611 675 665; x_wconf 85' lang='lat' dir='ltr'><strong>est,</strong></span> <span class='ocrx_word' id='word_1_39' title='bbox 703 611 759 655; x_wconf 90' lang='lat' dir='ltr'><strong>ut</strong></span> <span class='ocrx_word' id='word_1_40' title='bbox 787 602 971 656; x_wconf 88' lang='lat' dir='ltr'><strong>aiunt:</strong></span> <span class='ocrx_word' id='word_1_41' title='bbox 1003 599 1121 654; x_wconf 85' lang='lat' dir='ltr'><strong>Erit</strong></span> <span class='ocrx_word' id='word_1_42' title='bbox 1149 600 1351 655; x_wconf 85' lang='lat' dir='ltr'><strong>caelum</strong></span> <span class='ocrx_word' id='word_1_43' title='bbox 1401 616 1587 654; x_wconf 81' lang='lat' dir='ltr'><strong>novum</strong></span> <span class='ocrx_word' id='word_1_44' title='bbox 1629 609 1677 653; x_wconf 86' lang='lat' dir='ltr'><strong>et</strong></span> <span class='ocrx_word' id='word_1_45' title='bbox 1722 609 1863 653; x_wconf 87' lang='lat' dir='ltr'><strong>terra</strong></span> 
     </span>
    </p>
   </div>
   <div class='ocr_carea' id='block_1_8' title="bbox 285 691 1865 763">
    <p class='ocr_par' dir='ltr' id='par_1_8' title="bbox 285 691 1865 763">
     <span class='ocr_line' id='line_1_8' title="bbox 285 691 1865 763; baseline -0.004 -14"><span class='ocrx_word' id='word_1_46' title='bbox 285 712 441 750; x_wconf 73' lang='lat' dir='ltr'><strong>nova.</strong></span> <span class='ocrx_word' id='word_1_47' title='bbox 470 694 662 750; x_wconf 85' lang='lat' dir='ltr'><strong>Caelos</strong></span> <span class='ocrx_word' id='word_1_48' title='bbox 687 703 866 749; x_wconf 86' lang='lat' dir='ltr'><strong>autem</strong></span> <span class='ocrx_word' id='word_1_49' title='bbox 914 693 1334 763; x_wconf 87' lang='lat' dir='ltr'><strong>perituros&#39;non</strong></span> <span class='ocrx_word' id='word_1_50' title='bbox 1383 692 1451 746; x_wconf 91' lang='lat' dir='ltr'><strong>de</strong></span> <span class='ocrx_word' id='word_1_51' title='bbox 1499 691 1865 762; x_wconf 88' lang='lat' dir='ltr'><strong>superioribus</strong></span> 
     </span>
    </p>
   </div>
   <div class='ocr_carea' id='block_1_9' title="bbox 285 779 1864 855">
    <p class='ocr_par' dir='ltr' id='par_1_9' title="bbox 285 779 1864 855">
     <span class='ocr_line' id='line_1_9' title="bbox 285 779 1864 855; baseline -0.004 -15"><span class='ocrx_word' id='word_1_52' title='bbox 285 786 476 841; x_wconf 90' lang='lat' dir='ltr'><strong>mundi</strong></span> <span class='ocrx_word' id='word_1_53' title='bbox 518 785 787 855; x_wconf 87' lang='lat' dir='ltr'><strong>partibus,</strong></span> <span class='ocrx_word' id='word_1_54' title='bbox 820 800 1005 840; x_wconf 86' lang='lat' dir='ltr'><strong>verum</strong></span> <span class='ocrx_word' id='word_1_55' title='bbox 1048 783 1117 840; x_wconf 91' lang='lat' dir='ltr'><strong>de</strong></span> <span class='ocrx_word' id='word_1_56' title='bbox 1157 784 1348 854; x_wconf 90' lang='lat' dir='ltr'><strong>spatiis</strong></span> <span class='ocrx_word' id='word_1_57' title='bbox 1372 781 1533 851; x_wconf 84' lang='lat' dir='ltr'><strong>hujus</strong></span> <span class='ocrx_word' id='word_1_58' title='bbox 1562 782 1701 836; x_wconf 87' lang='lat' dir='ltr'><strong>aeris</strong></span> <span class='ocrx_word' id='word_1_59' title='bbox 1728 779 1864 834; x_wconf 86' lang='lat' dir='ltr'><strong>infra</strong></span> 
     </span>
    </p>
   </div>
   <div class='ocr_carea' id='block_1_10' title="bbox 283 871 1864 946">
    <p class='ocr_par' dir='ltr' id='par_1_10' title="bbox 283 871 1864 946">
     <span class='ocr_line' id='line_1_10' title="bbox 283 871 1864 946; baseline -0.004 -17"><span class='ocrx_word' id='word_1_60' title='bbox 283 874 472 930; x_wconf 85' lang='lat' dir='ltr'><strong>lunam</strong></span> <span class='ocrx_word' id='word_1_61' title='bbox 504 876 903 946; x_wconf 87' lang='lat' dir='ltr'><strong>intelligunt,ut</strong></span> <span class='ocrx_word' id='word_1_62' title='bbox 928 874 1376 944; x_wconf 82' lang='lat' dir='ltr'><strong>quemadmodum</strong></span> <span class='ocrx_word' id='word_1_63' title='bbox 1400 872 1454 926; x_wconf 90' lang='lat' dir='ltr'><strong>in</strong></span> <span class='ocrx_word' id='word_1_64' title='bbox 1481 871 1681 927; x_wconf 85' lang='lat' dir='ltr'><strong>diluvio</strong></span> <span class='ocrx_word' id='word_1_65' title='bbox 1709 884 1864 923; x_wconf 86' lang='lat' dir='ltr'><strong>versa</strong></span> 
     </span>
    </p>
   </div>
   <div class='ocr_carea' id='block_1_11' title="bbox 282 957 1865 1035">
    <p class='ocr_par' dir='ltr' id='par_1_11' title="bbox 282 957 1865 1035">
     <span class='ocr_line' id='line_1_11' title="bbox 282 957 1865 1035; baseline -0.007 -14"><span class='ocrx_word' id='word_1_66' title='bbox 282 975 411 1022; x_wconf 88' lang='lat' dir='ltr'><strong>sunt</strong></span> <span class='ocrx_word' id='word_1_67' title='bbox 440 967 494 1020; x_wconf 90' lang='lat' dir='ltr'><strong>in</strong></span> <span class='ocrx_word' id='word_1_68' title='bbox 511 981 727 1035; x_wconf 88' lang='lat' dir='ltr'><strong>aquam,</strong></span> <span class='ocrx_word' id='word_1_69' title='bbox 756 967 827 1020; x_wconf 90' lang='lat' dir='ltr'><strong>ita</strong></span> <span class='ocrx_word' id='word_1_70' title='bbox 852 966 906 1020; x_wconf 90' lang='lat' dir='ltr'><strong>in</strong></span> <span class='ocrx_word' id='word_1_71' title='bbox 928 966 949 996; x_wconf 79' lang='lat'>&#39;</span> <span class='ocrx_word' id='word_1_72' title='bbox 970 965 1152 1019; x_wconf 92' lang='lat' dir='ltr'><strong>mundi</strong></span> <span class='ocrx_word' id='word_1_73' title='bbox 1177 963 1282 1019; x_wconf 80' lang='lat' dir='ltr'><strong>(ine</strong></span> <span class='ocrx_word' id='word_1_74' title='bbox 1300 970 1582 1018; x_wconf 77' lang='lat' dir='ltr'><strong>vertantur</strong></span> <span class='ocrx_word' id='word_1_75' title='bbox 1600 960 1621 991; x_wconf 84' lang='grc'><strong><em>³</em></strong></span> <span class='ocrx_word' id='word_1_76' title='bbox 1644 960 1696 1014; x_wconf 93' lang='lat' dir='ltr'><strong>in</strong></span> <span class='ocrx_word' id='word_1_77' title='bbox 1711 957 1865 1012; x_wconf 65' lang='lat' dir='ltr'><strong>llam-</strong></span> 
     </span>
    </p>
   </div>
   <div class='ocr_carea' id='block_1_12' title="bbox 289 1051 1868 1122">
    <p class='ocr_par' dir='ltr' id='par_1_12' title="bbox 289 1051 1868 1122">
     <span class='ocr_line' id='line_1_12' title="bbox 289 1051 1868 1122; baseline -0.006 -10"><span class='ocrx_word' id='word_1_78' title='bbox 289 1074 431 1113; x_wconf 83' lang='lat' dir='ltr'><strong>mam</strong></span> <span class='ocrx_word' id='word_1_79' title='bbox 460 1074 478 1122; x_wconf 85' lang='lat'>;</span> <span class='ocrx_word' id='word_1_80' title='bbox 513 1058 754 1112; x_wconf 90' lang='lat' dir='ltr'><strong>omnium</strong></span> <span class='ocrx_word' id='word_1_81' title='bbox 785 1071 915 1111; x_wconf 90' lang='lat' dir='ltr'><strong>vero</strong></span> <span class='ocrx_word' id='word_1_82' title='bbox 944 1054 1258 1109; x_wconf 84' lang='lat' dir='ltr'><strong>animalium</strong></span> <span class='ocrx_word' id='word_1_83' title='bbox 1306 1061 1361 1108; x_wconf 90' lang='lat' dir='ltr'><strong>et</strong></span> <span class='ocrx_word' id='word_1_84' title='bbox 1407 1051 1660 1106; x_wconf 89' lang='lat' dir='ltr'><strong>fruticum</strong></span> <span class='ocrx_word' id='word_1_85' title='bbox 1709 1051 1868 1103; x_wconf 89' lang='lat' dir='ltr'><strong>arbo-</strong></span> 
     </span>
    </p>
   </div>
   <div class='ocr_carea' id='block_1_13' title="bbox 283 1143 1869 1220">
    <p class='ocr_par' dir='ltr' id='par_1_13' title="bbox 283 1143 1869 1220">
     <span class='ocr_line' id='line_1_13' title="bbox 283 1143 1869 1220; baseline -0.008 -16"><span class='ocrx_word' id='word_1_86' title='bbox 283 1165 509 1218; x_wconf 80' lang='lat' dir='ltr'><strong>rumque</strong></span> <span class='ocrx_word' id='word_1_87' title='bbox 539 1148 942 1220; x_wconf 77' lang='lat' dir='ltr'><strong>generationem</strong></span> <span class='ocrx_word' id='word_1_88' title='bbox 975 1146 997 1177; x_wconf 69' lang='lat'><strong>‘</strong></span> <span class='ocrx_word' id='word_1_89' title='bbox 1020 1154 1075 1201; x_wconf 90' lang='lat' dir='ltr'><strong>et</strong></span> <span class='ocrx_word' id='word_1_90' title='bbox 1109 1146 1438 1201; x_wconf 90' lang='lat' dir='ltr'><strong>incrementa</strong></span> <span class='ocrx_word' id='word_1_91' title='bbox 1459 1143 1869 1199; x_wconf 86' lang='lat' dir='ltr'><strong>etdecremcnta</strong></span> 
     </span>
    </p>
   </div>
   <div class='ocr_carea' id='block_1_14' title="bbox 282 1233 1866 1309">
    <p class='ocr_par' dir='ltr' id='par_1_14' title="bbox 282 1233 1866 1309">
     <span class='ocr_line' id='line_1_14' title="bbox 282 1233 1866 1309; baseline -0.006 -14"><span class='ocrx_word' id='word_1_92' title='bbox 282 1248 620 1305; x_wconf 85' lang='lat' dir='ltr'><strong>cunctorum,</strong></span> <span class='ocrx_word' id='word_1_93' title='bbox 648 1253 787 1309; x_wconf 90' lang='lat' dir='ltr'><strong>quae</strong></span> <span class='ocrx_word' id='word_1_94' title='bbox 822 1238 963 1292; x_wconf 86' lang='lat' dir='ltr'><strong>intra</strong></span> <span class='ocrx_word' id='word_1_95' title='bbox 1004 1235 1267 1291; x_wconf 82' lang='lat' dir='ltr'><strong>circulum</strong></span> <span class='ocrx_word' id='word_1_96' title='bbox 1303 1235 1461 1290; x_wconf 90' lang='lat' dir='ltr'><strong>lunae</strong></span> <span class='ocrx_word' id='word_1_97' title='bbox 1502 1233 1866 1299; x_wconf 90' lang='lat' dir='ltr'><strong>continentur,</strong></span> 
     </span>
    </p>
   </div>
   <div class='ocr_carea' id='block_1_15' title="bbox 284 1326 1868 1391">
    <p class='ocr_par' dir='ltr' id='par_1_15' title="bbox 284 1326 1868 1391">
     <span class='ocr_line' id='line_1_15' title="bbox 284 1326 1868 1391; baseline -0.004 -10"><span class='ocrx_word' id='word_1_98' title='bbox 284 1329 714 1383; x_wconf 73' lang='lat' dir='ltr'><strong>vicissitudinem</strong></span> <span class='ocrx_word' id='word_1_99' title='bbox 744 1335 1077 1383; x_wconf 87' lang='lat' dir='ltr'><strong>cessaturam</strong></span> <span class='ocrx_word' id='word_1_100' title='bbox 1105 1341 1211 1381; x_wconf 90' lang='lat' dir='ltr'><strong>non</strong></span> <span class='ocrx_word' id='word_1_101' title='bbox 1240 1326 1414 1381; x_wconf 91' lang='lat' dir='ltr'><strong>solum</strong></span> <span class='ocrx_word' id='word_1_102' title='bbox 1441 1340 1546 1379; x_wconf 91' lang='lat' dir='ltr'><strong>non</strong></span> <span class='ocrx_word' id='word_1_103' title='bbox 1575 1326 1868 1391; x_wconf 78' lang='lat' dir='ltr'><strong>denegant,</strong></span> 
     </span>
    </p>
   </div>
   <div class='ocr_carea' id='block_1_16' title="bbox 287 1414 1869 1495">
    <p class='ocr_par' dir='ltr' id='par_1_16' title="bbox 287 1414 1869 1495">
     <span class='ocr_line' id='line_1_16' title="bbox 287 1414 1869 1495; baseline -0.003 -23"><span class='ocrx_word' id='word_1_104' title='bbox 287 1437 472 1476; x_wconf 75' lang='lat' dir='ltr'><strong>rerum</strong></span> <span class='ocrx_word' id='word_1_105' title='bbox 501 1422 665 1477; x_wconf 89' lang='lat' dir='ltr'><strong>etiam</strong></span> <span class='ocrx_word' id='word_1_106' title='bbox 694 1419 981 1473; x_wconf 82' lang='lat' dir='ltr'><strong>allirmant.</strong></span> <span class='ocrx_word' id='word_1_107' title='bbox 1014 1417 1199 1495; x_wconf 87' lang='lat' dir='ltr'><strong>Spatia</strong></span> <span class='ocrx_word' id='word_1_108' title='bbox 1234 1417 1361 1472; x_wconf 90' lang='lat' dir='ltr'><strong>item</strong></span> <span class='ocrx_word' id='word_1_109' title='bbox 1388 1416 1530 1471; x_wconf 89' lang='lat' dir='ltr'><strong>aeris</strong></span> <span class='ocrx_word' id='word_1_110' title='bbox 1557 1424 1612 1470; x_wconf 91' lang='lat' dir='ltr'><strong>et</strong></span> <span class='ocrx_word' id='word_1_111' title='bbox 1633 1414 1869 1470; x_wconf 87' lang='lat' dir='ltr'><strong>aetheris</strong></span> 
     </span>
    </p>
   </div>
   <div class='ocr_carea' id='block_1_17' title="bbox 282 1506 1869 1577">
    <p class='ocr_par' dir='ltr' id='par_1_17' title="bbox 282 1506 1869 1577">
     <span class='ocr_line' id='line_1_17' title="bbox 282 1506 1869 1577; baseline -0.003 -13"><span class='ocrx_word' id='word_1_112' title='bbox 282 1510 651 1566; x_wconf 71' lang='lat' dir='ltr'><strong>distribuenda</strong></span> <span class='ocrx_word' id='word_1_113' title='bbox 690 1509 802 1565; x_wconf 89' lang='lat' dir='ltr'><strong>fore</strong></span> <span class='ocrx_word' id='word_1_114' title='bbox 833 1510 1165 1563; x_wconf 84' lang='lat' dir='ltr'><strong>arbitrantur</strong></span> <span class='ocrx_word' id='word_1_115' title='bbox 1200 1528 1212 1562; x_wconf 91' lang='lat'><strong>:</strong></span> <span class='ocrx_word' id='word_1_116' title='bbox 1261 1508 1499 1563; x_wconf 89' lang='lat' dir='ltr'><strong>aetheris</strong></span> <span class='ocrx_word' id='word_1_117' title='bbox 1550 1506 1765 1577; x_wconf 88' lang='lat' dir='ltr'><strong>quidem</strong></span> <span class='ocrx_word' id='word_1_118' title='bbox 1817 1507 1869 1559; x_wconf 93' lang='lat' dir='ltr'><strong>in</strong></span> 
     </span>
    </p>
   </div>
   <div class='ocr_carea' id='block_1_18' title="bbox 284 1596 1867 1669">
    <p class='ocr_par' dir='ltr' id='par_1_18' title="bbox 284 1596 1867 1669">
     <span class='ocr_line' id='line_1_18' title="bbox 284 1596 1867 1669; baseline -0.004 -13"><span class='ocrx_word' id='word_1_119' title='bbox 284 1611 560 1656; x_wconf 80' lang='lat' dir='ltr'><strong>aeternam</strong></span> <span class='ocrx_word' id='word_1_120' title='bbox 589 1600 984 1669; x_wconf 78' lang='lat' dir='ltr'><strong>possessionem</strong></span> <span class='ocrx_word' id='word_1_121' title='bbox 1022 1600 1299 1655; x_wconf 83' lang='lat' dir='ltr'><strong>beatorum</strong></span> <span class='ocrx_word' id='word_1_122' title='bbox 1337 1597 1652 1669; x_wconf 80' lang='lat' dir='ltr'><strong>angelorum</strong></span> <span class='ocrx_word' id='word_1_123' title='bbox 1698 1596 1867 1651; x_wconf 88' lang='lat' dir='ltr'><strong>homi-</strong></span> 
     </span>
    </p>
   </div>
   <div class='ocr_carea' id='block_1_19' title="bbox 1965 419 3535 482">
    <p class='ocr_par' dir='ltr' id='par_1_19' title="bbox 1965 419 3535 482">
     <span class='ocr_line' id='line_1_19' title="bbox 1965 419 3535 482; baseline 0.004 -9"><span class='ocrx_word' id='word_1_124' title='bbox 1965 421 2114 475; x_wconf 89' lang='lat' dir='ltr'><strong>radio</strong></span> <span class='ocrx_word' id='word_1_125' title='bbox 2147 420 2214 476; x_wconf 89' lang='lat' dir='ltr'><strong>ab</strong></span> <span class='ocrx_word' id='word_1_126' title='bbox 2264 419 2539 476; x_wconf 90' lang='lat' dir='ltr'><strong>erroribus</strong></span> <span class='ocrx_word' id='word_1_127' title='bbox 2582 420 2717 477; x_wconf 83' lang='lat' dir='ltr'><strong>meis</strong></span> <span class='ocrx_word' id='word_1_128' title='bbox 2762 426 2817 473; x_wconf 89' lang='lat' dir='ltr'><strong>et</strong></span> <span class='ocrx_word' id='word_1_129' title='bbox 2861 419 3087 474; x_wconf 90' lang='lat' dir='ltr'><strong>aliorum</strong></span> <span class='ocrx_word' id='word_1_130' title='bbox 3117 436 3201 475; x_wconf 88' lang='lat' dir='ltr'><strong>me</strong></span> <span class='ocrx_word' id='word_1_131' title='bbox 3230 432 3535 482; x_wconf 88' lang='lat' dir='ltr'><strong>revocante.</strong></span> 
     </span>
    </p>
   </div>
   <div class='ocr_carea' id='block_1_20' title="bbox 1964 508 3540 579">
    <p class='ocr_par' dir='ltr' id='par_1_20' title="bbox 1964 508 3540 579">
     <span class='ocr_line' id='line_1_20' title="bbox 1964 508 3540 579; baseline 0.001 -15"><span class='ocrx_word' id='word_1_132' title='bbox 1964 511 2128 579; x_wconf 90' lang='lat' dir='ltr'><strong>inque</strong></span> <span class='ocrx_word' id='word_1_133' title='bbox 2160 512 2301 564; x_wconf 84' lang='lat' dir='ltr'><strong>viam</strong></span> <span class='ocrx_word' id='word_1_134' title='bbox 2332 519 2537 564; x_wconf 87' lang='lat' dir='ltr'><strong>rectam</strong></span> <span class='ocrx_word' id='word_1_135' title='bbox 2566 510 2814 571; x_wconf 86' lang='lat' dir='ltr'><strong>ducente,</strong></span> <span class='ocrx_word' id='word_1_136' title='bbox 2839 508 3111 577; x_wconf 89' lang='lat' dir='ltr'><strong>paululum</strong></span> <span class='ocrx_word' id='word_1_137' title='bbox 3142 510 3332 579; x_wconf 89' lang='lat' dir='ltr'><strong>pedem</strong></span> <span class='ocrx_word' id='word_1_138' title='bbox 3371 519 3540 567; x_wconf 87' lang='lat' dir='ltr'><strong>retra-</strong></span> 
     </span>
    </p>
   </div>
   <div class='ocr_carea' id='block_1_21' title="bbox 1964 591 3553 673">
    <p class='ocr_par' dir='ltr' id='par_1_21' title="bbox 1964 591 3553 673">
     <span class='ocr_line' id='line_1_21' title="bbox 1964 591 3553 673; baseline 0.002 -20"><span class='ocrx_word' id='word_1_139' title='bbox 1964 599 2055 654; x_wconf 89' lang='lat' dir='ltr'><strong>bo.</strong></span> <span class='ocrx_word' id='word_1_140' title='bbox 2086 591 2271 652; x_wconf 78' lang='lat' dir='ltr'><strong>Divina</strong></span> <span class='ocrx_word' id='word_1_141' title='bbox 2312 597 2575 666; x_wconf 90' lang='lat' dir='ltr'><strong>siquidem</strong></span> <span class='ocrx_word' id='word_1_142' title='bbox 2605 598 2887 653; x_wconf 84' lang='lat' dir='ltr'><strong>clementia</strong></span> <span class='ocrx_word' id='word_1_143' title='bbox 2931 598 3214 653; x_wconf 79' lang='lat' dir='ltr'><strong>veritatem</strong></span> <span class='ocrx_word' id='word_1_144' title='bbox 3256 601 3344 671; x_wconf 92' lang='lat' dir='ltr'><strong>pie</strong></span> <span class='ocrx_word' id='word_1_145' title='bbox 3379 611 3553 673; x_wconf 87' lang='lat' dir='ltr'><strong>atque-</strong></span> 
     </span>
    </p>
   </div>
   <div class='ocr_carea' id='block_1_22' title="bbox 1965 685 3540 760">
    <p class='ocr_par' dir='ltr' id='par_1_22' title="bbox 1965 685 3540 760">
     <span class='ocr_line' id='line_1_22' title="bbox 1965 685 3540 760; baseline 0.001 -18"><span class='ocrx_word' id='word_1_146' title='bbox 1965 688 2240 744; x_wconf 88' lang='lat' dir='ltr'><strong>humiliter</strong></span> <span class='ocrx_word' id='word_1_147' title='bbox 2280 695 2600 755; x_wconf 88' lang='lat' dir='ltr'><strong>quaerentes</strong></span> <span class='ocrx_word' id='word_1_148' title='bbox 2652 686 2704 740; x_wconf 92' lang='lat' dir='ltr'><strong>in</strong></span> <span class='ocrx_word' id='word_1_149' title='bbox 2765 685 3002 743; x_wconf 86' lang='lat' dir='ltr'><strong>tenebris</strong></span> <span class='ocrx_word' id='word_1_150' title='bbox 3058 688 3395 760; x_wconf 78' lang='lat' dir='ltr'><strong>ignorantiae</strong></span> <span class='ocrx_word' id='word_1_151' title='bbox 3433 705 3540 745; x_wconf 84' lang='lat' dir='ltr'><strong>non</strong></span> 
     </span>
    </p>
   </div>
   <div class='ocr_carea' id='block_1_23' title="bbox 1964 777 3541 850">
    <p class='ocr_par' dir='ltr' id='par_1_23' title="bbox 1964 777 3541 850">
     <span class='ocr_line' id='line_1_23' title="bbox 1964 777 3541 850; baseline 0.001 -15"><span class='ocrx_word' id='word_1_152' title='bbox 1964 779 2093 835; x_wconf 91' lang='lat' dir='ltr'><strong>sinit</strong></span> <span class='ocrx_word' id='word_1_153' title='bbox 2114 794 2318 845; x_wconf 90' lang='lat' dir='ltr'><strong>errare,</strong></span> <span class='ocrx_word' id='word_1_154' title='bbox 2350 779 2511 847; x_wconf 90' lang='lat' dir='ltr'><strong>inque</strong></span> <span class='ocrx_word' id='word_1_155' title='bbox 2559 777 2740 832; x_wconf 90' lang='lat' dir='ltr'><strong>foveas</strong></span> <span class='ocrx_word' id='word_1_156' title='bbox 2796 777 3050 834; x_wconf 85' lang='lat' dir='ltr'><strong>falsarum</strong></span> <span class='ocrx_word' id='word_1_157' title='bbox 3100 780 3411 850; x_wconf 88' lang='lat' dir='ltr'><strong>opinionum</strong></span> <span class='ocrx_word' id='word_1_158' title='bbox 3446 796 3541 838; x_wconf 91' lang='lat' dir='ltr'><strong>ea-</strong></span> 
     </span>
    </p>
   </div>
   <div class='ocr_carea' id='block_1_24' title="bbox 1967 867 3539 939">
    <p class='ocr_par' dir='ltr' id='par_1_24' title="bbox 1967 867 3539 939">
     <span class='ocr_line' id='line_1_24' title="bbox 1967 867 3539 939; baseline 0.001 -14"><span class='ocrx_word' id='word_1_159' title='bbox 1967 870 2114 934; x_wconf 86' lang='lat' dir='ltr'><strong>dere,</strong></span> <span class='ocrx_word' id='word_1_160' title='bbox 2152 876 2207 924; x_wconf 90' lang='lat' dir='ltr'><strong>et</strong></span> <span class='ocrx_word' id='word_1_161' title='bbox 2234 868 2285 922; x_wconf 92' lang='lat' dir='ltr'><strong>in</strong></span> <span class='ocrx_word' id='word_1_162' title='bbox 2328 868 2408 923; x_wconf 90' lang='lat' dir='ltr'><strong>eis</strong></span> <span class='ocrx_word' id='word_1_163' title='bbox 2458 868 2653 937; x_wconf 89' lang='lat' dir='ltr'><strong>perire.</strong></span> <span class='ocrx_word' id='word_1_164' title='bbox 2684 867 2834 921; x_wconf 83' lang='lat' dir='ltr'><strong>Nulla</strong></span> <span class='ocrx_word' id='word_1_165' title='bbox 2886 868 3030 923; x_wconf 90' lang='lat' dir='ltr'><strong>enim</strong></span> <span class='ocrx_word' id='word_1_166' title='bbox 3058 868 3210 939; x_wconf 82' lang='lat' dir='ltr'><strong>pejor</strong></span> <span class='ocrx_word' id='word_1_167' title='bbox 3237 885 3384 925; x_wconf 88' lang='lat' dir='ltr'><strong>mors</strong></span> <span class='ocrx_word' id='word_1_168' title='bbox 3435 878 3539 932; x_wconf 86' lang='lat' dir='ltr'><strong>est.</strong></span> 
     </span>
    </p>
   </div>
   <div class='ocr_carea' id='block_1_25' title="bbox 1968 959 3562 1031">
    <p class='ocr_par' dir='ltr' id='par_1_25' title="bbox 1968 959 3562 1031">
     <span class='ocr_line' id='line_1_25' title="bbox 1968 959 3562 1031; baseline 0.001 -18"><span class='ocrx_word' id='word_1_169' title='bbox 1968 976 2130 1031; x_wconf 89' lang='lat' dir='ltr'><strong>quam</strong></span> <span class='ocrx_word' id='word_1_170' title='bbox 2179 960 2420 1014; x_wconf 84' lang='lat' dir='ltr'><strong>veritatis</strong></span> <span class='ocrx_word' id='word_1_171' title='bbox 2456 959 2780 1029; x_wconf 83' lang='lat' dir='ltr'><strong>ignorantia,</strong></span> <span class='ocrx_word' id='word_1_172' title='bbox 2811 959 2951 1013; x_wconf 90' lang='lat' dir='ltr'><strong>nulla</strong></span> <span class='ocrx_word' id='word_1_173' title='bbox 2985 975 3178 1030; x_wconf 84' lang='lat' dir='ltr'><strong>vorago</strong></span> <span class='ocrx_word' id='word_1_174' title='bbox 3206 960 3562 1031; x_wconf 62' lang='lat' dir='ltr'><strong>profundior,</strong></span> 
     </span>
    </p>
   </div>
   <div class='ocr_carea' id='block_1_26' title="bbox 1968 1049 3547 1123">
    <p class='ocr_par' dir='ltr' id='par_1_26' title="bbox 1968 1049 3547 1123">
     <span class='ocr_line' id='line_1_26' title="bbox 1968 1049 3547 1123; baseline 0.004 -20"><span class='ocrx_word' id='word_1_175' title='bbox 1968 1066 2128 1120; x_wconf 90' lang='lat' dir='ltr'><strong>quam</strong></span> <span class='ocrx_word' id='word_1_176' title='bbox 2159 1049 2289 1103; x_wconf 88' lang='lat' dir='ltr'><strong>falsa</strong></span> <span class='ocrx_word' id='word_1_177' title='bbox 2316 1066 2412 1119; x_wconf 90' lang='lat' dir='ltr'><strong>pro</strong></span> <span class='ocrx_word' id='word_1_178' title='bbox 2454 1050 2596 1103; x_wconf 88' lang='lat' dir='ltr'><strong>veris</strong></span> <span class='ocrx_word' id='word_1_179' title='bbox 2627 1050 2939 1119; x_wconf 87' lang='lat' dir='ltr'><strong>approbare,</strong></span> <span class='ocrx_word' id='word_1_180' title='bbox 2994 1051 3132 1120; x_wconf 91' lang='lat' dir='ltr'><strong>quod</strong></span> <span class='ocrx_word' id='word_1_181' title='bbox 3160 1054 3435 1123; x_wconf 91' lang='lat' dir='ltr'><strong>proprium</strong></span> <span class='ocrx_word' id='word_1_182' title='bbox 3461 1065 3547 1109; x_wconf 89' lang='lat' dir='ltr'><strong>est</strong></span> 
     </span>
    </p>
   </div>
   <div class='ocr_carea' id='block_1_27' title="bbox 1969 1139 3546 1209">
    <p class='ocr_par' dir='ltr' id='par_1_27' title="bbox 1969 1139 3546 1209">
     <span class='ocr_line' id='line_1_27' title="bbox 1969 1139 3546 1209; baseline 0.004 -15"><span class='ocrx_word' id='word_1_183' title='bbox 1969 1140 2188 1195; x_wconf 88' lang='lat' dir='ltr'><strong>erroris.</strong></span> <span class='ocrx_word' id='word_1_184' title='bbox 2238 1140 2315 1194; x_wconf 79' lang='lat' dir='ltr'><strong>Ex</strong></span> <span class='ocrx_word' id='word_1_185' title='bbox 2369 1140 2454 1193; x_wconf 69' lang='lat' dir='ltr'><strong>his</strong></span> <span class='ocrx_word' id='word_1_186' title='bbox 2506 1139 2649 1193; x_wconf 90' lang='lat' dir='ltr'><strong>enim</strong></span> <span class='ocrx_word' id='word_1_187' title='bbox 2703 1140 3006 1209; x_wconf 88' lang='lat' dir='ltr'><strong>turpissima</strong></span> <span class='ocrx_word' id='word_1_188' title='bbox 3066 1150 3121 1197; x_wconf 92' lang='lat' dir='ltr'><strong>et</strong></span> <span class='ocrx_word' id='word_1_189' title='bbox 3167 1143 3546 1201; x_wconf 86' lang='lat' dir='ltr'><strong>abominabilia</strong></span> 
     </span>
    </p>
   </div>
   <div class='ocr_carea' id='block_1_28' title="bbox 1971 1229 3545 1306">
    <p class='ocr_par' dir='ltr' id='par_1_28' title="bbox 1971 1229 3545 1306">
     <span class='ocr_line' id='line_1_28' title="bbox 1971 1229 3545 1306; baseline 0.004 -23"><span class='ocrx_word' id='word_1_190' title='bbox 1971 1238 2208 1284; x_wconf 88' lang='lat' dir='ltr'><strong>monstra</strong></span> <span class='ocrx_word' id='word_1_191' title='bbox 2258 1230 2310 1284; x_wconf 93' lang='lat' dir='ltr'><strong>in</strong></span> <span class='ocrx_word' id='word_1_192' title='bbox 2359 1229 2611 1283; x_wconf 88' lang='lat' dir='ltr'><strong>humanis</strong></span> <span class='ocrx_word' id='word_1_193' title='bbox 2663 1230 3076 1300; x_wconf 79' lang='lat' dir='ltr'><strong>cogitationibus</strong></span> <span class='ocrx_word' id='word_1_194' title='bbox 3121 1232 3292 1288; x_wconf 85' lang='lat' dir='ltr'><strong>solent</strong></span> <span class='ocrx_word' id='word_1_195' title='bbox 3332 1232 3460 1306; x_wconf 83' lang='lat' dir='ltr'><strong>fingi</strong></span> <span class='ocrx_word' id='word_1_196' title='bbox 3487 1236 3545 1303; x_wconf 10' lang='lat'><strong>‘7,</strong></span> 
     </span>
    </p>
   </div>
   <div class='ocr_carea' id='block_1_29' title="bbox 1970 1317 3551 1388">
    <p class='ocr_par' dir='ltr' id='par_1_29' title="bbox 1970 1317 3551 1388">
     <span class='ocr_line' id='line_1_29' title="bbox 1970 1317 3551 1388; baseline 0.004 -16"><span class='ocrx_word' id='word_1_197' title='bbox 1970 1334 2109 1388; x_wconf 88' lang='lat' dir='ltr'><strong>quae</strong></span> <span class='ocrx_word' id='word_1_198' title='bbox 2139 1317 2164 1352; x_wconf 88' lang='grc'><strong>⁸</strong></span> <span class='ocrx_word' id='word_1_199' title='bbox 2189 1319 2313 1374; x_wconf 87' lang='lat' dir='ltr'><strong>dum</strong></span> <span class='ocrx_word' id='word_1_200' title='bbox 2357 1318 2590 1374; x_wconf 66' lang='lat' dir='ltr'><strong>carnalis</strong></span> <span class='ocrx_word' id='word_1_201' title='bbox 2641 1319 2819 1373; x_wconf 88' lang='lat' dir='ltr'><strong>anima</strong></span> <span class='ocrx_word' id='word_1_202' title='bbox 2870 1318 3033 1373; x_wconf 87' lang='lat' dir='ltr'><strong>veluti</strong></span> <span class='ocrx_word' id='word_1_203' title='bbox 3084 1336 3208 1376; x_wconf 89' lang='lat' dir='ltr'><strong>vera</strong></span> <span class='ocrx_word' id='word_1_204' title='bbox 3234 1331 3290 1377; x_wconf 90' lang='lat' dir='ltr'><strong>et</strong></span> <span class='ocrx_word' id='word_1_205' title='bbox 3320 1335 3468 1381; x_wconf 88' lang='lat' dir='ltr'><strong>amat</strong></span> <span class='ocrx_word' id='word_1_206' title='bbox 3492 1335 3551 1381; x_wconf 88' lang='lat' dir='ltr'><strong>et</strong></span> 
     </span>
    </p>
   </div>
   <div class='ocr_carea' id='block_1_30' title="bbox 1971 1408 3547 1477">
    <p class='ocr_par' dir='ltr' id='par_1_30' title="bbox 1971 1408 3547 1477">
     <span class='ocr_line' id='line_1_30' title="bbox 1971 1408 3547 1477; baseline 0.004 -14"><span class='ocrx_word' id='word_1_207' title='bbox 1971 1408 2236 1477; x_wconf 89' lang='lat' dir='ltr'><strong>sequitur,</strong></span> <span class='ocrx_word' id='word_1_208' title='bbox 2286 1409 2505 1463; x_wconf 87' lang='lat' dir='ltr'><strong>dorsum</strong></span> <span class='ocrx_word' id='word_1_209' title='bbox 2555 1417 2876 1463; x_wconf 86' lang='lat' dir='ltr'><strong>convertens</strong></span> <span class='ocrx_word' id='word_1_210' title='bbox 2931 1424 3058 1464; x_wconf 84' lang='lat' dir='ltr'><strong>vero</strong></span> <span class='ocrx_word' id='word_1_211' title='bbox 3099 1408 3122 1441; x_wconf 83' lang='lat'><strong>&#39;</strong></span> <span class='ocrx_word' id='word_1_212' title='bbox 3183 1410 3394 1477; x_wconf 89' lang='lat' dir='ltr'><strong>lumini,</strong></span> <span class='ocrx_word' id='word_1_213' title='bbox 3425 1430 3547 1470; x_wconf 86' lang='lat' dir='ltr'><strong>um-</strong></span> 
     </span>
    </p>
   </div>
   <div class='ocr_carea' id='block_1_31' title="bbox 1971 1492 3552 1573">
    <p class='ocr_par' dir='ltr' id='par_1_31' title="bbox 1971 1492 3552 1573">
     <span class='ocr_line' id='line_1_31' title="bbox 1971 1492 3552 1573; baseline 0.003 -21"><span class='ocrx_word' id='word_1_214' title='bbox 1971 1492 2203 1566; x_wconf 86' lang='lat' dir='ltr'><strong>brasque</strong></span> <span class='ocrx_word' id='word_1_215' title='bbox 2242 1496 2460 1567; x_wconf 86' lang='lat' dir='ltr'><strong>fugaces</strong></span> <span class='ocrx_word' id='word_1_216' title='bbox 2506 1497 2962 1573; x_wconf 76' lang='lat' dir='ltr'><strong>coxiipreheiidere</strong></span> <span class='ocrx_word' id='word_1_217' title='bbox 3000 1498 3202 1567; x_wconf 89' lang='lat' dir='ltr'><strong>volens,</strong></span> <span class='ocrx_word' id='word_1_218' title='bbox 3237 1510 3292 1556; x_wconf 87' lang='lat' dir='ltr'><strong>et</strong></span> <span class='ocrx_word' id='word_1_219' title='bbox 3314 1516 3419 1556; x_wconf 90' lang='lat' dir='ltr'><strong>non</strong></span> <span class='ocrx_word' id='word_1_220' title='bbox 3449 1518 3552 1557; x_wconf 58' lang='lat' dir='ltr'><strong>va-</strong></span> 
     </span>
    </p>
   </div>
   <div class='ocr_carea' id='block_1_32' title="bbox 1977 1588 3548 1653">
    <p class='ocr_par' dir='ltr' id='par_1_32' title="bbox 1977 1588 3548 1653">
     <span class='ocr_line' id='line_1_32' title="bbox 1977 1588 3548 1653; baseline 0.003 -10"><span class='ocrx_word' id='word_1_221' title='bbox 1977 1588 2113 1653; x_wconf 88' lang='lat' dir='ltr'><strong>lens,</strong></span> <span class='ocrx_word' id='word_1_222' title='bbox 2164 1588 2217 1641; x_wconf 91' lang='lat' dir='ltr'><strong>in</strong></span> <span class='ocrx_word' id='word_1_223' title='bbox 2258 1588 2570 1642; x_wconf 88' lang='lat' dir='ltr'><strong>barathrum</strong></span> <span class='ocrx_word' id='word_1_224' title='bbox 2602 1588 2852 1643; x_wconf 86' lang='lat' dir='ltr'><strong>miseriae</strong></span> <span class='ocrx_word' id='word_1_225' title='bbox 2897 1591 3177 1644; x_wconf 87' lang='lat' dir='ltr'><strong>consuevit</strong></span> <span class='ocrx_word' id='word_1_226' title='bbox 3206 1605 3382 1647; x_wconf 89' lang='lat' dir='ltr'><strong>ruere.</strong></span> <span class='ocrx_word' id='word_1_227' title='bbox 3409 1590 3548 1647; x_wconf 79' lang='lat' dir='ltr'><strong>Hinc</strong></span> 
     </span>
    </p>
   </div>
   <div class='ocr_carea' id='block_1_33' title="bbox 286 1678 3554 1758">
    <p class='ocr_par' dir='ltr' id='par_1_33' title="bbox 286 1678 3554 1758">
     <span class='ocr_line' id='line_1_33' title="bbox 286 1678 3554 1758; baseline -0.002 -15"><span class='ocrx_word' id='word_1_228' title='bbox 286 1704 519 1758; x_wconf 87' lang='lat' dir='ltr'><strong>numque</strong></span> <span class='ocrx_word' id='word_1_229' title='bbox 565 1688 665 1742; x_wconf 84' lang='lat' dir='ltr'><strong>sibi</strong></span> <span class='ocrx_word' id='word_1_230' title='bbox 714 1686 992 1751; x_wconf 86' lang='lat' dir='ltr'><strong>similium,</strong></span> <span class='ocrx_word' id='word_1_231' title='bbox 1040 1687 1182 1741; x_wconf 88' lang='lat' dir='ltr'><strong>aeris</strong></span> <span class='ocrx_word' id='word_1_232' title='bbox 1228 1701 1355 1741; x_wconf 86' lang='lat' dir='ltr'><strong>vero</strong></span> <span class='ocrx_word' id='word_1_233' title='bbox 1401 1683 1670 1740; x_wconf 82' lang='lat' dir='ltr'><strong>inferioris</strong></span> <span class='ocrx_word' id='word_1_234' title='bbox 1717 1684 1861 1740; x_wconf 89' lang='lat' dir='ltr'><strong>circa</strong></span> <span class='ocrx_word' id='word_1_235' title='bbox 1895 1678 1937 1737; x_wconf 85' lang='grc' dir='ltr'><strong><em>Β</em></strong></span> <span class='ocrx_word' id='word_1_236' title='bbox 1966 1679 2181 1734; x_wconf 88' lang='lat' dir='ltr'><strong>assidue</strong></span> <span class='ocrx_word' id='word_1_237' title='bbox 2229 1679 2483 1735; x_wconf 89' lang='lat' dir='ltr'><strong>debemus</strong></span> <span class='ocrx_word' id='word_1_238' title='bbox 2529 1694 2688 1734; x_wconf 90' lang='lat' dir='ltr'><strong>orare</strong></span> <span class='ocrx_word' id='word_1_239' title='bbox 2736 1695 2798 1733; x_wconf 90' lang='lat' dir='ltr'><strong>ac</strong></span> <span class='ocrx_word' id='word_1_240' title='bbox 2845 1679 2888 1712; x_wconf 74' lang='grc' dir='ltr'>ι’</span> <span class='ocrx_word' id='word_1_241' title='bbox 2912 1679 3090 1735; x_wconf 89' lang='lat' dir='ltr'><strong>dicere</strong></span> <span class='ocrx_word' id='word_1_242' title='bbox 3124 1699 3136 1733; x_wconf 91' lang='lat'><strong>:</strong></span> <span class='ocrx_word' id='word_1_243' title='bbox 3170 1681 3331 1747; x_wconf 90' lang='lat' dir='ltr'><strong>Deus,</strong></span> <span class='ocrx_word' id='word_1_244' title='bbox 3363 1689 3554 1738; x_wconf 84' lang='lat' dir='ltr'><strong>nostra</strong></span> 
     </span>
    </p>
   </div>
   <div class='ocr_carea' id='block_1_34' title="bbox 286 1775 1864 1847">
    <p class='ocr_par' dir='ltr' id='par_1_34' title="bbox 286 1775 1864 1847">
     <span class='ocr_line' id='line_1_34' title="bbox 286 1775 1864 1847; baseline -0.003 -14"><span class='ocrx_word' id='word_1_245' title='bbox 286 1787 487 1834; x_wconf 87' lang='lat' dir='ltr'><strong>terram</strong></span> <span class='ocrx_word' id='word_1_246' title='bbox 512 1777 747 1847; x_wconf 88' lang='lat' dir='ltr'><strong>undique</strong></span> <span class='ocrx_word' id='word_1_247' title='bbox 769 1775 946 1831; x_wconf 70' lang='lat' dir='ltr'><strong>diffusi</strong></span> <span class='ocrx_word' id='word_1_248' title='bbox 979 1778 1031 1830; x_wconf 90' lang='lat' dir='ltr'><strong>in</strong></span> <span class='ocrx_word' id='word_1_249' title='bbox 1062 1786 1341 1831; x_wconf 82' lang='lat' dir='ltr'><strong>aeternum</strong></span> <span class='ocrx_word' id='word_1_250' title='bbox 1372 1791 1645 1831; x_wconf 89' lang='lat' dir='ltr'><strong>carcerem</strong></span> <span class='ocrx_word' id='word_1_251' title='bbox 1690 1785 1864 1842; x_wconf 83' lang='lat' dir='ltr'><strong>aeter—</strong></span> 
     </span>
    </p>
   </div>
   <div class='ocr_carea' id='block_1_35' title="bbox 286 1864 1861 1936">
    <p class='ocr_par' dir='ltr' id='par_1_35' title="bbox 286 1864 1861 1936">
     <span class='ocr_line' id='line_1_35' title="bbox 286 1864 1861 1936; baseline -0.001 -16"><span class='ocrx_word' id='word_1_252' title='bbox 286 1881 492 1936; x_wconf 86' lang='lat' dir='ltr'><strong>nasque</strong></span> <span class='ocrx_word' id='word_1_253' title='bbox 544 1864 827 1930; x_wconf 81' lang='lat' dir='ltr'><strong>flammas,</strong></span> <span class='ocrx_word' id='word_1_254' title='bbox 873 1864 1115 1920; x_wconf 91' lang='lat' dir='ltr'><strong>localiter</strong></span> <span class='ocrx_word' id='word_1_255' title='bbox 1177 1865 1570 1935; x_wconf 83' lang='lat' dir='ltr'><strong>visibiliterque</strong></span> <span class='ocrx_word' id='word_1_256' title='bbox 1614 1880 1861 1930; x_wconf 88' lang='lat' dir='ltr'><strong>arsuras,</strong></span> 
     </span>
    </p>
   </div>
   <div class='ocr_carea' id='block_1_36' title="bbox 286 1956 1861 2029">
    <p class='ocr_par' dir='ltr' id='par_1_36' title="bbox 286 1956 1861 2029">
     <span class='ocr_line' id='line_1_36' title="bbox 286 1956 1861 2029; baseline -0.002 -16"><span class='ocrx_word' id='word_1_257' title='bbox 286 1959 586 2029; x_wconf 81' lang='lat' dir='ltr'><strong>torquendo</strong></span> <span class='ocrx_word' id='word_1_258' title='bbox 636 1957 850 2012; x_wconf 89' lang='lat' dir='ltr'><strong>diabolo</strong></span> <span class='ocrx_word' id='word_1_259' title='bbox 901 1972 1024 2011; x_wconf 89' lang='lat' dir='ltr'><strong>cum</strong></span> <span class='ocrx_word' id='word_1_260' title='bbox 1086 1956 1342 2011; x_wconf 88' lang='lat' dir='ltr'><strong>membris</strong></span> <span class='ocrx_word' id='word_1_261' title='bbox 1384 1957 1535 2019; x_wconf 87' lang='lat' dir='ltr'><strong>suis,</strong></span> <span class='ocrx_word' id='word_1_262' title='bbox 1584 1957 1686 2011; x_wconf 87' lang='lat' dir='ltr'><strong>hoc</strong></span> <span class='ocrx_word' id='word_1_263' title='bbox 1744 1965 1861 2020; x_wconf 90' lang='lat' dir='ltr'><strong>est,</strong></span> 
     </span>
    </p>
   </div>
   <div class='ocr_carea' id='block_1_37' title="bbox 284 2046 1867 2118">
    <p class='ocr_par' dir='ltr' id='par_1_37' title="bbox 284 2046 1867 2118">
     <span class='ocr_line' id='line_1_37' title="bbox 284 2046 1867 2118; baseline 0.001 -17"><span class='ocrx_word' id='word_1_264' title='bbox 284 2048 548 2118; x_wconf 82' lang='lat' dir='ltr'><strong>apostatis</strong></span> <span class='ocrx_word' id='word_1_265' title='bbox 620 2046 860 2118; x_wconf 85' lang='lat' dir='ltr'><strong>angelis,</strong></span> <span class='ocrx_word' id='word_1_266' title='bbox 931 2046 1306 2117; x_wconf 89' lang='lat' dir='ltr'><strong>similibusque</strong></span> <span class='ocrx_word' id='word_1_267' title='bbox 1386 2046 1489 2101; x_wconf 82' lang='lat' dir='ltr'><strong>sibi</strong></span> <span class='ocrx_word' id='word_1_268' title='bbox 1559 2047 1867 2103; x_wconf 90' lang='lat' dir='ltr'><strong>hominibus</strong></span> 
     </span>
    </p>
   </div>
   <div class='ocr_carea' id='block_1_38' title="bbox 285 2136 1866 2207">
    <p class='ocr_par' dir='ltr' id='par_1_38' title="bbox 285 2136 1866 2207">
     <span class='ocr_line' id='line_1_38' title="bbox 285 2136 1866 2207; baseline 0.001 -16"><span class='ocrx_word' id='word_1_269' title='bbox 285 2139 482 2207; x_wconf 82' lang='lat' dir='ltr'><strong>impiis.</strong></span> <span class='ocrx_word' id='word_1_270' title='bbox 535 2137 615 2192; x_wconf 84' lang='lat' dir='ltr'><strong>Ac</strong></span> <span class='ocrx_word' id='word_1_271' title='bbox 665 2153 763 2207; x_wconf 90' lang='lat' dir='ltr'><strong>per</strong></span> <span class='ocrx_word' id='word_1_272' title='bbox 823 2138 925 2192; x_wconf 87' lang='lat' dir='ltr'><strong>hoc</strong></span> <span class='ocrx_word' id='word_1_273' title='bbox 975 2138 1228 2206; x_wconf 85' lang='lat' dir='ltr'><strong>quoniam</strong></span> <span class='ocrx_word' id='word_1_274' title='bbox 1294 2136 1317 2169; x_wconf 88' lang='grc'><strong>⁸</strong></span> <span class='ocrx_word' id='word_1_275' title='bbox 1376 2152 1591 2192; x_wconf 91' lang='lat' dir='ltr'><strong>omnem</strong></span> <span class='ocrx_word' id='word_1_276' title='bbox 1649 2145 1866 2192; x_wconf 49' lang='lat' dir='ltr'><strong>creatu&#39;</strong></span> 
     </span>
    </p>
   </div>
   <div class='ocr_carea' id='block_1_39' title="bbox 285 2228 1862 2298">
    <p class='ocr_par' dir='ltr' id='par_1_39' title="bbox 285 2228 1862 2298">
     <span class='ocr_line' id='line_1_39' title="bbox 285 2228 1862 2298; baseline 0.001 -17"><span class='ocrx_word' id='word_1_277' title='bbox 285 2245 400 2282; x_wconf 89' lang='lat' dir='ltr'><strong>ram</strong></span> <span class='ocrx_word' id='word_1_278' title='bbox 453 2229 676 2284; x_wconf 87' lang='lat' dir='ltr'><strong>localem</strong></span> <span class='ocrx_word' id='word_1_279' title='bbox 719 2240 774 2284; x_wconf 88' lang='lat' dir='ltr'><strong>et</strong></span> <span class='ocrx_word' id='word_1_280' title='bbox 834 2228 1193 2298; x_wconf 88' lang='lat' dir='ltr'><strong>temporalem</strong></span> <span class='ocrx_word' id='word_1_281' title='bbox 1230 2235 1287 2283; x_wconf 89' lang='lat' dir='ltr'><strong>et</strong></span> <span class='ocrx_word' id='word_1_282' title='bbox 1340 2244 1464 2284; x_wconf 88' lang='lat' dir='ltr'><strong>esse</strong></span> <span class='ocrx_word' id='word_1_283' title='bbox 1518 2238 1573 2284; x_wconf 93' lang='lat' dir='ltr'><strong>et</strong></span> <span class='ocrx_word' id='word_1_284' title='bbox 1627 2229 1862 2283; x_wconf 83' lang='lat' dir='ltr'><strong>futuram</strong></span> 
     </span>
    </p>
   </div>
   <div class='ocr_carea' id='block_1_40' title="bbox 283 2320 1869 2390">
    <p class='ocr_par' dir='ltr' id='par_1_40' title="bbox 283 2320 1869 2390">
     <span class='ocr_line' id='line_1_40' title="bbox 283 2320 1869 2390; baseline -0.001 -15"><span class='ocrx_word' id='word_1_285' title='bbox 283 2336 403 2375; x_wconf 85' lang='lat' dir='ltr'><strong>esse</strong></span> <span class='ocrx_word' id='word_1_286' title='bbox 439 2321 701 2390; x_wconf 82' lang='lat' dir='ltr'><strong>cogitant,</strong></span> <span class='ocrx_word' id='word_1_287' title='bbox 754 2320 868 2374; x_wconf 88' lang='lat' dir='ltr'><strong>loca</strong></span> <span class='ocrx_word' id='word_1_288' title='bbox 927 2330 984 2375; x_wconf 92' lang='lat' dir='ltr'><strong>et</strong></span> <span class='ocrx_word' id='word_1_289' title='bbox 1049 2331 1311 2389; x_wconf 88' lang='lat' dir='ltr'><strong>tempora,</strong></span> <span class='ocrx_word' id='word_1_290' title='bbox 1371 2321 1473 2375; x_wconf 91' lang='lat' dir='ltr'><strong>hoc</strong></span> <span class='ocrx_word' id='word_1_291' title='bbox 1533 2329 1635 2384; x_wconf 89' lang='lat' dir='ltr'><strong>est,</strong></span> <span class='ocrx_word' id='word_1_292' title='bbox 1681 2320 1869 2375; x_wconf 91' lang='lat' dir='ltr'><strong>mundi</strong></span> 
     </span>
    </p>
   </div>
   <div class='ocr_carea' id='block_1_41' title="bbox 285 2409 1867 2481">
    <p class='ocr_par' dir='ltr' id='par_1_41' title="bbox 285 2409 1867 2481">
     <span class='ocr_line' id='line_1_41' title="bbox 285 2409 1867 2481; baseline 0 -16"><span class='ocrx_word' id='word_1_293' title='bbox 285 2412 461 2481; x_wconf 86' lang='lat' dir='ltr'><strong>spatia</strong></span> <span class='ocrx_word' id='word_1_294' title='bbox 518 2420 828 2480; x_wconf 88' lang='lat' dir='ltr'><strong>motumque</strong></span> <span class='ocrx_word' id='word_1_295' title='bbox 878 2411 993 2480; x_wconf 83' lang='lat' dir='ltr'><strong>ejus</strong></span> <span class='ocrx_word' id='word_1_296' title='bbox 1040 2409 1370 2464; x_wconf 90' lang='lat' dir='ltr'><strong>morularum</strong></span> <span class='ocrx_word' id='word_1_297' title='bbox 1429 2410 1727 2465; x_wconf 75' lang='lat' dir='ltr'><strong>intervallis</strong></span> <span class='ocrx_word' id='word_1_298' title='bbox 1783 2411 1867 2465; x_wconf 92' lang='lat' dir='ltr'><strong>di-</strong></span> 
     </span>
    </p>
   </div>
   <div class='ocr_carea' id='block_1_42' title="bbox 286 2502 1870 2573">
    <p class='ocr_par' dir='ltr' id='par_1_42' title="bbox 286 2502 1870 2573">
     <span class='ocr_line' id='line_1_42' title="bbox 286 2502 1870 2573; baseline 0.001 -16"><span class='ocrx_word' id='word_1_299' title='bbox 286 2504 541 2557; x_wconf 87' lang='lat' dir='ltr'><strong>stinctum</strong></span> <span class='ocrx_word' id='word_1_300' title='bbox 592 2517 808 2573; x_wconf 88' lang='lat' dir='ltr'><strong>semper</strong></span> <span class='ocrx_word' id='word_1_301' title='bbox 849 2516 970 2557; x_wconf 88' lang='lat' dir='ltr'><strong>esse</strong></span> <span class='ocrx_word' id='word_1_302' title='bbox 1015 2516 1271 2556; x_wconf 89' lang='lat' dir='ltr'><strong>mansura</strong></span> <span class='ocrx_word' id='word_1_303' title='bbox 1310 2518 1416 2557; x_wconf 91' lang='lat' dir='ltr'><strong>non</strong></span> <span class='ocrx_word' id='word_1_304' title='bbox 1462 2502 1728 2557; x_wconf 90' lang='lat' dir='ltr'><strong>dubitant.</strong></span> <span class='ocrx_word' id='word_1_305' title='bbox 1776 2502 1870 2559; x_wconf 79' lang='lat' dir='ltr'><strong>llis</strong></span> 
     </span>
    </p>
   </div>
   <div class='ocr_carea' id='block_1_43' title="bbox 282 2592 1867 2665">
    <p class='ocr_par' dir='ltr' id='par_1_43' title="bbox 282 2592 1867 2665">
     <span class='ocr_line' id='line_1_43' title="bbox 282 2592 1867 2665; baseline 0 -17"><span class='ocrx_word' id='word_1_306' title='bbox 282 2603 446 2665; x_wconf 88' lang='lat' dir='ltr'><strong>atque</strong></span> <span class='ocrx_word' id='word_1_307' title='bbox 467 2592 769 2662; x_wconf 89' lang='lat' dir='ltr'><strong>hujusmodi</strong></span> <span class='ocrx_word' id='word_1_308' title='bbox 794 2592 945 2650; x_wconf 79' lang='lat' dir='ltr'><strong>falsis</strong></span> <span class='ocrx_word' id='word_1_309' title='bbox 964 2594 1307 2664; x_wconf 90' lang='lat' dir='ltr'><strong>opinionibus</strong></span> <span class='ocrx_word' id='word_1_310' title='bbox 1328 2603 1592 2650; x_wconf 90' lang='lat' dir='ltr'><strong>conantur</strong></span> <span class='ocrx_word' id='word_1_311' title='bbox 1605 2610 1867 2659; x_wconf 90' lang='lat' dir='ltr'><strong>asserere,</strong></span> 
     </span>
    </p>
   </div>
   <div class='ocr_carea' id='block_1_44' title="bbox 281 2685 1870 2758">
    <p class='ocr_par' dir='ltr' id='par_1_44' title="bbox 281 2685 1870 2758">
     <span class='ocr_line' id='line_1_44' title="bbox 281 2685 1870 2758; baseline 0 -18"><span class='ocrx_word' id='word_1_312' title='bbox 281 2702 366 2749; x_wconf 90' lang='lat' dir='ltr'><strong>ea,</strong></span> <span class='ocrx_word' id='word_1_313' title='bbox 420 2702 562 2758; x_wconf 90' lang='lat' dir='ltr'><strong>quae</strong></span> <span class='ocrx_word' id='word_1_314' title='bbox 605 2703 711 2742; x_wconf 90' lang='lat' dir='ltr'><strong>non</strong></span> <span class='ocrx_word' id='word_1_315' title='bbox 758 2694 935 2753; x_wconf 88' lang='lat' dir='ltr'><strong>erant,</strong></span> <span class='ocrx_word' id='word_1_316' title='bbox 986 2686 1619 2749; x_wconf 88' lang='lat' dir='ltr'><strong>etincboaveruntesse,</strong></span> <span class='ocrx_word' id='word_1_317' title='bbox 1648 2693 1701 2739; x_wconf 90' lang='lat' dir='ltr'><strong>et</strong></span> <span class='ocrx_word' id='word_1_318' title='bbox 1729 2685 1870 2740; x_wconf 89' lang='lat' dir='ltr'><strong>facta</strong></span> 
     </span>
    </p>
   </div>
   <div class='ocr_carea' id='block_1_45' title="bbox 285 2777 1869 2848">
    <p class='ocr_par' dir='ltr' id='par_1_45' title="bbox 285 2777 1869 2848">
     <span class='ocr_line' id='line_1_45' title="bbox 285 2777 1869 2848; baseline -0.001 -16"><span class='ocrx_word' id='word_1_319' title='bbox 285 2778 448 2832; x_wconf 82' lang='lat' dir='ltr'><strong>simul</strong></span> <span class='ocrx_word' id='word_1_320' title='bbox 492 2787 546 2832; x_wconf 92' lang='lat' dir='ltr'><strong>et</strong></span> <span class='ocrx_word' id='word_1_321' title='bbox 586 2788 804 2833; x_wconf 83' lang='lat' dir='ltr'><strong>aeterna</strong></span> <span class='ocrx_word' id='word_1_322' title='bbox 832 2779 935 2833; x_wconf 91' lang='lat' dir='ltr'><strong>diei</strong></span> <span class='ocrx_word' id='word_1_323' title='bbox 960 2793 1140 2848; x_wconf 89' lang='lat' dir='ltr'><strong>posse,</strong></span> <span class='ocrx_word' id='word_1_324' title='bbox 1189 2779 1313 2847; x_wconf 86' lang='lat' dir='ltr'><strong>quia</strong></span> <span class='ocrx_word' id='word_1_325' title='bbox 1364 2793 1576 2847; x_wconf 90' lang='lat' dir='ltr'><strong>semper</strong></span> <span class='ocrx_word' id='word_1_326' title='bbox 1603 2778 1655 2832; x_wconf 94' lang='lat' dir='ltr'><strong>in</strong></span> <span class='ocrx_word' id='word_1_327' title='bbox 1682 2777 1869 2832; x_wconf 88' lang='lat' dir='ltr'><strong>eodem</strong></span> 
     </span>
    </p>
   </div>
   <div class='ocr_carea' id='block_1_46' title="bbox 287 2867 1868 2939">
    <p class='ocr_par' dir='ltr' id='par_1_46' title="bbox 287 2867 1868 2939">
     <span class='ocr_line' id='line_1_46' title="bbox 287 2867 1868 2939; baseline 0 -19"><span class='ocrx_word' id='word_1_328' title='bbox 287 2877 456 2933; x_wconf 89' lang='lat' dir='ltr'><strong>statu,</strong></span> <span class='ocrx_word' id='word_1_329' title='bbox 494 2869 547 2921; x_wconf 88' lang='lat' dir='ltr'><strong>in</strong></span> <span class='ocrx_word' id='word_1_330' title='bbox 598 2883 704 2937; x_wconf 90' lang='lat' dir='ltr'><strong>quo</strong></span> <span class='ocrx_word' id='word_1_331' title='bbox 744 2868 1113 2939; x_wconf 86' lang='lat' dir='ltr'><strong>temporaliter</strong></span> <span class='ocrx_word' id='word_1_332' title='bbox 1142 2875 1324 2922; x_wconf 90' lang='lat' dir='ltr'><strong>creata</strong></span> <span class='ocrx_word' id='word_1_333' title='bbox 1354 2876 1502 2932; x_wconf 91' lang='lat' dir='ltr'><strong>sunt,</strong></span> <span class='ocrx_word' id='word_1_334' title='bbox 1556 2867 1868 2932; x_wconf 86' lang='lat' dir='ltr'><strong>manebunt,</strong></span> 
     </span>
    </p>
   </div>
   <div class='ocr_carea' id='block_1_47' title="bbox 284 2957 1871 3031">
    <p class='ocr_par' dir='ltr' id='par_1_47' title="bbox 284 2957 1871 3031">
     <span class='ocr_line' id='line_1_47' title="bbox 284 2957 1871 3031; baseline -0.001 -17"><span class='ocrx_word' id='word_1_335' title='bbox 284 2969 500 3030; x_wconf 87' lang='lat' dir='ltr'><strong>etquae</strong></span> <span class='ocrx_word' id='word_1_336' title='bbox 525 2958 791 3031; x_wconf 89' lang='lat' dir='ltr'><strong>principio</strong></span> <span class='ocrx_word' id='word_1_337' title='bbox 833 2975 938 3015; x_wconf 90' lang='lat' dir='ltr'><strong>non</strong></span> <span class='ocrx_word' id='word_1_338' title='bbox 973 2968 1184 3023; x_wconf 86' lang='lat' dir='ltr'><strong>carent,</strong></span> <span class='ocrx_word' id='word_1_339' title='bbox 1229 2957 1335 3013; x_wconf 82' lang='lat' dir='ltr'><strong>line</strong></span> <span class='ocrx_word' id='word_1_340' title='bbox 1383 2973 1573 3014; x_wconf 89' lang='lat' dir='ltr'><strong>carere</strong></span> <span class='ocrx_word' id='word_1_341' title='bbox 1603 2959 1871 3014; x_wconf 90' lang='lat' dir='ltr'><strong>arbitran-</strong></span> 
     </span>
    </p>
   </div>
   <div class='ocr_carea' id='block_1_48' title="bbox 1965 1770 3555 1843">
    <p class='ocr_par' dir='ltr' id='par_1_48' title="bbox 1965 1770 3555 1843">
     <span class='ocr_line' id='line_1_48' title="bbox 1965 1770 3555 1843; baseline 0.001 -17"><span class='ocrx_word' id='word_1_342' title='bbox 1965 1770 2110 1826; x_wconf 88' lang='lat' dir='ltr'><strong>salus</strong></span> <span class='ocrx_word' id='word_1_343' title='bbox 2135 1780 2299 1841; x_wconf 89' lang='lat' dir='ltr'><strong>atque</strong></span> <span class='ocrx_word' id='word_1_344' title='bbox 2338 1770 2656 1840; x_wconf 89' lang='lat' dir='ltr'><strong>redemptio,</strong></span> <span class='ocrx_word' id='word_1_345' title='bbox 2688 1771 2780 1840; x_wconf 91' lang='lat' dir='ltr'><strong>qui</strong></span> <span class='ocrx_word' id='word_1_346' title='bbox 2814 1770 3009 1826; x_wconf 86' lang='lat' dir='ltr'><strong>dedisti</strong></span> <span class='ocrx_word' id='word_1_347' title='bbox 3040 1780 3309 1837; x_wconf 90' lang='lat' dir='ltr'><strong>naturam,</strong></span> <span class='ocrx_word' id='word_1_348' title='bbox 3350 1771 3555 1843; x_wconf 75' lang='lat' dir='ltr'><strong>largire</strong></span> 
     </span>
    </p>
   </div>
   <div class='ocr_carea' id='block_1_49' title="bbox 1964 1860 3547 1933">
    <p class='ocr_par' dir='ltr' id='par_1_49' title="bbox 1964 1860 3547 1933">
     <span class='ocr_line' id='line_1_49' title="bbox 1964 1860 3547 1933; baseline 0 -16"><span class='ocrx_word' id='word_1_349' title='bbox 1964 1871 2019 1917; x_wconf 92' lang='lat' dir='ltr'><strong>et</strong></span> <span class='ocrx_word' id='word_1_350' title='bbox 2057 1862 2309 1933; x_wconf 88' lang='lat' dir='ltr'><strong>gratiam,</strong></span> <span class='ocrx_word' id='word_1_351' title='bbox 2342 1860 2633 1930; x_wconf 85' lang='lat' dir='ltr'><strong>praetende</strong></span> <span class='ocrx_word' id='word_1_352' title='bbox 2677 1861 2855 1915; x_wconf 89' lang='lat' dir='ltr'><strong>lumen</strong></span> <span class='ocrx_word' id='word_1_353' title='bbox 2888 1870 3038 1916; x_wconf 90' lang='lat' dir='ltr'><strong>tuum</strong></span> <span class='ocrx_word' id='word_1_354' title='bbox 3066 1861 3120 1917; x_wconf 91' lang='lat' dir='ltr'><strong>in</strong></span> <span class='ocrx_word' id='word_1_355' title='bbox 3146 1862 3351 1918; x_wconf 89' lang='lat' dir='ltr'><strong>umbris</strong></span> <span class='ocrx_word' id='word_1_356' title='bbox 3394 1863 3547 1932; x_wconf 86' lang='lat' dir='ltr'><strong>igno-</strong></span> 
     </span>
    </p>
   </div>
   <div class='ocr_carea' id='block_1_50' title="bbox 1967 1950 3559 2022">
    <p class='ocr_par' dir='ltr' id='par_1_50' title="bbox 1967 1950 3559 2022">
     <span class='ocr_line' id='line_1_50' title="bbox 1967 1950 3559 2022; baseline -0.001 -15"><span class='ocrx_word' id='word_1_357' title='bbox 1967 1953 2174 2007; x_wconf 86' lang='lat' dir='ltr'><strong>rantiae</strong></span> <span class='ocrx_word' id='word_1_358' title='bbox 2212 1950 2597 2021; x_wconf 87' lang='lat' dir='ltr'><strong>palpitantibus</strong></span> <span class='ocrx_word' id='word_1_359' title='bbox 2651 1950 2691 1991; x_wconf 76' lang='grc' dir='ltr'><strong>ί¹</strong></span> <span class='ocrx_word' id='word_1_360' title='bbox 2724 1951 3215 2022; x_wconf 88' lang='lat' dir='ltr'><strong>quaerentibusque</strong></span> <span class='ocrx_word' id='word_1_361' title='bbox 3238 1962 3329 2017; x_wconf 86' lang='lat' dir='ltr'><strong>te;</strong></span> <span class='ocrx_word' id='word_1_362' title='bbox 3358 1968 3559 2008; x_wconf 72' lang='lat' dir='ltr'><strong>revoca</strong></span> 
     </span>
    </p>
   </div>
   <div class='ocr_carea' id='block_1_51' title="bbox 1966 2045 3558 2116">
    <p class='ocr_par' dir='ltr' id='par_1_51' title="bbox 1966 2045 3558 2116">
     <span class='ocr_line' id='line_1_51' title="bbox 1966 2045 3558 2116; baseline 0.001 -15"><span class='ocrx_word' id='word_1_363' title='bbox 1966 2062 2064 2102; x_wconf 88' lang='lat' dir='ltr'><strong>nos</strong></span> <span class='ocrx_word' id='word_1_364' title='bbox 2099 2045 2168 2101; x_wconf 91' lang='lat' dir='ltr'><strong>ab</strong></span> <span class='ocrx_word' id='word_1_365' title='bbox 2195 2045 2509 2110; x_wconf 85' lang='lat' dir='ltr'><strong>erroribus;</strong></span> <span class='ocrx_word' id='word_1_366' title='bbox 2546 2045 2758 2116; x_wconf 85' lang='lat' dir='ltr'><strong>porrige</strong></span> <span class='ocrx_word' id='word_1_367' title='bbox 2798 2045 3073 2101; x_wconf 82' lang='lat' dir='ltr'><strong>dexteram</strong></span> <span class='ocrx_word' id='word_1_368' title='bbox 3116 2055 3261 2103; x_wconf 87' lang='lat' dir='ltr'><strong>tuam</strong></span> <span class='ocrx_word' id='word_1_369' title='bbox 3293 2046 3558 2111; x_wconf 69' lang='lat' dir='ltr'><strong>infirmis,</strong></span> 
     </span>
    </p>
   </div>
   <div class='ocr_carea' id='block_1_52' title="bbox 1966 2135 3553 2208">
    <p class='ocr_par' dir='ltr' id='par_1_52' title="bbox 1966 2135 3553 2208">
     <span class='ocr_line' id='line_1_52' title="bbox 1966 2135 3553 2208; baseline -0.001 -13"><span class='ocrx_word' id='word_1_370' title='bbox 1966 2152 2072 2195; x_wconf 85' lang='lat' dir='ltr'><strong>non</strong></span> <span class='ocrx_word' id='word_1_371' title='bbox 2100 2137 2403 2193; x_wconf 89' lang='lat' dir='ltr'><strong>valentibus</strong></span> <span class='ocrx_word' id='word_1_372' title='bbox 2424 2137 2539 2192; x_wconf 89' lang='lat' dir='ltr'><strong>sine</strong></span> <span class='ocrx_word' id='word_1_373' title='bbox 2562 2135 2671 2192; x_wconf 84' lang='lat' dir='ltr'><strong>te“</strong></span> <span class='ocrx_word' id='word_1_374' title='bbox 2711 2136 2991 2208; x_wconf 82' lang='lat' dir='ltr'><strong>pervenire</strong></span> <span class='ocrx_word' id='word_1_375' title='bbox 3027 2136 3094 2191; x_wconf 89' lang='lat' dir='ltr'><strong>ad</strong></span> <span class='ocrx_word' id='word_1_376' title='bbox 3119 2145 3202 2200; x_wconf 84' lang='lat' dir='ltr'><strong>te;</strong></span> <span class='ocrx_word' id='word_1_377' title='bbox 3247 2138 3471 2193; x_wconf 88' lang='lat' dir='ltr'><strong>ostende</strong></span> <span class='ocrx_word' id='word_1_378' title='bbox 3500 2147 3553 2193; x_wconf 89' lang='lat' dir='ltr'><strong>te</strong></span> 
     </span>
    </p>
   </div>
   <div class='ocr_carea' id='block_1_53' title="bbox 1967 2225 3554 2297">
    <p class='ocr_par' dir='ltr' id='par_1_53' title="bbox 1967 2225 3554 2297">
     <span class='ocr_line' id='line_1_53' title="bbox 1967 2225 3554 2297; baseline 0.001 -17"><span class='ocrx_word' id='word_1_379' title='bbox 1967 2227 2140 2296; x_wconf 89' lang='lat' dir='ltr'><strong>ipsum</strong></span> <span class='ocrx_word' id='word_1_380' title='bbox 2170 2226 2277 2292; x_wconf 87' lang='lat' dir='ltr'><strong>his,</strong></span> <span class='ocrx_word' id='word_1_381' title='bbox 2325 2226 2417 2296; x_wconf 88' lang='lat' dir='ltr'><strong>qui</strong></span> <span class='ocrx_word' id='word_1_382' title='bbox 2458 2226 2535 2281; x_wconf 91' lang='lat' dir='ltr'><strong>nil</strong></span> <span class='ocrx_word' id='word_1_383' title='bbox 2563 2235 2750 2297; x_wconf 88' lang='lat' dir='ltr'><strong>petunt</strong></span> <span class='ocrx_word' id='word_1_384' title='bbox 2774 2235 2991 2296; x_wconf 86' lang='lat' dir='ltr'><strong>praeter</strong></span> <span class='ocrx_word' id='word_1_385' title='bbox 3014 2234 3104 2293; x_wconf 92' lang='lat' dir='ltr'><strong>te;</strong></span> <span class='ocrx_word' id='word_1_386' title='bbox 3154 2242 3343 2296; x_wconf 81' lang='lat' dir='ltr'><strong>rumpe</strong></span> <span class='ocrx_word' id='word_1_387' title='bbox 3382 2225 3554 2282; x_wconf 83' lang='lat' dir='ltr'><strong>nubes</strong></span> 
     </span>
    </p>
   </div>
   <div class='ocr_carea' id='block_1_54' title="bbox 1966 2314 3551 2385">
    <p class='ocr_par' dir='ltr' id='par_1_54' title="bbox 1966 2314 3551 2385">
     <span class='ocr_line' id='line_1_54' title="bbox 1966 2314 3551 2385; baseline 0 -18"><span class='ocrx_word' id='word_1_388' title='bbox 1966 2331 2227 2369; x_wconf 74' lang='lat' dir='ltr'><strong>ranarum</strong></span> <span class='ocrx_word' id='word_1_389' title='bbox 2280 2314 2686 2385; x_wconf 87' lang='lat' dir='ltr'><strong>phantasiarum</strong></span> <span class='ocrx_word' id='word_1_390' title='bbox 2716 2355 2730 2381; x_wconf 94' lang='lat'><strong>,</strong></span> <span class='ocrx_word' id='word_1_391' title='bbox 2785 2330 2923 2385; x_wconf 85' lang='lat' dir='ltr'><strong>quae</strong></span> <span class='ocrx_word' id='word_1_392' title='bbox 2975 2315 3171 2370; x_wconf 87' lang='lat' dir='ltr'><strong>mentis</strong></span> <span class='ocrx_word' id='word_1_393' title='bbox 3214 2315 3387 2371; x_wconf 85' lang='lat' dir='ltr'><strong>aciem</strong></span> <span class='ocrx_word' id='word_1_394' title='bbox 3443 2330 3551 2368; x_wconf 87' lang='lat' dir='ltr'><strong>non</strong></span> 
     </span>
    </p>
   </div>
   <div class='ocr_carea' id='block_1_55' title="bbox 1967 2404 3550 2475">
    <p class='ocr_par' dir='ltr' id='par_1_55' title="bbox 1967 2404 3550 2475">
     <span class='ocr_line' id='line_1_55' title="bbox 1967 2404 3550 2475; baseline -0.002 -15"><span class='ocrx_word' id='word_1_395' title='bbox 1967 2405 2153 2460; x_wconf 89' lang='lat' dir='ltr'><strong>sinunt</strong></span> <span class='ocrx_word' id='word_1_396' title='bbox 2182 2405 2379 2460; x_wconf 87' lang='lat' dir='ltr'><strong>intueri</strong></span> <span class='ocrx_word' id='word_1_397' title='bbox 2408 2414 2458 2460; x_wconf 87' lang='lat' dir='ltr'><strong>te</strong></span> <span class='ocrx_word' id='word_1_398' title='bbox 2501 2420 2567 2460; x_wconf 90' lang='lat' dir='ltr'><strong>eo</strong></span> <span class='ocrx_word' id='word_1_399' title='bbox 2593 2405 2770 2468; x_wconf 91' lang='lat' dir='ltr'><strong>modo,</strong></span> <span class='ocrx_word' id='word_1_400' title='bbox 2800 2420 2907 2475; x_wconf 91' lang='lat' dir='ltr'><strong>quo</strong></span> <span class='ocrx_word' id='word_1_401' title='bbox 2957 2413 3008 2458; x_wconf 91' lang='lat' dir='ltr'><strong>te</strong></span> <span class='ocrx_word' id='word_1_402' title='bbox 3032 2404 3352 2460; x_wconf 88' lang='lat' dir='ltr'><strong>invisibilem</strong></span> <span class='ocrx_word' id='word_1_403' title='bbox 3381 2404 3550 2459; x_wconf 87' lang='lat' dir='ltr'><strong>videri</strong></span> 
     </span>
    </p>
   </div>
   <div class='ocr_carea' id='block_1_56' title="bbox 1967 2495 3552 2566">
    <p class='ocr_par' dir='ltr' id='par_1_56' title="bbox 1967 2495 3552 2566">
     <span class='ocr_line' id='line_1_56' title="bbox 1967 2495 3552 2566; baseline -0.001 -16"><span class='ocrx_word' id='word_1_404' title='bbox 1967 2496 2238 2566; x_wconf 86' lang='lat' dir='ltr'><strong>permittis</strong></span> <span class='ocrx_word' id='word_1_405' title='bbox 2254 2496 2686 2551; x_wconf 86' lang='lat' dir='ltr'><strong>desiderantibus</strong></span> <span class='ocrx_word' id='word_1_406' title='bbox 2705 2496 2890 2551; x_wconf 89' lang='lat' dir='ltr'><strong>videre</strong></span> <span class='ocrx_word' id='word_1_407' title='bbox 2904 2495 3095 2551; x_wconf 81' lang='lat' dir='ltr'><strong>faciem</strong></span> <span class='ocrx_word' id='word_1_408' title='bbox 3126 2504 3290 2559; x_wconf 85' lang='lat' dir='ltr'><strong>tuam,</strong></span> <span class='ocrx_word' id='word_1_409' title='bbox 3317 2496 3552 2564; x_wconf 77' lang='lat' dir='ltr'><strong>quietem</strong></span> 
     </span>
    </p>
   </div>
   <div class='ocr_carea' id='block_1_57' title="bbox 1969 2574 3554 2655">
    <p class='ocr_par' dir='ltr' id='par_1_57' title="bbox 1969 2574 3554 2655">
     <span class='ocr_line' id='line_1_57' title="bbox 1969 2574 3554 2655; baseline -0.001 -15"><span class='ocrx_word' id='word_1_410' title='bbox 1969 2600 2145 2650; x_wconf 90' lang='lat' dir='ltr'><strong>suam,</strong></span> <span class='ocrx_word' id='word_1_411' title='bbox 2184 2586 2343 2640; x_wconf 83' lang='lat' dir='ltr'><strong>tinem</strong></span> <span class='ocrx_word' id='word_1_412' title='bbox 2387 2601 2564 2650; x_wconf 89' lang='lat' dir='ltr'><strong>suum,</strong></span> <span class='ocrx_word' id='word_1_413' title='bbox 2606 2574 2750 2640; x_wconf 86' lang='lat' dir='ltr'><strong>ultra</strong></span> <span class='ocrx_word' id='word_1_414' title='bbox 2796 2600 2955 2655; x_wconf 88' lang='lat' dir='ltr'><strong>quem</strong></span> <span class='ocrx_word' id='word_1_415' title='bbox 3004 2586 3080 2640; x_wconf 90' lang='lat' dir='ltr'><strong>nil</strong></span> <span class='ocrx_word' id='word_1_416' title='bbox 3120 2594 3396 2655; x_wconf 85' lang='lat' dir='ltr'><strong>appetunt,</strong></span> <span class='ocrx_word' id='word_1_417' title='bbox 3426 2586 3554 2655; x_wconf 83' lang='lat' dir='ltr'><strong>quia</strong></span> 
     </span>
    </p>
   </div>
   <div class='ocr_carea' id='block_1_58' title="bbox 1970 2674 3555 2747">
    <p class='ocr_par' dir='ltr' id='par_1_58' title="bbox 1970 2674 3555 2747">
     <span class='ocr_line' id='line_1_58' title="bbox 1970 2674 3555 2747; baseline 0 -17"><span class='ocrx_word' id='word_1_418' title='bbox 1970 2676 2110 2731; x_wconf 90' lang='lat' dir='ltr'><strong>ultra</strong></span> <span class='ocrx_word' id='word_1_419' title='bbox 2137 2676 2271 2733; x_wconf 85' lang='lat' dir='ltr'><strong>nihil</strong></span> <span class='ocrx_word' id='word_1_420' title='bbox 2298 2686 2381 2732; x_wconf 89' lang='lat' dir='ltr'><strong>est</strong></span> <span class='ocrx_word' id='word_1_421' title='bbox 2413 2692 2681 2732; x_wconf 91' lang='lat' dir='ltr'><strong>summum</strong></span> <span class='ocrx_word' id='word_1_422' title='bbox 2722 2676 2920 2731; x_wconf 87' lang='lat' dir='ltr'><strong>bonum</strong></span> <span class='ocrx_word' id='word_1_423' title='bbox 2946 2676 3418 2747; x_wconf 88' lang='lat' dir='ltr'><strong>superessentiale.</strong></span> <span class='ocrx_word' id='word_1_424' title='bbox 3446 2674 3555 2730; x_wconf 86' lang='lat' dir='ltr'><strong>Sed</strong></span> 
     </span>
    </p>
   </div>
   <div class='ocr_carea' id='block_1_59' title="bbox 1971 2767 3549 2838">
    <p class='ocr_par' dir='ltr' id='par_1_59' title="bbox 1971 2767 3549 2838">
     <span class='ocr_line' id='line_1_59' title="bbox 1971 2767 3549 2838; baseline 0 -18"><span class='ocrx_word' id='word_1_425' title='bbox 1971 2768 2040 2821; x_wconf 91' lang='lat' dir='ltr'><strong>ad</strong></span> <span class='ocrx_word' id='word_1_426' title='bbox 2087 2768 2360 2823; x_wconf 89' lang='lat' dir='ltr'><strong>residuum</strong></span> <span class='ocrx_word' id='word_1_427' title='bbox 2411 2768 2713 2823; x_wconf 85' lang='lat' dir='ltr'><strong>sententiae</strong></span> <span class='ocrx_word' id='word_1_428' title='bbox 2760 2775 2882 2822; x_wconf 88' lang='lat' dir='ltr'><strong>tuae</strong></span> <span class='ocrx_word' id='word_1_429' title='bbox 2918 2782 3133 2836; x_wconf 87' lang='lat' dir='ltr'><strong>gressus</strong></span> <span class='ocrx_word' id='word_1_430' title='bbox 3163 2767 3352 2838; x_wconf 81' lang='lat' dir='ltr'><strong>dirige.</strong></span> <span class='ocrx_word' id='word_1_431' title='bbox 3402 2767 3549 2821; x_wconf 85' lang='lat' dir='ltr'><strong>Disc.</strong></span> 
     </span>
    </p>
   </div>
   <div class='ocr_carea' id='block_1_60' title="bbox 1971 2857 3552 2928">
    <p class='ocr_par' dir='ltr' id='par_1_60' title="bbox 1971 2857 3552 2928">
     <span class='ocr_line' id='line_1_60' title="bbox 1971 2857 3552 2928; baseline 0 -15"><span class='ocrx_word' id='word_1_432' title='bbox 1971 2858 2109 2925; x_wconf 86' lang='lat' dir='ltr'><strong>Quid</strong></span> <span class='ocrx_word' id='word_1_433' title='bbox 2163 2868 2347 2924; x_wconf 89' lang='lat' dir='ltr'><strong>restat,</strong></span> <span class='ocrx_word' id='word_1_434' title='bbox 2400 2860 2502 2913; x_wconf 91' lang='lat' dir='ltr'><strong>nisi</strong></span> <span class='ocrx_word' id='word_1_435' title='bbox 2548 2859 2689 2928; x_wconf 92' lang='lat' dir='ltr'><strong>quod</strong></span> <span class='ocrx_word' id='word_1_436' title='bbox 2738 2873 2824 2913; x_wconf 87' lang='lat' dir='ltr'><strong>me</strong></span> <span class='ocrx_word' id='word_1_437' title='bbox 2870 2859 3025 2912; x_wconf 89' lang='lat' dir='ltr'><strong>valde</strong></span> <span class='ocrx_word' id='word_1_438' title='bbox 3078 2866 3256 2913; x_wconf 87' lang='lat' dir='ltr'><strong>movet</strong></span> <span class='ocrx_word' id='word_1_439' title='bbox 3288 2857 3552 2926; x_wconf 85' lang='lat' dir='ltr'><strong>proferre.</strong></span> 
     </span>
    </p>
   </div>
   <div class='ocr_carea' id='block_1_61' title="bbox 1975 2946 3558 3020">
    <p class='ocr_par' dir='ltr' id='par_1_61' title="bbox 1975 2946 3558 3020">
     <span class='ocr_line' id='line_1_61' title="bbox 1975 2946 3558 3020; baseline -0.003 -15"><span class='ocrx_word' id='word_1_440' title='bbox 1975 2950 2077 3006; x_wconf 87' lang='lat' dir='ltr'><strong>hoc</strong></span> <span class='ocrx_word' id='word_1_441' title='bbox 2098 2959 2199 3015; x_wconf 89' lang='lat' dir='ltr'><strong>est,</strong></span> <span class='ocrx_word' id='word_1_442' title='bbox 2227 2950 2497 3020; x_wconf 91' lang='lat' dir='ltr'><strong>quomodo</strong></span> <span class='ocrx_word' id='word_1_443' title='bbox 2526 2948 2713 3005; x_wconf 82' lang='lat' dir='ltr'><strong>omnia</strong></span> <span class='ocrx_word' id='word_1_444' title='bbox 2738 2959 2958 3003; x_wconf 89' lang='lat' dir='ltr'><strong>aeterna</strong></span> <span class='ocrx_word' id='word_1_445' title='bbox 2993 2956 3046 3001; x_wconf 90' lang='lat' dir='ltr'><strong>et</strong></span> <span class='ocrx_word' id='word_1_446' title='bbox 3079 2946 3220 3002; x_wconf 87' lang='lat' dir='ltr'><strong>facta</strong></span> <span class='ocrx_word' id='word_1_447' title='bbox 3249 2954 3393 3011; x_wconf 87' lang='lat' dir='ltr'><strong>sunt,</strong></span> <span class='ocrx_word' id='word_1_448' title='bbox 3423 2961 3558 3017; x_wconf 79' lang='lat' dir='ltr'><strong>quo-</strong></span> 
     </span>
    </p>
   </div>
   <div class='ocr_carea' id='block_1_62' title="bbox 289 3024 3559 3119">
    <p class='ocr_par' dir='ltr' id='par_1_62' title="bbox 289 3024 3559 3119">
     <span class='ocr_line' id='line_1_62' title="bbox 289 3024 3559 3119; baseline -0.001 -26"><span class='ocrx_word' id='word_1_449' title='bbox 289 3024 399 3112; x_wconf 60' lang='lat' dir='ltr'><strong>tur;</strong></span> <span class='ocrx_word' id='word_1_450' title='bbox 444 3024 541 3102; x_wconf 44' lang='lat' dir='ltr'><strong>ita-</strong></span> <span class='ocrx_word' id='word_1_451' title='bbox 567 3057 625 3102; x_wconf 67' lang='lat' dir='ltr'><strong>ut</strong></span> <span class='ocrx_word' id='word_1_452' title='bbox 667 3024 721 3104; x_wconf 58' lang='lat' dir='ltr'><strong>et</strong></span> <span class='ocrx_word' id='word_1_453' title='bbox 768 3048 909 3105; x_wconf 68' lang='lat' dir='ltr'><strong>facta</strong></span> <span class='ocrx_word' id='word_1_454' title='bbox 953 3048 1078 3111; x_wconf 65' lang='lat' dir='ltr'><strong>sim,</strong></span> <span class='ocrx_word' id='word_1_455' title='bbox 1130 3049 1254 3119; x_wconf 78' lang='lat' dir='ltr'><strong>quia</strong></span> <span class='ocrx_word' id='word_1_456' title='bbox 1296 3063 1414 3103; x_wconf 78' lang='lat' dir='ltr'><strong>esse</strong></span> <span class='ocrx_word' id='word_1_457' title='bbox 1442 3047 1785 3113; x_wconf 67' lang='lat' dir='ltr'><strong>inchoavere,</strong></span> <span class='ocrx_word' id='word_1_458' title='bbox 1816 3057 1873 3102; x_wconf 77' lang='lat' dir='ltr'><strong>et,</strong></span> <span class='ocrx_word' id='word_1_459' title='bbox 1901 3024 1946 3086; x_wconf 79' lang='lat' dir='ltr'>C</span> <span class='ocrx_word' id='word_1_460' title='bbox 1979 3040 2145 3093; x_wconf 89' lang='lat' dir='ltr'><strong>modo</strong></span> <span class='ocrx_word' id='word_1_461' title='bbox 2174 3039 2440 3109; x_wconf 89' lang='lat' dir='ltr'><strong>principio</strong></span> <span class='ocrx_word' id='word_1_462' title='bbox 2478 3054 2542 3093; x_wconf 91' lang='lat' dir='ltr'><strong>ac</strong></span> <span class='ocrx_word' id='word_1_463' title='bbox 2585 3039 2689 3092; x_wconf 81' lang='lat' dir='ltr'><strong>line</strong></span> <span class='ocrx_word' id='word_1_464' title='bbox 2736 3037 2974 3092; x_wconf 76' lang='lat' dir='ltr'><strong>carentia</strong></span> <span class='ocrx_word' id='word_1_465' title='bbox 3027 3036 3288 3106; x_wconf 90' lang='lat' dir='ltr'><strong>principio</strong></span> <span class='ocrx_word' id='word_1_466' title='bbox 3336 3050 3401 3090; x_wconf 84' lang='lat' dir='ltr'><strong>ac</strong></span> <span class='ocrx_word' id='word_1_467' title='bbox 3451 3034 3559 3090; x_wconf 81' lang='lat' dir='ltr'><strong>fine</strong></span> 
     </span>
    </p>
   </div>
   <div class='ocr_carea' id='block_1_63' title="bbox 291 3138 1873 3208">
    <p class='ocr_par' dir='ltr' id='par_1_63' title="bbox 291 3138 1873 3208">
     <span class='ocr_line' id='line_1_63' title="bbox 291 3138 1873 3208; baseline 0.001 -17"><span class='ocrx_word' id='word_1_468' title='bbox 291 3147 537 3204; x_wconf 86' lang='lat' dir='ltr'><strong>aeterna,</strong></span> <span class='ocrx_word' id='word_1_469' title='bbox 574 3140 698 3208; x_wconf 89' lang='lat' dir='ltr'><strong>quia</strong></span> <span class='ocrx_word' id='word_1_470' title='bbox 743 3155 849 3194; x_wconf 91' lang='lat' dir='ltr'><strong>non</strong></span> <span class='ocrx_word' id='word_1_471' title='bbox 885 3139 1131 3195; x_wconf 89' lang='lat' dir='ltr'><strong>desinent</strong></span> <span class='ocrx_word' id='word_1_472' title='bbox 1167 3138 1480 3194; x_wconf 88' lang='lat' dir='ltr'><strong>subsistere.</strong></span> <span class='ocrx_word' id='word_1_473' title='bbox 1512 3140 1873 3194; x_wconf 81' lang='lat' dir='ltr'><strong>Veruntamen</strong></span> 
     </span>
    </p>
   </div>
   <div class='ocr_carea' id='block_1_64' title="bbox 284 3228 1870 3299">
    <p class='ocr_par' dir='ltr' id='par_1_64' title="bbox 284 3228 1870 3299">
     <span class='ocr_line' id='line_1_64' title="bbox 284 3228 1870 3299; baseline 0.002 -17"><span class='ocrx_word' id='word_1_474' title='bbox 284 3241 462 3298; x_wconf 85' lang='lat' dir='ltr'><strong>neque</strong></span> <span class='ocrx_word' id='word_1_475' title='bbox 509 3228 700 3284; x_wconf 89' lang='lat' dir='ltr'><strong>talibus</strong></span> <span class='ocrx_word' id='word_1_476' title='bbox 728 3229 1087 3298; x_wconf 89' lang='lat' dir='ltr'><strong>opinionibus,</strong></span> <span class='ocrx_word' id='word_1_477' title='bbox 1121 3244 1256 3299; x_wconf 88' lang='lat' dir='ltr'><strong>quas</strong></span> <span class='ocrx_word' id='word_1_478' title='bbox 1302 3244 1427 3285; x_wconf 79' lang='lat' dir='ltr'><strong>vera</strong></span> <span class='ocrx_word' id='word_1_479' title='bbox 1472 3228 1682 3284; x_wconf 85' lang='lat' dir='ltr'><strong>deridet</strong></span> <span class='ocrx_word' id='word_1_480' title='bbox 1710 3230 1870 3296; x_wconf 88' lang='lat' dir='ltr'><strong>ratio,</strong></span> 
     </span>
    </p>
   </div>
   <div class='ocr_carea' id='block_1_65' title="bbox 286 3319 1873 3389">
    <p class='ocr_par' dir='ltr' id='par_1_65' title="bbox 286 3319 1873 3389">
     <span class='ocr_line' id='line_1_65' title="bbox 286 3319 1873 3389; baseline 0.003 -18"><span class='ocrx_word' id='word_1_481' title='bbox 286 3327 340 3374; x_wconf 89' lang='lat' dir='ltr'><strong>te</strong></span> <span class='ocrx_word' id='word_1_482' title='bbox 378 3319 643 3373; x_wconf 89' lang='lat' dir='ltr'><strong>assentire</strong></span> <span class='ocrx_word' id='word_1_483' title='bbox 686 3319 1037 3382; x_wconf 87' lang='lat' dir='ltr'><strong>aestimarim,</strong></span> <span class='ocrx_word' id='word_1_484' title='bbox 1085 3334 1259 3389; x_wconf 90' lang='lat' dir='ltr'><strong>neque</strong></span> <span class='ocrx_word' id='word_1_485' title='bbox 1286 3319 1447 3375; x_wconf 90' lang='lat' dir='ltr'><strong>talem</strong></span> <span class='ocrx_word' id='word_1_486' title='bbox 1477 3320 1873 3386; x_wconf 86' lang='lat' dir='ltr'><strong>aeternitatem,</strong></span> 
     </span>
    </p>
   </div>
   <div class='ocr_carea' id='block_1_66' title="bbox 286 3406 1877 3480">
    <p class='ocr_par' dir='ltr' id='par_1_66' title="bbox 286 3406 1877 3480">
     <span class='ocr_line' id='line_1_66' title="bbox 286 3406 1877 3480; baseline 0.006 -22"><span class='ocrx_word' id='word_1_487' title='bbox 286 3406 371 3461; x_wconf 78' lang='lat' dir='ltr'><strong>vel</strong></span> <span class='ocrx_word' id='word_1_488' title='bbox 398 3415 457 3461; x_wconf 93' lang='lat' dir='ltr'><strong>ut</strong></span> <span class='ocrx_word' id='word_1_489' title='bbox 487 3408 668 3463; x_wconf 89' lang='lat' dir='ltr'><strong>verius</strong></span> <span class='ocrx_word' id='word_1_490' title='bbox 699 3407 1425 3472; x_wconf 89' lang='lat' dir='ltr'><strong>dicam,semiaeternitatem</strong></span> <span class='ocrx_word' id='word_1_491' title='bbox 1450 3410 1877 3480; x_wconf 33' lang='lat' dir='ltr'><strong>praedictis‘tuis</strong></span> 
     </span>
    </p>
   </div>
   <div class='ocr_carea' id='block_1_67' title="bbox 287 3498 1876 3569">
    <p class='ocr_par' dir='ltr' id='par_1_67' title="bbox 287 3498 1876 3569">
     <span class='ocr_line' id='line_1_67' title="bbox 287 3498 1876 3569; baseline 0.003 -18"><span class='ocrx_word' id='word_1_492' title='bbox 287 3498 590 3553; x_wconf 85' lang='lat' dir='ltr'><strong>rationibus</strong></span> <span class='ocrx_word' id='word_1_493' title='bbox 604 3498 861 3564; x_wconf 84' lang='lat' dir='ltr'><strong>suasisse,</strong></span> <span class='ocrx_word' id='word_1_494' title='bbox 879 3514 1052 3569; x_wconf 89' lang='lat' dir='ltr'><strong>neque</strong></span> <span class='ocrx_word' id='word_1_495' title='bbox 1065 3500 1144 3555; x_wconf 89' lang='lat' dir='ltr'><strong>sic</strong></span> <span class='ocrx_word' id='word_1_496' title='bbox 1160 3510 1214 3554; x_wconf 90' lang='lat' dir='ltr'><strong>et</strong></span> <span class='ocrx_word' id='word_1_497' title='bbox 1229 3498 1369 3555; x_wconf 90' lang='lat' dir='ltr'><strong>facta</strong></span> <span class='ocrx_word' id='word_1_498' title='bbox 1398 3500 1560 3554; x_wconf 87' lang='lat' dir='ltr'><strong>simul</strong></span> <span class='ocrx_word' id='word_1_499' title='bbox 1583 3510 1636 3556; x_wconf 88' lang='lat' dir='ltr'><strong>et</strong></span> <span class='ocrx_word' id='word_1_500' title='bbox 1658 3512 1876 3557; x_wconf 89' lang='lat' dir='ltr'><strong>aeterna</strong></span> 
     </span>
    </p>
   </div>
   <div class='ocr_carea' id='block_1_68' title="bbox 288 3586 1875 3650">
    <p class='ocr_par' dir='ltr' id='par_1_68' title="bbox 288 3586 1875 3650">
     <span class='ocr_line' id='line_1_68' title="bbox 288 3586 1875 3650; baseline 0.003 -10"><span class='ocrx_word' id='word_1_501' title='bbox 288 3586 681 3650; x_wconf 87' lang='lat' dir='ltr'><strong>docuisse;sed</strong></span> <span class='ocrx_word' id='word_1_502' title='bbox 704 3586 881 3643; x_wconf 90' lang='lat' dir='ltr'><strong>altiori</strong></span> <span class='ocrx_word' id='word_1_503' title='bbox 913 3597 1225 3643; x_wconf 88' lang='lat' dir='ltr'><strong>naturarum</strong></span> <span class='ocrx_word' id='word_1_504' title='bbox 1255 3590 1497 3644; x_wconf 91' lang='lat' dir='ltr'><strong>contuitu</strong></span> <span class='ocrx_word' id='word_1_505' title='bbox 1518 3589 1655 3644; x_wconf 88' lang='lat' dir='ltr'><strong>ultra</strong></span> <span class='ocrx_word' id='word_1_506' title='bbox 1684 3591 1875 3644; x_wconf 85' lang='lat' dir='ltr'><strong>buma-</strong></span> 
     </span>
    </p>
   </div>
   <div class='ocr_carea' id='block_1_69' title="bbox 289 3675 1883 3749">
    <p class='ocr_par' dir='ltr' id='par_1_69' title="bbox 289 3675 1883 3749">
     <span class='ocr_line' id='line_1_69' title="bbox 289 3675 1883 3749; baseline 0.003 -21"><span class='ocrx_word' id='word_1_507' title='bbox 289 3690 390 3729; x_wconf 87' lang='lat' dir='ltr'><strong>nas</strong></span> <span class='ocrx_word' id='word_1_508' title='bbox 419 3675 720 3745; x_wconf 83' lang='lat' dir='ltr'><strong>opiniones,</strong></span> <span class='ocrx_word' id='word_1_509' title='bbox 747 3677 908 3731; x_wconf 90' lang='lat' dir='ltr'><strong>modo</strong></span> <span class='ocrx_word' id='word_1_510' title='bbox 935 3678 1167 3747; x_wconf 89' lang='lat' dir='ltr'><strong>quodam</strong></span> <span class='ocrx_word' id='word_1_511' title='bbox 1190 3678 1365 3732; x_wconf 88' lang='lat' dir='ltr'><strong>adhuc</strong></span> <span class='ocrx_word' id='word_1_512' title='bbox 1393 3678 1548 3733; x_wconf 85' lang='lat' dir='ltr'><strong>nobis</strong></span> <span class='ocrx_word' id='word_1_513' title='bbox 1584 3678 1883 3749; x_wconf 85' lang='lat' dir='ltr'><strong>incognito,</strong></span> 
     </span>
    </p>
   </div>
   <div class='ocr_carea' id='block_1_70' title="bbox 290 3768 1881 3840">
    <p class='ocr_par' dir='ltr' id='par_1_70' title="bbox 290 3768 1881 3840">
     <span class='ocr_line' id='line_1_70' title="bbox 290 3768 1881 3840; baseline 0.003 -19"><span class='ocrx_word' id='word_1_514' title='bbox 290 3768 594 3823; x_wconf 82' lang='lat' dir='ltr'><strong>divinorum</strong></span> <span class='ocrx_word' id='word_1_515' title='bbox 617 3784 934 3824; x_wconf 87' lang='lat' dir='ltr'><strong>arcanorum</strong></span> <span class='ocrx_word' id='word_1_516' title='bbox 951 3770 1109 3840; x_wconf 81' lang='lat' dir='ltr'><strong>adyta</strong></span> <span class='ocrx_word' id='word_1_517' title='bbox 1125 3779 1407 3839; x_wconf 89' lang='lat' dir='ltr'><strong>penetrare</strong></span> <span class='ocrx_word' id='word_1_518' title='bbox 1428 3778 1477 3825; x_wconf 90' lang='lat' dir='ltr'><strong>te</strong></span> <span class='ocrx_word' id='word_1_519' title='bbox 1497 3771 1692 3834; x_wconf 88' lang='lat' dir='ltr'><strong>sentio,</strong></span> <span class='ocrx_word' id='word_1_520' title='bbox 1717 3772 1881 3826; x_wconf 85' lang='lat' dir='ltr'><strong>vesti-</strong></span> 
     </span>
    </p>
   </div>
   <div class='ocr_carea' id='block_1_71' title="bbox 287 3856 1876 3931">
    <p class='ocr_par' dir='ltr' id='par_1_71' title="bbox 287 3856 1876 3931">
     <span class='ocr_line' id='line_1_71' title="bbox 287 3856 1876 3931; baseline 0.004 -22"><span class='ocrx_word' id='word_1_521' title='bbox 287 3859 373 3928; x_wconf 83' lang='lat' dir='ltr'><strong>gia</strong></span> <span class='ocrx_word' id='word_1_522' title='bbox 406 3856 648 3922; x_wconf 83' lang='lat' dir='ltr'><strong>Patrum,</strong></span> <span class='ocrx_word' id='word_1_523' title='bbox 696 3860 786 3928; x_wconf 85' lang='lat' dir='ltr'><strong>qui</strong></span> <span class='ocrx_word' id='word_1_524' title='bbox 817 3859 942 3912; x_wconf 88' lang='lat' dir='ltr'><strong>talia</strong></span> <span class='ocrx_word' id='word_1_525' title='bbox 972 3861 1192 3914; x_wconf 89' lang='lat' dir='ltr'><strong>scrutati</strong></span> <span class='ocrx_word' id='word_1_526' title='bbox 1224 3868 1367 3921; x_wconf 90' lang='lat' dir='ltr'><strong>sunt,</strong></span> <span class='ocrx_word' id='word_1_527' title='bbox 1401 3860 1560 3915; x_wconf 89' lang='lat' dir='ltr'><strong>altius</strong></span> <span class='ocrx_word' id='word_1_528' title='bbox 1584 3860 1876 3931; x_wconf 87' lang='lat' dir='ltr'><strong>sequendo.</strong></span> 
     </span>
    </p>
   </div>
   <div class='ocr_carea' id='block_1_72' title="bbox 362 3948 1879 4019">
    <p class='ocr_par' dir='ltr' id='par_1_72' title="bbox 362 3948 1879 4019">
     <span class='ocr_line' id='line_1_72' title="bbox 362 3948 1879 4019; baseline 0.002 -18"><span class='ocrx_word' id='word_1_529' title='bbox 362 3948 450 4001; x_wconf 80' lang='grc'><strong>10.</strong></span> <span class='ocrx_word' id='word_1_530' title='bbox 502 3948 668 4002; x_wconf 82' lang='lat' dir='ltr'><strong>Aiunt</strong></span> <span class='ocrx_word' id='word_1_531' title='bbox 717 3949 887 4012; x_wconf 90' lang='lat' dir='ltr'><strong>enim,</strong></span> <span class='ocrx_word' id='word_1_532' title='bbox 942 3957 1192 4003; x_wconf 87' lang='lat' dir='ltr'><strong>naturam</strong></span> <span class='ocrx_word' id='word_1_533' title='bbox 1222 3949 1379 4018; x_wconf 88' lang='lat' dir='ltr'><strong>hujus</strong></span> <span class='ocrx_word' id='word_1_534' title='bbox 1422 3950 1607 4004; x_wconf 91' lang='lat' dir='ltr'><strong>mundi</strong></span> <span class='ocrx_word' id='word_1_535' title='bbox 1665 3966 1879 4019; x_wconf 64' lang='lat' dir='ltr'><strong>semper</strong></span> 
     </span>
    </p>
   </div>
   <div class='ocr_carea' id='block_1_73' title="bbox 290 4039 1877 4109">
    <p class='ocr_par' dir='ltr' id='par_1_73' title="bbox 290 4039 1877 4109">
     <span class='ocr_line' id='line_1_73' title="bbox 290 4039 1877 4109; baseline 0.002 -18"><span class='ocrx_word' id='word_1_536' title='bbox 290 4052 627 4102; x_wconf 87' lang='lat' dir='ltr'><strong>mansuram,</strong></span> <span class='ocrx_word' id='word_1_537' title='bbox 675 4039 800 4106; x_wconf 87' lang='lat' dir='ltr'><strong>quia</strong></span> <span class='ocrx_word' id='word_1_538' title='bbox 854 4039 1171 4107; x_wconf 91' lang='lat' dir='ltr'><strong>incorporea</strong></span> <span class='ocrx_word' id='word_1_539' title='bbox 1227 4048 1309 4095; x_wconf 64' lang='lat' dir='ltr'><strong>est</strong></span> <span class='ocrx_word' id='word_1_540' title='bbox 1339 4048 1394 4095; x_wconf 94' lang='lat' dir='ltr'><strong>et</strong></span> <span class='ocrx_word' id='word_1_541' title='bbox 1439 4039 1877 4109; x_wconf 89' lang='lat' dir='ltr'><strong>incorruptibilis,</strong></span> 
     </span>
    </p>
   </div>
   <div class='ocr_carea' id='block_1_74' title="bbox 287 4129 1879 4200">
    <p class='ocr_par' dir='ltr' id='par_1_74' title="bbox 287 4129 1879 4200">
     <span class='ocr_line' id='line_1_74' title="bbox 287 4129 1879 4200; baseline 0 -16"><span class='ocrx_word' id='word_1_542' title='bbox 287 4138 471 4184; x_wconf 86' lang='lat' dir='ltr'><strong>cetera</strong></span> <span class='ocrx_word' id='word_1_543' title='bbox 499 4144 644 4194; x_wconf 83' lang='lat' dir='ltr'><strong>vero,</strong></span> <span class='ocrx_word' id='word_1_544' title='bbox 675 4129 872 4199; x_wconf 87' lang='lat' dir='ltr'><strong>quibus</strong></span> <span class='ocrx_word' id='word_1_545' title='bbox 891 4139 1121 4195; x_wconf 86' lang='lat' dir='ltr'><strong>constat,</strong></span> <span class='ocrx_word' id='word_1_546' title='bbox 1156 4130 1413 4200; x_wconf 89' lang='lat' dir='ltr'><strong>peritura,</strong></span> <span class='ocrx_word' id='word_1_547' title='bbox 1446 4131 1547 4186; x_wconf 87' lang='lat' dir='ltr'><strong>hoc</strong></span> <span class='ocrx_word' id='word_1_548' title='bbox 1575 4140 1677 4195; x_wconf 89' lang='lat' dir='ltr'><strong>est,</strong></span> <span class='ocrx_word' id='word_1_549' title='bbox 1700 4145 1879 4196; x_wconf 89' lang='lat' dir='ltr'><strong>omne,</strong></span> 
     </span>
    </p>
   </div>
   <div class='ocr_carea' id='block_1_75' title="bbox 293 4218 1879 4289">
    <p class='ocr_par' dir='ltr' id='par_1_75' title="bbox 293 4218 1879 4289">
     <span class='ocr_line' id='line_1_75' title="bbox 293 4218 1879 4289; baseline 0.001 -17"><span class='ocrx_word' id='word_1_550' title='bbox 293 4218 439 4289; x_wconf 89' lang='lat' dir='ltr'><strong>quod</strong></span> <span class='ocrx_word' id='word_1_551' title='bbox 476 4220 529 4271; x_wconf 91' lang='lat' dir='ltr'><strong>in</strong></span> <span class='ocrx_word' id='word_1_552' title='bbox 582 4234 647 4273; x_wconf 91' lang='lat' dir='ltr'><strong>eo</strong></span> <span class='ocrx_word' id='word_1_553' title='bbox 695 4227 780 4274; x_wconf 91' lang='lat' dir='ltr'><strong>est</strong></span> <span class='ocrx_word' id='word_1_554' title='bbox 807 4219 1187 4289; x_wconf 83' lang='lat' dir='ltr'><strong>compositum.</strong></span> <span class='ocrx_word' id='word_1_555' title='bbox 1229 4220 1295 4274; x_wconf 86' lang='lat' dir='ltr'><strong>Et</strong></span> <span class='ocrx_word' id='word_1_556' title='bbox 1333 4219 1457 4289; x_wconf 87' lang='lat' dir='ltr'><strong>quia</strong></span> <span class='ocrx_word' id='word_1_557' title='bbox 1505 4220 1558 4274; x_wconf 91' lang='lat' dir='ltr'><strong>in</strong></span> <span class='ocrx_word' id='word_1_558' title='bbox 1584 4235 1648 4274; x_wconf 90' lang='lat' dir='ltr'><strong>eo</strong></span> <span class='ocrx_word' id='word_1_559' title='bbox 1677 4220 1879 4274; x_wconf 91' lang='lat' dir='ltr'><strong>nullum</strong></span> 
     </span>
    </p>
   </div>
   <div class='ocr_carea' id='block_1_76' title="bbox 289 4304 1880 4377">
    <p class='ocr_par' dir='ltr' id='par_1_76' title="bbox 289 4304 1880 4377">
     <span class='ocr_line' id='line_1_76' title="bbox 289 4304 1880 4377; baseline 0.003 -16"><span class='ocrx_word' id='word_1_560' title='bbox 289 4322 489 4377; x_wconf 88' lang='lat' dir='ltr'><strong>corpus</strong></span> <span class='ocrx_word' id='word_1_561' title='bbox 538 4316 639 4372; x_wconf 88' lang='lat' dir='ltr'><strong>est,</strong></span> <span class='ocrx_word' id='word_1_562' title='bbox 704 4308 847 4377; x_wconf 90' lang='lat' dir='ltr'><strong>quod</strong></span> <span class='ocrx_word' id='word_1_563' title='bbox 890 4324 997 4362; x_wconf 91' lang='lat' dir='ltr'><strong>non</strong></span> <span class='ocrx_word' id='word_1_564' title='bbox 1038 4309 1109 4362; x_wconf 91' lang='lat' dir='ltr'><strong>sit</strong></span> <span class='ocrx_word' id='word_1_565' title='bbox 1152 4304 1179 4339; x_wconf 80' lang='grc'><strong><em>⁸</em></strong></span> <span class='ocrx_word' id='word_1_566' title='bbox 1203 4308 1590 4377; x_wconf 90' lang='lat' dir='ltr'><strong>compositum,</strong></span> <span class='ocrx_word' id='word_1_567' title='bbox 1623 4318 1679 4364; x_wconf 92' lang='lat' dir='ltr'><strong>et</strong></span> <span class='ocrx_word' id='word_1_568' title='bbox 1720 4323 1880 4365; x_wconf 85' lang='lat' dir='ltr'><strong>omne</strong></span> 
     </span>
    </p>
   </div>
   <div class='ocr_carea' id='block_1_77' title="bbox 290 4398 1872 4473">
    <p class='ocr_par' dir='ltr' id='par_1_77' title="bbox 290 4398 1872 4473">
     <span class='ocr_line' id='line_1_77' title="bbox 290 4398 1872 4473; baseline 0.002 -23"><span class='ocrx_word' id='word_1_569' title='bbox 290 4399 649 4467; x_wconf 87' lang='lat' dir='ltr'><strong>compositum</strong></span> <span class='ocrx_word' id='word_1_570' title='bbox 676 4398 914 4453; x_wconf 84' lang='lat' dir='ltr'><strong>solvetur</strong></span> <span class='ocrx_word' id='word_1_571' title='bbox 941 4398 995 4452; x_wconf 88' lang='lat' dir='ltr'><strong>in</strong></span> <span class='ocrx_word' id='word_1_572' title='bbox 1021 4413 1104 4461; x_wconf 88' lang='lat' dir='ltr'><strong>ea,</strong></span> <span class='ocrx_word' id='word_1_573' title='bbox 1126 4413 1221 4473; x_wconf 55' lang='grc' dir='ltr'><strong>ἐκ</strong></span> <span class='ocrx_word' id='word_1_574' title='bbox 1250 4398 1444 4468; x_wconf 88' lang='lat' dir='ltr'><strong>quibus</strong></span> <span class='ocrx_word' id='word_1_575' title='bbox 1494 4400 1872 4468; x_wconf 85' lang='lat' dir='ltr'><strong>componitur;</strong></span> 
     </span>
    </p>
   </div>
   <div class='ocr_carea' id='block_1_78' title="bbox 291 4486 1879 4560">
    <p class='ocr_par' dir='ltr' id='par_1_78' title="bbox 291 4486 1879 4560">
     <span class='ocr_line' id='line_1_78' title="bbox 291 4486 1879 4560; baseline 0.004 -21"><span class='ocrx_word' id='word_1_576' title='bbox 291 4494 438 4540; x_wconf 79' lang='lat' dir='ltr'><strong>tatus</strong></span> <span class='ocrx_word' id='word_1_577' title='bbox 464 4486 630 4556; x_wconf 84' lang='lat' dir='ltr'><strong>igitur</strong></span> <span class='ocrx_word' id='word_1_578' title='bbox 653 4487 885 4543; x_wconf 87' lang='lat' dir='ltr'><strong>mundus</strong></span> <span class='ocrx_word' id='word_1_579' title='bbox 906 4487 1008 4542; x_wconf 89' lang='lat' dir='ltr'><strong>iste</strong></span> <span class='ocrx_word' id='word_1_580' title='bbox 1038 4486 1266 4542; x_wconf 87' lang='lat' dir='ltr'><strong>visibilis</strong></span> <span class='ocrx_word' id='word_1_581' title='bbox 1298 4503 1590 4557; x_wconf 85' lang='lat' dir='ltr'><strong>corporeus</strong></span> <span class='ocrx_word' id='word_1_582' title='bbox 1610 4490 1879 4560; x_wconf 88' lang='lat' dir='ltr'><strong>composi-</strong></span> 
     </span>
    </p>
   </div>
   <div class='ocr_carea' id='block_1_79' title="bbox 291 4577 1876 4647">
    <p class='ocr_par' dir='ltr' id='par_1_79' title="bbox 291 4577 1876 4647">
     <span class='ocr_line' id='line_1_79' title="bbox 291 4577 1876 4647; baseline 0.002 -17"><span class='ocrx_word' id='word_1_583' title='bbox 291 4582 379 4631; x_wconf 89' lang='lat' dir='ltr'><strong>tus</strong></span> <span class='ocrx_word' id='word_1_584' title='bbox 428 4577 691 4641; x_wconf 81' lang='lat' dir='ltr'><strong>solvetur,</strong></span> <span class='ocrx_word' id='word_1_585' title='bbox 742 4578 854 4631; x_wconf 90' lang='lat' dir='ltr'><strong>sola</strong></span> <span class='ocrx_word' id='word_1_586' title='bbox 907 4577 1133 4647; x_wconf 90' lang='lat' dir='ltr'><strong>simplici</strong></span> <span class='ocrx_word' id='word_1_587' title='bbox 1188 4586 1379 4632; x_wconf 90' lang='lat' dir='ltr'><strong>natura</strong></span> <span class='ocrx_word' id='word_1_588' title='bbox 1432 4586 1701 4634; x_wconf 89' lang='lat' dir='ltr'><strong>manente.</strong></span> <span class='ocrx_word' id='word_1_589' title='bbox 1735 4578 1876 4634; x_wconf 75' lang='lat' dir='ltr'><strong>MAG.</strong></span> 
     </span>
    </p>
   </div>
   <div class='ocr_carea' id='block_1_80' title="bbox 292 4667 1881 4743">
    <p class='ocr_par' dir='ltr' id='par_1_80' title="bbox 292 4667 1881 4743">
     <span class='ocr_line' id='line_1_80' title="bbox 292 4667 1881 4743; baseline 0.002 -20"><span class='ocrx_word' id='word_1_590' title='bbox 292 4667 469 4723; x_wconf 81' lang='lat' dir='ltr'><strong>Falsis</strong></span> <span class='ocrx_word' id='word_1_591' title='bbox 488 4669 990 4724; x_wconf 89' lang='lat' dir='ltr'><strong>ratiocinationibus</strong></span> <span class='ocrx_word' id='word_1_592' title='bbox 1014 4670 1367 4724; x_wconf 88' lang='lat' dir='ltr'><strong>humanarum</strong></span> <span class='ocrx_word' id='word_1_593' title='bbox 1392 4670 1701 4739; x_wconf 90' lang='lat' dir='ltr'><strong>opinionum</strong></span> <span class='ocrx_word' id='word_1_594' title='bbox 1724 4671 1881 4743; x_wconf 89' lang='lat' dir='ltr'><strong>longe</strong></span> 
     </span>
    </p>
   </div>
   <div class='ocr_carea' id='block_1_81' title="bbox 294 4757 1885 4829">
    <p class='ocr_par' dir='ltr' id='par_1_81' title="bbox 294 4757 1885 4829">
     <span class='ocr_line' id='line_1_81' title="bbox 294 4757 1885 4829; baseline 0.002 -18"><span class='ocrx_word' id='word_1_595' title='bbox 294 4774 323 4811; x_wconf 93' lang='lat' dir='ltr'><strong>a</strong></span> <span class='ocrx_word' id='word_1_596' title='bbox 356 4760 589 4812; x_wconf 84' lang='lat' dir='ltr'><strong>veritate</strong></span> <span class='ocrx_word' id='word_1_597' title='bbox 625 4758 939 4811; x_wconf 88' lang='lat' dir='ltr'><strong>distantium</strong></span> <span class='ocrx_word' id='word_1_598' title='bbox 971 4757 1239 4827; x_wconf 89' lang='lat' dir='ltr'><strong>quondam</strong></span> <span class='ocrx_word' id='word_1_599' title='bbox 1292 4773 1376 4814; x_wconf 90' lang='lat' dir='ltr'><strong>me</strong></span> <span class='ocrx_word' id='word_1_600' title='bbox 1427 4758 1710 4829; x_wconf 88' lang='lat' dir='ltr'><strong>deceptum</strong></span> <span class='ocrx_word' id='word_1_601' title='bbox 1764 4773 1885 4814; x_wconf 89' lang='lat' dir='ltr'><strong>esse</strong></span> 
     </span>
    </p>
   </div>
   <div class='ocr_carea' id='block_1_82' title="bbox 294 4845 1882 4916">
    <p class='ocr_par' dir='ltr' id='par_1_82' title="bbox 294 4845 1882 4916">
     <span class='ocr_line' id='line_1_82' title="bbox 294 4845 1882 4916; baseline 0.001 -17"><span class='ocrx_word' id='word_1_602' title='bbox 294 4860 497 4916; x_wconf 55' lang='lat' dir='ltr'><strong>negare</strong></span> <span class='ocrx_word' id='word_1_603' title='bbox 531 4860 638 4900; x_wconf 92' lang='lat' dir='ltr'><strong>non</strong></span> <span class='ocrx_word' id='word_1_604' title='bbox 666 4859 907 4915; x_wconf 89' lang='lat' dir='ltr'><strong>possum,</strong></span> <span class='ocrx_word' id='word_1_605' title='bbox 944 4846 1068 4914; x_wconf 89' lang='lat' dir='ltr'><strong>quia</strong></span> <span class='ocrx_word' id='word_1_606' title='bbox 1117 4845 1372 4916; x_wconf 90' lang='lat' dir='ltr'><strong>deceptus</strong></span> <span class='ocrx_word' id='word_1_607' title='bbox 1420 4862 1561 4901; x_wconf 89' lang='lat' dir='ltr'><strong>sum.</strong></span> <span class='ocrx_word' id='word_1_608' title='bbox 1595 4847 1687 4901; x_wconf 84' lang='lat' dir='ltr'><strong>His</strong></span> <span class='ocrx_word' id='word_1_609' title='bbox 1738 4848 1882 4901; x_wconf 89' lang='lat' dir='ltr'><strong>enim</strong></span> 
     </span>
    </p>
   </div>
   <div class='ocr_carea' id='block_1_83' title="bbox 292 4936 1883 5006">
    <p class='ocr_par' dir='ltr' id='par_1_83' title="bbox 292 4936 1883 5006">
     <span class='ocr_line' id='line_1_83' title="bbox 292 4936 1883 5006; baseline 0 -13"><span class='ocrx_word' id='word_1_610' title='bbox 292 4938 575 5004; x_wconf 78' lang='lat' dir='ltr'><strong>onmibus,</strong></span> <span class='ocrx_word' id='word_1_611' title='bbox 627 4945 721 4991; x_wconf 88' lang='lat' dir='ltr'><strong>aut</strong></span> <span class='ocrx_word' id='word_1_612' title='bbox 774 4951 912 5006; x_wconf 90' lang='lat' dir='ltr'><strong>pene</strong></span> <span class='ocrx_word' id='word_1_613' title='bbox 949 4936 1200 4992; x_wconf 91' lang='lat' dir='ltr'><strong>omnibus</strong></span> <span class='ocrx_word' id='word_1_614' title='bbox 1250 4939 1397 4992; x_wconf 90' lang='lat' dir='ltr'><strong>rudis</strong></span> <span class='ocrx_word' id='word_1_615' title='bbox 1445 4937 1555 5006; x_wconf 91' lang='lat' dir='ltr'><strong>jam</strong></span> <span class='ocrx_word' id='word_1_616' title='bbox 1605 4954 1883 4993; x_wconf 89' lang='lat' dir='ltr'><strong>assensum</strong></span> 
     </span>
    </p>
   </div>
   <div class='ocr_carea' id='block_1_84' title="bbox 294 5026 1884 5099">
    <p class='ocr_par' dir='ltr' id='par_1_84' title="bbox 294 5026 1884 5099">
     <span class='ocr_line' id='line_1_84' title="bbox 294 5026 1884 5099; baseline 0.001 -17"><span class='ocrx_word' id='word_1_617' title='bbox 294 5029 549 5097; x_wconf 84' lang='lat' dir='ltr'><strong>praebui,</strong></span> <span class='ocrx_word' id='word_1_618' title='bbox 607 5030 836 5098; x_wconf 88' lang='lat' dir='ltr'><strong>quadam</strong></span> <span class='ocrx_word' id='word_1_619' title='bbox 882 5026 1231 5082; x_wconf 90' lang='lat' dir='ltr'><strong>similitudine</strong></span> <span class='ocrx_word' id='word_1_620' title='bbox 1279 5029 1415 5091; x_wconf 88' lang='lat' dir='ltr'><strong>veri,</strong></span> <span class='ocrx_word' id='word_1_621' title='bbox 1470 5027 1884 5099; x_wconf 87' lang='lat' dir='ltr'><strong>earnalibusque</strong></span> 
     </span>
    </p>
   </div>
   <div class='ocr_carea' id='block_1_85' title="bbox 295 5119 1881 5186">
    <p class='ocr_par' dir='ltr' id='par_1_85' title="bbox 295 5119 1881 5186">
     <span class='ocr_line' id='line_1_85' title="bbox 295 5119 1881 5186; baseline 0.001 -12"><span class='ocrx_word' id='word_1_622' title='bbox 295 5120 572 5186; x_wconf 80' lang='lat' dir='ltr'><strong>sensibus,</strong></span> <span class='ocrx_word' id='word_1_623' title='bbox 632 5130 690 5174; x_wconf 89' lang='lat' dir='ltr'><strong>ut</strong></span> <span class='ocrx_word' id='word_1_624' title='bbox 720 5119 902 5173; x_wconf 88' lang='lat' dir='ltr'><strong>multis</strong></span> <span class='ocrx_word' id='word_1_625' title='bbox 959 5119 1156 5184; x_wconf 90' lang='lat' dir='ltr'><strong>evenit,</strong></span> <span class='ocrx_word' id='word_1_626' title='bbox 1211 5120 1482 5175; x_wconf 80' lang='lat' dir='ltr'><strong>seductus.</strong></span> <span class='ocrx_word' id='word_1_627' title='bbox 1532 5119 1684 5176; x_wconf 82' lang='lat' dir='ltr'><strong>Nunc</strong></span> <span class='ocrx_word' id='word_1_628' title='bbox 1733 5136 1881 5186; x_wconf 78' lang='lat' dir='ltr'><strong>vero,</strong></span> 
     </span>
    </p>
   </div>
   <div class='ocr_carea' id='block_1_86' title="bbox 1978 3127 3559 3189">
    <p class='ocr_par' dir='ltr' id='par_1_86' title="bbox 1978 3127 3559 3189">
     <span class='ocr_line' id='line_1_86' title="bbox 1978 3127 3559 3189; baseline -0.006 0"><span class='ocrx_word' id='word_1_629' title='bbox 1978 3131 2514 3189; x_wconf 89' lang='lat' dir='ltr'><strong>cireumscribuntur.</strong></span> <span class='ocrx_word' id='word_1_630' title='bbox 2582 3129 2726 3184; x_wconf 88' lang='lat' dir='ltr'><strong>Haec</strong></span> <span class='ocrx_word' id='word_1_631' title='bbox 2792 3129 2936 3184; x_wconf 88' lang='lat' dir='ltr'><strong>enim</strong></span> <span class='ocrx_word' id='word_1_632' title='bbox 3008 3132 3150 3183; x_wconf 87' lang='lat' dir='ltr'><strong>inter</strong></span> <span class='ocrx_word' id='word_1_633' title='bbox 3208 3142 3267 3183; x_wconf 88' lang='lat' dir='ltr'><strong>se</strong></span> <span class='ocrx_word' id='word_1_634' title='bbox 3328 3127 3559 3182; x_wconf 88' lang='lat' dir='ltr'><strong>invicem</strong></span> 
     </span>
    </p>
   </div>
   <div class='ocr_carea' id='block_1_87' title="bbox 1976 3216 3553 3292">
    <p class='ocr_par' dir='ltr' id='par_1_87' title="bbox 1976 3216 3553 3292">
     <span class='ocr_line' id='line_1_87' title="bbox 1976 3216 3553 3292; baseline -0.004 -14"><span class='ocrx_word' id='word_1_635' title='bbox 1976 3226 2271 3287; x_wconf 89' lang='lat' dir='ltr'><strong>luctantur,</strong></span> <span class='ocrx_word' id='word_1_636' title='bbox 2301 3232 2355 3278; x_wconf 87' lang='lat' dir='ltr'><strong>et</strong></span> <span class='ocrx_word' id='word_1_637' title='bbox 2378 3222 2647 3292; x_wconf 89' lang='lat' dir='ltr'><strong>quomodo</strong></span> <span class='ocrx_word' id='word_1_638' title='bbox 2667 3221 2768 3277; x_wconf 88' lang='lat' dir='ltr'><strong>sibi</strong></span> <span class='ocrx_word' id='word_1_639' title='bbox 2793 3220 3135 3283; x_wconf 86' lang='lat' dir='ltr'><strong>conveniant,</strong></span> <span class='ocrx_word' id='word_1_640' title='bbox 3165 3218 3265 3273; x_wconf 88' lang='lat' dir='ltr'><strong>nisi</strong></span> <span class='ocrx_word' id='word_1_641' title='bbox 3289 3233 3317 3271; x_wconf 90' lang='lat' dir='ltr'><strong>a</strong></span> <span class='ocrx_word' id='word_1_642' title='bbox 3349 3226 3400 3272; x_wconf 87' lang='lat' dir='ltr'><strong>te</strong></span> <span class='ocrx_word' id='word_1_643' title='bbox 3422 3216 3553 3272; x_wconf 86' lang='lat' dir='ltr'><strong>mihi</strong></span> 
     </span>
    </p>
   </div>
   <div class='ocr_carea' id='block_1_88' title="bbox 1979 3307 3559 3384">
    <p class='ocr_par' dir='ltr' id='par_1_88' title="bbox 1979 3307 3559 3384">
     <span class='ocr_line' id='line_1_88' title="bbox 1979 3307 3559 3384; baseline -0.003 -16"><span class='ocrx_word' id='word_1_644' title='bbox 1979 3315 2141 3370; x_wconf 90' lang='lat' dir='ltr'><strong>fuerit</strong></span> <span class='ocrx_word' id='word_1_645' title='bbox 2175 3330 2414 3379; x_wconf 82' lang='lat' dir='ltr'><strong>suasum,</strong></span> <span class='ocrx_word' id='word_1_646' title='bbox 2463 3314 2672 3384; x_wconf 84' lang='lat' dir='ltr'><strong>ignoro.</strong></span> <span class='ocrx_word' id='word_1_647' title='bbox 2727 3312 3003 3382; x_wconf 88' lang='lat' dir='ltr'><strong>Siquidem</strong></span> <span class='ocrx_word' id='word_1_648' title='bbox 3071 3310 3243 3365; x_wconf 89' lang='lat' dir='ltr'><strong>solum</strong></span> <span class='ocrx_word' id='word_1_649' title='bbox 3290 3307 3337 3341; x_wconf 81' lang='lat'>“</span> <span class='ocrx_word' id='word_1_650' title='bbox 3388 3310 3559 3365; x_wconf 87' lang='lat' dir='ltr'><strong>Deum</strong></span> 
     </span>
    </p>
   </div>
   <div class='ocr_carea' id='block_1_89' title="bbox 1979 3399 3558 3482">
    <p class='ocr_par' dir='ltr' id='par_1_89' title="bbox 1979 3399 3558 3482">
     <span class='ocr_line' id='line_1_89' title="bbox 1979 3399 3558 3482; baseline -0.005 -21"><span class='ocrx_word' id='word_1_651' title='bbox 1979 3404 2231 3482; x_wconf 80' lang='grc' dir='ltr'><strong>ἄναρχον,</strong></span> <span class='ocrx_word' id='word_1_652' title='bbox 2275 3406 2378 3460; x_wconf 88' lang='lat' dir='ltr'><strong>hoc</strong></span> <span class='ocrx_word' id='word_1_653' title='bbox 2423 3414 2526 3469; x_wconf 91' lang='lat' dir='ltr'><strong>est,</strong></span> <span class='ocrx_word' id='word_1_654' title='bbox 2572 3411 2846 3458; x_wconf 87' lang='lat' dir='ltr'><strong>carentem</strong></span> <span class='ocrx_word' id='word_1_655' title='bbox 2895 3400 3160 3472; x_wconf 90' lang='lat' dir='ltr'><strong>principio</strong></span> <span class='ocrx_word' id='word_1_656' title='bbox 3204 3399 3558 3454; x_wconf 89' lang='lat' dir='ltr'><strong>aestimabam</strong></span> 
     </span>
    </p>
   </div>
   <div class='ocr_carea' id='block_1_90' title="bbox 1979 3489 3557 3565">
    <p class='ocr_par' dir='ltr' id='par_1_90' title="bbox 1979 3489 3557 3565">
     <span class='ocr_line' id='line_1_90' title="bbox 1979 3489 3557 3565; baseline -0.004 -15"><span class='ocrx_word' id='word_1_657' title='bbox 1979 3511 2136 3561; x_wconf 87' lang='lat' dir='ltr'><strong>esse;</strong></span> <span class='ocrx_word' id='word_1_658' title='bbox 2172 3497 2284 3565; x_wconf 88' lang='lat' dir='ltr'><strong>ipse</strong></span> <span class='ocrx_word' id='word_1_659' title='bbox 2326 3496 2470 3551; x_wconf 92' lang='lat' dir='ltr'><strong>enim</strong></span> <span class='ocrx_word' id='word_1_660' title='bbox 2521 3493 2842 3564; x_wconf 87' lang='lat' dir='ltr'><strong>principium</strong></span> <span class='ocrx_word' id='word_1_661' title='bbox 2869 3493 3108 3547; x_wconf 92' lang='lat' dir='ltr'><strong>omnium</strong></span> <span class='ocrx_word' id='word_1_662' title='bbox 3162 3501 3217 3547; x_wconf 89' lang='lat' dir='ltr'><strong>et</strong></span> <span class='ocrx_word' id='word_1_663' title='bbox 3274 3489 3397 3545; x_wconf 81' lang='lat' dir='ltr'><strong>finis</strong></span> <span class='ocrx_word' id='word_1_664' title='bbox 3453 3497 3557 3553; x_wconf 87' lang='lat' dir='ltr'><strong>est,</strong></span> 
     </span>
    </p>
   </div>
   <div class='ocr_carea' id='block_1_91' title="bbox 1983 3580 3563 3658">
    <p class='ocr_par' dir='ltr' id='par_1_91' title="bbox 1983 3580 3563 3658">
     <span class='ocr_line' id='line_1_91' title="bbox 1983 3580 3563 3658; baseline -0.004 -18"><span class='ocrx_word' id='word_1_665' title='bbox 1983 3588 2129 3641; x_wconf 89' lang='lat' dir='ltr'><strong>nullo</strong></span> <span class='ocrx_word' id='word_1_666' title='bbox 2154 3587 2417 3658; x_wconf 86' lang='lat' dir='ltr'><strong>principio</strong></span> <span class='ocrx_word' id='word_1_667' title='bbox 2455 3587 2738 3650; x_wconf 88' lang='lat' dir='ltr'><strong>inchoans,</strong></span> <span class='ocrx_word' id='word_1_668' title='bbox 2768 3582 2913 3638; x_wconf 91' lang='lat' dir='ltr'><strong>nullo</strong></span> <span class='ocrx_word' id='word_1_669' title='bbox 2937 3583 3041 3637; x_wconf 82' lang='lat' dir='ltr'><strong>line</strong></span> <span class='ocrx_word' id='word_1_670' title='bbox 3061 3580 3374 3644; x_wconf 86' lang='lat' dir='ltr'><strong>conclusus;</strong></span> <span class='ocrx_word' id='word_1_671' title='bbox 3416 3588 3563 3634; x_wconf 84' lang='lat' dir='ltr'><strong>cete-</strong></span> 
     </span>
    </p>
   </div>
   <div class='ocr_carea' id='block_1_92' title="bbox 1982 3668 3560 3740">
    <p class='ocr_par' dir='ltr' id='par_1_92' title="bbox 1982 3668 3560 3740">
     <span class='ocr_line' id='line_1_92' title="bbox 1982 3668 3560 3740; baseline -0.006 -9"><span class='ocrx_word' id='word_1_672' title='bbox 1982 3692 2039 3731; x_wconf 89' lang='lat' dir='ltr'><strong>ra</strong></span> <span class='ocrx_word' id='word_1_673' title='bbox 2083 3692 2210 3731; x_wconf 92' lang='lat' dir='ltr'><strong>vero</strong></span> <span class='ocrx_word' id='word_1_674' title='bbox 2254 3676 2507 3731; x_wconf 87' lang='lat' dir='ltr'><strong>inchoare</strong></span> <span class='ocrx_word' id='word_1_675' title='bbox 2551 3675 2615 3737; x_wconf 66' lang='lat' dir='ltr'><strong>U‘,</strong></span> <span class='ocrx_word' id='word_1_676' title='bbox 2665 3682 2720 3728; x_wconf 90' lang='lat' dir='ltr'><strong>et</strong></span> <span class='ocrx_word' id='word_1_677' title='bbox 2769 3671 2836 3727; x_wconf 89' lang='lat' dir='ltr'><strong>ad</strong></span> <span class='ocrx_word' id='word_1_678' title='bbox 2888 3672 3046 3727; x_wconf 80' lang='lat' dir='ltr'><strong>tinem</strong></span> <span class='ocrx_word' id='word_1_679' title='bbox 3090 3686 3244 3725; x_wconf 90' lang='lat' dir='ltr'><strong>suum</strong></span> <span class='ocrx_word' id='word_1_680' title='bbox 3285 3668 3560 3740; x_wconf 87' lang='lat' dir='ltr'><strong>proprium</strong></span> 
     </span>
    </p>
   </div>
   <div class='ocr_carea' id='block_1_93' title="bbox 1982 3758 3563 3836">
    <p class='ocr_par' dir='ltr' id='par_1_93' title="bbox 1982 3758 3563 3836">
     <span class='ocr_line' id='line_1_93' title="bbox 1982 3758 3563 3836; baseline -0.007 -15"><span class='ocrx_word' id='word_1_681' title='bbox 1982 3767 2397 3836; x_wconf 84' lang='lat' dir='ltr'><strong>unumquodque</strong></span> <span class='ocrx_word' id='word_1_682' title='bbox 2421 3766 2657 3828; x_wconf 90' lang='lat' dir='ltr'><strong>tendere,</strong></span> <span class='ocrx_word' id='word_1_683' title='bbox 2687 3780 2750 3818; x_wconf 90' lang='lat' dir='ltr'><strong>ac</strong></span> <span class='ocrx_word' id='word_1_684' title='bbox 2774 3778 2872 3833; x_wconf 89' lang='lat' dir='ltr'><strong>per</strong></span> <span class='ocrx_word' id='word_1_685' title='bbox 2913 3763 3016 3817; x_wconf 89' lang='lat' dir='ltr'><strong>hoc</strong></span> <span class='ocrx_word' id='word_1_686' title='bbox 3042 3777 3146 3816; x_wconf 89' lang='lat' dir='ltr'><strong>non</strong></span> <span class='ocrx_word' id='word_1_687' title='bbox 3168 3774 3288 3815; x_wconf 89' lang='lat' dir='ltr'><strong>esse</strong></span> <span class='ocrx_word' id='word_1_688' title='bbox 3319 3758 3363 3791; x_wconf 78' lang='lat'><strong>“</strong></span> <span class='ocrx_word' id='word_1_689' title='bbox 3387 3767 3563 3813; x_wconf 87' lang='lat' dir='ltr'><strong>aeter-</strong></span> 
     </span>
    </p>
   </div>
   <div class='ocr_carea' id='block_1_94' title="bbox 1982 3848 3561 3923">
    <p class='ocr_par' dir='ltr' id='par_1_94' title="bbox 1982 3848 3561 3923">
     <span class='ocr_line' id='line_1_94' title="bbox 1982 3848 3561 3923; baseline -0.007 -10"><span class='ocrx_word' id='word_1_690' title='bbox 1982 3873 2069 3923; x_wconf 87' lang='lat' dir='ltr'><strong>na,</strong></span> <span class='ocrx_word' id='word_1_691' title='bbox 2098 3860 2191 3913; x_wconf 90' lang='lat' dir='ltr'><strong>sed</strong></span> <span class='ocrx_word' id='word_1_692' title='bbox 2220 3857 2377 3911; x_wconf 87' lang='lat' dir='ltr'><strong>facta.</strong></span> <span class='ocrx_word' id='word_1_693' title='bbox 2408 3857 2475 3911; x_wconf 86' lang='lat' dir='ltr'><strong>Et</strong></span> <span class='ocrx_word' id='word_1_694' title='bbox 2494 3857 2577 3910; x_wconf 89' lang='lat' dir='ltr'><strong>his</strong></span> <span class='ocrx_word' id='word_1_695' title='bbox 2603 3854 2857 3909; x_wconf 85' lang='lat' dir='ltr'><strong>omnibus</strong></span> <span class='ocrx_word' id='word_1_696' title='bbox 2883 3850 3371 3921; x_wconf 89' lang='lat' dir='ltr'><strong>incomparabiliter</strong></span> <span class='ocrx_word' id='word_1_697' title='bbox 3397 3848 3561 3903; x_wconf 80' lang='lat' dir='ltr'><strong>altius</strong></span> 
     </span>
    </p>
   </div>
   <div class='ocr_carea' id='block_1_95' title="bbox 1981 3936 3561 4009">
    <p class='ocr_par' dir='ltr' id='par_1_95' title="bbox 1981 3936 3561 4009">
     <span class='ocr_line' id='line_1_95' title="bbox 1981 3936 3561 4009; baseline -0.007 -7"><span class='ocrx_word' id='word_1_698' title='bbox 1981 3957 2037 4002; x_wconf 91' lang='lat' dir='ltr'><strong>et</strong></span> <span class='ocrx_word' id='word_1_699' title='bbox 2083 3946 2383 4001; x_wconf 88' lang='lat' dir='ltr'><strong>mirabilius</strong></span> <span class='ocrx_word' id='word_1_700' title='bbox 2435 3945 2566 4001; x_wconf 88' lang='lat' dir='ltr'><strong>mihi</strong></span> <span class='ocrx_word' id='word_1_701' title='bbox 2616 3944 2849 4006; x_wconf 90' lang='lat' dir='ltr'><strong>videtur,</strong></span> <span class='ocrx_word' id='word_1_702' title='bbox 2901 3941 3043 4009; x_wconf 87' lang='lat' dir='ltr'><strong>quod</strong></span> <span class='ocrx_word' id='word_1_703' title='bbox 3100 3940 3270 3994; x_wconf 89' lang='lat' dir='ltr'><strong>sancti</strong></span> <span class='ocrx_word' id='word_1_704' title='bbox 3320 3936 3561 4007; x_wconf 85' lang='lat' dir='ltr'><strong>Dionysii</strong></span> 
     </span>
    </p>
   </div>
   <div class='ocr_carea' id='block_1_96' title="bbox 1984 4026 3560 4108">
    <p class='ocr_par' dir='ltr' id='par_1_96' title="bbox 1984 4026 3560 4108">
     <span class='ocr_line' id='line_1_96' title="bbox 1984 4026 3560 4108; baseline -0.007 -16"><span class='ocrx_word' id='word_1_705' title='bbox 1984 4038 2341 4108; x_wconf 84' lang='lat' dir='ltr'><strong>Areopagitae</strong></span> <span class='ocrx_word' id='word_1_706' title='bbox 2385 4036 2429 4077; x_wconf 70' lang='grc'><strong>³⁸</strong></span> <span class='ocrx_word' id='word_1_707' title='bbox 2458 4033 2782 4089; x_wconf 86' lang='lat' dir='ltr'><strong>auctoritate</strong></span> <span class='ocrx_word' id='word_1_708' title='bbox 2813 4038 2969 4085; x_wconf 88' lang='lat' dir='ltr'><strong>utens</strong></span> <span class='ocrx_word' id='word_1_709' title='bbox 3007 4028 3226 4091; x_wconf 79' lang='lat' dir='ltr'><strong>asset-is,</strong></span> <span class='ocrx_word' id='word_1_710' title='bbox 3277 4028 3450 4097; x_wconf 89' lang='lat' dir='ltr'><strong>ipsum</strong></span> <span class='ocrx_word' id='word_1_711' title='bbox 3481 4026 3560 4081; x_wconf 81' lang='lat' dir='ltr'><strong>vi-</strong></span> 
     </span>
    </p>
   </div>
   <div class='ocr_carea' id='block_1_97' title="bbox 1983 4115 3561 4182">
    <p class='ocr_par' dir='ltr' id='par_1_97' title="bbox 1983 4115 3561 4182">
     <span class='ocr_line' id='line_1_97' title="bbox 1983 4115 3561 4182; baseline -0.008 -1"><span class='ocrx_word' id='word_1_712' title='bbox 1983 4127 2179 4182; x_wconf 89' lang='lat' dir='ltr'><strong>delicet</strong></span> <span class='ocrx_word' id='word_1_713' title='bbox 2204 4126 2369 4179; x_wconf 90' lang='lat' dir='ltr'><strong>Deum</strong></span> <span class='ocrx_word' id='word_1_714' title='bbox 2410 4132 2464 4177; x_wconf 90' lang='lat' dir='ltr'><strong>et</strong></span> <span class='ocrx_word' id='word_1_715' title='bbox 2492 4122 2731 4177; x_wconf 90' lang='lat' dir='ltr'><strong>omnium</strong></span> <span class='ocrx_word' id='word_1_716' title='bbox 2763 4121 3018 4176; x_wconf 86' lang='lat' dir='ltr'><strong>factorem</strong></span> <span class='ocrx_word' id='word_1_717' title='bbox 3047 4133 3185 4181; x_wconf 81' lang='lat' dir='ltr'><strong>esse,</strong></span> <span class='ocrx_word' id='word_1_718' title='bbox 3213 4125 3267 4171; x_wconf 87' lang='lat' dir='ltr'><strong>et</strong></span> <span class='ocrx_word' id='word_1_719' title='bbox 3306 4116 3359 4171; x_wconf 90' lang='lat' dir='ltr'><strong>in</strong></span> <span class='ocrx_word' id='word_1_720' title='bbox 3381 4115 3561 4170; x_wconf 84' lang='lat' dir='ltr'><strong>omni-</strong></span> 
     </span>
    </p>
   </div>
   <div class='ocr_carea' id='block_1_98' title="bbox 1985 4203 3564 4277">
    <p class='ocr_par' dir='ltr' id='par_1_98' title="bbox 1985 4203 3564 4277">
     <span class='ocr_line' id='line_1_98' title="bbox 1985 4203 3564 4277; baseline -0.006 -8"><span class='ocrx_word' id='word_1_721' title='bbox 1985 4217 2085 4270; x_wconf 91' lang='lat' dir='ltr'><strong>bus</strong></span> <span class='ocrx_word' id='word_1_722' title='bbox 2114 4214 2351 4277; x_wconf 87' lang='lat' dir='ltr'><strong>factum;</strong></span> <span class='ocrx_word' id='word_1_723' title='bbox 2387 4214 2489 4267; x_wconf 82' lang='lat' dir='ltr'><strong>llOC</strong></span> <span class='ocrx_word' id='word_1_724' title='bbox 2516 4210 2661 4267; x_wconf 91' lang='lat' dir='ltr'><strong>enim</strong></span> <span class='ocrx_word' id='word_1_725' title='bbox 2702 4210 2880 4264; x_wconf 90' lang='lat' dir='ltr'><strong>adhuc</strong></span> <span class='ocrx_word' id='word_1_726' title='bbox 2924 4208 3220 4262; x_wconf 88' lang='lat' dir='ltr'><strong>inauditum</strong></span> <span class='ocrx_word' id='word_1_727' title='bbox 3247 4212 3301 4259; x_wconf 90' lang='lat' dir='ltr'><strong>et</strong></span> <span class='ocrx_word' id='word_1_728' title='bbox 3322 4203 3564 4275; x_wconf 62' lang='lat' dir='ltr'><strong>incogni¢</strong></span> 
     </span>
    </p>
   </div>
   <div class='ocr_carea' id='block_1_99' title="bbox 1990 4296 3559 4367">
    <p class='ocr_par' dir='ltr' id='par_1_99' title="bbox 1990 4296 3559 4367">
     <span class='ocr_line' id='line_1_99' title="bbox 1990 4296 3559 4367; baseline -0.008 -8"><span class='ocrx_word' id='word_1_729' title='bbox 1990 4314 2101 4359; x_wconf 91' lang='lat' dir='ltr'><strong>tum</strong></span> <span class='ocrx_word' id='word_1_730' title='bbox 2129 4320 2235 4358; x_wconf 89' lang='lat' dir='ltr'><strong>non</strong></span> <span class='ocrx_word' id='word_1_731' title='bbox 2276 4303 2446 4358; x_wconf 89' lang='lat' dir='ltr'><strong>solum</strong></span> <span class='ocrx_word' id='word_1_732' title='bbox 2480 4301 2635 4365; x_wconf 87' lang='lat' dir='ltr'><strong>mihi,</strong></span> <span class='ocrx_word' id='word_1_733' title='bbox 2669 4301 2764 4356; x_wconf 85' lang='lat' dir='ltr'><strong>sed</strong></span> <span class='ocrx_word' id='word_1_734' title='bbox 2791 4308 2846 4353; x_wconf 88' lang='lat' dir='ltr'><strong>et</strong></span> <span class='ocrx_word' id='word_1_735' title='bbox 2892 4298 3075 4353; x_wconf 90' lang='lat' dir='ltr'><strong>multis</strong></span> <span class='ocrx_word' id='word_1_736' title='bbox 3102 4313 3165 4351; x_wconf 90' lang='lat' dir='ltr'><strong>ac</strong></span> <span class='ocrx_word' id='word_1_737' title='bbox 3190 4310 3357 4367; x_wconf 85' lang='lat' dir='ltr'><strong>paene</strong></span> <span class='ocrx_word' id='word_1_738' title='bbox 3382 4296 3559 4350; x_wconf 84' lang='lat' dir='ltr'><strong>omni-</strong></span> 
     </span>
    </p>
   </div>
   <div class='ocr_carea' id='block_1_100' title="bbox 1981 4384 3562 4459">
    <p class='ocr_par' dir='ltr' id='par_1_100' title="bbox 1981 4384 3562 4459">
     <span class='ocr_line' id='line_1_100' title="bbox 1981 4384 3562 4459; baseline -0.008 -10"><span class='ocrx_word' id='word_1_739' title='bbox 1981 4394 2100 4449; x_wconf 91' lang='lat' dir='ltr'><strong>bus.</strong></span> <span class='ocrx_word' id='word_1_740' title='bbox 2133 4392 2269 4447; x_wconf 85' lang='lat' dir='ltr'><strong>Nam</strong></span> <span class='ocrx_word' id='word_1_741' title='bbox 2298 4392 2343 4447; x_wconf 89' lang='lat' dir='ltr'><strong>si</strong></span> <span class='ocrx_word' id='word_1_742' title='bbox 2371 4392 2449 4447; x_wconf 91' lang='lat' dir='ltr'><strong>sic</strong></span> <span class='ocrx_word' id='word_1_743' title='bbox 2487 4399 2591 4454; x_wconf 90' lang='lat' dir='ltr'><strong>est,</strong></span> <span class='ocrx_word' id='word_1_744' title='bbox 2625 4389 2747 4459; x_wconf 90' lang='lat' dir='ltr'><strong>quis</strong></span> <span class='ocrx_word' id='word_1_745' title='bbox 2787 4403 2893 4442; x_wconf 93' lang='lat' dir='ltr'><strong>non</strong></span> <span class='ocrx_word' id='word_1_746' title='bbox 2921 4384 3204 4442; x_wconf 81' lang='lat' dir='ltr'><strong>confestim</strong></span> <span class='ocrx_word' id='word_1_747' title='bbox 3235 4392 3479 4453; x_wconf 89' lang='lat' dir='ltr'><strong>erumpat</strong></span> <span class='ocrx_word' id='word_1_748' title='bbox 3509 4385 3562 4437; x_wconf 88' lang='lat' dir='ltr'><strong>in</strong></span> 
     </span>
    </p>
   </div>
   <div class='ocr_carea' id='block_1_101' title="bbox 1985 4475 3565 4551">
    <p class='ocr_par' dir='ltr' id='par_1_101' title="bbox 1985 4475 3565 4551">
     <span class='ocr_line' id='line_1_101' title="bbox 1985 4475 3565 4551; baseline -0.008 -10"><span class='ocrx_word' id='word_1_749' title='bbox 1985 4486 2123 4541; x_wconf 88' lang='lat' dir='ltr'><strong>hanc</strong></span> <span class='ocrx_word' id='word_1_750' title='bbox 2148 4497 2330 4538; x_wconf 90' lang='lat' dir='ltr'><strong>vocem</strong></span> <span class='ocrx_word' id='word_1_751' title='bbox 2354 4490 2407 4535; x_wconf 90' lang='lat' dir='ltr'><strong>et</strong></span> <span class='ocrx_word' id='word_1_752' title='bbox 2433 4480 2760 4551; x_wconf 86' lang='lat' dir='ltr'><strong>proclamet:</strong></span> <span class='ocrx_word' id='word_1_753' title='bbox 2787 4478 2928 4532; x_wconf 90' lang='lat' dir='ltr'><strong>Deus</strong></span> <span class='ocrx_word' id='word_1_754' title='bbox 2951 4478 3131 4551; x_wconf 80' lang='lat' dir='ltr'><strong>itaque</strong></span> <span class='ocrx_word' id='word_1_755' title='bbox 3169 4475 3347 4530; x_wconf 91' lang='lat' dir='ltr'><strong>omnia</strong></span> <span class='ocrx_word' id='word_1_756' title='bbox 3377 4482 3478 4539; x_wconf 90' lang='lat' dir='ltr'><strong>est,</strong></span> <span class='ocrx_word' id='word_1_757' title='bbox 3508 4482 3565 4528; x_wconf 88' lang='lat' dir='ltr'><strong>et</strong></span> 
     </span>
    </p>
   </div>
   <div class='ocr_carea' id='block_1_102' title="bbox 1983 4552 3559 4637">
    <p class='ocr_par' dir='ltr' id='par_1_102' title="bbox 1983 4552 3559 4637">
     <span class='ocr_line' id='line_1_102' title="bbox 1983 4552 3559 4637; baseline -0.008 -9"><span class='ocrx_word' id='word_1_758' title='bbox 1983 4573 2165 4628; x_wconf 90' lang='lat' dir='ltr'><strong>omnia</strong></span> <span class='ocrx_word' id='word_1_759' title='bbox 2193 4572 2333 4627; x_wconf 89' lang='lat' dir='ltr'><strong>Deus</strong></span> <span class='ocrx_word' id='word_1_760' title='bbox 2359 4572 2372 4624; x_wconf 88' lang='lat'><strong>!</strong></span> <span class='ocrx_word' id='word_1_761' title='bbox 2402 4552 2555 4637; x_wconf 86' lang='lat' dir='ltr'><strong>Quod</strong></span> <span class='ocrx_word' id='word_1_762' title='bbox 2601 4576 2962 4624; x_wconf 87' lang='lat' dir='ltr'><strong>moustrosum</strong></span> <span class='ocrx_word' id='word_1_763' title='bbox 3002 4565 3373 4622; x_wconf 87' lang='lat' dir='ltr'><strong>aestimabitur</strong></span> <span class='ocrx_word' id='word_1_764' title='bbox 3397 4563 3559 4620; x_wconf 88' lang='lat' dir='ltr'><strong>etiam</strong></span> 
     </span>
    </p>
   </div>
   <div class='ocr_carea' id='block_1_103' title="bbox 1987 4655 3576 4734">
    <p class='ocr_par' dir='ltr' id='par_1_103' title="bbox 1987 4655 3576 4734">
     <span class='ocr_line' id='line_1_103' title="bbox 1987 4655 3576 4734; baseline -0.006 -15"><span class='ocrx_word' id='word_1_765' title='bbox 1987 4664 2094 4729; x_wconf 89' lang='lat' dir='ltr'><strong>his,</strong></span> <span class='ocrx_word' id='word_1_766' title='bbox 2137 4664 2229 4734; x_wconf 90' lang='lat' dir='ltr'><strong>qui</strong></span> <span class='ocrx_word' id='word_1_767' title='bbox 2277 4671 2531 4734; x_wconf 87' lang='lat' dir='ltr'><strong>putantur</strong></span> <span class='ocrx_word' id='word_1_768' title='bbox 2557 4675 2677 4717; x_wconf 89' lang='lat' dir='ltr'><strong>esse</strong></span> <span class='ocrx_word' id='word_1_769' title='bbox 2726 4659 3017 4729; x_wconf 91' lang='lat' dir='ltr'><strong>sapientes,</strong></span> <span class='ocrx_word' id='word_1_770' title='bbox 3070 4655 3344 4726; x_wconf 90' lang='lat' dir='ltr'><strong>multiplici</strong></span> <span class='ocrx_word' id='word_1_771' title='bbox 3382 4669 3576 4710; x_wconf 23' lang='lat' dir='ltr'><strong>rerum.</strong></span> 
     </span>
    </p>
   </div>
   <div class='ocr_carea' id='block_1_104' title="bbox 1987 4737 3562 4811">
    <p class='ocr_par' dir='ltr' id='par_1_104' title="bbox 1987 4737 3562 4811">
     <span class='ocr_line' id='line_1_104' title="bbox 1987 4737 3562 4811; baseline -0.005 -4"><span class='ocrx_word' id='word_1_772' title='bbox 1987 4737 2278 4811; x_wconf 82' lang='lat' dir='ltr'><strong>visibilium</strong></span> <span class='ocrx_word' id='word_1_773' title='bbox 2334 4761 2389 4809; x_wconf 89' lang='lat' dir='ltr'><strong>et</strong></span> <span class='ocrx_word' id='word_1_774' title='bbox 2442 4751 2791 4807; x_wconf 88' lang='lat' dir='ltr'><strong>invisibilium</strong></span> <span class='ocrx_word' id='word_1_775' title='bbox 2863 4750 3124 4804; x_wconf 88' lang='lat' dir='ltr'><strong>varietate</strong></span> <span class='ocrx_word' id='word_1_776' title='bbox 3182 4747 3562 4810; x_wconf 87' lang='lat' dir='ltr'><strong>considerata;</strong></span> 
     </span>
    </p>
   </div>
   <div class='ocr_carea' id='block_1_105' title="bbox 1987 4841 3562 4911">
    <p class='ocr_par' dir='ltr' id='par_1_105' title="bbox 1987 4841 3562 4911">
     <span class='ocr_line' id='line_1_105' title="bbox 1987 4841 3562 4911; baseline -0.006 -9"><span class='ocrx_word' id='word_1_777' title='bbox 1987 4848 2129 4905; x_wconf 86' lang='lat' dir='ltr'><strong>Deus</strong></span> <span class='ocrx_word' id='word_1_778' title='bbox 2159 4856 2336 4902; x_wconf 89' lang='lat' dir='ltr'><strong>autem</strong></span> <span class='ocrx_word' id='word_1_779' title='bbox 2366 4861 2532 4901; x_wconf 91' lang='lat' dir='ltr'><strong>unum</strong></span> <span class='ocrx_word' id='word_1_780' title='bbox 2557 4853 2660 4900; x_wconf 89' lang='lat' dir='ltr'><strong>est.</strong></span> <span class='ocrx_word' id='word_1_781' title='bbox 2706 4844 2774 4899; x_wconf 87' lang='lat' dir='ltr'><strong>Et</strong></span> <span class='ocrx_word' id='word_1_782' title='bbox 2804 4844 2904 4898; x_wconf 91' lang='lat' dir='ltr'><strong>nisi</strong></span> <span class='ocrx_word' id='word_1_783' title='bbox 2934 4842 3069 4897; x_wconf 89' lang='lat' dir='ltr'><strong>haec</strong></span> <span class='ocrx_word' id='word_1_784' title='bbox 3097 4841 3356 4911; x_wconf 87' lang='lat' dir='ltr'><strong>exemplis</strong></span> <span class='ocrx_word' id='word_1_785' title='bbox 3380 4854 3562 4895; x_wconf 83' lang='lat' dir='ltr'><strong>rerum</strong></span> 
     </span>
    </p>
   </div>
   <div class='ocr_carea' id='block_1_106' title="bbox 1986 4925 3565 5007">
    <p class='ocr_par' dir='ltr' id='par_1_106' title="bbox 1986 4925 3565 5007">
     <span class='ocr_line' id='line_1_106' title="bbox 1986 4925 3565 5007; baseline -0.007 -14"><span class='ocrx_word' id='word_1_786' title='bbox 1986 4939 2168 4994; x_wconf 89' lang='lat' dir='ltr'><strong>animo</strong></span> <span class='ocrx_word' id='word_1_787' title='bbox 2193 4925 2754 5007; x_wconf 24' lang='lat' dir='ltr'><strong>eo&#39;mprehenslbilium</strong></span> <span class='ocrx_word' id='word_1_788' title='bbox 2782 4935 3044 4995; x_wconf 88' lang='lat' dir='ltr'><strong>suaseris,</strong></span> <span class='ocrx_word' id='word_1_789' title='bbox 3087 4932 3162 4986; x_wconf 88' lang='lat' dir='ltr'><strong>nil</strong></span> <span class='ocrx_word' id='word_1_790' title='bbox 3211 4932 3354 4987; x_wconf 90' lang='lat' dir='ltr'><strong>aliud</strong></span> <span class='ocrx_word' id='word_1_791' title='bbox 3405 4930 3565 4985; x_wconf 56' lang='lat' dir='ltr'><strong>relin-</strong></span> 
     </span>
    </p>
   </div>
   <div class='ocr_carea' id='block_1_107' title="bbox 1986 5021 3583 5098">
    <p class='ocr_par' dir='ltr' id='par_1_107' title="bbox 1986 5021 3583 5098">
     <span class='ocr_line' id='line_1_107' title="bbox 1986 5021 3583 5098; baseline -0.006 -19"><span class='ocrx_word' id='word_1_792' title='bbox 1986 5029 2187 5098; x_wconf 83' lang='lat' dir='ltr'><strong>quitur,</strong></span> <span class='ocrx_word' id='word_1_793' title='bbox 2240 5026 2339 5081; x_wconf 91' lang='lat' dir='ltr'><strong>nisi</strong></span> <span class='ocrx_word' id='word_1_794' title='bbox 2382 5034 2441 5080; x_wconf 92' lang='lat' dir='ltr'><strong>ut</strong></span> <span class='ocrx_word' id='word_1_795' title='bbox 2492 5025 2573 5078; x_wconf 89' lang='lat' dir='ltr'><strong>vel</strong></span> <span class='ocrx_word' id='word_1_796' title='bbox 2623 5032 2764 5077; x_wconf 90' lang='lat' dir='ltr'><strong>mota</strong></span> <span class='ocrx_word' id='word_1_797' title='bbox 2817 5021 3174 5085; x_wconf 89' lang='lat' dir='ltr'><strong>solummodo,</strong></span> <span class='ocrx_word' id='word_1_798' title='bbox 3230 5037 3334 5075; x_wconf 91' lang='lat' dir='ltr'><strong>non</strong></span> <span class='ocrx_word' id='word_1_799' title='bbox 3384 5028 3583 5072; x_wconf 86' lang='lat' dir='ltr'><strong>autem</strong></span> 
     </span>
    </p>
   </div>
   <div class='ocr_carea' id='block_1_108' title="bbox 1985 5111 3564 5189">
    <p class='ocr_par' dir='ltr' id='par_1_108' title="bbox 1985 5111 3564 5189">
     <span class='ocr_line' id='line_1_108' title="bbox 1985 5111 3564 5189; baseline -0.008 -15"><span class='ocrx_word' id='word_1_800' title='bbox 1985 5121 2226 5175; x_wconf 87' lang='lat' dir='ltr'><strong>discussa</strong></span> <span class='ocrx_word' id='word_1_801' title='bbox 2263 5118 2757 5189; x_wconf 83' lang='lat' dir='ltr'><strong>praetertnittantur</strong></span> <span class='ocrx_word' id='word_1_802' title='bbox 2782 5114 2845 5178; x_wconf 87' lang='lat'><strong>”,</strong></span> <span class='ocrx_word' id='word_1_803' title='bbox 2872 5115 3012 5187; x_wconf 85' lang='lat' dir='ltr'><strong>quod</strong></span> <span class='ocrx_word' id='word_1_804' title='bbox 3049 5114 3165 5167; x_wconf 91' lang='lat' dir='ltr'><strong>sine</strong></span> <span class='ocrx_word' id='word_1_805' title='bbox 3193 5111 3386 5172; x_wconf 84' lang='lat' dir='ltr'><strong>mentis</strong></span> <span class='ocrx_word' id='word_1_806' title='bbox 3413 5122 3564 5167; x_wconf 76' lang='lat' dir='ltr'><strong>meae</strong></span> 
     </span>
    </p>
   </div>
   <div class='ocr_carea' id='block_1_109' title="bbox 1582 5252 2276 5311">
    <p class='ocr_par' dir='ltr' id='par_1_109' title="bbox 1582 5252 2276 5311">
     <span class='ocr_line' id='line_1_109' title="bbox 1582 5252 2276 5311; baseline 0.001 -4"><span class='ocrx_word' id='word_1_807' title='bbox 1582 5252 1838 5309; x_wconf 75' lang='lat' dir='ltr'><strong>VABIAE</strong></span> <span class='ocrx_word' id='word_1_808' title='bbox 1877 5253 2276 5311; x_wconf 76' lang='lat' dir='ltr'><strong>LECTJONES.</strong></span> 
     </span>
    </p>
   </div>
   <div class='ocr_carea' id='block_1_110' title="bbox 1273 5383 1600 5439">
    <p class='ocr_par' dir='ltr' id='par_1_110' title="bbox 1273 5383 1600 5439">
     <span class='ocr_line' id='line_1_110' title="bbox 1273 5383 1600 5439; baseline 0.006 -4"><span class='ocrx_word' id='word_1_809' title='bbox 1273 5384 1294 5413; x_wconf 84' lang='grc'><strong><em>²</em></strong></span> <span class='ocrx_word' id='word_1_810' title='bbox 1322 5383 1375 5437; x_wconf 84' lang='lat' dir='ltr'><strong>in</strong></span> <span class='ocrx_word' id='word_1_811' title='bbox 1396 5399 1504 5439; x_wconf 90' lang='lat' dir='ltr'><strong>om.</strong></span> <span class='ocrx_word' id='word_1_812' title='bbox 1534 5385 1600 5439; x_wconf 85' lang='lat' dir='ltr'><strong>A.</strong></span> 
     </span>
    </p>
   </div>
   <div class='ocr_carea' id='block_1_111' title="bbox 754 5451 1674 5507">
    <p class='ocr_par' dir='ltr' id='par_1_111' title="bbox 754 5451 1674 5507">
     <span class='ocr_line' id='line_1_111' title="bbox 754 5451 1674 5507; baseline 0 0"><span class='ocrx_word' id='word_1_813' title='bbox 754 5454 773 5484; x_wconf 82' lang='grc'><strong><em>⁵</em></strong></span> <span class='ocrx_word' id='word_1_814' title='bbox 805 5457 1165 5507; x_wconf 71' lang='lat' dir='ltr'><strong>conmeritam.</strong></span> <span class='ocrx_word' id='word_1_815' title='bbox 1195 5451 1263 5506; x_wconf 76' lang='lat' dir='ltr'><strong>Et</strong></span> <span class='ocrx_word' id='word_1_816' title='bbox 1285 5483 1355 5494; x_wconf 86' lang='lat'><strong>—-</strong></span> <span class='ocrx_word' id='word_1_817' title='bbox 1382 5455 1446 5505; x_wconf 79' lang='lat' dir='ltr'><strong>sit</strong></span> <span class='ocrx_word' id='word_1_818' title='bbox 1473 5468 1580 5507; x_wconf 86' lang='lat' dir='ltr'><strong>om.</strong></span> <span class='ocrx_word' id='word_1_819' title='bbox 1614 5455 1674 5507; x_wconf 66' lang='grc' dir='ltr'><strong>(ἶ.</strong></span> 
     </span>
    </p>
   </div>
   <div class='ocr_carea' id='block_1_112' title="bbox 306 5523 1774 5592">
    <p class='ocr_par' dir='ltr' id='par_1_112' title="bbox 306 5523 1774 5592">
     <span class='ocr_line' id='line_1_112' title="bbox 306 5523 1774 5592; baseline 0.001 -15"><span class='ocrx_word' id='word_1_820' title='bbox 306 5528 350 5556; x_wconf 76' lang='grc'><strong>⁸⁸</strong></span> <span class='ocrx_word' id='word_1_821' title='bbox 392 5527 434 5577; x_wconf 74' lang='grc' dir='ltr'>Α</span> <span class='ocrx_word' id='word_1_822' title='bbox 457 5523 807 5592; x_wconf 78' lang='lat' dir='ltr'><strong>palpantibus.</strong></span> <span class='ocrx_word' id='word_1_823' title='bbox 885 5523 929 5552; x_wconf 61' lang='grc' dir='ltr'>ι’</span> <span class='ocrx_word' id='word_1_824' title='bbox 957 5523 998 5577; x_wconf 84' lang='lat' dir='ltr'><strong><em>C</em></strong></span> <span class='ocrx_word' id='word_1_825' title='bbox 1025 5534 1073 5577; x_wconf 79' lang='lat' dir='ltr'><strong>te</strong></span> <span class='ocrx_word' id='word_1_826' title='bbox 1092 5525 1222 5577; x_wconf 76' lang='lat' dir='ltr'><strong>sine.</strong></span> <span class='ocrx_word' id='word_1_827' title='bbox 1300 5523 1342 5554; x_wconf 82' lang='grc'>³⁸</span> <span class='ocrx_word' id='word_1_828' title='bbox 1370 5523 1536 5578; x_wconf 78' lang='lat' dir='ltr'><strong>solum</strong></span> <span class='ocrx_word' id='word_1_829' title='bbox 1569 5541 1675 5580; x_wconf 91' lang='lat' dir='ltr'><strong>om.</strong></span> <span class='ocrx_word' id='word_1_830' title='bbox 1712 5525 1774 5577; x_wconf 76' lang='grc' dir='ltr'><strong>Α.</strong></span> 
     </span>
    </p>
   </div>
   <div class='ocr_carea' id='block_1_113' title="bbox 306 5592 1455 5662">
    <p class='ocr_par' dir='ltr' id='par_1_113' title="bbox 306 5592 1455 5662">
     <span class='ocr_line' id='line_1_113' title="bbox 306 5592 1455 5662; baseline -0.002 -17"><span class='ocrx_word' id='word_1_831' title='bbox 306 5595 515 5662; x_wconf 67' lang='lat' dir='ltr'><strong>rogitat:</strong></span> <span class='ocrx_word' id='word_1_832' title='bbox 540 5608 647 5647; x_wconf 88' lang='lat' dir='ltr'><strong>om.</strong></span> <span class='ocrx_word' id='word_1_833' title='bbox 674 5592 739 5646; x_wconf 77' lang='grc' dir='ltr'><strong>Α.</strong></span> <span class='ocrx_word' id='word_1_834' title='bbox 820 5595 860 5629; x_wconf 74' lang='grc' dir='ltr'><strong><em>Π</em></strong></span> <span class='ocrx_word' id='word_1_835' title='bbox 894 5595 933 5646; x_wconf 76' lang='grc' dir='ltr'><strong>Α</strong></span> <span class='ocrx_word' id='word_1_836' title='bbox 958 5600 1455 5661; x_wconf 75' lang='lat' dir='ltr'><strong>praetermutautur.</strong></span> 
     </span>
    </p>
   </div>
   <div class='ocr_carea' id='block_1_114' title="bbox 374 5383 1170 5440">
    <p class='ocr_par' dir='ltr' id='par_1_114' title="bbox 374 5383 1170 5440">
     <span class='ocr_line' id='line_1_114' title="bbox 374 5383 1170 5440; baseline -0.006 0"><span class='ocrx_word' id='word_1_837' title='bbox 374 5387 391 5416; x_wconf 84' lang='lat'>&#39;</span> <span class='ocrx_word' id='word_1_838' title='bbox 425 5384 467 5440; x_wconf 75' lang='grc' dir='ltr'>ϐ</span> <span class='ocrx_word' id='word_1_839' title='bbox 497 5383 678 5439; x_wconf 88' lang='lat' dir='ltr'><strong>numdi</strong></span> <span class='ocrx_word' id='word_1_840' title='bbox 707 5393 762 5436; x_wconf 89' lang='lat' dir='ltr'><strong>nt</strong></span> <span class='ocrx_word' id='word_1_841' title='bbox 791 5384 1170 5439; x_wconf 82' lang='lat' dir='ltr'><strong>entnulabitur.</strong></span> 
     </span>
    </p>
   </div>
   <div class='ocr_carea' id='block_1_115' title="bbox 303 5454 673 5509">
    <p class='ocr_par' dir='ltr' id='par_1_115' title="bbox 303 5454 673 5509">
     <span class='ocr_line' id='line_1_115' title="bbox 303 5454 673 5509; baseline -0.008 0"><span class='ocrx_word' id='word_1_842' title='bbox 303 5459 449 5509; x_wconf 73' lang='lat' dir='ltr'><strong>nimn</strong></span> <span class='ocrx_word' id='word_1_843' title='bbox 478 5470 585 5508; x_wconf 88' lang='lat' dir='ltr'><strong>om.</strong></span> <span class='ocrx_word' id='word_1_844' title='bbox 614 5454 673 5506; x_wconf 69' lang='grc' dir='ltr'><strong>Β.</strong></span> 
     </span>
    </p>
   </div>
   <div class='ocr_carea' id='block_1_116' title="bbox 1704 5385 2099 5441">
    <p class='ocr_par' dir='ltr' id='par_1_116' title="bbox 1704 5385 2099 5441">
     <span class='ocr_line' id='line_1_116' title="bbox 1704 5385 2099 5441; baseline -0.003 -2"><span class='ocrx_word' id='word_1_845' title='bbox 1704 5385 1724 5416; x_wconf 90' lang='grc'><strong><em>³</em></strong></span> <span class='ocrx_word' id='word_1_846' title='bbox 1748 5385 1791 5439; x_wconf 83' lang='grc' dir='ltr'><strong>Α</strong></span> <span class='ocrx_word' id='word_1_847' title='bbox 1819 5396 2099 5441; x_wconf 83' lang='lat' dir='ltr'><strong>vertemur.</strong></span> 
     </span>
    </p>
   </div>
   <div class='ocr_carea' id='block_1_117' title="bbox 2176 5374 3555 5454">
    <p class='ocr_par' dir='ltr' id='par_1_117' title="bbox 2176 5374 3555 5454">
     <span class='ocr_line' id='line_1_117' title="bbox 2176 5374 3555 5454; baseline -0.011 -14"><span class='ocrx_word' id='word_1_848' title='bbox 2176 5387 2197 5419; x_wconf 79' lang='grc'><strong>’⁵</strong></span> <span class='ocrx_word' id='word_1_849' title='bbox 2227 5387 2458 5441; x_wconf 81' lang='lat' dir='ltr'><strong>omnium</strong></span> <span class='ocrx_word' id='word_1_850' title='bbox 2479 5402 2688 5443; x_wconf 80' lang='lat' dir='ltr'><strong>vero—</strong></span> <span class='ocrx_word' id='word_1_851' title='bbox 2714 5382 3093 5454; x_wconf 81' lang='lat' dir='ltr'><strong>generationem</strong></span> <span class='ocrx_word' id='word_1_852' title='bbox 3119 5390 3226 5430; x_wconf 89' lang='lat' dir='ltr'><strong>om.</strong></span> <span class='ocrx_word' id='word_1_853' title='bbox 3254 5375 3317 5428; x_wconf 82' lang='lat' dir='ltr'><strong>A.</strong></span> <span class='ocrx_word' id='word_1_854' title='bbox 3343 5374 3555 5454; x_wconf 48' lang='lat' dir='ltr'><strong>“&#39;un-</strong></span> 
     </span>
    </p>
   </div>
   <div class='ocr_carea' id='block_1_118' title="bbox 1757 5442 3551 5526">
    <p class='ocr_par' dir='ltr' id='par_1_118' title="bbox 1757 5442 3551 5526">
     <span class='ocr_line' id='line_1_118' title="bbox 1757 5442 3551 5526; baseline -0.003 -18"><span class='ocrx_word' id='word_1_855' title='bbox 1757 5457 1776 5486; x_wconf 85' lang='lat'><em>&quot;</em></span> <span class='ocrx_word' id='word_1_856' title='bbox 1808 5455 1850 5509; x_wconf 81' lang='grc' dir='ltr'>Α</span> <span class='ocrx_word' id='word_1_857' title='bbox 1880 5455 2006 5526; x_wconf 77' lang='lat' dir='ltr'><strong>[iugi</strong></span> <span class='ocrx_word' id='word_1_858' title='bbox 2039 5456 2221 5510; x_wconf 85' lang='lat' dir='ltr'><strong>solent.</strong></span> <span class='ocrx_word' id='word_1_859' title='bbox 2298 5458 2318 5487; x_wconf 81' lang='grc'><strong>⁸</strong></span> <span class='ocrx_word' id='word_1_860' title='bbox 2345 5457 2387 5509; x_wconf 86' lang='grc' dir='ltr'>Α</span> <span class='ocrx_word' id='word_1_861' title='bbox 2417 5474 2567 5525; x_wconf 83' lang='lat' dir='ltr'><strong>quas.</strong></span> <span class='ocrx_word' id='word_1_862' title='bbox 2663 5456 2684 5488; x_wconf 77' lang='lat'><strong><em>“</em></strong></span> <span class='ocrx_word' id='word_1_863' title='bbox 2788 5455 3254 5526; x_wconf 46' lang='lat' dir='ltr'><strong>veroeonverlens.</strong></span> <span class='ocrx_word' id='word_1_864' title='bbox 3332 5442 3386 5526; x_wconf 35' lang='grc' dir='ltr'><strong>ι’)</strong></span> <span class='ocrx_word' id='word_1_865' title='bbox 3423 5445 3551 5526; x_wconf 63' lang='grc' dir='ltr'><strong>βει-</strong></span> 
     </span>
    </p>
   </div>
   <div class='ocr_carea' id='block_1_119' title="bbox 1872 5514 3557 5587">
    <p class='ocr_par' dir='ltr' id='par_1_119' title="bbox 1872 5514 3557 5587">
     <span class='ocr_line' id='line_1_119' title="bbox 1872 5514 3557 5587; baseline -0.005 -7"><span class='ocrx_word' id='word_1_866' title='bbox 1872 5514 1914 5557; x_wconf 47' lang='lat' dir='ltr'><strong>il</strong></span> <span class='ocrx_word' id='word_1_867' title='bbox 1947 5514 1993 5579; x_wconf 73' lang='grc' dir='ltr'><strong>Ᾰ</strong></span> <span class='ocrx_word' id='word_1_868' title='bbox 2022 5526 2279 5581; x_wconf 79' lang='lat' dir='ltr'><strong>inchoari.</strong></span> <span class='ocrx_word' id='word_1_869' title='bbox 2377 5514 2553 5581; x_wconf 52' lang='lat' dir='ltr'><strong>&quot;&#39;esse</strong></span> <span class='ocrx_word' id='word_1_870' title='bbox 2579 5542 2687 5584; x_wconf 89' lang='lat' dir='ltr'><strong>om.</strong></span> <span class='ocrx_word' id='word_1_871' title='bbox 2722 5524 2841 5587; x_wconf 70' lang='lat' dir='ltr'><strong>AC,</strong></span> <span class='ocrx_word' id='word_1_872' title='bbox 2864 5523 2986 5579; x_wconf 85' lang='lat' dir='ltr'><strong>add.</strong></span> <span class='ocrx_word' id='word_1_873' title='bbox 3019 5531 3085 5570; x_wconf 75' lang='lat' dir='ltr'><strong>ex</strong></span> <span class='ocrx_word' id='word_1_874' title='bbox 3114 5514 3254 5586; x_wconf 63' lang='lat' dir='ltr'><strong>coni.</strong></span> <span class='ocrx_word' id='word_1_875' title='bbox 3332 5514 3376 5545; x_wconf 81' lang='lat'>&quot;</span> <span class='ocrx_word' id='word_1_876' title='bbox 3400 5514 3557 5568; x_wconf 67' lang='lat' dir='ltr'><strong>Areo-</strong></span> 
     </span>
    </p>
   </div>
  </div>
