3912 6154
351 122 376 138 ο

373 293 469 350 6δί

1777 277 2059 337 IOANNIS
2097 274 2293 334 SCOTI

3511 259 3627 319 σω

359 407 546 464 dolore
611 405 726 462 ﬁeri
793 421 896 458 non
955 401 1167 472 poterit.
1221 398 1321 465 Qui
1377 396 1522 452 enim
1585 395 1639 448 in
1699 391 1934 448 tenebris
1963 382 2552 456 Amerorum,quas“
2585 377 2918 436 arithmetica
2940 375 3351 446 contemplatur,
3368 376 3628 433 substan-

357 499 702 570 spississimis
727 493 1000 551 constituti
1027 501 1204 546 ortum
1235 490 1369 544 lucis
1404 487 1615 540 futurae
1643 495 1659 525 ι
1691 490 1931 554 sperant,

357 607 467 647 non
501 590 720 645 omnino
773 584 990 639 tristitia
1031 583 1438 652 opprimuntur;
1471 579 1556 632 sin
1607 585 1785 630 autem
1817 573 1932 638 lux,

356 697 520 753 quam
548 686 794 748 sperant,
838 675 905 728 ab
929 675 1008 728 eis
1039 674 1059 704 ¹¹
1091 673 1390 733 auferatur,
1431 685 1535 722 non
1561 666 1732 723 solum
1763 666 1816 720 in
1857 673 1932 718 te-

354 768 558 826 nebris.
591 781 774 819 verum
803 765 962 816 etiam
989 763 1042 816 in
1067 761 1232 818 multa
1267 775 1432 830 poena
1464 757 1720 819 resident,
1755 754 1934 808 ablato

357 859 426 914 ab
453 857 532 912 eis
552 859 714 920 bono,
743 855 896 926 quod»
930 861 1300 925 speraverant,
1347 850 1426 904 vel
1472 858 1530 902 ut
1553 848 1752 907 omnia,
1795 859 1933 914 quae

353 965 386 1004 ε
419 957 470 1004 te
491 947 556 1002 de
583 947 780 1001 tul-ibus
824 947 964 1000 dicta
991 944 1232 1016 sunt‘.’ab
1263 943 1365 1001 bis.
1392 941 1480 1010 qui
1511 941 1690 994 minus
1731 935 1930 991 intelli-

341 1047 506 1114 funt,
548 1039 770 1094 omnino
800 1036 930 1092 falsa
973 1051 1094 1090 esse
1135 1033 1466 1103 judicentur,
1497 1029 1635 1084 etin
1676 1027 1932 1098 pristinas

351 1129 651 1198 opiniones,
698 1142 834 1198 quas
877 1141 978 1180 nec
1023 1124 1198 1178 adhuc
1246 1122 1432 1175 volunt
1463 1120 1737 1181 deserere,
1769 1115 1932 1198 veluti

351 1194 510 1276 veras
529 1219 616 1276 llis
640 1194 958 1289 contemptis
986 1213 1312 1272 relabantur.
1335 1211 1568 1266 Proinde
1601 1194 1933 1263 naturalibus

349 1307 637 1378 exemplis,
669 1307 866 1376 quibus
915 1306 1016 1360 nisi
1054 1305 1215 1358 nimia
1244 1301 1468 1357 stultitia
1499 1305 1818 1354 excaecatus
1840 1311 1934 1350 ne-

351 1414 443 1453 mo
480 1398 711 1461 resistit,
735 1399 910 1466 primo
932 1393 1358 1450 ratiocinationis
1381 1392 1468 1445 via
1502 1388 1801 1458 incipienda
1825 1394 1929 1440 est.

429 1490 509 1542 Η.
535 1486 674 1544 MAG.
709 1488 842 1542 Num
870 1487 1076 1557 peritus
1103 1502 1162 1540 es
1187 1485 1322 1538 artis
1349 1481 1722 1536 arithmeticae
1739 1481 1764 1533 Ἰ
1787 1480 1928 1532 Πιεε.

349 1579 665 1645 1”ιξι’ἱιιιε,,ιιί
709 1576 893 1654 fallor;
939 1592 1068 1631 eam-
1103 1589 1336 1644 namque
1378 1573 1446 1628 ab
1481 1571 1708 1626 infantia
1753 1583 1872 1623 mea
1907 1567 1929 1598 ³

349 1668 532 1722 didici.
571 1666 710 1722 Mac.
753 1665 922 1720 Dcﬁui
971 1667 1132 1736 igitur
1173 1680 1291 1719 eam
1347 1671 1530 1730 aperte
1577 1677 1640 1714 ac
1669 1659 1926 1715 breviter.

2037 479 2296 536 tiam'acci
2303 479 2400 548 pit,
2416 485 2548 532 teste
2561 475 2736 545 primo
2753 471 2918 542 ipsius
2931 469 3062 524 artis
3072 475 3347 538 repertore
3359 465 3626 537 Pythago

2038 588 2120 636 ra,
2137 587 2346 627 summo
2363 567 2699 640 philosopho,
2713 565 2803 634 qui
2827 557 3214 618 intellectuales
3235 573 3485 614 numeros
3495 559 3631 615 sub-

2036 664 2260 720 stantias
2285 677 2460 717 rerum
2485 659 2724 715 omnium
2741 655 3030 711 visibilium
3060 661 3115 709 et
3135 651 3480 708 invisibilium
3502 664 3633 708 esse

2036 760 2198 815 certis
2247 755 2544 812 rationibus
2575 749 2822 806 aﬁirmat.
2871 747 2979 803 Nec
3016 747 3120 802 hoc
3147 743 3426 814 Scriptura
3467 757 3632 798 sacra

2034 850 2285 919 denegat,
2319 859 2458 916 quae
2483 845 2579 908 ait,
2620 841 2798 896 omnia
2827 839 2879 892 in
2911 851 3190 901 mensura,
3215 845 3272 891 et
3293 847 3538 898 numero,
3568 843 3634 886 et

2035 941 2271 1016 pondere
2325 944 2368 975 ιι
2419 935 2559 990 facta
2629 946 2772 988 esse.
2830 928 2970 984 Mac.
3015 927 3201 996 Itaque
3253 926 3299 982 si
3357 923 3632 979 naturalia

2034 1013 2252 1100 quaeris
2296 1025 2540 1098 exempla
2585 1020 2893 1094 praedictae
2935 1017 3090 1081 artis,
3121 1017 3288 1070 immo
3332 1013 3496 1069 etiam
3526 1029 3634 1066 nu-

2035 1134 2327 1182 merorum,
2357 1131 2494 1188 quos
2540 1115 2654 1184 ipsa
2690 1107 3120 1180 comprehendit,
3169 1114 3422 1161 naturam
3465 1116 3634 1174 regu-

2037 1211 2221 1279 lasque
2269 1207 2556 1278 diligenter
2603 1201 2828 1272 inspice,
2879 1207 2939 1253 ut
2982 1197 3050 1252 ad
3089 1210 3299 1259 eorum,
3334 1207 3474 1264 quae
3525 1193 3633 1248 tibi

2035 1299 2290 1354 luctantia
2323 1297 2462 1350 inter
2483 1308 2564 1358 se,
2613 1291 2827 1360 sibique
2872 1285 3238 1360 oppugnantia
3273 1292 3532 1354 putantur
3555 1282 3632 1354 ⁸⁸,

2035 1391 2278 1445 notitiam
2304 1387 2414 1442 Deo
2429 1385 2564 1440 duce
2589 1380 2892 1452 pervenias.
2917 1379 3058 1435 Dtsc.
3089 1375 3346 1445 Exempla
3371 1375 3636 1429 arithme-

2034 1483 2174 1538 ticae
2193 1481 2424 1536 libenter
2451 1475 2678 1546 accipio.
2703 1473 2778 1528 Ea
2827 1485 3059 1540 namque
3087 1485 3190 1526 nec
3211 1467 3346 1522 fallit
3367 1482 3469 1524 nec
3491 1465 3634 1522 falli-

2037 1580 2141 1626 tur.
2193 1566 2450 1636 Quamvis
2503 1565 2647 1618 enim
2709 1575 2873 1628 saepe
2930 1559 3108 1613 minus
3157 1555 3522 1628 intelligentes
3575 1555 3634 1610 in

2036 1663 2150 1729 ipsa
2182 1658 2438 1714 fallantur
2467 1654 2535 1719 ι’,
2588 1669 2693 1710 non
2733 1652 2868 1706 artis
2889 1650 3067 1720 culpa,
3106 1650 3202 1704 sed
3231 1649 3445 1703 incaute
3469 1647 3540 1702 de
3568 1661 3636 1702 ea

347 1759 494 1814 lusa.
519 1759 866 1815 A-rithmetica
891 1767 976 1812 est
999 1771 1344 1810 numerorum
1370 1753 1616 1818 scientia,
1640 1765 1744 1805 non
1769 1764 1926 1820 quos,
1960 1743 2004 1802 Β
2033 1749 2380 1806 tractantium
2433 1743 2724 1817 judicanda
2772 1751 2856 1798 est
2907 1741 3194 1796 hcbetudo.
3257 1737 3625 1793 Numerorum

345 1853 442 1908 sed
474 1853 767 1908 secundum
809 1866 945 1922 quos
973 1863 1342 1917 numeramus.
1369 1837 1506 1904 Mais.
1553 1843 1722 1898 Caute
1759 1857 1822 1896 ac
1849 1840 1928 1894 vi—

345 1942 580 2010 gilanter
606 1939 1002 1994 arithmeticam
1037 1937 1060 1968 ⁸
1109 1935 1364 1991 deﬁnisti.
1415 1931 1549 1986 Nam
1595 1931 1638 1986 si
1673 1929 1932 1999 simplici-

345 2041 432 2086 ter
467 2030 718 2086 deﬁnires
775 2026 1168 2082 arithmeticam
1215 2038 1562 2080 numerorum
1624 2021 1924 2083 scientiam,

345 2133 536 2174 omnes
571 2132 826 2172 numeros
856 2114 1182 2193 generaliter
1211 2110 1714 2182 comprehenderes,
1749 2123 1813 2164 ac
1834 2123 1930 2177 per

347 2211 450 2265 hoc
493 2207 732 2264 deﬁnitio
774 2221 882 2262 non
921 2213 1111 2260 staret.
1146 2197 1262 2257 Non
1291 2201 1812 2270 euim’disputatars
1839 2197 1929 2252 illa

347 2303 414 2354 de
435 2299 582 2354 omni
622 2311 818 2368 genere
848 2309 1216 2357 numerorum,
1245 2291 1339 2348 sed
1378 2306 1472 2347 eos
1505 2298 1714 2344 tantum
1743 2304 1929 2344 nume-

345 2406 438 2444 ros
475 2389 802 2454 considerat,
851 2402 986 2458 quos
1035 2385 1088 2440 in
1129 2385 1240 2441 sola
1281 2384 1505 2440 scientia
1549 2393 1604 2438 et
1653 2382 1929 2437 intellectu

345 2478 496 2534 novit
541 2492 680 2541 esse,
705 2536 709 2540 ,
739 2485 796 2532 et
845 2476 1140 2532 secundmn
1183 2490 1320 2545 quos
1359 2484 1540 2528 cetera
1580 2487 1930 2529 numerorum

346 2583 543 2634 {tenera
575 2579 949 2624 numerantur.
1001 2566 1132 2620 Nam
1187 2581 1288 2620 non
1339 2567 1361 2598 ⁸
1424 2581 1678 2621 numeros
1717 2565 1930 2620 anima-

345 2661 500 2724 lium,
527 2658 782 2714 lruticum
836 2658 874 2720 ομ
907 2660 1196 2713 herbarum
1217 2701 1230 2719 ,
1273 2658 1608 2727 aliorumque
1641 2672 1928 2728 corporum

344 2765 438 2802 seu
474 2763 654 2802 rerum
683 2749 748 2802 ad
781 2747 1064 2803 scientiam
1097 2747 1470 2800 arithmeticae
1505 2747 1638 2801 artis
1658 2746 1931 2816 pertinere

347 2841 618 2911 sapientes
639 2840 859 2904 dicunt;
887 2841 978 2893 sed
1007 2838 1150 2894 solos
1175 2837 1584 2902 intellectualcs,
1611 2836 1927 2900 invisibiles,

346 2929 732 3004 incorporales,
784 2927 836 2982 in
887 2927 997 2983 sola
1042 2927 1266 2982 scientia
1311 2927 1652 2989 constitutos,
1697 2925 1751 2978 in
1787 2923 1932 2978 nullo

344 3034 476 3074 vero
530 3019 770 3088 subjecto
833 3029 1113 3088 praeterea
1163 3018 1182 3048 "
1237 3015 1664 3072 substantialiter
1703 3014 1926 3086 positos,

2031 1845 2230 1914 itaque,
2285 1855 2513 1910 quorum
2564 1836 2786 1892 scientia
2844 1834 3185 1889 arithmetica
3234 1840 3337 1898 est,
3395 1829 3632 1886 monada

2029 1949 2148 1994 esse
2191 1931 2511 2002 principium
2539 1944 2643 1982 non
2694 1927 2926 1990 dubitas,
2955 1934 3014 1979 ut
3042 1923 3255 1995 opinor.
3290 1923 3436 1977 Dtsc.
3464 1920 3635 1989 Quis-

2030 2025 2151 2095 quis
2181 2025 2232 2078 in
2265 2025 2366 2078 hoc
2401 2023 2656 2083 haesitat,
2677 2019 3060 2075 arithmeticos
3089 2032 3193 2072 non
3222 2024 3322 2071 est.
3357 2015 3456 2070 Est
3481 2015 3630 2070 enim

2029 2115 2376 2187 principium,
2403 2121 2458 2167 et
2481 2112 2739 2178 medium,
2765 2121 2820 2166 et
2851 2110 2973 2164 linis
2997 2109 3237 2164 omnium
3273 2120 3630 2162 numerorum

2031 2221 2238 2268 monas,
2297 2204 2348 2258 id
2395 2213 2482 2260 est
2516 2203 2715 2266 unitas,
2763 2201 3112 2271 omniumque
3160 2198 3628 2254 terminorumto—

2032 2309 2168 2364 ttun,
2197 2306 2252 2351 et
2285 2304 2434 2367 pars,
2473 2302 2528 2348 et
2555 2292 2734 2348 onmis
2777 2290 3076 2364 quantitas.
3125 2287 3262 2343 Mtte.
3297 2287 3394 2342 Dic
3420 2286 3627 2355 itaque.

2032 2387 2169 2442 Num
2195 2403 2384 2442 omnes
2419 2383 2652 2448 numeri,
2683 2397 2820 2452 quos
2846 2381 3002 2440 ratio.
3039 2386 3303 2449 quantum
3325 2376 3458 2442 vult,
3485 2373 3629 2430 ωυι-

2034 2481 2276 2551 tiplicare
2299 2487 2496 2549 potest,
2534 2475 2828 2532 causaliter
2856 2473 2910 2526 in
2953 2471 3183 2528 mouade
3209 2480 3336 2526 sunt
3361 2478 3413 2524 et
3450 2477 3634 2523 aeter-

2031 2570 2268 2626 naliter?
2319 2571 2461 2623 DISC.
2492 2567 2608 2622 Non
2658 2566 2816 2620 aliter
2861 2579 2984 2618 vera
3017 2563 3176 2618 docet
3223 2561 3396 2626 ratio;
3455 2561 3512 2618 in
3567 2575 3637 2614 ea

2031 2659 2174 2713 enim
2206 2672 2390 2720 causa,
2413 2656 2464 2708 in
2491 2669 2552 2710 ea
2575 2654 2719 2709 enim
2744 2651 3035 2709 causaliter
3063 2661 3212 2714 sunt,
3236 2649 3359 2719 quia
3379 2648 3633 2704 omnium

2031 2763 2380 2804 nunierorum
2448 2744 2694 2801 subsistit
2753 2743 3074 2814 principium
3105 2783 3120 2806 ,
3179 2753 3234 2796 ct
3297 2740 3370 2796 ibi
3433 2755 3635 2796 omnes

2032 2857 2198 2895 unum
2243 2841 2288 2872 "
2317 2848 2441 2894 sunt
2470 2838 2799 2894 individuum
2839 2835 3176 2906 simpliciter,
3224 2835 3324 2890 hoc
3349 2843 3453 2896 est,
3509 2834 3634 2888 uni-

2033 2929 2333 2992 versaliter,
2384 2937 2438 2984 et
2484 2927 2852 2998 multipliciter
2881 2926 2992 2982 sola
3035 2924 3264 2988 ratione,
3309 2937 3416 2978 non
3442 2933 3634 2979 autem

2031 3029 2154 3074 actu
2201 3029 2256 3072 et
2285 3019 2620 3090 Operatione,
2655 3032 2830 3087 neque
2867 3031 3032 3072 unum
3064 3031 3131 3072 ex
3181 3013 3363 3070 multis
3381 3014 3635 3070 cumula-

347 3111 720 3165 arithmeticae
781 3109 1102 3164 attribuunt.
1159 3107 1435 3178 Siquidem
1493 3106 1517 3138 ⁸
1570 3117 1676 3160 non
1733 3107 1815 3158 ita
1870 3104 1924 3157 in
1954 3093 1999 3156 C
2033 3122 2164 3178 [un],
2201 3111 2295 3167 sed
2346 3126 2510 3166 unum
2555 3125 2651 3164 sua
2693 3107 2920 3178 simplici
2960 3107 3006 3140 u
3046 3116 3102 3162 ει
3136 3105 3412 3176 multiplici
3441 3106 3634 3176 sing“-

340 3199 569 3276 scientia
599 3199 682 3256 vel
731 3199 1029 3263 intellectu,
1058 3198 1139 3252 vel
1175 3200 1402 3261 ratione,
1430 3197 1514 3250 vel
1536 3195 1816 3258 memoria,
1849 3193 1930 3248 vel

343 3291 612 3353 sensibus,
644 3287 725 3343 vel
774 3288 960 3359 ﬁguris
997 3287 1412 3356 perSpiriuntur,
1457 3296 1518 3340 ut
1561 3283 1932 3340 substantiali-

343 3389 428 3432 ιρι·
482 3395 645 3433 unum
693 3380 802 3434 sint
849 3379 948 3450 ipsi
989 3395 1112 3434 cum
1164 3378 1268 3440 his,
1319 3378 1368 3431 in
1416 3377 1614 3446 quibus
1657 3374 1926 3429 videntur.

348 3467 627 3538 Propriam
661 3483 894 3538 namque
934 3467 1290 3522 substantiam
1325 3466 1598 3536 possident
1628 3463 1836 3532 seipsos
1881 3465 1924 3514 ⁸.

346 3557 486 3614 1Nam
509 3562 554 3616 si
591 3559 831 3628 ejusdem
871 3559 1208 3615 substantiae
1244 3567 1446 3623 essent,
1487 3572 1591 3611 non
1635 3555 1926 3610 secundum

339 3665 466 3716 eos,
491 3653 584 3707 sed
613 3653 679 3706 de
707 3651 793 3704 eis
816 3648 1039 3703 scientia
1067 3657 1120 3704 et
1152 3647 1455 3702 intellectus
1481 3656 1534 3702 et
1564 3647 1700 3701 ratio
1719 3646 1929 3716 judica-

347 3749 488 3796 rent.
512 3741 617 3796 Arrs
641 3748 821 3794 autem
846 3746 901 3794 et
915 3736 1080 3806 judex
1109 3738 1161 3792 id
1195 3739 1366 3807 ipsum
1390 3753 1510 3794 esse
1550 3754 1656 3792 non
1680 3743 1923 3808 possunt.

345 3832 460 3888 lloc
489 3832 631 3888 enim
661 3831 730 3886 de
777 3829 891 3885 solo
919 3829 1030 3884 Deo
1080 3830 1254 3885 Verbo
1295 3840 1440 3884 recte
1480 3830 1698 3894 dicitur,
1736 3831 1826 3900 qui
1875 3839 1928 3884 et

335 3921 502 3992 iudex
526 3931 682 3978 estet
713 3937 804 3976 ars
819 3921 900 3977 sui
926 3921 1118 3976 Patris.
1155 3921 1450 3990 Vigilanter
1473 3923 1673 3990 itaque,
1709 3933 1766 3976 ut
1793 3921 1922 3984 dixi,

343 4031 373 4068 a
406 4021 460 4068 te
501 4012 742 4067 additum
770 4021 875 4076 est,
905 4028 1011 4068 non
1039 4026 1196 4082 quos,
1224 4011 1318 4066 sed
1353 4013 1646 4066 secundum
1671 4026 1806 4082 quos
1831 4027 1929 4066 nu-

340 4119 634 4161 meramus.
668 4103 778 4158 Eos
815 4103 1082 4174 siquidem
1122 4103 1174 4157 in
1209 4102 1352 4156 nullo
1385 4101 1628 4170 subjecto
1665 4117 1926 4171 corporeo

340 4191 426 4252 vel
477 4193 797 4264 incorporeo
841 4192 1187 4262 inspicimus;
1245 4193 1338 4246 sed
1395 4193 1533 4248 ultra
1585 4207 1748 4246 omne
1800 4195 1928 4248 sub-

279 4340 291 4350 .
332 4285 536 4354 jectum
564 4282 680 4338 solo
721 4281 1002 4338 intellectu.
1042 4281 1096 4336 in
1125 4281 1409 4350 sapientia
1455 4291 1511 4336 et
1539 4281 1764 4337 scientia
1811 4298 1926 4337 cer-

338 4383 562 4442 nuntur,
590 4387 720 4431 suae
749 4375 965 4430 divinae
1003 4383 1230 4430 naturae
1265 4374 1584 4430 excellentia
1627 4377 1696 4430 ab
1749 4377 1926 4431 omni-

333 4467 460 4533 bus,
488 4482 628 4538 quae
651 4467 946 4524 secundum
971 4482 1065 4522 eos
1085 4477 1459 4532 numerantur,
1485 4467 1736 4522 absoluti.
1770 4465 1920 4524 DISC.

339 4556 484 4613 :riaec
503 4572 671 4628 saepe
701 4559 952 4628 cogitavi,
984 4567 1039 4613 et
1081 4559 1150 4612 ad
1199 4574 1413 4628 purum,
1441 4568 1500 4613 ut
1528 4558 1778 4621 arbitror,
1805 4575 1926 4629 per-

334 4649 507 4719 spexi.
537 4647 677 4704 Mtte.
723 4648 889 4704 Estne
947 4648 1113 4718 igitur
1153 4664 1242 4704 ars
1286 4649 1374 4702 illa
1421 4640 1724 4704 naturalis?
1775 4649 1919 4704 DISC.

335 4737 535 4802 Etiam,
561 4745 615 4792 et
641 4735 786 4790 nulla
820 4735 1143 4801 naturalior,
1161 4737 1427 4806 siquidem
1464 4752 1568 4792 non
1596 4739 1768 4793 solum
1793 4737 1928 4794 alia-

338 4842 457 4882 rum
489 4830 650 4882 trium
682 4831 988 4886 matheseos
1037 4833 1377 4901 sequentium
1422 4848 1481 4887 se
1529 4833 1782 4902 partium,
1824 4834 1928 4889 hoc

335 4926 458 4983 est,
509 4919 870 4987 geometriae.
924 4919 1205 4984 musicae,
1263 4921 1586 4992 astrologiae
1655 4923 1924 4978 immobile

333 5011 580 5066 subsistit
603 5008 1033 5076 lutitiamentum,
1063 5011 1535 5083 primordialisque
1570 5029 1732 5067 causa
1765 5024 1926 5083 atque

336 5101 682 5171 principium,
721 5116 906 5156 verum
945 5103 1109 5155 etiam
1151 5103 1391 5157 omnium
1422 5115 1603 5158 rerum
1635 5104 1922 5158 visibilium

333 5203 390 5248 et
419 5192 766 5248 invisibilium
819 5192 1025 5246 inﬁnita
1072 5193 1356 5248 multitudo
1397 5191 1550 5262 juxta
1585 5196 1799 5265 regulas
1829 5211 1927 5249 ιιιιρ

1949 4427 2003 4487 Ι)

2029 3200 2242 3255 laritate
2283 3199 2610 3270 praeditum,
2659 3199 2732 3252 ita
2783 3205 2842 3252 ut
2879 3207 2935 3252 et
2973 3209 3164 3252 omnes
3203 3193 3413 3250 numeri
3461 3195 3520 3248 in
3561 3209 3631 3250 ea

2029 3292 2135 3348 sint
2162 3289 2322 3346 simul
2338 3302 2392 3344 et
2417 3289 2738 3360 simpliciter
2757 3287 3050 3343 secundum
3076 3299 3318 3352 causam,
3342 3293 3397 3339 et
3421 3284 3546 3354 ipsa
3575 3285 3632 3338 in

2028 3381 2275 3439 omnibus
2319 3379 2688 3450 multipliciter
2721 3376 2977 3434 ineﬁ‘abili
3003 3375 3382 3432 distributione
3425 3373 3634 3430 intelli-

2028 3484 2195 3549 gatur.
2221 3469 2514 3527 secundum
2542 3468 2926 3525 substantiam.
2950 3467 3068 3538 Ipsa
3095 3475 3181 3524 est
3209 3466 3352 3522 enim
3377 3463 3634 3520 omnium

2029 3575 2379 3618 numerorum
2443 3575 2604 3615 causa
2653 3568 2709 3614 et
2763 3556 3083 3620 substantia,
3130 3567 3187 3612 et
3247 3555 3372 3610 dum
3419 3561 3634 3610 statum

2029 3651 2420 3709 immutabilem
2450 3667 2580 3706 suae
2609 3663 2832 3707 naturae
2863 3666 2970 3706 non
3018 3649 3240 3714 deserit,
3264 3664 3322 3704 se
3363 3649 3543 3719 ipsam
3575 3648 3638 3702 in

2027 3760 2217 3801 omnes
2263 3743 2633 3814 multipliciter
2679 3740 2966 3808 diﬁ'undit;
3012 3740 3357 3796 aeternaliter
3399 3753 3536 3795 vero
3575 3741 3634 3795 in

2027 3854 2090 3892 ea
2115 3837 2436 3901 subsistunt,
2457 3837 2710 3907 quoniam
2741 3835 2794 3889 in
2824 3848 2888 3888 ea
2909 3847 3029 3888 esse
3045 3831 3420 3903 temporaliter
3439 3844 3554 3884 non
3586 3829 3636 3862 ⁸⁸

2030 3928 2315 3998 incipiunt.
2347 3925 2482 3980 Nam
2535 3941 2642 3980 non
2672 3933 2792 3978 erat
2849 3922 3028 3978 unitas
3066 3920 3451 3990 multiplicibus
3495 3933 3632 3974 om-

2028 4017 2178 4072 nium
2217 4031 2566 4070 numerorum
2619 4013 2938 4080 rationibus,
2972 4015 3026 4068 in
3069 4013 3266 4082 quibus
3293 4011 3627 4073 subsistunt,

2027 4123 2220 4164 carens
2247 4109 2312 4161 ³⁷.
2343 4108 2476 4176 Quis
2521 4115 2703 4162 autem
2755 4121 2890 4176 pure
2941 4104 3349 4175 intelligentiam
3386 4101 3630 4156 monada

2027 4199 2226 4255 dixerit
2266 4198 2571 4262 inchoasse,
2599 4211 2936 4268 cognoscens
2957 4211 3085 4252 eam.
3120 4195 3175 4250 in
3203 4192 3472 4248 inﬁnitum
3498 4201 3629 4246 ten-

2029 4292 2198 4347 dere?
2228 4291 2508 4360 Quomodo
2533 4291 2679 4345 enim
2714 4299 2896 4360 potest
2931 4289 3047 4345 ﬁeri
3075 4287 3284 4343 inﬁnita
3309 4285 3631 4356 progressio

2027 4401 2060 4438 a
2083 4383 2234 4438 ﬁnito
2261 4383 2560 4456 principio?
2603 4381 2873 4439 Inﬁnitum
2898 4381 3049 4436 enim.
3070 4383 3140 4436 ab
3176 4379 3397 4435 inﬁnito
3417 4393 3624 4448 proce-

2031 4475 2130 4541 dit,
2161 4491 2192 4529 a
2233 4475 2382 4531 linito
2429 4489 2558 4532 vero
2586 4473 2660 4530 nil
2701 4473 2992 4528 inﬁnitum.
3035 4472 3102 4526 Et
3152 4471 3196 4526 si
3233 4470 3356 4540 quis
3397 4468 3630 4532 dixerit,

2033 4563 2302 4634 quomodo
2350 4563 2454 4618 hoc
2491 4572 2639 4619 stare
2677 4571 2878 4632 poteSt,
2909 4576 3032 4616 eum
3078 4561 3241 4616 etiam
3271 4561 3324 4614 in
3353 4557 3486 4628 ipsis
3515 4572 3630 4612 nu-

2033 4657 2198 4712 meris
2241 4655 2408 4710 multa
2446 4655 2656 4710 inﬁnita
2704 4670 2734 4708 a
2763 4655 2930 4708 ﬁnitis
2957 4652 3265 4708 inchoantia
3307 4649 3632 4704 videamus?

2033 4763 2098 4804 ex
2125 4747 2334 4804 binario
2355 4747 2643 4817 siquidem,
2688 4746 2780 4816 qui
2811 4745 2992 4800 ﬁnitus
3023 4757 3278 4800 nunierus
3302 4751 3404 4807 est,
3425 4755 3632 4796 clunes

2031 4839 2273 4910 duplices
2322 4847 2640 4897 nascuntur,
2685 4847 2739 4892 et
2769 4837 2821 4891 in
2874 4837 3144 4902 inﬁnitum
3193 4833 3630 4906 protenduntur;

2030 4931 2278 4988 similiter
2318 4947 2348 4983 a
2380 4929 2426 4962 ³⁸
2455 4929 2696 4985 ternario
2722 4927 2873 4983 ﬁnito
2911 4941 3100 4982 omnes
3125 4925 3366 4995 triplices
3403 4922 3630 4980 initium

2030 5029 2268 5080 sumunt,
2311 5028 2364 5074 et
2393 5019 2558 5072 ﬁnem
2595 5016 3058 5086 multiplicationis
3082 5030 3214 5071 suae
3241 5013 3532 5077 nesciunt;
3569 5022 3628 5068 et

2031 5122 2089 5165 ut
2117 5111 2352 5166 breviter
2381 5111 2580 5175 dicam,
2613 5108 2792 5162 nullus
2819 5123 3078 5162 numerus
3101 5116 3186 5162 est
3209 5106 3320 5160 suis
3341 5105 3640 5175 quantilam

2032 5203 2176 5256 tibus
2202 5202 2410 5266 ﬁnitus,
2446 5214 2539 5255 seu
2567 5198 2698 5255 solis
2746 5199 3090 5265 monadibus,
3116 5214 3150 5252 ι
3197 5212 3304 5267 quo
3334 5193 3628 5265 multiplex

1617 5326 1874 5384 VARIAE
1923 5327 2323 5386 LECTIONES.

407 5449 426 5483 ι
476 5442 685 5510 futurae
707 5457 833 5510 om:
848 5441 930 5510 Α.

1029 5440 1120 5512 ἵΑ
1167 5442 1241 5512 ab,
1274 5444 1375 5512 eis,
1409 5457 1566 5511 quant
1601 5453 1831 5512 sperant.

337 5509 594 5569 deﬁnisti.

694 5511 714 5541 ⁵
742 5513 782 5564 Α
810 5507 930 5562 Non
973 5511 1130 5565 enim.
1227 5511 1245 5540 ⁸
1279 5511 1320 5566 C
1351 5507 1639 5578 fructuum;

283 5648 484 5719 ‘plici.
563 5650 604 5682 “
627 5665 729 5704 non
755 5664 861 5704 om.
888 5651 951 5704 Α.

1932 5442 1954 5474 ⁸
2000 5459 2114 5497 mea
2144 5457 2254 5497 om.
2281 5444 2344 5498 A.

1735 5511 1756 5544 ⁷
1779 5521 2047 5580 praeterea
2081 5527 2192 5569 om.
2231 5514 2292 5567 Α.

343 5582 459 5658 πηρι.
489 5592 534 5634 et
564 5581 799 5658 pondere
841 5591 1166 5658 verumuere.
1245 5579 1287 5630 ¹.²
1335 5580 1426 5658 Sic
1469 5581 1596 5658 AC;
1631 5580 1678 5658 Γ,
1698 5579 2049 5658 videbantur?
2086 5583 2177 5658 _"‘
2208 5584 2542 5650 Afathmlur.

1033 5651 1072 5680 ¹⁷
1100 5653 1144 5703 Α
1173 5666 1372 5717 carens,
1405 5651 1458 5704 in
1487 5651 1672 5720 quibué
1699 5652 2006 5706 subsistunt.

2453 5443 2472 5474 ⁸
2505 5443 2596 5498 Sic
2634 5444 2714 5509 C;
2752 5445 2797 5497 Α
2824 5444 3221 5499 arithmeticam
3275 5459 3634 5498 numerorum

2370 5515 2391 5545 ⁸
2415 5515 2454 5568 Α
2494 5513 2656 5588 Nam.
2730 5518 2751 5548 ⁹
2773 5515 2968 5584 seipsos
3001 5530 3110 5588 oin.
3159 5515 3251 5588 γᾼ.-
3320 5513 3362 5544 ³⁸
3388 5513 3429 5566 Α
3459 5528 3628 5588 quos.

2085 5583 2246 5706 m';t
2265 5584 2542 5650 falluntur.
2622 5585 2664 5616 "
2695 5600 2852 5637 unum
2877 5600 2985 5640 om.
3013 5587 3076 5638 Δ.
3156 5583 3200 5614 ⁸⁸
3226 5583 3266 5636 Α
3296 5599 3388 5637 sua
3417 5594 3465 5637 et
3493 5583 3632 5635 sint.

2247 5669 2300 5706 .r.

2219 5668 2300 5706 t’I.
