3912 6154
256 250 357 310 6ὺό

1110 257 1196 313 DE
1236 254 1568 314 DlVlilONE
1604 259 1951 315 NA'lUllAE.
1978 290 2048 299 -—-
2084 258 2281 314 LIBER
2322 260 2638 318 TERTIUS.

3397 271 3529 325 65's"

254 368 466 437 quidam
498 368 552 423 in
595 370 863 425 inﬁnitum
900 386 1004 426 non
1033 372 1300 441 proﬂuat:
1332 373 1457 428 huic
1504 372 1831 442 responderi-
1862 376 1912 435 Α
1938 374 2006 428 ab
2032 389 2095 427 ea
2124 374 2361 441 veniunt,
2402 384 2457 429 et
2482 377 2544 430 in.
2566 393 2684 430 eam
2716 377 2939 432 redeunt
2963 380 3253 437 secundum
3296 387 3515 453 regulas.

253 458 376 512 dum
405 467 491 513 est
520 458 563 524 ¹,
598 472 785 515 omnes
818 462 840 492 '
876 460 965 517 isti
994 463 1203 517 numeri
1250 462 1489 531 partibus
1514 463 1627 517 suis
1678 462 1833 526 liniti,

250 563 316 604 ex
370 550 569 618 quibus
620 551 942 620 multiplices
985 552 1284 622 procedunt
1343 554 1397 607 in
1450 554 1740 618 inﬁnitum,
1781 548 1858 608 in'

251 641 364 712 ipsa
401 642 652 707 monade,
696 642 785 698 ubi
833 658 1023 699 omnes
1055 660 1219 699 unum
1270 654 1419 710 sunt,
1446 644 1641 700 inﬁniti
1689 655 1831 707 sunt.

250 729 481 787 Proinde
507 742 602 787 aut
636 732 688 786 in
712 734 942 788 monade
962 748 1082 789 esse
1105 734 1323 804 negabit
1343 748 1532 789 omnes
1558 750 1839 797 numeros,

251 825 379 880 etin
429 825 545 880 suis
587 825 1118 895 multiplicationibus
1160 835 1315 880 extra
1345 840 1465 886 cam
1493 825 1674 880 ﬁnitos
1715 840 1835 882 esse

252 915 572 981 ailirmabit;
615 925 707 971 aut
762 917 808 972 si
857 917 960 973 boc
1005 914 1273 971 allirmare
1325 932 1428 971 non
1461 916 1675 986 poterit,
1708 930 1833 969 Vt-ra

254 1007 458 1061 ratione
500 1008 801 1071 resistente,
835 1006 1145 1063 necessario
1187 1007 1465 1070 fatebitur,
1496 1021 1684 1061 omnes
1732 1020 1832 1057 nn-

253 1112 433 1151 meros
483 1097 729 1166 partibus
789 1097 900 1152 suis
956 1095 1156 1161 ﬁnitos,
1216 1096 1268 1149 in
1321 1096 1547 1149 monade
1601 1093 1837 1148 inﬁnitos

252 1187 574 1241 subéistere‘
608 1194 664 1241 et
726 1188 747 1218 ³
804 1186 1142 1242 uniformiter
1209 1196 1478 1243 aeternos.
1555 1184 1834 1255 Siquidem

250 1292 356 1331 non
387 1277 476 1331 ubi
514 1275 633 1331 fons
660 1286 900 1347 apparet,
959 1277 1030 1331 ibi
1081 1276 1104 1308 ⁸
1146 1293 1287 1347 aqua
1331 1276 1520 1347 incipit
1552 1291 1695 1338 esse,
1740 1275 1834 1330 sed

251 1371 467 1425 aliunde
524 1385 623 1439 per
691 1370 928 1425 occultos
1007 1386 1171 1440 poros
1229 1371 1582 1440 sensibnsque
1659 1368 1837 1423 inﬁni-

251 1464 337 1513 tos
385 1457 541 1528 longe
595 1466 722 1513 ante
760 1466 962 1517 manat.
1015 1459 1326 1529 priusquam
1379 1458 1433 1512 in
1498 1456 1647 1513 fonte
1674 1473 1834 1528 appa-

253 1558 388 1604 reat.
437 1548 517 1605 Ac
568 1563 665 1619 per
716 1551 817 1606 hoc
846 1592 863 1615 ,
935 1552 1385 1618 quemadmodum
1429 1550 1651 1604 abusive
1700 1550 1834 1605 dici-

253 1649 340 1694 tur
408 1639 566 1704 fons,
640 1641 730 1695 ubi
818 1641 994 1711 primo
1064 1642 1343 1696 visibiliter
1401 1641 1616 1712 surgit;
1680 1640 1837 1712 longe

1939 464 2271 533 disciplinae,
2310 481 2450 535 quae
2475 482 2661 521 eorum
2703 469 2939 524 rationes
2972 471 3225 528 intuetur.
3262 476 3330 528 At
3356 479 3401 532 si
3424 478 3531 535 ita'

1935 562 2039 618 est,
2086 568 2242 609 nemo
2293 556 2395 610 nisi
2447 557 2727 626 impudens
2765 562 3118 623 contradicet,
3164 574 3412 623 aeternos
3447 569 3502 625 iu

1936 644 2141 698 unitate
2179 658 2432 701 numeros
2476 648 2590 701 suis
2637 651 2935 707 rationibus
2973 653 3306 721 subsistere;
3351 666 3406 712 et
3456 658 3506 715 sl

1934 738 2058 806 quis
2106 738 2344 793 intentus
2388 728 2790 810 inspexerit",
2842 744 2984 813 ipsas
3038 745 3271 800 rationes
3307 749 3509 817 sempi-

1937 837 2119 884 ternas
2138 840 2259 884 esse
2297 843 2404 884 non
2443 830 2725 885 dubitabit.
2752 830 2889 890 Μλσ.
2931 835 3316 891 Aritlnneticae
3343 836 3502 893 disci.

1933 920 2111 990 plinae
2140 934 2244 975 non
2269 920 2512 992 ignarum
2535 930 2587 978 te
2612 937 2732 979 esse
2753 926 3039 995 perspicio.
3064 920 3337 983 Hactenus
3354 930 3502 985 enim

1932 1009 2187 1078 quicquid
2208 1024 2240 1063 a
2268 1018 2321 1064 te
2347 1008 2415 1065 de
2438 1011 2549 1081 ipsa
2573 1011 2837 1083 prolatum
2864 1024 2967 1079 est,
2995 1032 3121 1071 vera
3167 1019 3304 1072 ratio
3333 1033 3493 1087 prae-

1935 1098 2098 1163 dicat,
2143 1114 2208 1154 ac
2248 1100 2348 1166 sic,
2390 1110 2447 1156 et
2485 1117 2592 1156 non
2632 1103 2789 1158 aliter
2831 1120 2951 1160 esse
2976 1107 3289 1162 Conﬁrmat.
3312 1107 3417 1162 Sed
3446 1117 3521 1162 utr

1936 1188 2143 1244 ﬁrmius
2165 1190 2232 1244 de
2257 1205 2604 1248 numerorum
2633 1195 2951 1251 aeternitate
2981 1197 3032 1251 in
3061 1198 3288 1252 mouade
3310 1198 3507 1267 perdo-

1932 1293 2080 1345 ceas,
2110 1295 2299 1337 eorum
2340 1283 2601 1349 rationes,
2623 1301 2759 1355 quas
2786 1295 3040 1344 aeternas
3062 1298 3221 1357 atque
3252 1288 3508 1342 immuta-

1932 1368 2070 1425 biles
2093 1370 2139 1402 "
2161 1373 2368 1429 'asseris
2396 1388 2535 1439 esse,
2576 1377 2813 1432 breviter
2848 1378 3087 1433 edissere
3112 1386 3272 1448 atque
3301 1389 3504 1450 aperte.

1933 1455 2078 1513 Dtsc.
2122 1458 2305 1514 Prima
2349 1463 2657 1533 progressio
2697 1480 3041 1521 numerorum
3083 1476 3167 1522 est
3195 1483 3223 1520 a
3258 1467 3504 1530 monade,

1932 1554 1987 1601 et
2007 1547 2467 1618 multiplicationis
2489 1552 2785 1622 auspicium
2800 1551 2949 1617 δυάς,
2976 1553 3028 1609 id
3045 1564 3128 1608 est
3153 1555 3218 1619 ἰ,
3245 1554 3506 1618 binarius,

1933 1639 2168 1694 secunda
2216 1643 2382 1714 τριάς,
2415 1642 2706 1707 ternarins,
2732 1644 2887 1698 tertia
2917 1645 3097 1719 τετρας
3125 1645 3190 1707 ’⁸,
3214 1653 3504 1713 quaterna-

180 1802 191 1809 ἢ
252 1730 396 1785 enim
434 1739 566 1786 ante
595 1732 794 1786 eratin
821 1732 1048 1788 secretis
1091 1742 1287 1796 terrae,
1319 1732 1433 1788 sive
1473 1733 1685 1794 oceani,
1720 1732 1834 1786 sive
1864 1722 1908 1782 B
1939 1729 2070 1794 rius,
2103 1729 2296 1784 deinde
2334 1744 2523 1786 omnes
2565 1733 2782 1787 termini
2818 1733 2932 1788 suis
2963 1733 3180 1788 sedibus
3202 1733 3505 1788 constituti.

252 1819 415 1874 alibi‘
433 1862 450 1886 ,
474 1822 561 1875 ubi
583 1821 924 1877 invisibiliter
958 1823 1187 1887 latebat;
1220 1824 1362 1878 latex
1388 1823 1534 1878 enim
1560 1837 1590 1876 a
1614 1822 1827 1876 latendo

252 1910 304 1963 in
330 1914 482 1966 renis
504 1920 683 1967 terrae
706 1912 944 1971 dicitur:
977 1913 1051 1968 ita
1084 1922 1140 1969 et
1162 1914 1392 1976 numeri,
1430 1927 1660 1982 quarum
1693 1911 1827 1966 mul-
1858 1930 1864 1935 '

252 2002 514 2072 tiplicatio
566 2004 708 2060 sicut
752 2003 777 2038 ⁸
819 2005 958 2061 aliae
1009 2006 1384 2076 proportiones
1448 2006 1501 2059 in
1546 2004 1825 2060 int‘mitmn

252 2093 542 2164 proﬂuunt,
572 2112 677 2150 non
706 2097 776 2151 ab
801 2097 934 2166 ipsis
962 2097 1130 2152 linitis
1155 2096 1396 2150 numeris
1417 2136 1431 2160 ,
1463 2095 1555 2164 qui
1587 2094 1826 2164 primum

251 2183 631 2253 contemplanti
665 2185 859 2241 animo
884 2192 1165 2255 apparent,
1195 2185 1290 2239 sed
1327 2183 1396 2238 ab
1430 2184 1563 2253 ipsis
1596 2183 1824 2239 rationi-

249 2271 349 2329 bus
373 2274 615 2329 aeternis
637 2284 692 2330 et
726 2275 970 2340 inﬁnitis,
1014 2276 1068 2331 in
1095 2275 1292 2345 quibus
1325 2274 1612 2331 causaliter
1648 2274 1826 2331 subsi-

248 2376 418 2432 stunt,
447 2367 712 2438 originem
753 2368 978 2423 ducunt.
1016 2368 1073 2422 In
1104 2367 1334 2424 mouade
1364 2375 1545 2421 autem
1587 2373 1739 2429 sunt;
1774 2365 1826 2419 in

252 2459 478 2512 ruonade
506 2472 636 2529 ergo
666 2457 860 2515 inﬁniti
906 2469 1070 2522 sunt;
1111 2474 1175 2512 ex
1212 2475 1318 2528 qua
1365 2456 1608 2512 inﬁnitus
1653 2457 1830 2511 omnis

251 2562 600 2602 numerorum
647 2562 838 2603 cursus
870 2549 1128 2618 procedit,
1176 2558 1233 2604 et
1284 2549 1339 2603 in
1388 2563 1552 2618 quam
1607 2547 1825 2602 desinit.

253 2638 313 2691 Et
338 2646 401 2691 ut
426 2637 618 2707 majori
650 2650 966 2708 argumento
1002 2649 1235 2703 utamur,
1264 2639 1523 2693 unitatem
1557 2646 1829 2709 nunquam

248 2727 548 2781 inchoasse
597 2726 967 2793 alﬁrmantes,
1029 2728 1318 2799 diligenter
1370 2728 1738 2783 animadverte
1786 2729 1827 2781 ⁷.

248 2816 305 2871 Si
324 2817 533 2881 unitas,
565 2833 704 2886 quae
731 2819 752 2850 ⁸
788 2835 819 2872 a
863 2819 1086 2876 Graecis
1127 2820 1326 2876 dicitur
1356 2834 1566 2884 monas,
1592 2819 1831 2874 omnium

247 2922 598 2963 ttumerorum
627 2908 947 2980 principium
974 2920 1078 2975 est,
1107 2920 1164 2966 et
1196 2911 1432 2967 medium
1468 2919 1522 2965 et
1562 2911 1714 2976 ﬁnis;
1767 2912 1834 2967 ab

245 2997 360 3067 ipsa
385 2998 650 3068 siquidem
682 2998 994 3071 procedunt,
1020 3016 1121 3073 per
1139 3003 1308 3075 ipsam
1328 3011 1637 3067 moventur,
1661 3001 1832 3072 ipsam

1928 1818 1995 1873 Et
2021 1828 2107 1875 est
2124 1820 2345 1891 quidem
2373 1821 2616 1878 binarius
2655 1823 2834 1879 omnis
2858 1823 3108 1894 paritatis
3130 1825 3283 1895 origo
3306 1825 3406 1879 sub
3433 1824 3510 1878 in-

1931 1908 2205 1964 tellectum
2235 1909 2502 1977 cadentis,
2546 1911 2815 1967 ternarius
2848 1926 2978 1967 vero
3032 1912 3376 1983 imparitatis.
3428 1912 3507 1968 Ex

1926 1998 2125 2067 quibus
2147 2038 2162 2064 ,
2210 1999 2449 2068 paritate
2476 2000 2600 2057 dico
2637 2009 2695 2055 et
2731 2002 3060 2072 imparitate,
3086 2018 3275 2059 omnes
3302 2002 3510 2073 species

1929 2104 2278 2145 numerorum
2325 2097 2701 2159 procreantur,
2735 2092 2851 2149 sive
2888 2093 3160 2164 simplices
3210 2094 3342 2159 sint,
3393 2093 3533 2151 sive»

1928 2179 2232 2249 compositi.
2268 2177 2552 2249 Simplices
2591 2191 2720 2237 sunt
2757 2198 2874 2251 par,
2923 2191 2980 2238 et
3027 2183 3234 2253 impar;
3288 2199 3511 2255 compo-

1928 2269 2083 2334 sitae,
2134 2283 2273 2339 quac
2329 2270 2398 2326 ab
2445 2270 2530 2325 his
2586 2271 2795 2326 duobus
2840 2272 3261 2341 constituuntur,
3300 2275 3510 2345 pariter

1930 2376 2047 2430 par,
2088 2360 2292 2429 pariter
2343 2361 2538 2430 impar,
2583 2363 2864 2433 impariter
2911 2364 3085 2434 impar
3130 2364 3199 2419 ³³.
3253 2363 3506 2432 Videsne,

1930 2463 2189 2519 quantum
2244 2452 2580 2521 impossibile
2627 2461 2732 2517 est,
2780 2453 2929 2509 hunc
2985 2467 3333 2510 numerorum
3386 2471 3509 2526 pro—

1931 2544 2225 2614 gressionis
2248 2545 2495 2600 ordinem
2527 2546 2685 2601 aliter
2714 2545 2854 2612 ﬁeri,
2888 2558 2981 2602 aut
3020 2549 3075 2603 in
3099 2548 3265 2604 alium
3292 2549 3509 2603 modum

1934 2633 2177 2688 moveri?
2214 2632 2401 2688 Nullus
2455 2637 2598 2690 enim
2656 2637 2794 2693 alius
2835 2638 3387 2705 tiumerus,.naturali
3422 2655 3512 2694 or-

1935 2724 2061 2779 dine
2117 2725 2463 2789 constitutus,
2520 2726 2731 2795 primae
2781 2729 3141 2797 proces‘sionis
3190 2727 3261 2784 ab
3304 2729 3512 2786 unitate

1933 2803 2139 2870 obtinet
2158 2816 2355 2881 locum,
2381 2817 2483 2873 nisi
2509 2818 2783 2885 binarius;
2813 2834 2911 2874 nec
2942 2821 3232 2886 secundae,
3256 2820 3359 2876 nisi
3398 2831 3509 2874 ter-s

1936 2908 2153 2971 larius;
2185 2921 2285 2961 nec
2315 2907 2523 2972 tertiae,
2556 2907 2655 2961 nisi
2692 2909 3106 2978 quaternarius;
3143 2918 3199 2965 et
3224 2911 3512 2981 unusquis-

1936 3012 2041 3065 que
2064 3011 2321 3051 numerus
2349 2996 2501 3051 suam
2528 2997 2708 3051 sedem
2736 2998 3034 3054 naturalem
3060 3000 3318 3068 possidet,
3349 3015 3510 3071 quam

246 3091 538 3156 pernimin
565 3090 736 3159 ipsam
757 3091 1132 3159 ἀθείηωηςοι
1156 3108 1313 3149 nemo
1341 3093 1642 3164 sapientium
1664 3080 2116 3165 θυώμρίιιιιιυε
2167 3098 2425 3141 numerus
2480 3095 2698 3156 praeter
2753 3088 2949 3158 ipsum,
3002 3089 3155 3159 cujus
3214 3091 3361 3147 lucus
3405 3101 3539 3158 eSt,.

244 3178 340 3246 git,
367 3176 511 3247 quod
539 3178 616 3233 ita
638 3179 707 3249 sit
731 3198 745 3234 :
774 3196 880 3236 non
907 3182 1013 3236 alia
1036 3182 1140 3237 erit
1168 3184 1369 3249 unitas,
1405 3198 1471 3239 ex
1492 3199 1598 3253 qua
1625 3185 1834 3239 numeri

246 3267 540 3338 proﬂuunt,
572 3278 629 3324 et
648 3285 744 3339 per
764 3286 926 3340 quam
955 3283 1239 3330 moventur
1258 3274 1302 3340 ’,
1327 3283 1381 3330 et
1405 3274 1532 3339 alia,
1556 3289 1715 3344 quam
1737 3286 1836 3344 pe-

245 3367 383 3421 tunt,
419 3369 471 3413 ct
512 3359 564 3421 in
619 3375 782 3428 quam
827 3361 1108 3428 ﬁniuntur,
1134 3366 1227 3419 sed
1258 3379 1365 3419 una
1414 3372 1581 3433 atque
1619 3365 1831 3431 eadem,

246 3449 368 3516 quia
402 3459 486 3504 est
512 3461 568 3504 et
599 3453 643 3482 "
670 3451 1025 3521 principium,
1056 3456 1313 3518 medium,
1346 3463 1403 3509 et
1434 3454 1575 3508 ﬁnis.
1607 3454 1835 3511 Proinde

245 3544 457 3594 numeri
473 3557 502 3594 a
518 3556 618 3596 suo
640 3542 1046 3611 progredientes
1062 3544 1351 3614 principio,
1367 3558 1473 3599 non
1489 3542 1706 3599 aliunde
1730 3543 1832 3598 nisi

243 3643 271 3681 a
299 3646 399 3686 suo
429 3629 534 3686 ﬁne
564 3632 1003 3703 progrediuntur.
1052 3632 1166 3688 Non
1197 3633 1341 3687 enim
1374 3637 1413 3667 ιι
1446 3632 1590 3686 aliud
1616 3640 1702 3686 est
1739 3648 1833 3687 eo-

242 3737 359 3776 rum
377 3723 710 3794 principium
735 3733 789 3780 et
808 3725 849 3755 ¹⁸
874 3724 1027 3779 aliud
1051 3724 1302 3791 ﬁnis,sed
1330 3740 1433 3779 una
1458 3734 1619 3794 atque
1642 3724 1830 3780 eadem

238 3812 451 3869 unitas.
480 3814 560 3870 Ac
582 3829 680 3884 per
708 3816 812 3870 hoc
859 3816 1168 3873 necessario
1195 3817 1499 3882 conﬁcitur,
1550 3826 1629 3882 ut,
1682 3818 1725 3873 si
1777 3817 1828 3872 in

235 3904 514 3961 inﬁnitum
544 3907 937 3977 protenduntur
967 3907 1014 3942 “
1052 3908 1247 3973 ﬁnem,
1289 3909 1358 3964 ab
1389 3910 1599 3966 inﬁnito
1629 3908 1832 3980 princi-

234 3997 326 4066 pio
354 3999 612 4068 protendi
639 3998 931 4068 incipiant;
965 3998 1086 4054 ﬁnis
1121 4008 1301 4054 autem
1331 3998 1572 4056 inﬁnitus
1606 4010 1688 4055 est
1715 4012 1827 4054 om-

236 4089 389 4144 nium
432 4104 785 4145 numerorum
819 4092 995 4146 unitas
1025 4093 1246 4156 eadem;
1274 4091 1438 4163 igitur
1468 4104 1552 4148 est
1587 4092 1826 4149 omnium

235 4194 597 4234 numerorum
626 4178 899 4235 inﬁnitum
927 4181 1270 4251 principium.
1320 4181 1387 4236 Et
1414 4183 1460 4237 si
1506 4198 1699 4238 omnes
1731 4198 1811 4236 nu-

232 4268 373 4324 meri
401 4269 758 4326 aeternaliter
792 4278 847 4326 et
873 4271 1454 4327 incommunicabiliter
1473 4271 1527 4326 in
1554 4271 1596 4304 “
1621 4272 1826 4341 princi-

230 4361 322 4426 pio
349 4376 460 4415 suo
509 4361 835 4426 subsistunt,
886 4362 939 4417 in
987 4362 1094 4416 ﬁne
1142 4375 1240 4418 suo
1278 4361 1621 4418 aetérnaliter
1652 4372 1708 4418 et
1746 4364 1829 4417 in-

1935 3194 2200 3248 occupare
2224 3178 2438 3233 sinitur.
2487 3178 2545 3232 lu
2589 3178 2700 3246 ipsa
2731 3193 2861 3233 vero
2888 3179 3096 3234 rutilam
3138 3180 3297 3237 simul
3324 3196 3537 3237 omnes.

1934 3271 2142 3326 numeri
2175 3278 2320 3334 sunt,
2351 3278 2407 3323 et
2431 3269 2607 3323 ttttlltts
2637 3269 2799 3323 alium
2830 3270 3118 3339 praecedit
3138 3271 3221 3327 v‘el
3248 3272 3539 3343 sequitur,.

1934 3360 2185 3431 quoniam
2212 3373 2400 3414 omnes
2428 3374 2593 3411 unum
2626 3365 2769 3412 sunt.
2804 3357 2985 3428 Neque
3013 3359 3191 3414 tamen
3215 3358 3511 3413 naturalem

1934 3468 2087 3507 suum
2116 3451 2520 3526 ordinemnqno
2547 3449 2599 3504 in
2634 3449 2746 3505 suis
2774 3449 3309 3521 multiplicationibus
3335 3450 3512 3515 conti-

1935 3552 2148 3605 nentur,
2186 3540 2594 3596 immutabiliter
2621 3539 2903 3603 baberent,
2932 3541 2976 3595 si
3010 3556 3113 3594 non
3146 3541 3382 3608 ipsorum
3418 3555 3514 3598 aea-

1934 3632 2211 3688 ternaliter’
2233 3631 2581 3687 immutabilis
2608 3646 2773 3687 causa
2806 3632 2857 3687 in
2890 3632 3096 3687 unitate
3138 3632 3505 3703 praecederet.

1933 3722 2189 3776 Similiter
2210 3722 2276 3775 de
2298 3721 2496 3789 duplis,
2525 3735 2752 3790 quorum
2782 3721 3033 3792 princeps
3059 3731 3142 3776 est
3165 3722 3429 3788 binarius,
3455 3730 3509 3777 et

1933 3811 2126 3879 triplis,
2163 3824 2298 3880 quos
2344 3811 2619 3879 praecedit
2653 3812 2941 3874 ternarius,
2969 3820 3024 3866 et
3052 3812 3385 3881 quadruplis,
3417 3813 3511 3881 qui

1930 3920 1993 3957 ex
2026 3904 2376 3972 quaternario
2418 3902 2706 3972 incipiunt,
2745 3903 3104 3970 omnibusque
3132 3903 3503 3972 multiplicium

1931 3996 2214 4065 speciebus
2258 3994 2686 4065 intelligendum,
2736 3996 2881 4065 quod
2921 4006 3279 4064 unaquaeque
3321 4010 3506 4049 earum

1930 4106 1963 4143 a
2011 4088 2228 4158 proprio
2281 4100 2381 4143 suo
2431 4087 2698 4157 principio
2752 4087 2988 4152 inchoat,
3038 4095 3094 4142 et
3140 4088 3191 4141 in
3242 4086 3505 4141 inﬁnitum

1932 4178 2125 4234 tendit.
2173 4177 2378 4247 Duplex
2415 4187 2596 4231 autem
2642 4177 2939 4246 proportio,
2993 4192 3089 4232 seu
3140 4178 3354 4247 triplex,
3408 4190 3504 4231 seu

1930 4269 2281 4339 quadruplex,
2311 4284 2404 4324 seu
2433 4269 2537 4323 alia
2575 4270 2757 4322 talium
2793 4269 3195 4343 proportionqu
3223 4269 3274 4323 in
3303 4272 3506 4323 unitate

1932 4360 2235 4430 specialiter
2255 4369 2415 4428 atque
2461 4357 2711 4413 distincte
2740 4372 2844 4411 non
2876 4356 3212 4428 intelligitur,
3238 4360 3502 4427 siquidem

230 4451 773 4507 enmmunicahiliter
811 4452 1108 4507 subsistere
1148 4453 1516 4510 necessarium
1542 4465 1625 4509 est
1653 4454 1716 4507 ¹⁸.
1762 4453 1827 4506 Et
1856 4435 1904 4492 υ
1933 4457 1984 4509 in
2007 4471 2067 4508 ea
2085 4469 2274 4507 omnes
2297 4451 2618 4522 multiplices
2643 4460 2697 4506 et
2719 4450 2875 4507 simul
2889 4461 3083 4506 suntet
3106 4466 3269 4505 unum
3296 4452 3505 4514 sunt“,

231 4539 697 4605 quemadmodum
751 4553 855 4594 non
890 4539 997 4594 erit
1038 4538 1163 4595 ﬁnis
1201 4539 1321 4596 sine
1363 4541 1733 4596 desinentibus
1770 4542 1823 4597 in

230 4641 375 4693 eam),
408 4630 491 4684 ita
533 4643 639 4683 non
667 4637 788 4685 erat
817 4628 863 4670 ι’
912 4630 1237 4699 principium
1294 4629 1412 4686 sine
1449 4630 1826 4686 inchoantibus

231 4718 299 4769 ab
326 4733 397 4773 eo
427 4728 561 4774 actu
590 4728 645 4774 et
673 4701 990 4790 operatione
1016 4719 1406 4791 intelligentiae
1448 4720 1512 4775 ι’.
1560 4718 1826 4776 Aeterna-

229 4806 353 4865 liter
381 4824 528 4882 ergo
574 4812 627 4866 in
666 4810 898 4868 monade
925 4825 1116 4867 omnes
1160 4812 1372 4866 numeri
1413 4813 1732 4878 subsistunt,
1776 4822 1832 4867 et

227 4899 356 4956 dum
380 4902 460 4956 ab
482 4916 550 4955 ea
588 4899 881 4971 proﬂuunt,
912 4901 967 4956 iu
998 4914 1061 4955 ea
1083 4915 1204 4956 esse
1243 4916 1352 4956 non
1383 4900 1653 4965 desinunt,
1695 4917 1828 4973 quo-

228 4990 375 5046 niam
426 4999 639 5046 statum
688 5007 847 5046 suum
896 4991 1201 5046 naturalem
1240 4991 1493 5047 deserere
1547 5007 1651 5046 non
1705 5008 1827 5062 pos-

226 5094 374 5138 sunt.
410 5082 559 5136 Nam
583 5082 699 5137 sive
730 5082 1154 5155 multiplicemur
1196 5082 1241 5122 ι·
1316 5082 1431 5137 sive
1463 5084 1820 5149 resolvantur,

1933 4558 1987 4601 ct
2021 4560 2184 4599 unum
2210 4538 2488 4614 multiplex
2522 4551 2576 4597 et
2601 4542 2824 4613 simplex
2851 4585 2864 4606 ,
2898 4542 3125 4613 simplex
3156 4541 3372 4612 quidem
3409 4557 3507 4595 na-

1934 4648 2073 4699 tura,
2126 4633 2405 4704 multiplex
2456 4648 2583 4690 vero
2639 4634 2966 4697 rationibus,
3023 4633 3319 4688 secundum
3373 4649 3508 4703 quas

1933 4727 2179 4782 ordinem
2227 4742 2383 4780 suum
2433 4726 2487 4780 in
2539 4725 3072 4795 multiplicationibus
3119 4724 3508 4780 immutabilem

1934 4816 2225 4886 accipiunt.
2253 4816 2391 4883 Quid
2417 4814 2593 4871 dicam
2635 4816 2702 4871 de
2742 4817 2974 4871 mirabili
3021 4826 3183 4886 atque
3211 4816 3391 4872 divina
3416 4830 3505 4870 su-
3588 4818 3599 4853 ‘-

1928 4904 2448 4977 pcrparticularinm,
2483 4916 2538 4959 et
2586 4906 3119 4975 superpartientinm,
3148 4915 3205 4961 et
3239 4904 3496 4976 multipli-
3590 4913 3597 4923 '

1929 4997 2071 5051 cium
2142 4995 2715 5065 superparticularium
2765 5003 2819 5051 et
2877 4996 3253 5066 multiplicium
3312 5011 3500 5066 super-

1927 5086 2277 5146 nartientium
2303 5085 2685 5141 constitutione
2733 5096 2791 5142 et
2823 5088 3191 5157 proportione,
3222 5101 3356 5155 quas
3392 5086 3505 5139 sin-

1536 5215 1788 5271 VARIAE
1826 5215 2222 5272 LECTIONES.

294 5362 313 5393 ί
359 5362 441 5405 est
483 5366 598 5402 om.
629 5349 691 5404 C.
795 5352 814 5380 ’
874 5366 1048 5405 omnes
1072 5366 1178 5405 om.
1211 5351 1275 5406 Α.
1407 5352 1426 5384 ³
1466 5362 1513 5406 et
1546 5366 1652 5405 om.
1684 5352 1748 5406 Α.

226 5423 373 5475 aitet.
408 5436 536 5473 om.
562 5418 604 5475 C
688 5419 777 5473 ’Ἀ
804 5423 926 5473 sive.
1029 5421 1050 5452 ν
1090 5420 1132 5475 C
1170 5432 1343 5476 autem
1395 5423 1620 5475 adverte.

225 5493 289 5545 Α.
394 5497 439 5529 ιι
499 5490 638 5541 enim
665 5505 776 5544 om.
826 5490 889 5544 A.
968 5492 1011 5526 "
1056 5499 1104 5544 et
1145 5506 1255 5545 om.
1307 5492 1369 5544 A.

224 5557 635 5629 intelligentiae
665 5559 924 5625 proﬁcisci
951 5561 1311 5614 aeternaiiter.

174 5644 179 5649 ‘
226 5626 427 5683 θώρηξ
469 5629 531 5658 ’³
569 5626 668 5681 l‘ru
709 5629 888 5702 τότρας
917 5629 959 5682 .\
1013 5640 1144 5699 post.
1249 5631 1292 5661 "
1324 5629 1363 5685 C
1420 5626 1695 5701 impnriter
1721 5647 1837 5701 pur.

1877 5351 1957 5405 ‘A
1988 5350 2263 5422 Siquidem
2299 5353 2385 5406 ubi
2426 5353 2540 5421 fons
2575 5365 2809 5422 apparet,
2848 5371 2949 5408 non
2982 5353 3052 5405 ibi
3082 5365 3240 5419 aqua.

1711 5422 1732 5453 ⁸
1759 5421 1799 5476 Λ
1831 5422 2123 5491 unitasque.

1449 5491 1493 5529 ⁸³
1532 5492 1572 5545 C
1599 5492 1994 5561 protenduntur.

1392 5562 1433 5598 ιδ
1459 5561 1500 5615 Α
1527 5561 1959 5629 multiplicantur.

3333 5350 3354 5381 '
3399 5351 3503 5405 sine

2220 5421 2241 5452 ’
2272 5434 2318 5476 et
2349 5439 2441 5488 per
2464 5439 2615 5490 quem
2642 5436 2911 5476 moventur
2936 5438 3043 5476 om.
3076 5421 3141 5475 Α.
3213 5421 3256 5453 ¹⁰
3304 5432 3349 5473 et
3390 5436 3501 5476 (itu.

2220 5510 2252 5546 η
2297 5508 2407 5546 om.
2447 5490 2514 5545 A.
2590 5490 2635 5525 "
2659 5502 2732 5545 est
2780 5507 2885 5544 «nn.
2920 5493 2980 5542 (Σ.
3060 5490 3163 5543 “A
3190 5490 3311 5542 erit.
3389 5493 3430 5526 ι’
3462 5493 3503 5546 Α

3190 5502 3311 5542 ινη.

2036 5562 2076 5593 ¹⁹
2105 5563 2145 5614 Λ
2164 5561 2492 5628 perspexerit.
2568 5560 2612 5594 ’⁸
2633 5563 2671 5613 Α
2697 5561 3049 5613 mtmmerubii.
3070 5578 3110 5613 ς.
3182 5561 3221 5592 ⁸⁸
3249 5561 3398 5615 Carr.
3420 5580 3433 5629 ;
3459 5565 3515 5619 Λ

1935 5630 1977 5661 ²’⁸
2006 5629 2052 5684 Α
2077 5640 2122 5684 ει
2147 5648 2302 5685 tm'mt
2337 5642 2455 5685 sunt
2489 5640 2536 5683 et
2568 5630 2719 5682 simu!
2743 5640 2881 5682 sunt.

2106 5490 2149 5529 ¹’⁵
2197 5492 2252 5546 in
2297 5508 2407 5546 om.
2447 5490 2514 5545 A.
2590 5490 2635 5525 "
2659 5502 2732 5545 est
2780 5507 2885 5544 «nn.
2920 5493 2980 5542 (2.
