3912 6154
409 323 515 378 635

1770 332 2050 389 JOANNIS
2090 332 2284 391 SCOTI

3555 325 3661 386 656

407 440 630 508 gulatim
662 443 865 511 species
897 447 963 499 ab
1011 445 1212 500 unitate
1250 446 1554 515 accipiunt?
1582 446 1718 514 Quid
1757 448 1823 502 de
1853 462 1975 518 pro-
2004 450 2052 509 Α
2079 458 2358 517 quartum,
2392 447 2610 502 dimidia
2657 456 2712 502 et
2754 447 2930 511 tertia,
2970 460 3109 517 quae
3138 454 3261 502 sunt
3291 446 3389 502 tria
3439 454 3496 502 ct
3527 446 3657 512 duo,

412 532 942 597 portiuttalilatiblls,
1006 540 1148 604 qnas‘
1188 537 1240 590 in
1296 539 1770 605 preportionilnts,
1817 539 1978 608 inque

410 618 724 675 differentiis
784 623 1129 677 terminnrnm
1178 627 1623 696 contemplanntr,
1683 629 1760 681 in’
1783 629 1977 696 quibus

410 708 692 765 inelTabilis
738 723 896 780 atque
927 713 1139 769 divinae
1173 716 1386 771 virtutis
1422 728 1505 772 est
1552 718 1874 780 constantia,
1921 729 1979 772 ttt

410 798 584 853 nullus
604 802 897 870 sapientiae
914 814 1121 859 secreta
1140 817 1425 875 penetrans
1449 821 1542 861 eas
1565 812 1699 862 nou'
1726 820 1977 864 aeternas

408 902 523 941 esse
551 892 880 946 contendat?
926 894 982 948 Si
1019 907 1197 950 autem
1230 898 1246 925 '
1276 908 1419 952 recta
1449 898 1689 953 definitio
1732 909 1815 954 est
1840 899 1971 962 veri,

406 992 543 1045 quae
570 979 722 1043 dicit,
770 997 951 1036 verum
995 999 1115 1039 esse
1144 986 1283 1054 quod
1325 1000 1541 1055 semper
1589 997 1801 1048 manet;
1834 988 1975 1056 quod

406 1058 581 1123 aufem
607 1086 815 1141 semper
856 1086 1035 1129 manet
1064 1076 1105 1142 ³,
1138 1088 1414 1131 aeternmn
1440 1088 1553 1133 est:
1582 1078 1850 1133 rationes‘
1882 1091 1976 1131 tnt-

404 1175 674 1217 merurum
701 1180 859 1219 verae
886 1167 1170 1236 snnt,qnia
1196 1183 1410 1238 semper
1429 1169 1938 1239 itntmttabiliterque
1956 1171 1976 1201 '

404 1264 647 1316 manent,
675 1270 734 1308 ac
768 1272 863 1325 per
896 1257 994 1312 bne
1031 1268 1280 1313 aeternae
1311 1270 1452 1314 sunt.
1503 1259 1574 1315 lle
1617 1259 1811 1328 quibus
1831 1260 1976 1327 quis-

405 1343 526 1407 quis
589 1343 870 1414 diligenter
923 1346 1060 1402 scire
1110 1348 1396 1413 desiderat,
1444 1349 1709 1418 magnifici
1769 1348 1975 1404 lloetbii

402 1431 469 1485 de
524 1431 747 1488 .‘latitesi
783 1435 945 1490 libros
996 1437 1231 1493 intentus
1286 1438 1444 1507 legat.
1497 1441 1625 1495 Item
1680 1440 1747 1495 de
1793 1453 1981 1494 nume-

404 1537 586 1577 rorum
646 1526 963 1581 aeternitate
1032 1528 1082 1582 in
1147 1529 1280 1599 prim
1303 1529 1409 1598 ipio
1466 1545 1598 1590 suo.
1667 1529 1717 1583 id
1774 1540 1874 1589 est.
1924 1529 1976 1583 in

407 1613 654 1675 mouade,
688 1616 1056 1670 brevissimum
1085 1619 1267 1687 accipe
1295 1628 1698 1689 argumentum.
1722 1619 1778 1674 Si
1805 1620 1979 1673 unitas

404 1716 750 1757 numerorum
797 1717 874 1759 est
920 1706 1119 1771 unitas,
1159 1725 1437 1778 nunquam
1476 1720 1595 1763 erat
1646 1713 1822 1765 nnitas
1859 1712 1977 1764 sine

2048 584 2053 589 .
2081 539 2361 606 quintum;
2395 546 2575 606 partes
2598 537 2715 607 ejus
2741 551 2929 591 onmes
2957 536 3115 591 simul
3144 535 3488 605 conjunctae,
3520 553 3659 607 quae

2075 640 2202 682 sunt
2254 645 2439 694 unum,
2479 628 2604 692 duo,
2659 628 2783 693 tria,
2833 637 3065 693 sextum,
3109 628 3339 698 seipsum
3378 628 3659 693 videlicet,

2076 720 2373 787 cmnptent;
2438 729 2580 774 totus
2627 733 2748 773 cum
2803 732 2899 773 sua
2950 729 3124 783 sexta,
3170 718 3270 774 hoc
3316 728 3424 782 est,
3476 734 3570 774 se:
3607 730 3662 775 et

2078 823 2241 860 nnmn
2279 808 2596 877 septimum,
2650 817 2791 863 totus
2832 824 2952 863 cum
2997 824 3094 864 sua
3147 809 3336 871 tertia,
3382 810 3497 866 hoc
3556 820 3656 875 est.

2076 911 2168 951 sex
2200 910 2250 950 et
2304 900 2408 952 duo
2441 908 2710 962 octavum,
2753 907 2895 953 totns
2917 913 3037 953 cum
3063 913 3157 953 sua
3183 899 3401 953 dimidia
3432 914 3658 963 nonum,

2079 993 2177 1045 bne
2230 1001 2311 1045 est
2346 993 2524 1050 “.sex
2574 1001 2629 1044 rt
2677 991 2802 1056 tria,
2860 991 3054 1060 quibus
3101 991 3145 1044 si
3194 1007 3355 1045 unum
3403 991 3659 1058 addatur,

2078 1077 2128 1132 in
2155 1094 2261 1146 quu
2291 1079 2530 1132 ontnium
2569 1093 2913 1132 numerorum
2945 1077 3066 1133 finis
3096 1079 3477 1144 constituitur,
3500 1080 3660 1136 dena-

2079 1168 2155 1221 ria
2209 1167 2483 1237 quantitas
2545 1166 2871 1236 perficietur.
2933 1166 2988 1222 Si
3041 1183 3170 1240 ergo
3223 1167 3510 1238 perfectus
3566 1171 3662 1225 iSte

2080 1273 2355 1321 nnnterns,
2400 1259 2646 1315 senarius
2676 1257 2941 1323 videlicet,
2985 1256 3037 1312 in
3077 1258 3278 1313 unitate
3304 1274 3660 1316 numerorum

2078 1348 2422 1402 constituitur
2451 1350 2519 1415 ",
2554 1348 2752 1412 videat,
2788 1346 2878 1418 qui
2908 1346 3058 1411 dicit,
3088 1362 3210 1401 eum
3232 1356 3525 1402 aeternum
3554 1364 3655 1402 non

2079 1450 2221 1500 esse,
2251 1450 2371 1490 cum
2415 1436 2466 1490 in
2496 1437 2610 1504 ipso
2644 1436 2883 1491 omnium
2921 1437 3167 1491 conditor
3188 1452 3349 1506 opera
3398 1453 3506 1492 sua
3540 1453 3658 1507 per-

2080 1525 2290 1579 fecerit.
2338 1523 2437 1580 Ubi
2501 1524 2816 1588 notandum,
2874 1524 3017 1593 quod
3077 1538 3201 1578 non
3244 1525 3361 1580 ideo
3413 1528 3662 1581 senarius

2081 1630 2339 1670 numerus
2365 1613 2637 1684 perfectus
2660 1624 2763 1679 est,
2800 1616 3051 1684 quoniam
3091 1616 3140 1668 in
3172 1630 3238 1670 eo
3261 1616 3405 1670 Dens
3448 1627 3659 1678 cuncta,

2079 1720 2216 1775 quae
2232 1719 2418 1759 creare
2434 1703 3043 1769 voluit,cousummavit,
3068 1705 3161 1758 sed
3189 1705 3305 1759 ideo
3327 1705 3373 1738 ¹³
3397 1707 3587 1759 omnia
3618 1710 3659 1741 ιδ

403 1792 662 1855 numeris,
709 1809 933 1861 quorum
988 1809 1072 1853 est
1117 1799 1310 1854 unitas.
1364 1799 1492 1855 Item
1556 1802 1598 1853 si
1652 1802 1860 1855 muneri
1911 1816 1976 1856 ex
2013 1783 2242 1866 Bopera
2291 1810 2386 1850 sua
2417 1795 2688 1859 condidit,
2720 1804 2781 1849 ut
2824 1795 3151 1864 perfectione
3194 1797 3403 1851 numeri
3439 1810 3659 1866 operum

403 1884 630 1938 monadc
676 1886 835 1941 veluti
881 1904 944 1943 ex
991 1891 1218 1959 quodam
1269 1890 1414 1947 fonte
1483 1892 1801 1946 inexltattsto
1854 1906 1980 1960 pro-

400 1973 593 2039 ﬂuunt,
629 1985 682 2030 et
728 1977 780 2030 in
835 1993 976 2043 eam,
1018 1992 1491 2050 quantumcunque
1538 1982 1977 2051 multiplicemur,

403 2064 695 2127 desinunt,
753 2084 856 2121 non
906 2070 973 2123 ab
1028 2083 1088 2123 ea
1138 2072 1351 2137 quidem
1394 2070 1741 2138 proﬂuerent.
1773 2072 1815 2126 si
1857 2082 1981 2130 ante

401 2166 588 2207 eorum
619 2153 814 2208 Ilttxttm
852 2156 903 2209 in
943 2172 1004 2209 ea
1039 2158 1323 2212 causaliter
1378 2176 1481 2213 non
1506 2160 1527 2188 ⁸
1562 2161 1907 2217 substiterent
1936 2164 1979 2227 ',

406 2255 503 2295 nee
550 2241 601 2296 in
653 2257 770 2295 eam
809 2245 1054 2301 desinere
1102 2258 1430 2316 appeterent.
1472 2248 1515 2303 si
1548 2264 1649 2303 non
1693 2250 1745 2305 in
1771 2264 1833 2305 ea
1858 2266 1983 2305 suas

403 2348 596 2389 causas
620 2337 963 2392 aeternaliter
990 2354 1304 2409 permanere
1344 2342 1572 2396 naturali
1619 2354 1762 2397 motu
1788 2358 1981 2413 cogno-

402 2433 635 2489 scerent,
684 2427 749 2479 ad
795 2443 930 2496 quas
974 2444 1183 2500 semper
1242 2431 1413 2487 redire
1465 2450 1566 2489 non
1627 2448 1837 2490 cessant
1888 2450 1982 2507 per

402 2521 616 2574 eosdem
674 2520 892 2592 gradus,
952 2522 1147 2591 quibus
1202 2525 1267 2577 ad
1338 2527 1526 2580 eadem
1590 2526 1978 2596 promiserant,

400 2611 683 2683 analvtieis
729 2614 944 2685 regulis,
988 2630 1084 2683 per
1121 2631 1255 2684 quas
1299 2618 1475 2672 omnis
1520 2619 1870 2688 inaequalitas
1914 2624 1979 2676 ad

402 2703 780 2772 aequalitatem
810 2714 1108 2758 revocatur.
1148 2706 1457 2775 Analyticas
1483 2718 1661 2762 autem
1692 2710 1901 2778 regulas
1925 2710 1976 2763 in

404 2791 582 2847 fronte
610 2795 827 2848 secundi
855 2803 1116 2849 tractatus
1145 2793 1443 2850 Matbeseos
1472 2796 1740 2865 magnifici
1772 2798 1976 2854 lloctbii

403 2884 676 2939 studiosus
705 2885 933 2954 quisque
987 2886 1171 2939 talium
1208 2886 1436 2942 mirabili
1485 2897 1794 2943 naturarum
1825 2890 1978 2945 inda-

403 2977 617 3045 gatione
644 2976 893 3045 reperiet.
927 2974 983 3031 Si
1020 2988 1200 3032 autem
1225 2978 1348 3047 quis
1376 2978 1595 3044 dixerit,
1630 2990 1685 3034 et
1720 2982 1976 3035 unitatem

404 3081 772 3130 numerorum,
800 3077 856 3122 et
894 3067 1039 3138 ipsos
1073 3083 1328 3125 numeros
1361 3069 1519 3124 simul
1546 3085 1671 3127 esse
1706 3072 1978 3142 insepara-

405 3156 611 3221 biliter,
645 3158 898 3227 quoniam
927 3158 1070 3213 inter
1098 3173 1181 3224 ea,
1214 3174 1351 3229 quae
1380 3162 1540 3216 simul
1567 3173 1620 3217 et
1647 3163 1977 3233 inseparabi-

401 3244 527 3299 liter
569 3258 711 3309 sunt.
758 3263 862 3302 non
904 3248 1195 3319 incongrue
1227 3263 1704 3316 connumerantur,
1739 3270 1842 3308 non
1891 3269 1981 3309 ne-

402 3337 661 3404 gandum,
686 3337 791 3392 imo
815 3337 978 3392 etiam
1009 3336 1283 3394 fatendum
1315 3357 1329 3403 ;
1358 3345 1450 3395 sed
1482 3355 1584 3395 non
1618 3342 1737 3397 ideo
1762 3353 1978 3397 aeterna

403 3440 543 3489 esse,
588 3426 959 3496 principioque
1001 3442 1189 3482 carere
1218 3429 1542 3484 credendum
1574 3430 1656 3485 vel
1685 3431 1976 3503 intelligen-

404 3515 556 3597 dum.
588 3513 749 3571 Multa
793 3516 935 3570 enim
974 3527 1121 3581 sunt,
1149 3532 1287 3586 quae
1327 3520 1487 3574 simul
1536 3521 1795 3591 incipiunt
1837 3538 1976 3590 esse,

404 3618 512 3659 non
567 3615 745 3660 tamen
784 3606 903 3661 ideo
936 3606 1092 3662 simul
1121 3608 1143 3640 ³
1173 3610 1517 3665 aeternalitcr
1551 3621 1817 3682 coguntur
1846 3614 1975 3668 sub-

405 3693 619 3748 sistere.
648 3694 779 3749 Nam
810 3706 863 3750 et
899 3697 1149 3752 materies
1174 3708 1229 3752 et
1251 3696 1441 3762 forma,
1472 3692 1525 3753 et
1556 3713 1655 3755 vos
1678 3710 1730 3755 et
1757 3701 1977 3757 verbum

406 3783 569 3837 simtd
608 3784 890 3855 incipiunt,
926 3787 1084 3843 simul
1116 3788 1385 3853 desinunt,
1419 3804 1517 3845 nec
1555 3800 1730 3846 tamen
1760 3803 1978 3848 acterna

407 3884 549 3928 sinit.
570 3873 624 3928 Si
652 3875 794 3929 enim
814 3885 1030 3931 aeterna
1055 3888 1253 3942 essent,
1270 3893 1367 3933 nec
1388 3879 1818 3949 inciperent,ncc
1840 3883 1982 3937 desi-

414 3978 607 4023 nerent
631 3984 771 4035 esse,
787 3982 841 4025 et
866 3972 1031 4026 multa
1050 3972 1100 4027 id
1125 3988 1312 4044 genus.
1337 3974 1805 4046 Respondendum,
1822 3993 1979 4034 sena-

408 4060 533 4114 rius
551 4076 813 4117 numerus
836 4064 902 4118 ab
928 4064 1133 4120 unitate
1190 4076 1244 4119 et
1272 4067 1717 4137 multiplicatione
1753 4070 1981 4125 aliorum

411 4166 759 4207 numerorum
789 4169 893 4209 non
918 4154 1233 4220 secluditur,
1259 4158 1577 4226 praesertim
1602 4174 1729 4214 cum
1760 4159 1905 4216 solus
1929 4161 1982 4215 in

409 4243 793 4311 eardinalibus,
819 4248 916 4301 boc
935 4256 1050 4327 .est,
1082 4248 1134 4301 in
1163 4249 1333 4317 prime
1360 4249 1518 4304 versu
1550 4266 1893 4307 numerorum
1917 4254 1983 4308 ab

407 4350 519 4388 uno
566 4352 733 4406 usque
760 4338 827 4391 ad
865 4338 1072 4404 decem,
1125 4338 1393 4409 perfectus
1439 4342 1547 4407 sit;
1590 4344 1702 4398 suis
1754 4360 1986 4414 namque

410 4424 653 4494 partibus
678 4426 975 4496 perficitur,
997 4439 1146 4484 sexta
1177 4430 1444 4495 videlicet,
1473 4441 1527 4486 et
1550 4433 1726 4494 tertia,
1750 4443 1805 4488 et
1828 4434 1985 4487 diuti-

408 4512 518 4569 dia.
572 4513 734 4569 Sexta
778 4518 991 4585 quidem
1029 4535 1191 4573 unum
1243 4532 1344 4582 est,
1401 4523 1557 4577 tertia
1600 4524 1723 4588 duo,
1761 4525 1982 4580 dimidia

410 4602 536 4665 tria,
570 4618 705 4670 quae
741 4605 896 4658 simul
933 4619 1243 4678 compactae
1303 4613 1571 4666 senariam
1625 4613 1915 4669 conficiunt
1962 4620 1983 4651 ⁹

411 4691 788 4757 quantitatem.
840 4693 1017 4748 Unum
1059 4696 1346 4770 siquidem,
1396 4708 1450 4754 et
1493 4701 1622 4766 duo,
1651 4712 1706 4755 et
1752 4702 1851 4756 tria
1891 4718 1982 4757 sex

412 4787 543 4832 sunt
564 4780 628 4832 ".
662 4780 758 4834 Est
778 4791 833 4835 et
858 4782 957 4835 alia
985 4787 1140 4849 ratio,
1166 4801 1304 4854 quae
1324 4789 1461 4841 miro
1482 4790 1640 4843 modo
1667 4790 1863 4844 senarii
1888 4806 1989 4844 nu-

414 4869 548 4922 meri
597 4870 979 4938 perfectionem
1023 4874 1278 4939 insinuat,
1309 4891 1449 4945 quae
1494 4877 1725 4946 primum
1768 4893 1981 4933 versum

416 4975 763 5016 numerorum
810 4964 923 5018 suis
957 4965 1201 5034 partibus
1240 4966 1487 5021 ordinate
1531 4967 1835 5022 constitutis
1867 4984 1991 5037 per-

415 5052 545 5107 ﬁcit.
603 5052 766 5109 Sexta
813 5071 938 5125 pars
982 5056 1101 5123 ejus
1145 5073 1308 5112 unum
1364 5059 1595 5128 primum
1643 5072 1985 5113 numerorum

412 5143 621 5199 obtinet
657 5144 851 5207 locum,
900 5146 1054 5200 tertia
1095 5146 1200 5199 duo
1266 5147 1587 5212 secundum,
1625 5148 1841 5202 dimidia
1888 5150 1987 5202 tria

418 5236 659 5301 tertium,
689 5235 903 5289 dimidia
944 5246 997 5289 et
1029 5246 1181 5288 sexta
1229 5250 1367 5304 quae
1418 5246 1540 5290 sunt
1573 5238 1672 5291 tria
1709 5248 1762 5290 et
1801 5253 1982 5298 unum.

2081 1903 2300 1944 suorum
2342 1883 2724 1957 perfectionem
2772 1885 3117 1956 signiﬁcaret.
3147 1886 3259 1940 Hoc
3290 1887 3464 1957 igitur
3499 1887 3666 1942 maxi-

2082 1993 2226 2030 nnnn
2273 1991 2336 2031 ac
2371 1975 2759 2030 divinissimum
2794 1975 3084 2045 exemplar,
3115 1977 3167 2030 in
3207 1992 3313 2046 quo
3346 1978 3485 2032 fecit
3528 1978 3661 2033 Deus

2081 2084 2241 2142 Opera
2297 2083 2416 2131 sua.
2474 2067 2716 2142 nunquid
2770 2068 3027 2121 credibile
3073 2077 3163 2121 aut
3227 2068 3533 2123 verisimile
3578 2077 3659 2123 est

2085 2164 2452 2235 temporabter
2480 2166 2786 2229 inchoasse,
2811 2160 2935 2217 dum
2977 2160 3029 2213 in
3060 2176 3125 2215 eo
3153 2176 3256 2213 non
3288 2160 3497 2225 solum,
3526 2176 3658 2231 quae

2083 2256 2136 2309 in
2175 2255 2503 2325 temporibus
2528 2265 2672 2318 sunt,
2718 2269 2899 2307 vermn
2927 2264 2980 2309 et
3011 2256 3121 2323 ipsa
3150 2260 3417 2323 tempora,
3450 2260 3508 2306 et
3529 2266 3659 2324 quae

2084 2345 2223 2400 ultra
2255 2356 2494 2413 tempora
2525 2345 2847 2409 subsistunt,
2872 2345 2940 2398 ab
2967 2345 3157 2413 opifice
3183 2352 3427 2398 omnium
3458 2346 3655 2400 consti-

2085 2446 2196 2492 tnta
2224 2437 2384 2491 sunt?
2413 2434 2641 2489 Proinde
2669 2449 2825 2489 nemo
2846 2449 3036 2489 sanum
3065 2435 3278 2504 sapiens
3305 2435 3372 2489 de
3414 2438 3655 2491 aeterni-

2083 2535 2191 2579 tate
2236 2538 2581 2579 numerorum
2633 2523 2913 2587 dubitabit,
2961 2524 3129 2578 solius
3190 2524 3384 2579 senarii
3452 2526 3659 2579 numeri

2080 2626 2398 2683 argumento
2438 2622 2612 2667 utens.
2661 2611 2793 2665 Nam
2836 2614 2979 2681 quod
3030 2614 3097 2667 de
3150 2613 3481 2671 aeternitate
3524 2613 3661 2668 illius

2081 2704 2416 2773 intelligitur,
2446 2702 2513 2756 de
2542 2700 2768 2755 aliorum
2797 2700 3047 2755 similiter
3086 2701 3427 2770 perennitate
3459 2702 3656 2757 intelli-

2081 2794 2310 2863 gendum
2344 2802 2427 2847 cst
2453 2792 2519 2845 ηε
2552 2791 2825 2860 Siquidem
2875 2807 2980 2845 non
3029 2792 3095 2847 de
3137 2792 3251 2847 solo
3299 2794 3546 2856 senario,
3596 2797 3664 2849 de

2082 2887 2429 2942 universitate
2474 2898 2604 2939 vero
2650 2881 2973 2953 generaliter
3014 2884 3252 2938 onmium
3303 2900 3657 2940 numerorum

2079 2979 2281 3032 dictum
2303 2984 2386 3029 est
2411 2988 2425 3026 :
2455 2970 2644 3027 Omnia
2665 2975 2718 3026 in
2744 2988 3006 3038 mensura,
3033 2984 3081 3027 et
3101 2990 3330 3041 numero,
3355 2984 3404 3028 et
3432 2977 3665 3045 pondere

2082 3068 2201 3134 [erit
2232 3053 2387 3120 Déus.
2415 3063 2487 3117 At
2523 3063 2570 3118 si
2600 3063 2713 3118 loca
2761 3072 2815 3117 et
2843 3071 3080 3133 tempora
3111 3064 3249 3119 intra
3273 3066 3484 3131 omnia,
3521 3081 3661 3136 quae

2081 3158 2222 3213 Deus
2248 3157 2391 3221 fecit,
2419 3162 2893 3219 connumerantur,
2914 3156 3221 3211 necessario
3262 3156 3661 3212 intellectuales

2083 3250 2311 3314 numeri,
2338 3250 2391 3304 in
2431 3248 2542 3304 sola
2578 3247 2801 3302 scientia
2830 3247 3127 3313 substituti,
3158 3247 3274 3307 loca
3317 3258 3372 3304 et
3413 3257 3658 3318 tempora

2080 3350 2307 3396 naturae
2343 3354 2474 3395 suae
2510 3338 2870 3408 perpetuitate
2898 3339 3244 3408 praecedunt,
3285 3347 3341 3393 et
3378 3338 3529 3393 intra
3574 3352 3659 3400 ea,

2080 3447 2219 3501 quae
2250 3430 2409 3486 simul
2436 3439 2492 3485 et
2525 3437 2743 3484 aeterna
2782 3438 2837 3485 et
2869 3430 3006 3485 facta
3052 3439 3199 3495 sunt,
3231 3439 3655 3499 computantur;

2051 3522 2298 3577 acterna
2335 3508 2551 3592 quidem
2584 3530 2711 3576 sunt
2751 3522 2803 3575 in
2835 3521 3083 3584 monade,
3113 3522 3164 3575 in
3197 3519 3667 3589 multiplicationi-

2082 3614 2183 3668 bus
2201 3626 2330 3667 vero
2351 3616 2432 3666 sui
2450 3611 2494 3643 ¹⁶
2517 3610 2679 3667 facta.
2706 3612 2843 3666 MAG.
2875 3611 2949 3665 De
2975 3612 3292 3666 aeternitate
3305 3626 3661 3667 numerorum

2083 3695 2409 3758 in'monade
2447 3702 2581 3757 satis
2621 3711 2704 3756 est
2752 3701 3098 3772 disputatum.
3147 3702 3428 3768 Quomodo
3481 3712 3662 3757 autem

2084 3793 2214 3848 tium
2240 3795 2305 3857 ",
2329 3802 2384 3847 et
2411 3794 2523 3857 ubi,
2547 3802 2601 3847 et
2641 3792 2979 3867 undehvalde
3003 3793 3363 3848 necessarium
3389 3795 3490 3847 est
3514 3792 3665 3848 inve-

2082 3881 2297 3952 stigare.
2315 3880 2512 3937 Eorum
2529 3893 2760 3949 namque
2778 3891 3092 3951 argumento
3113 3895 3370 3935 conamur
3387 3895 3665 3945 asserere,

2083 3972 2282 4035 onmia,
2337 3985 2476 4040 quae
2500 3984 2531 4023 a
2561 3971 2605 4002 "
2628 3970 2737 4024 Deo
2776 3980 2917 4032 Stmt,
2970 3980 3189 4025 aeterna
3224 3970 3383 4024 simul
3429 3982 3487 4025 ct
3523 3969 3662 4025 facta

2084 4075 2220 4118 esse.
2251 4061 2394 4115 Disc.
2444 4059 2829 4114 Aeternitatem
2879 4058 3141 4122 monadis,
3168 4060 3523 4128 omnimnquc
3562 4075 3668 4114 nu-

2085 4164 2357 4205 merorum
2388 4148 2439 4201 in
2480 4163 2566 4211 ea,
2607 4156 2868 4217 quantum
2901 4147 3076 4210 valeo,
3101 4148 3345 4216 exposui.
3376 4148 3663 4215 Quomodo

2086 4250 2263 4297 autem
2291 4239 2682 4296 intellectuales
2709 4239 2942 4304 numeri,
2966 4239 3260 4294 secundum
3286 4252 3425 4308 quos
3450 4240 3659 4300 omnia,

2087 4350 2225 4403 quae
2269 4333 2539 4389 numerari
2572 4343 2812 4401 possunt,
2847 4342 3215 4398 numerantur,
3248 4335 3402 4396 liunt,
3446 4339 3504 4387 et
3549 4331 3661 4392 ubi,

2088 4435 2144 4479 et
2189 4425 2348 4489 unde,
2397 4435 2546 4479 tuum
2595 4436 2678 4479 est
2727 4424 3037 4495 explanare.
3111 4424 3224 4479 Iloc
3284 4435 3464 4477 autem
3540 4423 3665 4476 diro

2012 4489 2063 4547 D
2090 4516 2286 4579 sciens,
2328 4515 2538 4570 facilius
2561 4525 2747 4571 eorum
2776 4489 3170 4576 aeternitatem,
3200 4529 3363 4583 quam
3393 4511 3663 4566 facturam

2090 4617 2144 4661 et
2163 4607 2348 4675 quaeri
2380 4620 2557 4676 posse,
2578 4617 2634 4660 et
2668 4605 2912 4669 inveniri,
2936 4615 2989 4661 et
3018 4605 3254 4660 suaderi.
3287 4603 3423 4659 Illac.
3464 4603 3540 4658 Ile
3577 4619 3664 4656 me

2089 4697 2245 4763 bene,
2278 4708 2334 4751 ut
2376 4698 2552 4763 video,
2598 4697 2873 4762 aestimas,
2925 4696 3139 4766 quando
3188 4690 3317 4748 mibi
3360 4692 3663 4747 diﬂiciliora

2091 4785 2419 4854 quaerenda,
2449 4785 2786 4849 invenienda,
2813 4784 3082 4839 suadenda
3109 4784 3421 4838 eonnnittis.
3454 4783 3671 4839 Veron-

2089 4886 2266 4930 tamen
2319 4892 2495 4931 meum
2542 4885 2627 4930 est
2695 4889 2981 4945 quaerere,
3041 4874 3279 4928 invenire
3341 4886 3470 4927 vero
3520 4872 3668 4925 illius

2088 4967 2255 5023 solius
2281 4977 2381 5025 est.
2410 4966 2497 5034 qui
2525 4966 2787 5019 illuminat
2810 4966 3114 5019 abscondita
3144 4968 3505 5022 tenebrarum;
3538 4976 3665 5015 sua-

2089 5059 2217 5112 dere
2256 5071 2472 5126 qnoque
2499 5054 2736 5123 ejusdem
2767 5065 2872 5117 est,
2898 5055 2989 5124 qni
3032 5064 3207 5123 potest
3255 5054 3401 5107 solus
3442 5052 3667 5120 aperire

2087 5162 2306 5201 sensum
2335 5157 2388 5201 et
2423 5144 2768 5199 intellectum.
2824 5144 2962 5211 Quid
2989 5145 3132 5197 enim
3173 5144 3386 5211 prodest
3418 5143 3671 5196 exterior

2091 5236 2268 5293 suasio
2292 5279 2307 5301 ,
2335 5236 2378 5290 si
2433 5249 2535 5288 non
2583 5234 2721 5289 adsit
2746 5233 2787 5263 "
2814 5233 3038 5288 interior
3080 5232 3436 5286 iliuminatio?
3472 5230 3666 5299 Itaque

1704 5346 1951 5401 \‘AIilAli
1993 5346 2395 5401 LFA‘TIIINES.

491 5469 504 5501 ι
545 5477 645 5513 non
693 5474 800 5513 om.
852 5457 915 5511 Α.
1016 5457 1037 5491 ³
1074 5455 1114 5509 Λ
1158 5456 1315 5509 enim.

423 5530 560 5583 liter.
657 5530 677 5560 ‘
720 5546 820 5581 non
867 5542 975 5581 om.
1004 5526 1066 5578 Α.
1163 5526 1183 5556 ⁷
1225 5526 1264 5577 Α
1295 5526 1650 5587 substiterant,

422 5597 483 5652 C.
572 5599 616 5632 ιε
640 5598 855 5650 denaria
886 5597 1572 5661 quantitas-('0nslilttilttr
1596 5611 1703 5649 om.
1732 5595 1791 5648 (ἶ.

429 5669 477 5705 δ*
502 5679 571 5721 εει
595 5683 705 5721 om.
731 5669 793 5718 A'.
876 5667 918 5700 “
944 5664 983 5719 (Σ
1009 5681 1130 5719 suis.
1225 5665 1263 5695 "
1291 5666 1328 5718 Α
1359 5665 1564 5733 ﬁniunt.
1639 5666 1681 5695 ”
1712 5683 1740 5717 (ι
1763 5679 1868 5719 on).
1901 5664 1963 5714 Α.

1428 5457 1451 5488 ⁸
1494 5458 1632 5525 quod
1670 5468 1841 5510 autem
1882 5472 2077 5521 semper
2122 5464 2289 5506 mune!
2336 5467 2442 5525 om.
2474 5451 2513 5502 Π

1750 5525 1774 5558 ⁸
1796 5525 1951 5578 simul
1990 5542 2096 5576 om.
2138 5526 2201 5577 Λ.

1870 5594 1913 5631 ’³
1946 5596 2083 5659 quod
2115 5609 2215 5644 non
2257 5592 2560 5646 ideo—sed
2588 5594 2702 5644 ideo
2734 5608 2839 5646 om.
2866 5591 2923 5645 (Σ.

1901 5664 1963 5714 Α.
2044 5663 2084 5698 ι’
2109 5660 2147 5716 C
2174 5663 2255 5715 sit.

2174 5679 2255 5715 ιιι.

2617 5455 2636 5481 ⁴
2676 5453 2714 5504 Δ
2758 5451 3154 5505 rnrtonntiones.
3251 5451 3271 5482 ⁸
3295 5451 3330 5501 .\
3363 5451 3669 5501 intutumbi»

2617 5534 2695 5553 πηιο
2818 5522 2861 5553 ιο
2891 5525 2916 5553 Δ
2963 5522 3086 5553 ﬁunt
3216 5521 3253 5550 II
3295 5524 3386 5553 Ιιιη·
3423 5530 3491 5553 ne!
3546 5534 3641 5553 nn.

2885 5525 2921 5574 Α
2957 5522 3109 5587 litant.
3216 5522 3253 5550 “
3293 5524 3386 5571 hoc
3422 5530 3491 5570 est
3546 5534 3665 5570 out.

2887 5591 2923 5643 Σ.
3013 5594 3051 5620 ³⁸
3080 5590 3178 5643 I’to
3202 5607 3374 5642 mnum
3413 5593 3449 5642 Α
3486 5590 3544 5639 in
3577 5606 3661 5640 eo.

2304 5525 2325 5555 ’
2352 5524 2391 5575 (ἰ
2426 5522 2718 5587 perﬁciunt.
