3912 6154
278 296 368 359 637

1116 294 1200 355 DE
1237 296 1577 355 DlVlSlONE
1615 290 1963 354 NATURAE.
2004 329 2073 337 -—
2111 294 2309 354 LIBER
2350 295 2668 356 TERTIUS.

3390 302 3491 358 σείει

275 419 399 490 quod
428 416 587 487 paulo
630 422 754 471 ante
784 432 812 469 a
846 423 895 469 te
930 425 943 454 ι
976 417 1173 471 dictutn
1205 427 1310 482 est,
1355 425 1574 470 aeterna
1605 414 1822 482 quidem
1853 418 1899 475 Α
1927 429 2018 468 eos
2047 416 2364 479 ordinantis,
2397 430 2691 483 eorumque
2739 414 2971 470 rationes
3008 414 3212 473 facilius
3257 428 3489 477 tractau-

272 512 319 565 in
362 507 603 570 monade,
654 506 706 559 in
758 504 1285 575 multiplicationibus
1333 519 1462 559 vero
1500 504 1613 583 suis
1658 502 1820 563 facta,

273 601 412 668 hujus
456 599 787 668 quaestionis
826 597 1191 666 praelibamen
1234 610 1353 651 esse
1398 595 1651 648 arbitror.
1686 592 1751 646 Et
1779 592 1822 647 si

269 689 586 755 intellexisti,
615 689 754 758 quod
787 688 991 746 dixisti,
1023 685 1287 755 superﬂue
1312 684 1546 755 quaeris,
1580 683 1720 752 quod
1746 685 1825 736 in-

270 780 481 849 tellig’s;
515 778 597 832 siu
630 792 774 837 vero,
809 771 1175 845 quaerendum
1199 782 1299 829 est.

329 878 410 932 12.
456 877 596 931 Dtsc.
648 874 881 929 Omnino
932 875 1107 938 video,
1166 888 1419 928 numeros
1468 886 1572 926 non
1612 870 1714 926 nisi
1766 869 1819 925 in

266 966 786 1036 multiplicationibus
828 965 939 1019 suis
967 979 1121 1033 posse
1164 963 1309 1028 fieri;
1345 979 1466 1016 nam
1512 961 1563 1015 in
1595 962 1820 1015 monadc

265 1059 456 1114 aeterni
480 1059 501 1089 '
527 1065 672 1113 sont.
709 1056 985 1124 Quomodo
1012 1068 1213 1125 autem,
1260 1056 1341 1110 vel
1371 1057 1481 1119 ubi,
1522 1055 1603 1111 vel
1633 1055 1774 1109 unde
1798 1054 1820 1085 ³

266 1150 406 1213 fitmt,
444 1150 622 1203 adhuc
645 1164 748 1201 non
784 1147 958 1210 video,
984 1148 1211 1216 ideoque
1241 1148 1432 1201 borum
1456 1147 1819 1217 cognitionem

263 1241 532 1309 teaperire
567 1240 798 1309 postulo.
836 1238 973 1293 MAG.
1006 1236 1205 1293 Omnes
1229 1252 1482 1292 numeros
1510 1236 1818 1302 causaliter,

260 1331 351 1386 hoc
375 1339 484 1395 est,
515 1331 566 1385 vi
596 1339 651 1385 et
695 1336 960 1399 potestate
989 1328 1043 1382 in
1076 1328 1303 1381 monade
1329 1341 1542 1396 semper
1565 1340 1684 1379 esse
1712 1341 1817 1379 non

260 1423 575 1477 dubitamus.
601 1422 752 1476 DISC.
776 1420 913 1476 llinc
941 1420 1185 1475 dubitare
1216 1419 1391 1473 minus
1405 1426 1487 1473 est
1513 1418 1818 1484 intelligen-

260 1511 396 1566 tium.
432 1510 570 1565 MAG.
598 1511 823 1564 Monada
847 1519 1026 1564 autem
1056 1511 1108 1563 in
1140 1509 1162 1540 ⁸
1203 1508 1465 1577 sapientia
1502 1516 1555 1560 et
1593 1506 1818 1561 scientia

260 1600 588 1655 aeternaliter
617 1600 911 1654 subsistere
963 1598 1241 1671 intelligis,
1281 1606 1341 1652 ut
1384 1598 1637 1651 arbitror.
1670 1598 1813 1651 Dtsc.

260 1691 310 1745 Si
351 1691 509 1746 aliter
547 1692 739 1755 sentio,
782 1692 850 1746 ab
881 1692 1049 1761 ipsius
1080 1692 1325 1746 monadis
1354 1706 1477 1744 vera
1513 1690 1819 1760 cognitione

1927 504 2016 568 tis,
2044 505 2291 574 forasque
2321 506 2637 573 quibusdam
2663 505 2828 573 signis
2849 508 3205 575 corporalium
3233 527 3487 569 sensuum

1922 594 2251 663 significatos
2278 595 2330 647 in
2368 580 2590 648 aliorum
2622 595 2868 648 notitiam
2901 598 3180 652 tradentis.
3220 601 3283 654 Et
3318 619 3383 657 ne
3408 619 3493 656 me

1922 682 2199 736 existimes
2220 683 2352 737 velle
2372 683 2617 744 suadere,
2662 685 2805 752 ipsos
2843 702 3094 741 numeros
3121 689 3188 742 ab
3217 690 3492 747 intellectu

1922 770 2006 825 vel
2054 772 2259 826 ratione
2299 772 2639 842 multiplicari
2684 783 2738 827 et
2777 777 2972 839 creari,
3014 786 3067 831 et
3110 796 3211 833 non
3263 782 3329 834 ab
3378 782 3494 852 ipso

1921 861 2161 915 omnium
2219 863 2517 927 conditore,
2570 862 3004 933 multiplicatum,
3059 868 3384 924 ordinatore.
3433 870 3493 928 Si

1920 948 2064 1004 enim
2129 949 2197 1004 ab
2250 949 2356 1006 ullo
2418 960 2605 1007 creato
2660 953 2931 1009 intellectu
2994 959 3492 1028 multiplicationem

1920 1056 2072 1097 suam
2115 1044 2324 1098 numeri
2363 1044 2592 1112 primum
2623 1052 2955 1115 paterentur,
2983 1065 3085 1102 non
3125 1051 3204 1104 eis
3232 1052 3406 1106 divina
3437 1062 3493 1107 et

1921 1131 2206 1187 inefl'abilis
2235 1132 2641 1188 immutabilitas
2671 1143 2724 1188 et
2751 1136 3027 1190 harmonia
3062 1139 3326 1194 rationum
3355 1142 3492 1196 ines-

1921 1231 2021 1276 set.
2049 1222 2279 1277 Proinde
2304 1239 2407 1277 non
2430 1223 2549 1277 ideo
2575 1223 2877 1278 intellectus
2906 1221 3288 1283 intellec‘tuales
3304 1247 3492 1285 nume-

1921 1326 2009 1365 ros
2045 1326 2229 1365 creare
2258 1313 2525 1381 putandus
2560 1322 2663 1378 est,
2699 1315 2824 1383 quia
2856 1314 2907 1367 in
2937 1316 3140 1384 seipsos
3163 1320 3493 1389 contempla-

1921 1410 2028 1456 tur.
2052 1402 2132 1457 Ab
2163 1417 2272 1457 uno
2293 1413 2470 1457 autem
2492 1402 2748 1459 Creatore
2772 1410 3008 1458 omnium
3036 1407 3085 1459 in
3114 1408 3492 1478 intellectibus,

1918 1494 2034 1548 sive
2081 1495 2348 1559 humanis,
2394 1495 2507 1549 sive
2535 1496 2809 1565 angelicis,
2860 1497 2974 1551 fleti
3021 1499 3344 1553 credendum
3385 1510 3487 1569 est,

1919 1598 1949 1637 a
1976 1599 2082 1652 quo
2108 1583 2270 1637 etiam
2300 1584 2351 1635 in
2382 1583 2607 1637 monade
2647 1586 2994 1639 aeternaliter
3028 1588 3300 1643 substituti
3330 1602 3454 1645 sunt

1919 1676 2017 1743 per
2046 1672 2369 1727 inte'lectum
2411 1673 2478 1727 ab
2524 1690 2587 1728 ea
2627 1675 2679 1728 in
2710 1676 2979 1730 notionem
3015 1680 3240 1734 rationis
3275 1682 3498 1738 descen-

256 1782 454 1838 alienus
515 1799 655 1838 sum.
720 1782 858 1838 MAG.
917 1783 1032 1838 Non
1096 1783 1230 1838 alios
1283 1783 1439 1846 reris,
1495 1792 1551 1836 ut
1606 1781 1815 1849 opinor,

1922 1767 2075 1821 dunt.
2128 1765 2261 1821 Nam
2315 1767 2787 1835 quemadmodum,
2843 1777 2899 1822 ut
2960 1772 3201 1840 exemplo
3259 1784 3491 1841 utamur,

255 1887 496 1930 numeros
541 1874 593 1929 in
635 1877 865 1931 monade
892 1876 941 1929 vi
986 1885 1041 1931 et
1084 1884 1349 1946 potestate
1382 1875 1720 1937 const'tntos,
1762 1882 1818 1928 et

256 1963 376 2041 alios
403 1974 528 2018 actu
563 1973 615 2019 et
645 1980 807 2035 opere
855 1966 908 2019 in
940 1981 1137 2035 genera
1176 1975 1231 2019 et
1262 1965 1470 2034 species
1506 1962 1813 2032 intelligibi-

254 2050 368 2107 litnn
400 2068 773 2117 numerorum,
801 2055 892 2111 sed
913 2054 1130 2109 eosdem
1152 2053 1499 2125 profluentes.
1530 2052 1670 2107 Disc.
1699 2050 1813 2106 Non

254 2143 391 2207 alios,
420 2147 639 2203 eosdem
682 2162 828 2207 vero,
879 2146 971 2201 sed
1016 2148 1190 2201 aliter.
1241 2146 1379 2202 MAG.
1431 2146 1548 2210 Dic,
1582 2160 1805 2214 quaeso,

252 2239 509 2307 quomodo
563 2238 761 2294 aliter?
808 2238 951 2304 nise.
1006 2239 1060 2293 ln
1113 2239 1339 2295 monade
1378 2239 1594 2307 quidem
1641 2237 1689 2291 vi
1760 2247 1814 2291 et

252 2336 526 2396 potestate,
581 2330 632 2383 in
697 2331 986 2399 generibus
1042 2345 1168 2384 vero
1216 2338 1271 2384 et
1328 2328 1517 2382 formis
1562 2337 1684 2381 actu
1756 2336 1807 2381 et

252 2433 417 2486 opere.
449 2420 588 2474 MAG.
616 2418 786 2474 Recte
816 2420 1165 2489 respondisti.
1192 2418 1324 2473 Num
1357 2434 1484 2490 ergo
1513 2419 1685 2481 vides,
1711 2434 1810 2471 nu-

251 2523 414 2563 meros
444 2510 661 2565 eosdem
694 2510 765 2565 ibi
810 2520 1060 2564 aeternos
1089 2526 1227 2576 esse,
1268 2511 1355 2565 ubi
1385 2510 1433 2564 vi
1466 2519 1519 2563 et
1549 2518 1812 2579 potestate

250 2599 520 2654 causaliter
545 2607 689 2663 sunt,
722 2600 824 2669 hoc
854 2608 954 2662 est,
1004 2600 1057 2654 in
1102 2603 1360 2665 monade;
1408 2601 1495 2655 ubi
1522 2616 1651 2658 vero
1687 2608 1809 2654 artu

249 2694 295 2739 et
318 2701 478 2755 opere
522 2686 927 2757 intelliguntur,
970 2689 1039 2743 ibi
1090 2686 1260 2742 factos
1289 2703 1412 2743 esse
1444 2688 1674 2743 l’?Dtsc.
1718 2687 1811 2742 Ni-

248 2776 398 2830 mium
445 2777 745 2844 acceleras;
786 2778 1111 2847 pedetentim
1159 2778 1584 2834 ratiocinationis
1631 2779 1809 2850 ingre-

250 2864 426 2919 dienda
460 2875 545 2919 est
583 2866 690 2931 via,
732 2881 799 2921 ne
836 2867 961 2936 quid
985 2868 1212 2935 incaute
1258 2877 1565 2936 temereque
1602 2877 1807 2922 statua-

248 2967 374 3009 mus.
413 2955 570 3011 Prius
608 2957 789 3026 itaque
818 2967 901 3012 est
939 2959 1326 3027 quaerendum,
1356 2958 1482 3027 quid
1525 2958 1594 3012 sit
1619 2959 1721 3023 vis,
1754 2966 1809 3013 et

250 3047 361 3117 quid
390 3057 628 3118 potestas
670 3064 1017 3105 numerorum
1052 3050 1103 3104 in
1137 3051 1383 3115 monade,
1409 3051 1808 3120 cornndemque

1916 1861 2195 1915 consilium
2223 1862 2514 1930 quoddam,
2545 1878 2638 1917 seu
2670 1865 3057 1936 qualiscunque
3083 1886 3172 1923 ars
3205 1874 3485 1938 naturalis,

1914 1952 2040 2004 dum
2088 1953 2139 2006 in
2178 1953 2557 2009 secretissitnis
2598 1955 2972 2012 intellectualis
3020 1971 3243 2015 naturae
3287 1964 3495 2019 sinibus

1915 2046 2243 2107 continetur,
2290 2045 2446 2099 simul
2490 2054 2592 2107 est,
2625 2056 2679 2099 et
2725 2065 2886 2101 utnnn
2932 2051 3199 2119 quoddam
3245 2054 3493 2124 simplex,

1914 2134 2030 2187 sine
2070 2136 2313 2203 partibus
2360 2152 2453 2190 seu
2497 2136 2764 2192 divisionil
2790 2155 2871 2204 us,
2923 2142 3038 2195 sine
3070 2145 3372 2211 quantitate
3400 2163 3492 2201 seu

1913 2224 2193 2293 qualitate,
2232 2225 2347 2278 sine
2378 2225 2515 2289 loco,
2547 2226 2661 2280 sine
2694 2236 2951 2298 tempote,
2987 2240 3039 2283 et
3067 2233 3285 2285 onnino
3315 2236 3489 2288 omni-

1919 2316 2023 2370 bus
2068 2315 2437 2370 accidentibus
2481 2317 2806 2381 absolutum,
2839 2335 2901 2374 ac
2943 2320 3027 2374 vix
3058 2321 3154 2375 soli
3197 2322 3492 2378 intellectui

1912 2406 2217 2475 cognitum;
2254 2422 2357 2458 non
2389 2406 2532 2460 enim
2582 2408 2883 2463 intellectus
2921 2412 3243 2467 naturalium
3295 2417 3491 2470 artium

1913 2496 2085 2550 factor
2118 2505 2221 2561 est,
2255 2497 2347 2551 sed
2376 2497 2640 2560 inventor,
2673 2514 2776 2552 non
2820 2508 2995 2554 tamen
3029 2502 3072 2531 ¹³
3094 2512 3245 2556 extra
3288 2521 3365 2567 se,
3400 2508 3493 2559 sed

1911 2587 2051 2641 intra
2078 2585 2127 2621 "
2149 2602 2241 2641 eas
2290 2588 2523 2653 invenit;
2565 2587 2691 2641 dum
2734 2603 2863 2644 vero
2892 2591 2999 2659 ipsa
3042 2608 3132 2647 ars
3175 2592 3242 2647 ab
3283 2598 3494 2648 arcanis

1910 2677 2041 2742 suis,
2070 2676 2122 2729 in
2156 2676 2350 2745 quibus
2379 2677 2538 2731 simul
2567 2678 2617 2731 in
2659 2680 2856 2742 animo,
2892 2681 2941 2735 in
2973 2698 3078 2751 quo
3102 2692 3203 2748 est,
3238 2684 3288 2737 in
3324 2687 3489 2739 ratio-

1908 2783 2030 2822 nem
2096 2767 2410 2838 intelligibili
2472 2771 2853 2838 progressione
2907 2773 3093 2843 incipit
3144 2776 3491 2840 descendere.

1908 2874 2031 2911 mox
2054 2858 2308 2928 paulatim
2335 2875 2459 2913 suas
2482 2860 2526 2891 "
2554 2861 2791 2916 occultas
2816 2865 3027 2935 regulas
3051 2870 3252 2936 apertis
3272 2869 3493 2923 divisio-

1906 2951 2066 3006 nibus
2129 2961 2291 3020 atque
2349 2950 2668 3007 differentiis
2734 2954 2948 3010 inchoat
3006 2961 3248 3025 aperire,
3316 2961 3493 3016 adhuc

1912 3049 2088 3094 tamen
2118 3041 2454 3109 purissimas,
2497 3043 2750 3111 omnique
2781 3044 3157 3115 imaginatione
3180 3050 3411 3127 alienas;
3440 3065 3495 3107 et

248 3102 364 3205 (ξυίά
390 3102 485 3193 ἐει
549 3149 732 3202 πως,
784 3148 840 3193 ει
879 3140 1008 3210 quid
1060 3141 1301 3210 operario
1343 3140 1396 3195 in
1430 3102 1808 3212 generibus.“
1834 3102 1879 3163 δ
1914 3132 2047 3185 haec
2070 3132 2341 3201 processio
2382 3134 2553 3202 prima
2594 3135 2728 3188 artis
2766 3136 2833 3189 ab
2864 3136 2977 3206 ipsa
3027 3111 3270 3205 scientia,
3301 3141 3355 3196 in
3388 3158 3491 3211 qua

247 3223 443 3283 formis.
511 3228 654 3284 MAG.
704 3231 798 3285 Vis
856 3238 959 3295 est,
1014 3239 1073 3285 ut
1134 3233 1380 3296 aestimo,
1442 3232 1811 3288 substantialis

247 3326 416 3368 eorum
459 3315 654 3381 virtus,
693 3319 876 3386 quae'
927 3318 1271 3374 aeternaliter
1319 3328 1374 3375 et
1409 3320 1812 3376 immutabiliter

249 3405 296 3459 in
330 3408 551 3462 monade
595 3410 976 3477 subsistunt";
1012 3422 1251 3481 poteStas
1284 3426 1411 3467 vero
1442 3423 1523 3467 est
1548 3413 1816 3483 possibili-

253 3502 328 3549 tas
357 3498 436 3551 eis
478 3498 636 3551 insita
660 3500 709 3563 ⁸,
740 3515 844 3570 qua
887 3500 940 3555 in
986 3517 1181 3571 genera
1234 3509 1287 3556 et
1334 3502 1541 3571 species
1588 3512 1815 3572 possunt

254 3587 609 3657 multiplicari,
660 3601 714 3644 et
760 3590 1118 3646 intellectibus
1166 3579 1436 3647 manifesti
1489 3592 1601 3647 fieri
1651 3593 1814 3648 certis

247 3678 585 3733 terminornm
643 3680 1094 3745 distinctionibus,
1168 3682 1526 3751 quantitalum
1593 3683 1816 3741 diversi-

247 3765 452 3832 tatibts,
527 3769 823 3824 intervallis
875 3769 1319 3835 differentiarum,
1366 3770 1813 3841 proportionum’

246 3860 903 3930 proportionalilatumque
973 3861 1201 3916 mirabili
1256 3862 1577 3931 aequalitate
1626 3870 1681 3917 et
1734 3861 1815 3915 in-

245 3947 442 4003 solubili
490 3954 859 4007 consonantia.
899 3954 1062 4011 Actus
1103 3964 1187 4010 est
1237 3965 1412 4011 motus
1460 3955 1645 4019 animi,
1685 3971 1811 4026 pro-

244 4037 541 4093 cedentium
594 4058 940 4097 numerorum
991 4059 1053 4098 ex
1101 4046 1329 4101 monade
1375 4046 1427 4099 in
1468 4046 1676 4100 diversa
1726 4061 1817 4114 ge-

247 4141 396 4194 nera,
451 4132 611 4201 inque
687 4135 895 4202 species
954 4133 1260 4190 differentes
1322 4135 1812 4204 multiplicationem

249 4222 645 4290 contemplandis
684 4224 736 4276 in
785 4224 962 4293 seipse
996 4234 1051 4279 et
1079 4225 1131 4280 in
1164 4225 1376 4294 seipsis,
1404 4226 1712 4295 priusquam
1760 4225 1812 4278 in

243 4310 539 4375 phantasias
560 4315 899 4382 cogitationis
920 4317 1234 4385 proveniant
1253 4316 1313 4378 ³ο,
1343 4316 1441 4370 ltoc
1477 4325 1580 4381 est,
1605 4314 1812 4384 simpli-

244 4397 370 4452 citer
399 4402 448 4454 in
485 4403 525 4434 “
557 4405 872 4474 incox-porca
902 4415 1109 4471 natura,
1138 4407 1283 4461 omni
1311 4407 1541 4476 imagine
1570 4414 1806 4467 earente,

242 4493 516 4558 purissimo
570 4497 871 4552 intellectus
920 4500 1075 4554 oculo
1132 4501 1276 4570 ipsos
1342 4512 1595 4552 numeros
1647 4513 1808 4567 supra

242 4594 443 4636 omnem
474 4586 850 4652 quantitatem,
881 4596 934 4641 et
976 4589 1305 4657 qualitatem,
1332 4597 1385 4642 et
1416 4588 1552 4652 loca,
1585 4596 1638 4641 et
1671 4596 1811 4641 tem-

242 4684 361 4738 pora
392 4675 799 4729 considerantis.
845 4676 907 4729 Et
936 4685 995 4729 ut
1018 4677 1064 4710 ⁸⁸
1091 4678 1324 4732 breviter
1354 4678 1626 4740 deliniant,
1657 4684 1810 4731 actus

241 4771 506 4819 estmotns
532 4767 721 4831 animi,
763 4768 1081 4837 purissimos
1113 4770 1164 4823 in
1204 4784 1299 4823 sua
1328 4781 1516 4822 natura
1557 4783 1809 4821 numeros

246 4849 438 4919 alesque
477 4854 580 4908 ulla
615 4856 998 4926 imaginatione
1051 4858 1326 4912 intuentis.
1376 4858 1519 4926 Opus
1551 4871 1675 4909 vero
1720 4863 1808 4909 est

242 4934 465 5003 ejusdem
503 4945 667 4997 animi
705 4955 904 5012 motus,
937 4947 1251 5016 purissimos
1283 4961 1557 5010 numeros,
1585 4960 1721 5013 quos
1753 4944 1804 4997 in

242 5020 408 5096 seipse
440 5032 761 5094 considerat,
802 5034 1100 5102 pbantasiis
1129 5035 1288 5089 veluti
1333 5033 1650 5104 quibusdam
1687 5049 1809 5088 cor-

246 5116 456 5180 :orlbus
482 5120 813 5177 inerassatos
836 5123 1126 5177 memoriae
1146 5123 1595 5188 commendantis,
1624 5123 1806 5192 ibique

1913 3225 2164 3295 primitus
2187 3224 2447 3287 subsistit,
2476 3241 2571 3295 per
2593 3226 2923 3281 intellectum
2955 3229 3006 3283 in
3040 3230 3299 3285 rationem
3326 3233 3493 3301 ipsius

1915 3314 2219 3369 intellectus
2246 3324 2364 3368 actu
2391 3313 2669 3384 perficitur
2696 3333 2711 3381 ;
2754 3332 2914 3371 omne
2943 3319 3225 3387 siquidem,
3257 3324 3397 3390 quod
3424 3338 3492 3379 ex

1914 3406 2137 3460 secretis
2166 3414 2388 3460 naturae
2429 3407 2480 3460 in
2514 3408 2775 3462 rationem
2820 3410 3066 3478 pervenit
3096 3410 3160 3474 η,
3193 3427 3286 3480 per
3323 3413 3482 3467 intel-

1914 3493 2086 3549 lectus
2099 3495 2364 3549 actionem
2388 3497 2596 3550 accedit
2613 3498 2654 3530 "
2675 3514 2690 3563 ;
2712 3498 2904 3551 iterum
2923 3509 3103 3554 autem
3120 3502 3278 3555 veluti
3294 3518 3488 3557 secun-

1915 3585 1983 3639 do
2021 3586 2280 3641 descensu
2334 3587 2520 3641 eadem
2561 3603 2650 3643 ars
2695 3606 2758 3643 ex
2815 3590 3021 3645 ratione
3068 3592 3120 3646 in
3177 3596 3488 3650 nemoriatn

1915 3676 2261 3737 descendens,
2305 3678 2557 3745 pntlatim
2599 3681 2839 3748 apertius
2872 3682 2922 3735 in
2961 3683 3281 3751 pltantasiis,
3329 3688 3490 3742 veluti

1915 3765 1968 3819 in
2005 3765 2317 3834 quibusdam
2360 3766 2546 3823 formis
2597 3771 2829 3839 seipsam
2861 3772 3183 3829 luculentius
3212 3777 3488 3843 declarat;

1916 3857 2075 3911 tertio
2097 3873 2222 3911 vero
2252 3859 2512 3913 descensu
2561 3862 2626 3915 ad
2671 3862 2975 3930 corporales
3020 3879 3209 3919 sensus
3241 3866 3491 3922 diffundi-

1917 3957 2001 4000 tur
2030 3950 2097 4012 ³⁸⁸,
2128 3948 2214 4003 ubi
2263 3949 2609 4003 sensibilibus
2661 3952 2827 4019 signis
2887 3953 3139 4007 virtutem
3192 3969 3344 4007 suam
3395 3971 3491 4024 per

1915 4051 2128 4106 genera,
2185 4045 2239 4091 et
2291 4039 2519 4107 Species,
2572 4054 2866 4106 omnesque
2916 4040 3209 4095 divisiones
3249 4057 3393 4106 suas,
3435 4051 3490 4097 et

1915 4128 2324 4192 subdivisiones,
2353 4138 2405 4182 et
2432 4128 2749 4197 partitiones
2770 4130 2938 4184 exerit
2965 4146 2979 4182 :
3006 4132 3078 4184 ita
3107 4131 3491 4188 intellectuales

1916 4216 2123 4284 numeri
2147 4232 2211 4270 ex
2236 4218 2463 4271 monade
2489 4232 2548 4270 se
2570 4216 2865 4270 defundunt
2893 4216 2936 4248 ι’
2956 4258 2970 4283 ,
2995 4226 3051 4271 ιιι
3078 4218 3129 4271 in
3155 4219 3333 4272 animo
3356 4234 3491 4290 quo-

1916 4310 2039 4364 dam
2067 4312 2225 4365 modo
2255 4311 2666 4379 splendeseant;
2698 4312 2887 4366 deinde
2916 4327 2981 4366 ex
3012 4313 3189 4366 animo
3230 4314 3282 4367 in
3320 4315 3486 4369 ratio-

1917 4416 2035 4454 nem
2063 4400 2389 4469 profluentes
2418 4401 2464 4431 ²⁰
2496 4402 2732 4471 apertius
2769 4416 2825 4453 se
2862 4400 3225 4470 patefaciunt;
3270 4420 3390 4459 mox
3419 4405 3487 4460 de

1912 4489 2118 4543 ratione
2147 4489 2199 4543 in
2241 4490 2557 4543 memoriam
2610 4491 2955 4545 decurrentes
2990 4491 3360 4561 phantasticas
3416 4511 3480 4550 ex

1915 4578 2080 4647 ipsius
2124 4580 2416 4634 memoriae
2462 4591 2652 4634 natura
2697 4581 2966 4651 accipiunt
3010 4583 3392 4653 apparitioncs,
3432 4588 3487 4642 in

1912 4672 2105 4740 quibus
2147 4672 2372 4726 virtutes
2427 4671 2798 4742 multiplicium
2857 4689 3073 4727 suarum
3124 4673 3484 4731 formarum"

1912 4761 2320 4832 inquisitoribus
2373 4763 2485 4817 suis
2534 4763 2834 4818 luculenter
2886 4765 3154 4834 aperiunt,
3202 4767 3392 4824 deinde
3432 4769 3485 4823 in

1913 4871 2121 4915 sensus,
2151 4865 2426 4926 postremo
2470 4856 2523 4909 in
2574 4856 2790 4927 figuras.
2832 4854 2968 4910 Num
2999 4858 3161 4927 igitur
3204 4859 3353 4913 vides
3383 4860 3484 4913 tr'ra

1912 4946 2025 5012 illa,
2072 4963 2210 5016 quae
2257 4948 2587 5016 quaesieras,
2638 4950 2925 5016 quomodo,
2963 4957 3016 5002 et
3048 4950 3159 5013 ubi,
3204 4958 3258 5005 et
3304 4950 3485 5005 unde!

1913 5036 2066 5092 Unde
2120 5037 2384 5107 quidem?
2438 5054 2465 5089 a
2515 5037 2779 5100 monade;
2847 5038 2979 5091 ubi?
3024 5038 3485 5101 in"intelleetu;

1911 5125 2220 5192 quomodo?
2266 5125 2491 5180 diversis
2524 5126 2793 5196 gradibus.
2827 5126 3055 5196 primum
3087 5144 3117 5181 a
3158 5127 3483 5194 semetipsis,

1503 5296 1753 5351 VARIAE
1792 5298 2188 5355 LECTIONES.

333 5429 351 5460 ¹
381 5444 408 5478 a
430 5437 473 5479 te
502 5445 609 5484 om.
636 5430 696 5483 C.
803 5433 823 5462 ¹
844 5433 883 5486 Α
912 5443 1141 5485 aeterna.

244 5490 329 5575 ’“A
352 5496 617 5575 subsistens
648 5501 703 5575 in
716 5503 960 5575 iucunde.
1058 5501 1176 5575 °_et's
1213 5503 1368 5575 iusim
1392 5519 1498 5554 oin.
1527 5502 1590 5575 Α1

247 5558 311 5612 Et
348 5575 400 5614 ut
428 5567 461 5617 Α
488 5570 606 5623 Aul.
693 5571 734 5601 ¹³
758 5572 795 5622 Α
825 5574 978 5624 enim.
1061 5570 1105 5602 "'
1134 5572 1222 5623 sed
1266 5573 1403 5623 intra
1425 5587 1531 5623 om.
1562 5572 1619 5624 (ἶ.

246 5628 288 5662 ⁸³
311 5632 357 5685 Α
376 5650 435 5687 ex
461 5640 677 5694 tnonadc
704 5640 1038 5694 descendunt.
1133 5641 1175 5670 ²⁰
1207 5643 1248 5695 Λ
1273 5642 1599 5710 perflucnfcs.

1235 5431 1255 5462 ³
1298 5432 1339 5485 Α
1370 5431 1443 5485 rel
1493 5433 1627 5486 unde
1658 5433 1733 5486 rel
1768 5435 1873 5487 ubi.

1692 5507 1711 5536 ⁸³
1739 5508 1774 5555 Α
1801 5515 1847 5555 et
1881 5505 2304 5572 pmportionum.

1710 5572 1753 5603 "
1781 5572 1817 5624 Δ
1847 5573 1897 5624 in
1929 5591 2072 5627 suas.

1685 5644 1724 5673 “
1768 5642 1806 5693 Α
1836 5642 2125 5710 [ornatarum
2176 5661 2409 5697 suarum.

3013 5438 3033 5467 ⁸
3077 5454 3207 5506 quae
3250 5452 3356 5488 oni.
3415 5438 3485 5489 Α..

3017 5524 3121 5558 om.
3158 5508 3218 5557 Α.
3309 5507 3349 5535 ¹²
3377 5505 3485 5558 Pro

3023 5524 3121 5558 om.
3158 5524 3218 5557 Α.
3309 5524 3348 5535 ··
3378 5524 3487 5560 rro

3023 5577 3063 5613 ⁸⁸
3092 5575 3130 5629 C
3152 5576 3484 5645 defunditur.

2474 5437 2494 5467 ⁸
2529 5454 2636 5490 esse
2674 5455 2780 5491 om.
2829 5439 2887 5490 (ἶ.

2414 5506 2455 5538 ¹⁹
2484 5508 2522 5560 Α
2550 5509 2773 5559 veniunt.
2859 5508 2896 5545 ι¹
2941 5508 2990 5559 tu
3017 5524 3121 5558 om.
3158 5508 3218 5557 Α.

2524 5577 2561 5606 ¹⁷
2592 5582 2626 5625 .\
2658 5575 2939 5641 per/irimr.

2487 5648 2531 5678 “
2569 5645 2618 5696 in
2654 5661 2761 5697 om.
2798 5644 2855 5695 (tl.

2008 5434 2030 5465 δ
2059 5435 2112 5486 in
2143 5450 2249 5488 om.
2278 5436 2341 5488 Λ.

2155 5573 2198 5605 ³⁸
2219 5575 2257 5627 Α
2286 5577 2435 5628 rmil.
