3912 6154
395 261 500 320 o39

1759 266 2043 326 JOANNIS
2077 269 2203 330 SCO

3517 263 3625 330 660

397 373 452 427 in
486 372 832 439 intellectum,
860 376 927 431 ab
956 374 1220 431 intellectu
1257 385 1270 416 ι
1308 377 1359 430 in
1396 378 1681 442 rationem,
1704 392 1771 432 ex
1802 378 1960 432 ratio-
1989 386 2036 444 Α
2065 377 2356 452 telligentia
2391 377 2525 434 ﬁunt
2558 380 2677 450 puri
2717 392 2812 451 per
2840 395 2919 444 se,
2949 378 3203 450 omnique
3243 379 3622 452 imaginatione

398 476 469 516 ne
500 464 550 518 in
591 464 924 528 memoriam,
962 480 1023 518 ex
1052 467 1307 520 memoria
1336 464 1389 519 in
1419 481 1608 520 sensus
1650 480 1961 535 corporeus,

398 563 455 605 et
503 554 547 608 si
602 568 822 609 necesse
876 563 957 608 est
1013 563 1231 625 pr0pter
1274 557 1561 612 utilitatem
1619 556 1961 622 discentium,

400 654 643 699 extremo
668 646 831 716 gradu
872 662 899 698 a
951 647 1199 703 sensibus
1226 648 1293 702 ad
1343 648 1581 704 visibiles
1622 648 1822 717 ﬁguras
1868 649 1964 704 de-

400 738 678 792 scendunt.
745 737 890 792 Drsc.
934 738 1097 795 Plane
1147 739 1557 812 clarissimeque
1596 743 1771 799 video.
1823 742 1965 799 MAG.

396 827 582 898 Itaque
603 843 706 883 non
731 838 782 883 te
810 829 1047 896 latet,'ut
1079 832 1291 902 opinor,
1323 850 1575 891 numeros
1594 847 1650 889 et
1670 836 1690 866 ’
1718 844 1967 892 aeternos

396 937 539 985 esse,
569 930 623 976 et
647 921 850 987 factos;
882 933 1133 980 aeternos
1174 927 1387 995 quidem
1426 928 1479 982 in
1520 928 1769 992 monade,
1798 927 1970 983 factos

400 1023 530 1064 vero
553 1010 918 1080 multipliciter
942 1014 993 1066 in
1015 1014 1125 1067 suis
1149 1014 1606 1070 descensionibus.
1623 1013 1805 1070 Primo
1822 1016 1972 1071 vide—

396 1098 525 1152 licet
571 1100 621 1152 in
677 1100 943 1156 intellectu
994 1103 1468 1173 contemplantium
1520 1119 1579 1159 se
1620 1104 1641 1136 ³
1674 1104 1744 1159 in
1773 1114 1971 1159 semet-

403 1190 532 1259 ipsis
562 1190 718 1246 ﬁunt.
751 1191 851 1258 Qui
882 1194 1068 1248 modus
1115 1194 1340 1249 faciendi
1368 1194 1521 1266 longe
1553 1211 1581 1248 a
1613 1195 1861 1250 sensibus
1888 1210 1973 1251 re-

402 1289 579 1335 motus
599 1291 711 1346 est;
760 1282 873 1336 ﬁeri
914 1284 1054 1337 enim
1084 1285 1339 1339 dicuntur
1364 1286 1414 1339 in
1468 1286 1656 1341 nmitia
1686 1301 1744 1341 se
1774 1285 1969 1340 intelli-

403 1371 662 1440 gentium.
715 1370 849 1426 Nam
883 1374 934 1426 in
969 1375 1196 1428 monade
1244 1375 1369 1428 dum
1420 1377 1547 1440 sint,
1595 1375 1841 1431 ineffabili
1875 1391 1971 1432 sua

362 1456 375 1463 ”
407 1459 611 1514 unitate
647 1459 668 1491 ⁸
696 1477 907 1516 omnem
939 1473 1194 1534 superant
1243 1466 1590 1531 intellectum,
1620 1481 1686 1521 eo
1713 1467 1848 1532 solo,
1888 1466 1974 1520 di-

404 1553 530 1606 vino
560 1551 827 1619 videlicet,
862 1555 1132 1609 intellectu
1174 1567 1420 1626 excepto,
1471 1572 1628 1625 quem
1660 1556 1734 1610 nil
1777 1557 1974 1626 ubique

405 1642 554 1696 latet.
597 1640 714 1711 ipse
737 1652 819 1697 est
843 1643 985 1698 enim
1017 1645 1320 1701 intellectus
1352 1648 1611 1711 omnium,
1641 1647 1749 1701 imo
1769 1647 1970 1701 omnia.

2064 471 2293 526 absoluti
2318 478 2661 540 apparentes,
2690 480 2783 526 aut
2825 471 2878 526 in
2910 472 3171 526 memoria
3197 487 3465 542 sensuque
3492 488 3624 528 cor-

2064 576 2225 630 poreo
2254 562 2572 630 quibusdam
2610 562 3082 634 imaginationibus
3106 564 3406 628 inerassati,
3437 579 3505 619 ac
3531 579 3626 620 ve-

2065 651 2162 706 luti
2203 665 2268 705 ex
2308 656 2538 722 quadam
2567 663 2621 710 et
2665 655 2719 710 in
2768 658 2996 724 quadam
3050 655 3272 710 materia
3303 654 3450 711 facti.
3482 654 3622 713 Mnes

2065 743 2140 797 lta
2163 750 2266 798 est.
2296 742 2401 797 Sed
2420 744 2558 812 quod
2580 745 2855 809 addidisti,
2883 761 2947 799 ex
2973 746 3203 815 quadam
3229 755 3285 799 et
3312 745 3365 799 in
3395 745 3635 815 quadam

2067 832 2289 886 materia
2318 830 2444 884 facti
2467 833 2529 895 ιο,
2558 848 2665 888 non
2712 835 2844 890 satis
2882 844 3037 889 acute
3071 835 3411 904 perspexisti.
3454 833 3632 889 Phan-

2068 919 2238 973 tasiae
2278 933 2527 989 namque,
2559 937 2692 989 quas
2719 921 2786 977 de
2824 923 3083 977 memoria
3112 924 3164 977 in
3190 923 3449 977 memoria
3476 925 3520 958 “
3550 921 3635 977 vel

2069 1022 2229 1062 sensu
2259 1009 2326 1063 de
2363 1009 2606 1065 sensibili
2652 1011 2947 1082 accipiunt,
2986 1021 3041 1066 ut
3096 1013 3149 1066 in
3193 1013 3271 1067 eis
3318 1024 3632 1081 appareant,

2071 1112 2173 1150 non
2201 1112 2265 1151 ex
2293 1099 2525 1167 quadam
2556 1101 2782 1156 materia
2804 1101 2958 1167 ﬁunt,
2989 1102 3080 1156 sed
3115 1119 3178 1157 ex
3209 1103 3638 1173 incorporalibus

2072 1188 2433 1258 incorporales
2477 1200 2788 1246 nascuntur.
2820 1191 2935 1248 Non
2965 1194 3109 1248 enim
3148 1209 3211 1248 ex
3260 1194 3490 1250 materia
3516 1209 3641 1249 cor—

2071 1277 2334 1346 poralium
2362 1292 2541 1333 rerum
2572 1274 2896 1346 efﬁciuntur,
2917 1281 3010 1336 sed
3033 1297 3101 1337 ex
3127 1283 3326 1351 specie,
3357 1298 3499 1353 quae
3524 1298 3639 1352 pro.

2075 1369 2161 1423 eul
2196 1369 2356 1424 dubio
2395 1371 2709 1440 incorporea
2748 1381 2851 1437 est,
2891 1380 2944 1426 et
2980 1388 3048 1428 ex
3071 1372 3359 1438 coloribus,
3403 1375 3653 1443 qui,non-

2074 1474 2321 1529 corpora,
2353 1459 2443 1514 sed
2468 1461 2612 1516 circa
2635 1477 2859 1532 corpora
2884 1463 3269 1535 intelliguntur.
3298 1464 3377 1518 Ac
3400 1479 3500 1534 per
3541 1466 3641 1519 hoc

2076 1550 2150 1603 nil
2178 1560 2261 1604 est
2289 1551 2694 1607 convenientius
2739 1568 2803 1607 ac
2844 1554 3158 1618 naturalius,
3198 1564 3358 1623 quam
3398 1563 3457 1607 ut
3487 1553 3644 1609 intelo

2076 1636 2331 1693 lectuales
2376 1641 2587 1695 numeri
2613 1640 2667 1694 in
2696 1641 2856 1696 rebus
2896 1641 3251 1712 incorporeis,
3276 1651 3330 1710 et
3354 1658 3420 1696 ex
3468 1643 3644 1699 incor-

407 1731 522 1786 Non
553 1733 697 1786 enim
735 1733 799 1788 de
826 1734 942 1802 ipsa
988 1736 1235 1799 monade,
1277 1751 1415 1805 quae
1457 1745 1541 1790 est
1568 1750 1730 1791 causa
1778 1734 1977 1790 sola~et
2007 1713 2348 1799 Bporalibus
2398 1731 2655 1801 sumptis,
2707 1732 2962 1787 virtutem
3011 1749 3162 1788 suam
3218 1733 3543 1799 ostendant,
3593 1744 3653 1787 et'

406 1826 640 1879 creatrix
692 1827 929 1881 omnium
975 1827 1265 1882 visibilium
1319 1837 1374 1883 et
1420 1828 1790 1893 invisibilium,
1835 1842 1979 1882 nunc

409 1916 606 1986 agitur,
650 1917 745 1972 sed
793 1918 859 1972 de
909 1918 994 1972 illa
1031 1929 1210 1974 creata
1244 1921 1491 1984 monade,
1537 1920 1590 1974 in
1643 1935 1748 1990 qua
1791 1933 1980 1974 omnes

412 2009 619 2062 numeri
675 2009 1000 2076 causaliter,
1043 2010 1403 2075 unifortniter,
1435 2009 1826 2065 rationabiliter
1867 2010 1890 2043 ⁸
1927 2020 1982 2066 et

411 2112 624 2167 semper
638 2099 955 2164 subsistunt,
970 2107 1023 2153 et
1044 2116 1108 2155 ex
1133 2115 1236 2170 qua
1261 2099 1660 2156 multiformiter
1673 2108 1978 2170 erumpunt.

413 2186 663 2241 Secundo
688 2202 814 2242 vero
837 2188 890 2243 in
922 2188 1133 2244 ratione
1156 2189 1308 2253 ﬁunt,
1340 2191 1392 2243 in
1421 2205 1523 2259 qua
1553 2189 1668 2244 ﬁeri
1696 2196 1981 2260 propterea

413 2278 683 2345 dicuntur,
714 2279 839 2350 quia
885 2280 937 2334 in
976 2295 1040 2334 ea
1083 2281 1421 2336 manifestius
1449 2296 1509 2336 se
1536 2280 1857 2345 ostendunt;
1891 2279 1983 2334 ad—

414 2369 518 2423 huc
549 2376 723 2422 tamen
755 2384 849 2438 per
878 2371 1105 2439 seipsos,
1141 2370 1343 2440 absque
1373 2370 1479 2425 ullo
1520 2370 1859 2441 pbantastico
1895 2384 1986 2423 eo.

413 2461 548 2514 lore.
580 2459 783 2515 Deinde
812 2461 866 2515 in
899 2462 1156 2516 memoria
1185 2478 1250 2518 ac
1294 2463 1562 2526 sensibus,
1592 2463 1643 2516 in
1687 2461 1987 2532 phantasiis

414 2551 733 2622 quibusdam
764 2551 1087 2635 efﬁciuntur.
1119 2554 1269 2622 Ipsae
1314 2563 1491 2611 autem
1534 2554 1855 2624 phantasias
1893 2561 1986 2608 aut

414 2643 482 2696 de
503 2651 693 2698 natura
724 2646 1036 2711 memoriae,
1083 2648 1186 2701 hoc
1212 2654 1319 2713 est,
1360 2648 1428 2703 de
1460 2663 1523 2702 ea
1555 2656 1710 2718 parte
1751 2649 1984 2716 animae,

416 2751 554 2805 quae
582 2735 879 2793 formandis
930 2739 1254 2809 imaginibus
1296 2746 1382 2795 est
1427 2739 1707 2802 attributa,
1757 2748 1850 2795 aut
1894 2754 1989 2795 ex-

418 2828 684 2884 trinsecus
711 2842 776 2882 ex
821 2829 1103 2899 superﬁcie
1134 2845 1418 2900 corporum
1462 2845 1561 2900 per
1608 2844 1797 2887 sensus
1838 2838 1991 2886 exte-

418 2919 592 2975 riores
638 2930 925 2976 sumuntur
957 2921 997 2976 ⁸.
1046 2921 1151 2977 Sed
1193 2938 1332 2993 quae
1371 2923 1707 2978 extrinsecus
1743 2922 1983 2987 veniunt,

418 3009 732 3080 phantasias
778 3011 993 3081 proprie
1038 3010 1392 3082 appellantur,
1428 3026 1565 3082 quae
1601 3027 1732 3069 vero
1768 3027 1834 3067 ex
1876 3025 1987 3068 me-

417 3100 610 3164 moria,
650 3100 1062 3170 ‘pbantasmata.
1122 3101 1283 3157 Verbi
1335 3101 1526 3172 gratia,
1580 3100 1863 3170 phantasia
1909 3108 1991 3156 est

417 3189 615 3260 imago,
637 3206 798 3259 quam
826 3190 893 3246 de
922 3199 1071 3246 certo
1100 3206 1346 3260 corpore,
1377 3205 1469 3245 seu
1498 3189 1694 3254 colore,
1728 3205 1823 3246 seu
1863 3204 1989 3260 spa-

421 3282 549 3335 tina
582 3297 666 3335 me
705 3281 820 3335 viso
847 3297 943 3352 per
971 3296 1184 3336 sensum
1225 3281 1439 3335 videndi
1469 3288 1798 3348 assumptam
1838 3294 1993 3335 meae

419 3372 715 3426 memoriae
763 3372 957 3441 inﬁgo;
1011 3374 1329 3442 phantasma
1357 3386 1488 3426 vero
1522 3381 1605 3427 est
1651 3371 1827 3442 imago
1880 3371 1988 3436 illa,

416 3477 580 3530 quam
629 3460 769 3532 ﬁngo
817 3462 883 3516 de
934 3462 1112 3533 aliquo
1142 3477 1415 3532 nunquam
1455 3476 1483 3515 a
1523 3476 1610 3517 me
1657 3461 1792 3516 viso.
1845 3460 1994 3526 Quae

420 3551 557 3604 falsa
603 3566 707 3606 non
758 3552 1029 3607 immerito
1065 3553 1261 3608 dicitur
1311 3554 1794 3626 imago,.quoniam
1844 3552 1990 3617 illud,

415 3640 565 3709 quod
593 3641 790 3710 cogito,
821 3650 909 3695 aut
943 3643 1152 3711 penitus
1181 3659 1286 3697 non
1316 3652 1422 3708 est,
1446 3651 1540 3707 aut
1567 3644 1611 3699 si
1649 3650 1752 3708 est,
1780 3657 1884 3698 non
1918 3643 1992 3697 ita

420 3739 528 3794 cst,
584 3730 722 3784 sicut
772 3731 1033 3802 imaginor
1065 3733 1110 3786 ⁷.
1155 3731 1255 3789 Ubi
1294 3734 1606 3800 notandum,
1657 3733 1701 3788 si
1751 3742 1994 3789 sanctum

416 3822 703 3891 sequimur
732 3823 1109 3894 Augustinum,
1136 3826 1276 3896 quod
1304 3827 1620 3897 phantasma
1648 3843 1753 3882 non
1782 3828 1996 3883 aliunde

427 3913 529 3966 nisi
565 3928 628 3967 ex
679 3913 958 3984 phantasia
992 3916 1250 3971 nascitur.
1301 3916 1397 3972 Est
1434 3918 1599 3982 enim,
1633 3925 1692 3970 ut
1735 3919 1848 3988 ipse
1896 3918 1994 3982 ait,

420 4006 605 4076 imago
635 4006 905 4076 imaginis,
932 4007 1035 4063 hoc
1060 4017 1163 4073 est,
1193 4008 1369 4080 imago
1409 4024 1473 4064 ex
1510 4008 1613 4062 alia
1642 4009 1872 4080 imagine
1898 4024 1994 4069 na-

426 4114 600 4153 scens.
626 4096 785 4154 Verbi
826 4100 1020 4170 gratia,
1062 4100 1191 4156 solis
1219 4101 1456 4172 quotidie
1496 4101 1723 4156 orientis
1773 4102 1998 4171 phanta-

427 4189 560 4242 siam
590 4188 781 4253 habeo,
815 4206 976 4260 quam
1021 4190 1088 4246 de
1118 4191 1414 4247 disciformi
1449 4195 1472 4225 ⁸
1513 4192 1682 4262 ipsius
1704 4192 1884 4261 specie
1910 4206 1999 4247 ac-

422 4294 454 4330 c
494 4278 567 4347 pi,
593 4287 647 4333 et
690 4280 883 4334 iterum
922 4281 988 4335 ad
1024 4280 1433 4337 similitudinem
1468 4282 1637 4352 ipsius
1683 4282 1999 4352 phantasiae

2082 1817 2240 1872 modo
2271 1819 2502 1888 quodam
2532 1817 2782 1875 ineﬁ‘abili
2824 1821 2878 1875 in
2908 1821 3308 1890 generationem
3336 1822 3656 1879 sensibilem

2079 1909 2206 1966 facti
2250 1913 2559 1981 procedant.
2605 1912 3020 1984 Perspectisque
3047 1914 3089 1947 “
3133 1928 3311 1968 rerum
3349 1914 3649 1969 rationibus

2081 2018 2185 2057 non
2214 2010 2415 2057 temere
2438 2003 2560 2073 quis
2588 2004 2807 2071 dixerit,
2846 2006 2991 2075 ipsas
3019 2006 3343 2076 phantasias,
3370 2006 3426 2060 in
3456 2006 3651 2075 quibus

2081 2095 2290 2150 numeri
2320 2111 2380 2151 se
2429 2096 2776 2154 interioribus
2819 2100 3214 2154 numerantium
3248 2101 3420 2156 oculis
3447 2100 3650 2171 patefa-

2081 2185 2258 2252 ciunt,
2290 2200 2397 2240 non
2428 2186 2641 2243 aliunde
2682 2188 2785 2243 nisi
2817 2190 2886 2244 ab
2926 2189 3057 2259 ipsis
3086 2190 3516 2262 intelligibilibus
3553 2207 3650 2246 nu-

2083 2277 2249 2331 meris
2296 2277 2600 2347 provenire.
2661 2276 2796 2333 Nam
2844 2278 2889 2334 si
2948 2281 3308 2336 numerositas
3356 2280 3653 2335 formarum

2082 2370 2437 2436 sensibilium,
2470 2370 2522 2424 in
2552 2370 2747 2439 quibus
2770 2372 2995 2428 materia
3039 2373 3366 2437 continetur,
3395 2379 3459 2426 ut
3485 2372 3657 2427 sensi-

2085 2460 2184 2515 bus
2209 2460 2380 2530 possit
2406 2459 2644 2529 percipi;
2677 2461 2941 2529 siquidem
2969 2477 3066 2532 per
3092 2476 3165 2518 se.
3190 2463 3362 2531 ipsam
3408 2462 3655 2517 invisibi-

2087 2548 2153 2603 lis
2182 2556 2286 2614 est,
2322 2556 2483 2618 atque
2510 2548 2563 2602 in
2598 2547 2786 2604 formis
2829 2550 2897 2605 ab
2928 2551 3374 2608 intellectualibus
3416 2553 3658 2608 numeris

2086 2636 2348 2707 originem
2376 2638 2540 2703 ducit,
2573 2648 2628 2693 et
2658 2654 2723 2693 ex
2751 2639 2883 2710 ipsa,
2927 2638 3222 2696 formarum
3251 2642 3525 2707 videlicet,
3557 2658 3656 2697 nu-

2087 2727 2398 2783 merositate
2435 2743 2532 2798 per
2558 2744 2846 2800 corporeos
2870 2745 3062 2787 sensus
3080 2732 3335 2786 memoria
3360 2733 3661 2803 pbantasiis

2089 2817 2463 2875 conformatur
2501 2835 2516 2872 :
2575 2818 2648 2873 nil
2687 2820 2832 2875 aliud
2870 2828 3054 2882 restat,
3091 2821 3192 2876 nisi
3229 2832 3288 2874 ut
3317 2821 3361 2853 "
3396 2821 3662 2892 intelliga—

2090 2927 2231 2976 mus,
2256 2927 2510 2968 numeros
2530 2912 2919 2969 intellectuales
2938 2928 3003 2968 ex
3028 2914 3254 2970 monade
3278 2914 3477 2986 duplici
3506 2915 3662 2971 modo

2090 3003 2277 3070 ﬁuere,
2302 3012 2357 3059 et
2393 3004 2448 3077 in
2477 3005 2735 3060 memoria
2784 3004 2956 3061 factos
2998 3006 3116 3061 acie
3164 3006 3363 3061 mentis
3409 3005 3662 3075 multipli-

2093 3095 2230 3160 cari,
2269 3095 2456 3160 dividi,
2487 3096 2809 3166 comparari,
2845 3095 3046 3166 colligi,
3071 3097 3233 3151 uniri.
3264 3097 3372 3151 Aut
3409 3094 3581 3162 enim,
3603 3104 3665 3151 ut

2092 3188 2481 3262 praediximus,
2508 3202 2606 3257 per
2636 3188 2967 3244 intellectum
2995 3188 3046 3243 in
3080 3188 3375 3255 rationemIr
3399 3194 3454 3242 et
3478 3202 3544 3242 ex
3577 3202 3665 3242 ra-

2095 3284 2240 3338 tione
2266 3282 2319 3336 in
2345 3283 2659 3338 memoriam
2689 3282 3044 3347 descendunt,
3081 3290 3177 3337 aut
3200 3298 3297 3353 per
3336 3281 3550 3352 species
3578 3296 3663 3336 re-

2095 3389 2214 3428 rum
2254 3373 2544 3428 visibilium
2571 3373 2625 3427 in
2659 3387 2852 3428 sensus
2896 3387 3208 3444 corporeos,
3256 3372 3565 3442 iterumque
3603 3386 3667 3426 ex

2095 3466 2226 3536 ipsis
2254 3468 2306 3521 in
2335 3467 2562 3522 eandem
2602 3467 2912 3522 memoriam
2939 3464 3233 3529 conﬂuunt,
3264 3464 3318 3519 in
3346 3479 3453 3534 qua
3492 3462 3662 3534 phan-

2096 3559 2319 3616 tastieas
2376 3559 2701 3629 accipientes
2753 3557 2955 3613 formas
3005 3556 3159 3620 ﬁunt.
3212 3555 3668 3624 interioribuqu

2097 3652 2344 3708 sensibus
2392 3653 2766 3707 succumbunt.
2802 3648 2879 3705 Ac
2925 3662 3023 3719 per
3070 3648 3194 3713 hoc,
3246 3660 3465 3718 quoquo
3510 3644 3671 3701 modo

2095 3744 2306 3801 numeri
2356 3743 2633 3814 patiantur
2660 3740 2917 3811 perspici,
2962 3755 3068 3796 non
3101 3738 3317 3793 aliunde
3349 3738 3454 3792 nisi
3503 3752 3537 3791 a
3586 3750 3670 3791 se—

2097 3831 2345 3903 metipsis
2390 3830 2743 3901 apparitionis
2796 3843 2923 3884 suae
2965 3826 3301 3883 occasionem
3344 3824 3670 3896 percipiunt.

2097 3922 2329 3978 Proinde
2359 3921 2403 3955 “
2431 3921 2565 3977 etin
2594 3919 2822 3975 monade
2863 3918 3067 3974 aeterni
3112 3924 3260 3981 sunt,
3306 3925 3365 3971 et
3404 3929 3435 3968 a
3480 3910 3675 3983 seipsis

2099 4013 2153 4068 in
2196 4024 2514 4082 quacunque
2555 4019 2778 4064 naturae
2806 4016 2958 4078 parte
2998 4016 3362 4079 apparuerunt
3386 4001 3540 4065 facti.
3572 3997 3676 4058 hoc

2098 4108 2201 4161 est,
2232 4101 2343 4155 sive
2374 4100 2428 4154 in
2457 4098 2751 4161 intellectu,
2783 4097 2896 4152 sive
2940 4096 2993 4150 in
3043 4095 3252 4150 ratione
3300 4092 3506 4161 absque
3552 4089 3675 4146 ullis

2100 4189 2589 4260 imaginationibus,
2619 4190 2732 4244 sive
2760 4189 2814 4241 in
2860 4186 3120 4243 memoria
3149 4200 3217 4239 ex
3261 4183 3549 4252 speciebus
3592 4198 3676 4237 re-

2102 4297 2220 4336 rum
2272 4279 2604 4336 sensibilium
2654 4277 2881 4334 formata
2922 4275 3238 4347 phantasias
3278 4272 3567 4345 quasdam,
3622 4273 3677 4328 is

424 4366 632 4423 salares
674 4368 936 4440 imagines
983 4369 1128 4426 mille
1178 4371 1231 4425 in
1283 4372 1542 4427 memoria
1576 4372 1718 4443 ﬁngo
1765 4370 2000 4441 majores
2033 4437 2063 4443 Α
2103 4373 2296 4442 quibus
2324 4382 2638 4442 appareant,
2664 4369 2829 4425 veluti
2878 4367 3007 4424 facti
3057 4368 3123 4422 de
3172 4366 3366 4436 seipsis
3393 4363 3675 4420 facientes.

422 4457 511 4511 Tel
551 4437 809 4525 minores,
833 4459 985 4529 juxta
1016 4462 1357 4532 cogitationis
1401 4476 1553 4517 meae
1598 4462 1900 4524 arbitrium,
1934 4476 1998 4517 ac
2029 4437 2076 4497 θ
2102 4462 2247 4517 Βιεε.
2278 4461 2352 4516 De
2379 4461 2620 4515 numeris
2648 4459 2780 4514 satis
2804 4467 2983 4514 actum
3012 4457 3076 4511 ".
3104 4456 3200 4512 His
3224 4456 3366 4510 enim
3392 4468 3680 4525 argumen-

423 4561 527 4615 per
555 4548 657 4602 hoc
683 4548 848 4605 falsae
890 4560 1040 4615 sunt,
1080 4551 1206 4620 quia
1254 4551 1326 4606 nil
1364 4552 1477 4607 veri
1527 4553 1825 4607 imitantur.
1861 4550 1997 4606 Nam

423 4635 622 4690 Graeci
643 4637 818 4701 aliter,
847 4640 973 4708 quid
998 4640 1067 4694 sit
1089 4642 1779 4713 phantasma,intelligunt;
1813 4642 2000 4696 dicunt

425 4724 576 4779 enim
619 4725 885 4789 notitiam,
922 4744 1060 4797 quae
1101 4731 1155 4784 in
1200 4732 1380 4786 animo
1424 4741 1507 4787 est
1553 4733 1620 4786 de
1663 4732 2004 4788 sensibilibus

430 4816 665 4880 tuturis,
705 4832 803 4887 per
846 4819 1159 4886 phantasias
1204 4835 1391 4876 earum
1447 4830 1785 4892 susceptam,
1839 4823 2004 4892 phan-

430 4918 607 4962 iasma
638 4924 778 4966 esse.
822 4912 968 4966 Dtsc.
997 4911 1288 4983 Dupliciter
1308 4929 1439 4985 ergo
1465 4912 1635 4969 factos
1669 4928 1920 4967 numeros
1948 4915 2000 4967 in

430 5000 664 5054 monade
689 5002 1032 5057 aeternaliter
1064 5004 1382 5060 substitutos
1415 5004 1437 5034 ⁹
1473 5005 1704 5069 asseris,
1737 5004 1788 5058 ni
1817 5003 1999 5069 fallor;

431 5100 525 5148 aut
557 5092 698 5148 enim
730 5094 783 5149 in
819 5094 1019 5160 animo,
1052 5104 1107 5150 et
1151 5097 1357 5152 ratione
1394 5096 1525 5164 sola,
1559 5110 1623 5151 ac
1667 5095 1894 5166 simplici
1922 5094 2002 5149 in-

2105 4552 2175 4606 tis
2200 4548 2509 4614 conﬁcitur,
2536 4548 2789 4619 clareque
2814 4547 3151 4618 intelligitur,
3176 4545 3265 4599 ubi
3295 4543 3502 4599 aeterni
3533 4550 3688 4604 sunt,

2102 4651 2155 4696 et
2182 4641 2269 4695 ubi
2298 4650 2350 4696 et
2375 4640 2420 4672 ¹⁶
2449 4639 2716 4710 quomodo
2755 4639 3032 4709 patiuntur
3062 4637 3200 4701 ﬁeri,
3235 4645 3297 4691 ut
3334 4649 3440 4691 non
3486 4634 3678 4689 imme-

2103 4733 2208 4786 rito
2237 4730 2657 4801 perspiciamus,
2690 4744 2785 4784 eos
2816 4737 2871 4783 et
2899 4736 3152 4787 aeternos
3184 4740 3337 4791 esse,
3385 4734 3441 4781 et
3483 4723 3674 4778 factos.

2105 4819 2210 4876 Sed
2238 4835 2497 4890 quorsum
2543 4820 2676 4874 haec
2716 4818 2959 4881 tendant,
3004 4818 3243 4871 intentus
3270 4823 3515 4885 expecto.
3565 4811 3678 4866 Non

2103 4913 2247 4967 enim
2291 4921 2507 4982 propter
2532 4926 2591 4966 se
2636 4912 2770 4981 ipsa.
2819 4909 2911 4964 sed
2956 4917 3177 4979 propter
3215 4907 3356 4961 aliud
3385 4905 3516 4976 quid
3552 4918 3675 4958 sua-

2104 5001 2338 5055 dendum
2380 5000 2683 5055 introducta
2725 5008 2866 5053 sunt.
2904 4998 3040 5054 MAG.
3085 4997 3270 5061 Miror,
3312 5010 3411 5049 cur
3437 5004 3547 5048 tam
3575 4993 3691 5046 cito

2103 5092 2300 5149 oblitus
2324 5106 2383 5146 es
2414 5075 2508 5146 tui.
2553 5090 2684 5144 Nam
2716 5090 2873 5160 paulo
2914 5094 3041 5144 ante
3080 5086 3364 5158 postulasti
3393 5100 3423 5138 a
3459 5098 3547 5139 me
3582 5098 3681 5137 na.-

1679 5266 1935 5323 V'ARIAE
1964 5263 2367 5320 LECTIONES.

510 5410 527 5441 ι
565 5401 614 5476 ς
638 5416 667 5458 a
695 5406 997 5476 semetipsis
1039 5404 1092 5460 in
1124 5407 1383 5460 mteltsctu
1421 5419 1473 5476 ut
1511 5403 1843 5476 intellectum.

434 5472 459 5501 '
490 5471 835 5541 uniformiter,
888 5471 1268 5530 rationabiliter
1296 5489 1404 5529 om.
1450 5473 1511 5525 A.

435 5543 459 5573 ⁸
488 5540 527 5592 Α
550 5540 715 5613 quam
740 5555 805 5613 uti
824 5540 1011 5600 dedisti
1041 5545 1258 5613 formae.

439 5625 598 5665 nam.
632 5612 738 5667 “A
775 5610 1187 5685 Pt'ospcrtisqtte.
1265 5614 1310 5649 ¹³
1335 5623 1388 5668 ut
1418 5628 1525 5667 om.
1558 5610 1618 5667 C.

1941 5401 1962 5430 ⁸
2007 5408 2054 5449 et
2083 5412 2190 5449 om.
2231 5397 2294 5448 Α.

1616 5408 1843 5457 (lectum.
1941 5408 1962 5430 '
2007 5408 2054 5453 et
2083 5412 2190 5451 om.
2231 5408 2294 5448 Α.
2380 5408 2475 5447 ’δε
2496 5408 2603 5447 om.
2646 5408 2706 5447 υ.
2806 5408 2827 5421 ’
2854 5408 2960 5446 t'ro
2985 5408 3075 5444 sua

1615 5472 1637 5504 ⁸
1684 5470 1838 5540 Ipsae
1885 5478 2059 5540 autent
2095 5464 2402 5540 phantasia}:
2454 5493 2521 5540 ——_
2555 5472 2838 5540 sumuntur"
2856 5477 2965 5540 om.
3013 5460 3075 5515 C.

1338 5542 1359 5573 ⁹
1387 5543 1429 5595 Α
1458 5537 1756 5596 substitutos
1808 5537 2155 5599 aeternaliter.

1698 5611 1739 5641 ”
1761 5609 1803 5663 Λ
1837 5605 2081 5662 Perinde.

2806 5391 2827 5421 ⁸
2854 5391 2960 5446 Pro
2985 5408 3081 5444 sua
3114 5390 3309 5443 unitate
3341 5388 3380 5442 Α
3406 5390 3680 5443 suavitate.

3183 5461 3202 5490 "
3236 5459 3275 5508 (ἶ
3307 5458 3445 5511 sicut
3490 5460 3679 5526 imago.

3272 5529 3312 5561 "
3342 5527 3386 5582 Α
3416 5528 3468 5581 in
3497 5544 3689 5579 mnuu-

2380 5394 2401 5425 ³
2423 5411 2475 5447 se
2496 5408 2603 5447 om.
2646 5392 2706 5447 C.

2249 5534 2290 5565 ¹⁶
2343 5532 2477 5586 ΜΔΕ.
2506 5533 2577 5584 ita
2615 5543 2776 5584 εει-η
2812 5530 2937 5597 facti
2968 5547 3075 5581 υιιι.
3113 5529 3169 5582 C.

2164 5605 2265 5656 ".‘t
2281 5612 2352 5655 est
2385 5611 2582 5667 artum,
2660 5601 2705 5635 "
2728 5600 2811 5653 ubi
2834 5609 2878 5651 rt
2910 5616 3017 5654 otn.
3042 5599 3107 5652 Α.
