3912 6154
92 2440 117 2453 1

222 272 306 328 061

1035 267 1125 324 DE
1160 268 1497 326 DIVISIONE
1536 265 1884 325 NATL‘RAE.
1916 299 1987 309 —
2022 268 2224 325 LIBER
2264 264 2583 324 TERTIUS.

3335 262 3439 319 662

224 384 393 444 turalia
431 383 689 453 exempla,
721 384 916 451 quibus
943 397 1155 452 possem
1205 392 1256 439 te
1303 385 1647 439 introducere
1691 383 1758 437 ad
1788 389 1834 443 Λ
1862 383 2116 452 apostolis
2141 384 2193 437 in
2220 381 2516 451 spiritualis
2541 375 2760 435 visionis
2788 385 3044 442 montem,
3069 375 3172 432 hoc
3190 382 3296 442 est,
3318 376 3434 430 alti-

221 475 592 547 intelligentiam
636 487 846 538 eorum,
879 472 946 527 de
985 474 1179 542 quibus
1228 474 1661 543 disputabamus,
1708 472 1762 527 id

218 579 306 631 est,
333 565 586 635 quomodo
627 564 832 627 omnia,
854 579 992 633 quae
1010 580 1076 618 ex
1100 564 1209 619 Deo
1234 573 1448 629 sunt,et
1483 565 1502 596 ί
1540 574 1760 619 aeterna

215 657 429 712 simulet
465 655 597 710 facta
630 666 777 720 sunt,
805 664 860 708 et
890 655 1143 719 maxime,
1171 656 1439 724 quomodo
1466 654 1610 710 Deus
1648 655 1761 724 ipse

214 755 258 799 ct
282 745 443 799 factor
477 745 714 799 omnium
760 752 862 810 est,
892 752 945 798 et
989 744 1324 799 inmunibus
1373 743 1452 799 fit.
1503 744 1646 799 llaec
1675 752 1762 799 cst

212 838 336 894 enim
360 851 562 893 suntm:
591 836 756 891 totius
793 846 1011 890 nostrae
1052 838 1355 905 praesentis
1395 836 1760 893 ratiocinatio-

210 928 300 980 nis.
322 927 462 980 DISC.
485 924 604 979 lam
636 924 689 978 in
724 939 812 981 me
852 925 1025 994 ipsum
1065 926 1247 981 redeo.
1281 924 1416 980 Nam
1445 924 1759 980 difﬁcultate

206 1015 597 1086 praedictorum,
624 1022 680 1069 et
709 1012 885 1067 adhuc
910 1014 1182 1082 incognita
1224 1013 1356 1069 mibi
1386 1030 1566 1070 rerum
1606 1015 1760 1069 the0¢

204 1108 275 1164 ria
295 1104 627 1176 stupefactus,
666 1105 809 1161 sicut
832 1104 1018 1160 multis
1044 1105 1246 1171 evenit,
1280 1105 1333 1160 in
1363 1105 1537 1160 extasi
1581 1104 1758 1161 factus

204 1212 326 1252 sum.
353 1195 483 1261 Quis
505 1197 648 1249 enim
679 1194 918 1259 rudium,
945 1202 1001 1249 et
1045 1195 1283 1255 nondum
1312 1194 1757 1255 sublimis-simum

204 1286 402 1355 sophiae
455 1286 712 1340 verticem
774 1285 1219 1349 ascendentium,
1292 1284 1419 1340 talia
1490 1284 1753 1354 cogitans,

202 1375 376 1431 ruentis
393 1390 666 1431 secessum
692 1391 798 1439 non
817 1375 1079 1444 patiatur,
1103 1383 1380 1429 aeternam
1405 1387 1754 1428 numerorum

202 1482 226 1519 a
250 1466 494 1520 Creatore
521 1466 761 1520 onmium
784 1466 836 1519 in
863 1464 1093 1521 monade
1115 1464 1342 1518 audiens
1364 1463 1748 1526 conditionem,

200 1554 578 1623 coruudcmquc
632 1555 1030 1624 processionem
1094 1554 1151 1607 in
1202 1569 1400 1623 genera
1440 1563 1494 1608 et
1522 1553 1750 1623 species,

201 1646 244 1699 in
286 1644 467 1713 quibus
509 1643 627 1699 fieri
682 1644 956 1708 dicuntur,
1000 1643 1253 1713 quoniam
1290 1643 1342 1696 in
1383 1642 1464 1698 eis
1497 1642 1564 1696 ab
1597 1641 1753 1697 intel-

1863 472 2101 526 tudinem
2137 472 2304 539 raptis
2333 468 2584 539 apparuit
2610 466 2891 522 visibiliter
2917 466 2960 529 ’,
3006 464 3223 534 quando
3256 472 3431 518 trans-

1860 560 2114 616 formatio
2140 559 2350 614 Domini
2381 558 2523 612 facta
2548 556 2664 612 est?
2698 553 2814 611 Non
2853 554 2998 609 enim
3028 552 3279 607 audiendi
3310 559 3438 607 sunt

1860 651 1940 715 hi,
1972 651 2063 720 qui
2094 658 2302 720 putant,
2329 664 2453 704 eum
2494 647 2563 701 ad
2596 655 2806 715 tempus
2846 645 2901 699 in
2938 658 3162 713 corpore
3195 657 3439 698 resurre-

1859 742 2025 807 xisse,
2050 749 2123 811 _ut
2152 738 2312 795 simul
2354 754 2477 791 cum
2523 737 2634 793 Elia
2667 737 2721 792 in
2762 744 2944 791 monte
2972 734 3276 797 visibiliter,
3326 747 3436 792 non

1857 846 1958 903 per
1982 846 2043 887 se
2070 831 2249 885 anima
2279 829 2346 895 ⁸⁸,
2376 829 2468 883 sed
2497 828 2552 882 in
2578 841 2912 896 suoeorpore
2935 832 3235 903 appareret,
3252 832 3307 880 et
3328 823 3433 878 ite-

1859 898 1979 977 rum
2008 922 2077 976 ad
2111 920 2413 990 sepulcrum
2451 918 2692 975 rediisse.
2730 916 2860 984 Quis
2894 898 3022 986 ergo
3059 916 3302 971 dicturus
3324 922 3431 982 est,

1858 1029 1964 1084 qua
1991 1012 2201 1067 ratione
2230 1010 2409 1065 anima
2432 1010 2747 1078 incorporea
2770 1016 2823 1062 et
2847 1006 3132 1062 invisibilis
3157 1004 3435 1061 invisibili-

1857 1102 1960 1158 bus
2006 1101 2370 1171 apostolorum
2405 1098 2686 1170 spiritibus
2727 1096 2891 1152 veluti
2936 1095 3285 1165 corporaliter
3317 1096 3433 1152 visa

1858 1202 1964 1259 est,
1989 1208 2114 1248 cum
2143 1207 2239 1247 nec
2271 1192 2324 1246 in
2362 1205 2462 1245 suo
2487 1202 2715 1258 corpore
2734 1226 2749 1253 ,
2780 1203 2880 1243 nec
2909 1189 2962 1242 in
3002 1187 3180 1258 aliqua
3209 1187 3437 1243 materia

1858 1283 2123 1346 sensibili,
2148 1297 2242 1339 seu
2270 1281 2483 1336 aliunde
2504 1289 2778 1349 assumpta
2815 1280 3145 1349 apparuerit,
3178 1280 3270 1334 sed
3298 1294 3432 1347 qua-

1858 1376 1979 1431 dam
2021 1373 2275 1430 inelfabili
2321 1373 2535 1435 virtute,
2578 1372 2678 1428 soli
2719 1371 2826 1428 Deo
2874 1370 3110 1441 cognita,
3150 1368 3438 1440 invisibilis
3502 1428 3518 1439 ,

1857 1465 2078 1534 spiritus
2121 1463 2277 1533 quasi
2308 1462 2350 1495 “
2386 1461 2613 1519 visibilis
2648 1476 2745 1531 per
2782 1476 2841 1517 se
2873 1459 3049 1517 factus
3079 1460 3198 1516 est?
3227 1458 3366 1527 Quid
3388 1459 3434 1492 “

1856 1555 2100 1611 dicturus
2118 1569 2178 1608 cs
2192 1553 2238 1586 ⁸³
2258 1554 2324 1608 de
2346 1552 2527 1611 anima
2553 1551 2846 1622 prophetae
2862 1549 3144 1613 Samuelis,
3167 1548 3438 1618 quomodo

1859 1642 2201 1698 invisibiliter
2232 1650 2485 1710 tanquam
2519 1639 2745 1694 visibilis
2773 1638 2950 1693 locuta
2980 1646 3064 1694 est
3099 1636 3261 1693 Saul?
3299 1635 3437 1692 Nam

200 1737 400 1792 lactibus
434 1737 713 1805 patiuntur
745 1734 1004 1805 intelligi;
1040 1734 1302 1790 deindein
1320 1743 1567 1789 naturam
1597 1733 1758 1788 ratio-
1788 1728 1834 1788 Β
1860 1744 1918 1789 et
1945 1734 2077 1805 ipse,
2108 1733 2249 1789 sicut
2295 1732 2544 1802 apostoli,
2573 1731 2623 1785 iu
2656 1730 2848 1800 Spiritu
2895 1739 3082 1798 raptus
3119 1728 3240 1783 talia
3278 1726 3432 1782 vidit.

197 1827 399 1882 uabilem
426 1827 723 1881 secundam
748 1826 913 1881 veluti
941 1828 962 1866 π
993 1826 1423 1895 procreationem
1444 1866 1460 1891 ,
1496 1826 1752 1895 quoniam

203 1922 247 1976 ia
274 1938 329 1977 ea
359 1937 480 1983 suas
511 1922 741 1976 virtutes
766 1921 1103 1976 manifestius
1128 1928 1457 1991 propagant;
1483 1918 1674 1973 deinde
1695 1918 1751 1972 in

198 2012 433 2067 memoria
474 2000 834 2080 sensibusque
862 2010 1196 2081 phantasias,
1245 2011 1354 2065 imo
1392 2009 1557 2064 etiam
1604 2010 1759 2063 theo-

193 2102 391 2170 phanias
414 2102 1011 2173 accipientes—omne
1046 2101 1212 2166 enim,
1261 2102 1405 2172 quod
1450 2117 1516 2157 ex
1559 2112 1751 2155 natura

195 2206 351 2246 rerum
401 2191 453 2245 in
500 2191 764 2247 memoria
812 2192 1132 2256 formatum,
1155 2190 1472 2249 occasiones
1523 2204 1589 2244 ex
1640 2191 1752 2244 Deo

194 2283 366 2337 habere
378 2298 482 2338 non
504 2293 593 2338 est
615 2283 968 2338 dubitandum
989 2283 1299 2352 —-quodam
1323 2282 1483 2338 modo
1505 2281 1619 2336 fieri
1644 2297 1749 2337 non

191 2371 247 2426 de
267 2372 360 2427 alia
390 2371 645 2436 materia,
675 2372 771 2428 sed
809 2372 875 2429 de
901 2373 1210 2444 semetipsis
1240 2372 1406 2427 facti?
1440 2372 1591 2426 Nunc
1623 2386 1750 2426 vero

194 2460 333 2516 veluti
358 2460 777 2534 expergefactus
804 2464 856 2518 in
884 2479 971 2518 me
994 2463 1168 2533 ipsum
1189 2462 1425 2528 rediens,
1450 2461 1753 2516 interioris-

188 2564 277 2620 que
301 2551 512 2607 luminis
540 2553 753 2607 radium
771 2552 1098 2608 luculentius
1118 2552 1470 2623 perSpiciens,
1497 2566 1578 2615 ea,
1605 2566 1747 2622 quae

188 2658 214 2695 a
239 2650 284 2697 te
301 2644 436 2698 dicta
463 2652 617 2709 sunt,
640 2658 968 2714 cognoscere
993 2643 1211 2713 incipio.
1235 2641 1460 2698 Conaris
1485 2643 1631 2698 enim
1647 2681 1664 2708 ,
1693 2649 1753 2695 ut

184 2729 371 2800 rpinor,
411 2732 670 2797 suadere,
712 2747 902 2787 omnes
947 2746 1205 2787 numeros
1229 2746 1296 2787 ex
1326 2731 1558 2786 monade
1586 2730 1750 2786 veluti

187 2835 240 2874 cx
262 2823 480 2890 quodam
512 2823 666 2877 fonte
690 2832 992 2888 manantes,
1024 2824 1197 2878 instar
1217 2822 1446 2878 duorum
1471 2820 1750 2877 ﬂuminum

186 2925 241 2967 ex
259 2928 354 2966 una
383 2928 511 2967 vena
541 2915 873 2984 surgentium
898 2914 1180 2984 proﬂuere,
1195 2915 1358 2985 inque
1408 2916 1543 2971 duos
1568 2914 1752 2970 alveos

186 3013 482 3073 segregatos,
537 3020 770 3074 quorum
804 3022 942 3061 unus
973 3020 1071 3074 per
1105 3007 1394 3061 interiores
1436 3018 1599 3075 poros
1648 3020 1747 3059 na-

1858 1825 2135 1894 Siquidem
2187 1822 2438 1878 credendi
2471 1837 2576 1877 non
2601 1829 2748 1885 sunt,
2770 1819 2860 1889 qui
2882 1820 3085 1885 dicunt,
3108 1834 3214 1874 non
3237 1818 3433 1889 ipsum,

1853 1918 1947 1973 scd
1976 1915 2192 1987 aliquod
2231 1914 2544 1986 figmentum
2592 1913 2647 1976 in
2688 1911 3037 1983 similitudine
3076 1909 3242 1980 ipsius
3270 1923 3436 1979 appa-

1852 2009 2054 2072 ruisse,
2087 2006 2361 2077 indignum
2385 2003 2691 2075 iudicantes
2726 2003 2961 2057 animam
3001 2008 3245 2057 sanctam
3277 1999 3323 2031 “
3353 1999 3438 2055 in-

1852 2099 2248 2156 cantationibus
2274 2097 2620 2168 pythonissae
2640 2096 2708 2151 ab
2740 2095 2785 2127 ¹⁸
2822 2094 3007 2151 inferis
3037 2094 3300 2160 revocari,
3326 2110 3434 2150 non

1852 2188 2343 2247 animadvertentes
2383 2187 2622 2243 divinam
2662 2185 3057 2265 providentiam
3097 2199 3201 2240 non
3253 2183 3431 2239 minus
3527 2234 3533 2240 .

1850 2295 1949 2351 per
1975 2279 2302 2342 immundos,
2333 2292 2495 2347 quam
2537 2292 2634 2347 per
2675 2276 2905 2331 mundos
2928 2275 3148 2345 spiritus
3184 2283 3433 2330 naturam

1851 2384 2035 2431 rerum,
2080 2369 2481 2424 administrare.
2530 2366 2755 2423 Constat
2796 2373 3009 2430 autem,
3057 2364 3294 2418 animam
3336 2364 3434 2419 Sa-

1850 2459 2044 2519 muelis
2068 2458 2113 2492 “
2137 2474 2235 2531 per
2265 2472 2327 2514 se
2366 2458 2536 2528 ipsam
2561 2456 2716 2526 quasi
2751 2457 2794 2490 ¹⁷
2840 2453 3124 2511 visibiliter
3159 2455 3265 2508 non
3297 2454 3345 2488 “
3379 2456 3433 2510 in

1852 2564 2098 2621 corpore,
2133 2564 2233 2605 nec
2263 2549 2317 2605 in
2355 2547 2536 2617 aliqua
2567 2543 2918 2601 similitudine
2950 2542 3280 2599 consulentis
3311 2557 3433 2599 eam

1851 2644 1994 2714 regis
2026 2642 2241 2699 animae
2278 2640 2629 2710 prophetasse
2656 2636 2722 2691 ³⁸.
2768 2636 2836 2691 Et
2879 2635 2924 2691 si
2971 2633 3110 2691 forte
3140 2634 3300 2690 alicui
3330 2635 3434 2690 hoc

1850 2737 2066 2792 videtur
2091 2733 2406 2791 incredibile
2434 2732 2520 2789 vel
2542 2730 2767 2788 dubium
2797 2729 2863 2795 ³⁸,
2887 2728 3033 2798 legat
3054 2735 3303 2782 sanctum
3329 2725 3434 2780 Au-

1851 2829 2123 2901 gustinum
2153 2827 2207 2883 in
2235 2826 2375 2882 libro
2403 2825 2469 2880 de
2495 2839 2628 2880 cura
2671 2822 3068 2877 defunctorum.
3112 2817 3222 2873 Nos
3248 2821 3428 2873 autem

1850 2920 1917 2975 ad
1946 2917 2385 2973 manifestissima
2416 2924 2642 2970 naturae
2677 2911 2922 2981 exempla
2957 2925 3333 2974 recurramus,
3360 2909 3427 2963 de

1852 3011 2050 3081 quibus
2075 3023 2231 3067 nemo
2254 3015 2402 3063 recte
2432 3003 2924 3076 philosophantium
2944 2999 3243 3058 contendit.
3273 2999 3421 3055 Dtsc.

186 3102 335 3161 turne,
366 3096 466 3153 hoc
498 3105 610 3161 est,
656 3110 753 3166 per
808 3096 1160 3162 intellectum,
1191 3105 1245 3150 et
1274 3096 1558 3159 rationem,
1604 3094 1740 3149 alter
1768 3102 1813 3166 ο
1845 3105 1962 3169 Περ,
1992 3116 2214 3172 quaeso,
2243 3113 2381 3170 quae
2405 3105 2530 3155 sunt
2548 3096 2660 3151 illa.

184 3198 293 3240 vero
322 3202 413 3256 per
437 3188 747 3243 exteriores
772 3187 1062 3242 visibilium
1092 3202 1272 3243 rerum
1298 3188 1509 3257 species
1540 3188 1736 3242 derur-

184 3278 243 3330 rit
268 3278 287 3309 '
311 3288 361 3332 et
388 3294 484 3348 per
530 3295 749 3342 sensus,
776 3280 948 3335 donec
976 3279 1136 3335 simul
1172 3280 1227 3334 in
1263 3280 1579 3336 memoriam
1604 3295 1734 3335 cou-

183 3364 342 3431 ﬂuant,
370 3370 421 3422 in
447 3385 561 3439 qua
596 3369 962 3437 multipliciter
992 3368 1312 3427 formantur.

241 3453 313 3507 15.
353 3455 454 3512 Sed
477 3457 757 3528 quomodo
785 3457 806 3487 ⁸⁵
830 3472 918 3513 res
957 3457 1324 3527 incorporeae,
1350 3467 1405 3513 et
1429 3475 1534 3513 non
1562 3458 1736 3514 solum

184 3555 209 3595 ι
227 3547 477 3614 sensibus,
504 3562 699 3602 verum
725 3548 889 3601 etiam
913 3564 979 3602 ex
1007 3547 1290 3610 memoria,
1319 3547 1577 3616 omnique
1603 3547 1738 3602 ima-

183 3633 419 3699 ginatione
485 3651 623 3706 prae
688 3636 853 3691 nimia
930 3651 1063 3690 suae
1125 3644 1350 3691 naturae
1419 3637 1735 3693 excellentia

179 3732 405 3787 remotae,
433 3724 486 3778 in
515 3725 779 3780 memoria
803 3725 1139 3791 sensibusve,
1167 3726 1269 3780 hoc
1287 3734 1391 3791 est,
1408 3726 1461 3780 in
1491 3726 1737 3797 imagini-

177 3806 262 3862 bus
285 3811 687 3882 \a'sibilibusque
728 3814 917 3883 figuris
944 3814 1107 3869 veluti
1145 3814 1466 3883 quibusdam
1496 3818 1736 3885 corpori-

175 3896 261 3956 bus
284 3903 483 3971 possint
525 3903 550 3935 '
578 3918 849 3974 ,apparere
870 3946 884 3969 ,
928 3919 1035 3959 non
1073 3904 1206 3959 satis
1240 3905 1414 3959 video.
1452 3904 1591 3959 MAG.
1624 3906 1737 3962 lloc

177 4000 267 4042 uno
290 3993 531 4063 exemplo
566 4000 735 4049 totum
783 4002 834 4047 te
882 3992 1186 4065 intelligere
1208 3996 1404 4050 sentio.
1453 3994 1530 4048 lta
1569 3996 1734 4063 enim,

174 4086 224 4131 ut
246 4079 439 4148 dixisti,
476 4098 545 4138 ex
581 4084 809 4139 monade
841 4085 1049 4139 numeri
1082 4094 1335 4150 manant,
1372 4094 1425 4141 et
1456 4086 1510 4139 in
1534 4100 1736 4140 memo-

175 4168 289 4224 riam
319 4176 340 4207 ⁸
372 4175 673 4230 conﬂuunt.
699 4175 774 4231 De
792 4191 857 4231 eo
886 4188 1091 4243 autem,
1114 4178 1255 4247 quod
1277 4194 1381 4232 non
1405 4180 1538 4234 satis
1562 4180 1732 4243 vides.

173 4260 333 4332 accipe
355 4267 494 4335 quod
527 4267 729 4320 sentio.
762 4265 1131 4337 Spiritualium
1151 4282 1331 4322 rerum
1362 4276 1552 4323 natura
1579 4284 1683 4322 non
1712 4270 1733 4301 ⁷

174 4348 235 4402 ita
294 4355 841 4425 contemplatiouibus
905 4358 1104 4412 mentis
1151 4358 1596 4437 succumbit,_ut
1639 4373 1735 4428 per

1912 3255 1999 3311 ll.
2021 3254 2159 3309 MAG.
2190 3253 2418 3308 Formas
2441 3266 2619 3307 rerum
2644 3250 2989 3320 incorporeas
3010 3263 3131 3304 esse
3153 3247 3422 3317 sapientes

1841 3349 2043 3403 dicunt.
2097 3347 2335 3402 Eaudem
2387 3358 2600 3415 quoque
2660 3342 2982 3397 sententiam
3032 3340 3098 3396 de
3156 3336 3427 3393 coloribus

1837 3441 2145 3511 proferunt;
2170 3453 2265 3493 eos
2284 3436 2785 3505 euimincorporeos
2803 3447 2923 3487 esse
2939 3445 3063 3485 vera
3084 3428 3289 3482 ratione
3302 3442 3428 3481 con-

1838 3531 1974 3587 sulta
1995 3529 2363 3601 pronuntiant.
2387 3527 2533 3582 Dtsc.
2555 3524 2809 3594 Quisquis
2833 3522 2957 3577 inde
2977 3519 3200 3585 dubitat,
3220 3518 3360 3572 inter
3379 3517 3423 3550 “

1837 3624 2180 3695 philosophos
2206 3622 2381 3677 locmn
2433 3636 2537 3675 non
2562 3618 2742 3674 habet.
2790 3614 2928 3671 MAG.
2975 3613 3032 3669 Si
3054 3628 3183 3684 ergo
3218 3611 3425 3667 formae

1838 3727 1998 3787 atque
2029 3715 2236 3770 colores
2264 3715 2315 3768 in
2344 3727 2568 3767 numero
2597 3725 2778 3766 rerum
2819 3705 3234 3777 ineorporalium
3267 3719 3420 3760 com~

1836 3817 2117 3880 putantur,
2162 3822 2264 3875 qua
2313 3806 2520 3859 ratione
2563 3801 2811 3858 sensibus
2856 3798 3133 3869 corporeis
3169 3810 3422 3851 succum-

1837 3900 1991 3963 bunt,
2020 3895 2279 3967 profer,si
2308 3904 2473 3964 potes.
2498 3892 2666 3949 Omne
2692 3892 2856 3954 enim,
2886 3888 3028 3959 quod
3055 3902 3149 3958 per
3166 3886 3352 3941 oculos
3375 3884 3422 3915 "

1838 3990 2087 4053 sentitur,
2146 4002 2250 4042 non
2294 3985 2450 4039 aliter
2496 3982 2596 4057 nisi
2641 3981 2694 4035 in
2740 3980 2909 4034 forma
2956 3978 3194 4034 colorata
3232 3972 3422 4030 sentiri

1836 4091 2034 4153 potest.
2061 4082 2206 4137 Disc.
2257 4077 2483 4132 Formas
2511 4081 2563 4127 ct
2588 4072 2795 4126 colores
2821 4084 2917 4139 per
2940 4084 2999 4124 se
3028 4080 3288 4137 apparere
3311 4077 3418 4118 non

1836 4188 1998 4246 posse
2026 4172 2274 4246 aestimo,
2307 4168 2358 4222 in
2390 4163 2621 4233 quadam
2646 4176 2774 4216 vero
2798 4159 3024 4215 materia
3048 4158 3149 4213 sibi
3177 4156 3416 4226 subjecta

1837 4241 2116 4333 apparen't.
2154 4258 2295 4313 ΜΑο.
2337 4254 2503 4308 Miror
2531 4251 2704 4316 valde,
2728 4266 2825 4304 cur
2849 4258 2956 4303 tam
2996 4247 3153 4317 longe
3180 4241 3419 4333 aﬂphilo-

1838 4332 2026 4423 sophia
2061 4349 2285 4406 recedis.
2312 4347 2459 4402 Dtse.
2493 4342 2686 4398 Nescio
2710 4340 2817 4395 ubi.
2846 4340 2990 4396 illac.
3023 4337 3137 4393 Non
3170 4345 3221 4391 te
3249 4332 3428 4389 sentis

172 4439 350 4511 singula
377 4444 442 4500 de
469 4445 581 4509 his,
604 4460 743 4514 quae
769 4448 834 4501 de
854 4461 941 4510 ea,
960 4447 1041 4501 vel
1064 4448 1116 4501 in
1143 4462 1230 4512 ea,
1256 4447 1338 4502 vel
1368 4428 1592 4518 peream
1616 4464 1732 4518 per-
1761 4450 1809 4508 ι)
1835 4456 2045 4499 errasse
2065 4482 2080 4506 ,
2122 4438 2336 4508 quando
2374 4435 2557 4492 dixisti
2582 4476 2598 4500 ,
2651 4433 2848 4488 formas
2884 4438 2940 4484 et
2981 4428 3187 4484 colores
3224 4441 3323 4496 per
3357 4439 3428 4480 se

170 4540 404 4598 agnurtur,
455 4535 728 4589 rationem
760 4535 1065 4590 reddamus.
1115 4536 1282 4590 Multa
1310 4537 1454 4592 enim
1482 4537 1533 4591 in
1560 4553 1623 4593 ea
1647 4552 1732 4592 so-

171 4612 263 4670 lent
302 4635 604 4691 apparere,
663 4639 801 4693 quae
852 4640 959 4678 non
1004 4626 1299 4681 secundum
1363 4627 1606 4697 cognitas
1647 4626 1732 4683 vel

171 4704 440 4780 incognitas
480 4713 659 4784 ipsius
699 4713 860 4784 leges,
903 4714 995 4770 sed
1029 4714 1167 4769 ultra
1196 4730 1413 4770 onmem
1450 4716 1621 4787 legem
1651 4717 1731 4771 di-

171 4797 275 4853 vina
310 4804 629 4871 voluntate,
688 4820 828 4873 quae
868 4806 1012 4861 nulla
1058 4806 1172 4877 lege
1218 4807 1593 4870 concluditur,
1646 4818 1729 4863 est

168 4890 286 4973 enim
308 4894 389 4949 lex
415 4896 599 4968 legum
625 4905 681 4953 et
707 4898 845 4952 ratio
875 4899 1168 4964 rationum,
1196 4899 1426 4955 mirabili
1456 4909 1511 4955 et
1542 4898 1727 4954 iuell‘a-

166 4976 241 5033 bili
270 4986 420 5039 modo
448 4987 608 5041 fiunt.
637 4987 769 5056 Quis
802 4989 945 5043 enim
981 4991 1241 5043 rationem
1281 4998 1456 5059 potest
1484 4990 1726 5055 reddere,

163 5066 199 5119 si
226 5070 585 5146 interrogatus
611 5076 797 5144 fuerit,
825 5078 1092 5147 quomodo
1129 5078 1181 5133 in
1221 5079 1415 5149 Spiritu
1456 5079 1477 5110 ⁸
1518 5078 1730 5151 Moyses

1838 4549 1946 4587 non
1976 4544 2132 4604 posse
2161 4527 2408 4584 sensibus
2455 4525 2828 4587 succumbere,
2857 4521 2959 4575 nisi
3004 4519 3056 4575 in
3090 4518 3267 4586 aliqua
3299 4530 3429 4569 ma-~

1836 4623 1991 4684 teria,
2014 4636 2134 4677 cum
2160 4620 2274 4688 ipsa
2292 4618 2515 4671 materia
2537 4616 2605 4682 “,
2622 4629 2814 4670 careus
2834 4611 3005 4668 forma
3028 4618 3189 4678 atque
3211 4605 3425 4670 colore,

1832 4712 2052 4788 omnino
2082 4707 2365 4763 invisibilis
2398 4707 2469 4760 sit
2497 4715 2553 4760 et
2582 4706 2928 4774 incorporea;
2956 4719 3018 4756 ac
3046 4716 3144 4770 per
3171 4701 3274 4754 hoc
3319 4711 3415 4751 ne-

1832 4818 1982 4859 cesse
2009 4809 2110 4868 est,
2146 4800 2405 4853 rationem
2454 4794 2666 4859 reddas,
2710 4797 2977 4863 quomodo
3019 4791 3225 4846 formae
3263 4788 3311 4820 “
3359 4794 3417 4843 et

1831 4899 2060 4963 colores,
2101 4897 2227 4950 dum
2268 4894 2618 4962 incorporcae
2662 4900 2884 4944 naturae
2913 4888 3036 4950 sint,
3084 4886 3135 4939 iu
3188 4881 3415 4939 materia

1831 5005 1926 5060 per
1954 5004 2011 5043 se
2038 4988 2205 5058 ipsam
2236 4984 2283 5016 ⁸⁸
2311 4983 2670 5047 considerata,
2702 4981 2802 5035 hoc
2829 4988 2935 5044 est,
2985 4978 3101 5033 sine
3131 4977 3299 5030 forma
3331 4982 3415 5027 at-

1833 5096 1938 5148 que
1967 5079 2146 5135 colore
2192 5074 2511 5146 iueorporali
2537 5080 2765 5142 possunt
2792 5070 2839 5104 “
2877 5070 3123 5126 sensibus
3163 5078 3417 5122 succum-

1418 5210 1672 5265 VARIAE
1708 5208 2106 5267 LECTIONES.

222 5295 235 5322 ¹
265 5307 310 5348 et
350 5313 463 5352 om.
521 5299 566 5352 A

158 5374 402 5482 Ἠιοιιὶωη.
480 5369 503 5399 ⁸
529 5369 574 5423 C
598 5381 826 5437 possunt.

276 5444 316 5476 ιι
345 5438 500 5482 transi
528 5453 637 5482 nnL
673 5441 725 5482 ΔΔ
803 5442 821 5474 ι

180 5429 209 5507 ξ·
276 5444 316 5476 ⁸³
345 5438 500 5507 quasi
528 5429 640 5492 οιίι.
665 5441 726 5492 Α.
803 5442 847 5474 ⁸³
886 5441 927 5494 Α
961 5439 1131 5505 Quod,

162 5499 196 5571 ξ’
218 5499 369 5571 (μιαιῖ
389 5522 503 5560 om.
538 5508 603 5560 Α.

163 5567 238 5622 hoc
270 5576 491 5628 videtur.
573 5580 615 5611 ²⁸
646 5582 686 5633 Α
713 5582 868 5634 intra.
945 5581 988 5611 ’³
1019 5595 1113 5651 per
1139 5578 1315 5634 oculos
1341 5594 1447 5635 om.
1488 5580 1552 5634 Δ.

159 5657 244 5696 κοῒ
266 5656 509 5715 pnasunt.

906 5371 927 5402 ⁸
950 5372 990 5423 Α
1014 5372 1281 5424 memoria.

1212 5440 1256 5472 ¹³
1279 5441 1321 5492 A
1356 5447 1450 5492 est.

672 5303 692 5331 ³
722 5302 761 5354 Α
822 5302 1193 5356 rationabilem
1246 5301 1570 5364 secundam;
1631 5303 1785 5355 veluti
1836 5300 2116 5355 secundant
2159 5301 2376 5367 οτηερ.
2431 5302 2441 5312 ’
2495 5300 2664 5367 Α’γᾼδῆε
2713 5300 2786 5356 C,
2836 5300 3174 5367 Auderem-er.

1360 5370 1379 5401 ⁷
1404 5386 1506 5422 nou
1538 5360 1647 5424 om.
1685 5374 1749 5424 Α.
1822 5372 1845 5405 ⁸
1871 5372 1923 5424 in
1939 5369 2123 5438 spiritu
2144 5384 2252 5438 um.
2279 5365 2349 5438 A.
2406 5364 2860 5438 ¹λυίεςὶὺὶίὶῑιειχοιιι.Δ
3008 5360 3062 5438 _‘_°
3080 5360 3265 5438 grtiam
3294 5371 3405 5438 oni.

1531 5441 1573 5470 “
1613 5442 1657 5495 Α
1691 5433 2099 5494 sacrosanctam.
2176 5436 2222 5469 “
2245 5433 2928 5506 pytliouissaepotuisseab.

681 5510 724 5542 ⁸⁸
754 5528 856 5564 non
880 5527 988 5565 oin.
1021 5510 1080 5565 C.
1159 5509 1202 5540 ⁸⁹
1231 5511 1272 5579 A
1300 5508 1591 5566 consulenti
1639 5526 1751 5563 eam
1791 5510 1896 5579 regi
1928 5509 2300 5579 proplianassc.

1641 5581 1685 5612 ³³
1711 5584 1753 5634 Α
1780 5578 1900 5636 cum
1930 5578 2145 5633 Materia
2176 5578 2305 5647 ipsa.

2431 5302 2441 5312 '
2503 5293 2524 5325 ³
2575 5292 2664 5349 Sic
2713 5291 2786 5356 C,
2836 5293 2879 5345 Δ
2929 5291 3219 5344 decurrere.
3318 5286 3408 5339 Ἀ

3007 5430 3051 5460 ⁸⁸
3075 5428 3114 5482 C
3131 5426 3403 5480 Samuhel.

2388 5507 2432 5537 ’°
2462 5506 2505 5559 Λ
2538 5494 2698 5557 alicui
2739 5500 3029 5556 incredibili
3071 5497 3143 5550 vel
3181 5494 3397 5548 dubium

2399 5578 2443 5607 "'
2474 5577 2512 5622 Α
2554 5575 2743 5622 forma.
2840 5571 2884 5601 "
2914 5573 2956 5622 Λ
2982 5586 3038 5622 st:
3067 5569 3201 5621 ἱυάεε.
3299 5559 3342 5589 ²⁶
3367 5564 3413 5622 C

2399 5578 2443 5607 ¹”’
2473 5577 2515 5628 Δ
2551 5575 2743 5643 (arma.
2840 5571 2884 5601 "
2914 5573 2956 5624 Λ
2982 5586 3038 5633 se
3067 5569 3201 5621 inda.
