3912 6154
411 269 518 333 663

1780 254 1898 315 IOA
1907 256 2060 313 N315
2096 252 2300 313 SCOTI‘

2734 230 2785 238 νυν

405 387 561 447 “bere,
599 382 823 454 proinde
870 377 1295 436 ratiocinabiiius
1337 373 1564 437 diceres,
1602 371 1884 426 materiam
1918 372 1995 425 in—
2021 372 2073 432 Α
2097 370 2178 424 eis
2224 366 2511 439 procedat,
2559 373 2613 420 et
2664 364 2715 419 in
2765 365 2846 420 eis
2881 363 3169 419 causaliter
3216 363 3498 422 subsistat.
3534 365 3695 425 una,

415 476 642 530 formem
674 474 726 527 in
757 471 1025 528 coloribus
1050 483 1113 523 ac
1152 466 1363 529 formis,
1401 479 1562 534 quam
1601 461 1804 517 formas
1832 468 1995 530 atque

416 564 627 618 colores
680 563 730 615 in
785 560 1010 615 materia
1042 599 1057 623 ,
1119 555 1443 612 sensibiliter
1495 568 1777 623 apparere.
1843 552 1992 606 Disc.

413 650 570 705 Nunc
619 665 702 705 me
750 663 963 704 errasse
1018 661 1123 701 non
1190 646 1434 714 denego,
1484 641 1651 696 falsae
1708 641 1997 696 ratiocina-

417 743 579 800 tionis
628 739 1018 796 consuetudine
1069 737 1347 805 deceptus,
1391 742 1445 787 et
1484 732 1630 803 jam,
1661 732 1789 800 quid
1818 745 1995 802 agam,

415 832 633 903 penitus
678 832 885 902 ignoro.
941 828 1082 883 Man.
1138 823 1535 880 Recordarisne
1559 862 1573 887 ,
1605 821 1733 890 quid
1774 821 1840 875 de
1881 820 1998 889 ipsa

416 924 642 980 materia
689 923 741 977 in
782 923 959 992 primo
1003 921 1142 976 libro
1185 920 1327 974 inter
1355 933 1455 973 nos
1508 925 1592 972 est
1622 915 1927 971 confectum
1956 914 1996 979 ι,

414 1015 505 1070 ubi
532 1016 553 1047 '
597 1030 660 1070 ex
704 1012 1117 1084 intelligihilium
1169 1011 1312 1066 coitu
1382 1010 1553 1078 ipsam
1595 1006 1709 1061 lieri
1760 1006 2001 1075 disputa-

413 1104 637 1160 vimus?
689 1104 1029 1170 Quantitatcs
1086 1100 1362 1174 siquidem
1422 1107 1479 1153 et
1514 1096 1830 1168 qualitates,
1869 1094 1998 1149 dum

414 1212 515 1268 per
561 1212 620 1251 se
668 1195 1019 1264 incorporeas
1051 1193 1179 1255 sint,
1233 1191 1287 1244 in
1322 1206 1490 1244 unum
1524 1204 1653 1243 vero
1680 1188 1700 1219 ³
1742 1195 2001 1242 coeuntes

414 1284 704 1339 informem
761 1282 997 1338 eliiciunt
1046 1281 1371 1345 materiam,
1420 1294 1559 1348 quae
1609 1278 1835 1347 adjectis
1885 1275 2000 1331 for-

415 1377 521 1430 mis
579 1374 955 1449 coloribusqne
1026 1372 1361 1442 incorporeis
1408 1371 1461 1424 in
1514 1370 1728 1424 diversa
1771 1382 2000 1437 corpora

415 1476 683 1523 movetur.
711 1467 850 1521 Disc.
880 1465 1159 1519 Recordor
1182 1477 1332 1517 sane.
1362 1461 1500 1517 Mss.
1525 1460 1601 1516 Ex
1628 1461 1789 1515 rebus
1819 1460 2001 1529 itaque

416 1556 850 1625 incorporalibns
915 1570 1140 1624 corpora
1204 1562 1518 1609 nascuntur.
1575 1552 1722 1607 DISC.
1791 1550 2002 1622 Negare

322 1712 325 1713 ν
414 1665 524 1705 non
555 1664 804 1718 possum;
855 1648 1147 1717 praedictis
1192 1645 1337 1699 enim
1383 1643 1681 1698 rationibus
1715 1641 2000 1697 collectum

2097 459 2240 515 Sane
2270 458 2540 529 intelligis.
2569 455 2821 523 Proinde,
2851 458 2905 511 ni
2946 456 3124 523 fallor,
3154 471 3257 512 non
3287 459 3529 530 negabis,
3554 475 3678 516 oms

2096 549 2185 604 nia
2231 563 2458 619 corpora
2505 547 2799 617 composita
2853 556 2909 602 et
2967 546 3242 614 solubilia,
3294 564 3433 619 quae
3483 560 3686 609 natura

2096 653 2278 694 rerum
2331 638 2352 669 ’
2412 638 2654 694 omnium
2703 647 3005 692 extremum
3057 639 3306 694 obtinent
3351 640 3561 709 locum,
3619 644 3687 701 de

2097 726 2277 798 aliquo
2306 743 2442 792 esse,
2476 744 2582 783 non
2610 737 2792 783 autem
2820 729 2887 784 de
2912 729 3099 785 nihilo.
3129 730 3276 788 Disc.
3306 730 3425 788 Non
3451 734 3683 806 negabo.

2101 822 2177 877 Ex
2210 823 2561 892 qualitatibus
2600 823 2746 878 enim
2787 832 2843 879 et
2862 823 3258 892 quantitatibus
3280 825 3610 896 simplicium
3635 839 3689 889 et

2099 912 2445 969 invisibilium
2474 929 2792 984 corporum,
2827 915 3187 985 sensibusque
3218 916 3686 987 incomprehensi-

2100 1003 2287 1061 bilium
2318 1003 2644 1071 eﬂiciuntur,
2671 1020 2812 1075 quae
2854 1017 3140 1076 propterea
3188 1007 3456 1065 elementa
3477 1026 3684 1067 vocan-

2102 1106 2209 1162 tur,
2256 1098 2511 1168 quoniam
2556 1114 2625 1154 ex
2678 1098 2889 1154 illorum
2933 1114 3203 1157 concursu
3247 1102 3429 1157 omnia
3453 1118 3683 1175 corpora

2100 1189 2350 1257 componi
2374 1198 2684 1244 naturarum
2705 1190 3057 1261 inquisitores
3083 1191 3255 1259 aiunt,
3275 1201 3331 1248 et
3354 1193 3408 1250 in
3432 1210 3497 1250 ea
3525 1196 3687 1265 solvi,

2099 1287 2155 1334 et
2183 1279 2237 1332 in
2265 1279 2345 1333 eis
2381 1279 2600 1333 salvari.
2629 1278 2907 1335 Catholica
2944 1295 3162 1350 quoque
3197 1281 3376 1338 solent
3404 1283 3685 1355 appellari,

2102 1369 2154 1425 id
2184 1379 2300 1436 est,
2336 1370 2695 1437 universalia;
2732 1386 2800 1427 ex
2854 1372 2986 1443 ipsis
3025 1373 3291 1443 siquidem
3319 1376 3540 1447 propria
3567 1377 3685 1434 sin-

2101 1459 2349 1531 gulorum
2399 1475 2626 1531 corpora
2679 1461 2833 1517 fiunt.
2888 1462 3088 1519 lterum
3143 1463 3407 1520 elementa
3456 1481 3564 1522 non
3621 1466 3687 1523 de

2102 1550 2272 1604 nihilo
2307 1549 2467 1614 facta,
2500 1551 2593 1606 sed
2634 1566 2701 1608 ex
2724 1552 3161 1622 primordialibus
3191 1555 3369 1610 causis
3389 1557 3688 1625 procedere

2103 1638 2295 1696 fateor.
2326 1640 2473 1709 Quas
2502 1643 2876 1711 primordiales
2905 1659 3097 1701 causas
3127 1646 3284 1701 simul
3324 1656 3380 1703 et
3432 1650 3604 1706 semei
3636 1652 3686 1707 in

414 1749 520 1797 est.
552 1740 690 1797 MAG.
721 1741 957 1809 Corpora
980 1753 1112 1808 ergo
1151 1753 1256 1791 non
1283 1737 1348 1790 de
1376 1734 1567 1798 nihilo,
1600 1733 1695 1789 sed
1722 1733 1787 1787 de
1817 1732 1996 1801 aliquo
2030 1724 2075 1784 Β
2106 1733 2283 1790 Verbo
2314 1735 2408 1791 Dei
2455 1735 2626 1791 factas
2672 1735 2850 1793 nullus
2897 1736 3133 1794 fidelium
3188 1740 3417 1806 dubitat,
3459 1743 3686 1800 audiens

415 1831 574 1888 fiunt.
604 1829 719 1884 Non
752 1830 893 1883 enim
927 1828 1049 1899 quis
1078 1826 1305 1888 dixerit,
1337 1825 1639 1894 praedictas
1685 1838 1871 1878 eorum
1905 1837 2000 1878 oc-

416 1920 663 1977 casiones
684 1920 815 1975 nihil
843 1935 983 1984 esse,
1016 1920 1117 1973 hoc
1141 1928 1225 1973 est
1253 1917 1586 1986 quantitates
1612 1926 1666 1970 et
1687 1915 2001 1984 qualitates,

414 2010 620 2067 formas
645 2012 730 2066 vel
764 2012 1001 2082 species,
1036 2010 1246 2065 colores
1270 2050 1284 2074 ,
1320 2008 1601 2063 intervalla
1631 2006 2002 2079 longitudinis,

415 2100 733 2166 latitudinis,
762 2100 1082 2166 altitudinis,
1113 2108 1167 2154 et
1197 2114 1320 2154 cum
1367 2098 1453 2153 his
1486 2098 1603 2154 loca
1638 2106 1694 2152 et
1737 2106 2002 2167 tempora.

416 2195 567 2262 Quae
609 2196 651 2250 si
703 2194 1055 2257 abstraxeris,
1100 2207 1324 2262 corpora
1367 2207 1469 2245 non
1517 2199 1675 2245 erunt
1714 2192 1770 2255 ’ς
1805 2190 1851 2246 si
1888 2205 1950 2245 ea
1982 2190 2005 2222 ⁸

421 2284 787 2349 conjunxeris,
818 2300 943 2338 mox
977 2280 1303 2345 etiiciuntur,
1327 2281 1442 2337 sive
1470 2281 1759 2346 catholica,
1791 2288 1849 2335 ut
1879 2287 2006 2336 sunt

418 2385 679 2444 quattuor
704 2374 887 2429 mundi
919 2374 1153 2427 maxima
1190 2388 1438 2443 corpora,
1473 2373 1587 2427 sive
1608 2373 1855 2442 propria,
1885 2386 2007 2443 spe-

417 2461 838 2530 cialissimisque
901 2460 1063 2514 rebus
1112 2459 1421 2515 distributa.
1473 2459 1624 2527 Quae
1682 2468 1876 2516 cuncta
1937 2475 2005 2515 ex

417 2560 673 2623 quattuor
698 2550 1033 2620 simplicibus
1058 2550 1342 2606 elementis
1361 2550 1612 2622 componi
1639 2567 1743 2607 non
1762 2552 2005 2623 negabis,

419 2654 477 2701 ut
529 2644 752 2714 Opinor,
796 2643 1052 2713 quoniam
1100 2643 1156 2698 in
1204 2659 1267 2699 ea
1318 2645 1678 2700 resolvuntur.
1710 2645 1858 2701 DIBC.
1889 2644 2004 2701 Non

422 2736 652 2806 negabo,
695 2733 790 2789 sed
822 2732 908 2786 illa
948 2732 1215 2789 elementa
1254 2749 1352 2804 per
1392 2749 1451 2789 se
1483 2734 1770 2806 simplicia,
1800 2750 2007 2808 suaque

422 2826 811 2896 t-niiipositione
843 2824 1083 2878 omnium
1112 2839 1400 2896 corporum
1436 2825 1677 2882 cliectiva
1698 2867 1714 2894 ,
1745 2828 1810 2883 de
1838 2828 2007 2884 nihilo

420 2934 539 2973 esse
572 2918 710 2973 facta
758 2919 1009 2976 dixerim.
1038 2921 1178 2977 MAG.
1213 2921 1351 2989 Quid
1379 2937 1508 2993 ergo
1545 2922 1790 2978 dicturus
1833 2938 1894 2979 es
1938 2923 2007 2980 de

421 3011 602 3095 causis
635 3011 1067 3081 primordialibus
1103 3013 1159 3078 ⁸,
1201 3013 1267 3068 de
1305 3013 1501 3084 quibus
1536 3014 1700 3069 multa
1729 3015 2006 3072 diximus?

2103 1825 2419 1904 pmphetam
2445 1826 2712 1882 dicentem
2734 1826 2843 1883 Deo
2871 1844 2885 1881 :
2912 1826 3103 1883 Omnia
3132 1831 3189 1884 in
3214 1831 3471 1901 sapientia
3496 1833 3684 1904 fecisti,

2104 1895 2447 1986 frontem'que
2493 1932 2682 1973 sacrae
2732 1917 3050 1990 Scripturae
3076 1895 3373 1993 aspiciens,
3403 1895 3511 1994 qua

2103 2013 2253 2075 ptum
2296 2015 2414 2061 est:
2444 2005 2511 2062 In
2540 2009 2797 2079 principio
2823 2010 2945 2080 fecit
2972 2010 3113 2067 Dens
3139 2002 3339 2068 caelum
3373 2025 3423 2069 ει
3466 2026 3685 2076 terra.

2106 2091 2245 2149 Mss.
2283 2094 2471 2150 Restat
2498 2111 2648 2168 ergo.
2676 2107 2734 2153 ut
2766 2114 3091 2168 quaeramus
3117 2101 3183 2156 de
3212 2102 3343 2172 ipsis
3362 2104 3692 2173 primordia-

2105 2183 2246 2239 libus
2286 2186 2486 2252 causis,
2515 2197 2696 2243 utrum
2727 2189 2780 2245 in
2812 2191 2988 2247 Verbo
3036 2192 3127 2247 Dei
3158 2193 3226 2249 de
3254 2195 3420 2250 nihilo
3460 2206 3588 2252 sunt
3609 2196 3684 2253 fa-

2108 2284 2247 2341 ctae,
2280 2292 2347 2331 au
2392 2293 2606 2348 semper
2653 2281 2706 2335 in
2752 2295 2818 2336 eo
2864 2284 3058 2337 erant?
3102 2284 3169 2339 Et
3204 2286 3251 2339 si
3286 2302 3500 2357 semper
3535 2290 3587 2346 in
3621 2306 3687 2347 eo

2109 2375 2285 2432 erant,
2319 2383 2424 2422 non
2456 2378 2597 2436 erat,
2626 2372 2843 2441 quando
2872 2388 2977 2428 non
3008 2386 3164 2430 erant
3182 2416 3199 2441 ,
3224 2378 3363 2433 sicut
3402 2379 3532 2435 illud
3558 2380 3686 2438 Ver-

2107 2455 2235 2510 bum
2259 2497 2273 2523 ,
2301 2458 2354 2512 in
2384 2475 2491 2528 quo
2528 2470 2706 2527 erant,
2733 2478 2837 2518 non
2863 2460 3001 2530 e‘rat,
3033 2470 3248 2536 quando
3280 2484 3385 2525 non
3409 2484 3583 2528 erant.
3620 2476 3687 2531 Et

2108 2547 2153 2600 si
2185 2562 2400 2618 semper
2440 2550 2492 2604 in
2523 2566 2591 2607 eo
2624 2552 2801 2608 Verbo
2843 2564 3026 2621 erant,
3052 2560 3320 2626 quomodo
3351 2560 3404 2615 in
3453 2562 3574 2632 ips)
3621 2565 3690 2622 de

2108 2637 2279 2694 nihilo
2320 2638 2492 2696 factae
2530 2644 2694 2696 sunt?
2725 2643 2836 2699 Non
2867 2646 3010 2702 enim
3060 2650 3252 2704 rationi
3294 2655 3571 2718 convenit,
3602 2670 3686 2719 ea,

2109 2743 2249 2797 quae
2275 2745 2488 2800 semper
2516 2744 2692 2799 erant,
2719 2734 2786 2790 de
2829 2738 2998 2793 nihilo
3039 2738 3152 2794 fieri
3201 2740 3506 2800 inchoasse.
3536 2746 3603 2801 Et
3644 2748 3689 2802 si

2109 2821 2232 2889 quis
2260 2821 2477 2889 dixerit,
2505 2824 2632 2880 illud
2663 2827 2828 2894 nihil,
2855 2829 2922 2883 de
2957 2846 3064 2900 quo
3092 2831 3269 2887 factae
3296 2844 3418 2889 sunt
3446 2835 3489 2866 "
3508 2875 3525 2900 ,
3551 2852 3693 2893 sem-

2111 2926 2209 2982 per
2245 2922 2392 2980 erat,
2436 2925 2492 2970 et
2519 2932 2734 2988 semper
2764 2918 2831 2975 de
2878 2936 2945 2975 eo
2991 2920 3165 2978 factae
3208 2937 3356 2990 sunt,
3402 2937 3693 2996 quaeretur

2112 3003 2181 3058 ab
2208 3003 2320 3069 illo,
2355 3004 2445 3060 ubi
2471 3021 2685 3077 semper
2708 3018 2829 3063 erat
2857 3009 2985 3065 illud
3013 3012 3188 3066 nihil?
3215 3012 3404 3068 Utrum
3435 3016 3489 3070 in
3519 3015 3693 3073 Verbo

423 3082 800 3169 Quaerendum
826 3113 911 3160 est
937 3105 1080 3161 enim
1103 3146 1118 3170 ,
1144 3119 1313 3175 quare
1344 3120 1544 3161 causae
1573 3106 1850 3174 dicuntur,
1879 3107 1925 3162 si
1953 3107 2006 3161 in

2114 3092 2233 3158 Dei,
2261 3094 2315 3148 in
2340 3110 2448 3165 quo
2469 3074 2649 3151 omnia
2677 3099 3008 3165 subsistunt,
3054 3116 3120 3156 an
3158 3117 3255 3173 per
3283 3119 3343 3158 se
3377 3112 3533 3161 extra
3563 3104 3694 3162 Ver-

424 3195 648 3251 cﬂ'ectus
690 3210 818 3251 suos
861 3213 967 3252 non
1023 3196 1353 3267 procedunt?
1399 3195 1676 3267 Siquidem
1722 3198 1769 3253 si
1827 3196 2011 3254 omnia

425 3298 649 3354 corpora
680 3300 744 3337 ex
775 3283 1077 3349 elementis,
1108 3284 1375 3340 elementa
1402 3301 1533 3340 vero
1560 3285 1629 3341 de
1662 3285 1864 3353 nihilo,
1894 3286 2013 3343 illo-

428 3390 546 3428 rum
574 3389 736 3428 causa
760 3374 1028 3429 videbitur
1052 3389 1172 3429 esse
1198 3374 1353 3441 nihil,
1380 3390 1486 3429 non
1509 3385 1688 3430 autem
1715 3375 1864 3446 ipsae
1891 3378 2007 3448 pri-

428 3465 717 3520 mordiales
745 3482 940 3521 causae
961 3467 981 3497 "
1001 3506 1015 3533 ,
1070 3482 1204 3535 quas
1233 3467 1372 3521 Deus
1410 3467 1570 3523 Pater
1609 3467 1663 3523 in
1693 3468 1870 3524 Verbo
1913 3484 2012 3525 suo

429 3556 576 3609 fecit.
612 3554 677 3609 Et
704 3555 750 3609 si
798 3555 896 3620 ita,
932 3571 1039 3610 non
1090 3556 1223 3609 nihil
1248 3556 1353 3611 erit
1379 3556 1534 3621 nihil,
1566 3557 1661 3612 sed
1690 3558 1794 3612 erit
1822 3572 2005 3613 causa.

431 3647 500 3699 At
528 3645 573 3698 si
608 3643 772 3698 fuerit
814 3659 978 3699 causa
999 3686 1012 3709 ,
1063 3645 1253 3699 melior
1285 3645 1387 3699 erit
1420 3645 1504 3700 his
1525 3686 1538 3708 ,
1586 3662 1812 3716 quorum
1849 3662 2012 3703 causa

432 3745 513 3791 est
541 3747 627 3789 :et
656 3736 965 3791 necessario
993 3746 1266 3805 sequetur,
1294 3746 1350 3790 ut
1375 3746 1466 3792 aut
1498 3736 1728 3794 Verbum
1757 3738 1850 3795 Dei
1881 3739 2014 3794 nihil

433 3832 523 3893 sit,
553 3830 605 3882 in
632 3846 741 3899 quo
771 3828 930 3884 Pater
972 3830 1151 3883 omnia
1183 3828 1336 3897 fecit;
1367 3832 1508 3900 quod
1532 3847 1629 3902 per
1657 3832 2014 3902 privationem

434 3922 654 3991 impium
698 3922 879 3976 dicere
919 3921 1217 3987 videbitur;
1263 3923 1474 3993 negatio
1528 3923 1673 3979 enim
1702 3924 1861 3980 Verbi
1918 3939 2017 3994 per

433 4013 807 4068 excellentiam
856 4020 1116 4077 naturae,
1153 4029 1255 4068 non
1299 4023 1480 4069 autem
1516 4029 1614 4084 per
1657 4014 2016 4085 privationem

436 4106 770 4177 substantiae
816 4105 870 4159 in
921 4104 1187 4175 theologia
1233 4104 1533 4175 reperitur;
1580 4115 1673 4159 aut
1701 4115 1855 4159 extra
1886 4104 2019 4159 Ver-

437 4197 561 4253 bum
591 4213 750 4253 causa
781 4197 1043 4267 quaedam
1074 4207 1323 4266 ponetur,
1362 4212 1500 4266 quae
1540 4196 1673 4250 nihil
1704 4196 1920 4262 dicitur,
1950 4196 2018 4251 de

437 4303 542 4358 qua
580 4287 721 4343 Deus
748 4289 929 4344 omnia
977 4287 1123 4352 fecit,
1153 4296 1208 4341 et
1248 4288 1299 4341 in
1339 4303 1443 4356 qua
1471 4288 1678 4353 omnia,
1703 4288 2019 4358 priusquam

2111 3183 2275 3239 bum?
2319 3186 2378 3242 Si
2423 3188 2780 3258 responderit,
2810 3191 2867 3245 in
2899 3191 3074 3247 Verbo
3117 3208 3335 3263 semper
3362 3205 3506 3261 erat,
3531 3211 3696 3267 oppo-

2111 3285 2271 3331 netur
2295 3278 2367 3342 ei,
2393 3293 2498 3334 non
2528 3295 2657 3351 ergo
2700 3280 2853 3347 nihil,
2887 3283 2979 3337 sed
3027 3299 3282 3353 maguum
3312 3284 3518 3355 aliquid
3546 3295 3689 3352 erat;

2110 3366 2293 3421 omnia
2323 3367 2613 3437 siquidem,
2642 3384 2781 3439 quae
2809 3371 2859 3425 iu
2888 3370 3069 3427 Verbo
3095 3373 3187 3427 Dei
3215 3374 3541 3441 subsistunt,
3570 3390 3697 3431 vere

2111 3468 2167 3515 et
2197 3462 2518 3517 naturaliter
2537 3463 2855 3531 subsistunt,
2884 3475 2937 3521 et
2960 3467 3013 3521 in
3040 3467 3230 3522 ordine
3259 3470 3685 3538 primordialiurn

2112 3569 2396 3610 causarum
2444 3567 2863 3612 connumeratur
2914 3560 2977 3626 υ,
3015 3562 3157 3630 quod
3205 3562 3339 3616 nihil
3389 3563 3696 3633 putabatur,

2111 3654 2167 3700 et
2190 3646 2257 3700 de
2284 3661 2393 3716 quo
2413 3649 2591 3703 omnia
2622 3648 2763 3705 facta
2791 3651 3101 3706 creduntur.
3138 3651 3195 3706 Si
3225 3667 3355 3708 vero
3381 3663 3539 3709 extra
3569 3655 3695 3711 Ver-

2112 3737 2240 3792 bum
2272 3752 2366 3807 per
2391 3752 2450 3792 se
2477 3740 2748 3807 putaverit
2790 3739 2945 3805 nihil,
2976 3740 3081 3796 duo
3116 3741 3380 3813 principia
3411 3744 3515 3799 sibi
3558 3741 3695 3799 invi-

2113 3844 2230 3885 cem
2269 3831 2495 3885 adversa
2519 3873 2534 3898 ,
2570 3832 2709 3885 sicut
2739 3848 2878 3887 unus
2925 3831 3394 3901 Manichaeorum,
3440 3837 3694 3892 aestima-

2114 3920 2261 3975 bitur
2299 3920 2520 3992 fingere.
2574 3921 2722 3976 Multi
2789 3923 3050 3993 siquidem
3096 3924 3419 3980 secularium
3462 3927 3697 3997 philoso-

2114 4011 2345 4080 phorum
2369 4010 2654 4068 informem
2689 4013 2966 4067 materiam
2994 4023 3338 4070 coaeternam
3368 4015 3481 4071 Deo
3505 4032 3622 4072 esse
3647 4015 3698 4049 ⁸⁸

2115 4110 2463 4170 putaverunt,
2495 4102 2560 4156 de
2607 4118 2712 4172 qua
2748 4103 2927 4158 omnia
2971 4119 3135 4174 opera
3183 4120 3277 4159 sua
3325 4104 3486 4170 fecit;
3540 4120 3697 4176 quam

2117 4195 2399 4249 materiam
2427 4201 2709 4265 propterea
2740 4194 2870 4249 nihil
2901 4194 3186 4261 dicebant,
3214 4196 3363 4266 quia,
3386 4197 3698 4268 priusquam

2119 4288 2322 4344 formas
2351 4296 2406 4344 et
2431 4289 2636 4358 species
2657 4304 2685 4341 a
2708 4286 2818 4342 Deo
2848 4288 3133 4355 acciperet,
3156 4289 3207 4341 in
3233 4288 3377 4343 nullo
3408 4289 3450 4320 "
3471 4304 3697 4360 appare-

440 4382 651 4447 ficrent,
682 4380 978 4436 constituit.
1023 4378 1193 4433 Aliter
1216 4379 1370 4433 "enim
1404 4392 1568 4432 causa
1605 4394 1709 4432 non
1751 4386 1853 4434 est.
1882 4379 1947 4434 Et
1973 4378 2016 4434 si
2052 4415 2098 4473 D
2123 4382 2248 4446 bat,
2278 4397 2343 4437 ac
2387 4381 2547 4436 veluti
2595 4380 2810 4450 penitus
2854 4379 2985 4433 nihil
3013 4389 3131 4434 erat
3169 4378 3234 4432 “.
3259 4379 3526 4450 Quidquid
3553 4380 3696 4436 enim

441 4474 516 4529 ita
561 4482 661 4537 est,
694 4488 799 4542 qua
851 4471 1056 4525 ratione
1103 4470 1297 4525 dicitur
1340 4470 1495 4535 nihil,
1527 4485 1631 4524 non
1661 4470 1836 4526 video.
1867 4469 2021 4524 Prius

444 4562 708 4632 siquidem
748 4561 973 4615 dixerim
1023 4559 1044 4589 ⁸
1087 4575 1205 4613 eam
1242 4560 1421 4614 omnia
1469 4575 1618 4622 esse,
1666 4575 1825 4630 quam
1868 4557 2021 4612 nihil.

2122 4474 2339 4527 omnino
2366 4483 2515 4528 caret
2559 4472 2730 4527 forma
2755 4481 2811 4528 et
2853 4471 3060 4543 specie,
3093 4486 3199 4525 non
3227 4472 3496 4530 immerito
3525 4479 3705 4539 potest

2121 4563 2303 4617 vocari
2350 4563 2504 4617 nihil.
2554 4564 2701 4630 Quas
2749 4577 2938 4617 omnes
2981 4560 3287 4617 delusiones
3325 4562 3417 4616 lux
3459 4561 3704 4619 veritatis
3752 4572 3761 4581 ‘

444 4653 504 4708 ιιι
534 4669 697 4707 causa
736 4666 966 4719 namque
997 4651 1207 4715 omnia,
1236 4666 1464 4719 quorum
1496 4667 1658 4705 causa
1693 4658 1808 4715 est,
1836 4664 2027 4704 causa—
2121 4651 2346 4720 expulit,
2377 4652 2445 4706 ab
2482 4667 2588 4705 uno
2614 4651 2880 4722 principio
2909 4651 3088 4706 omnia
3129 4666 3249 4705 esse
3278 4652 3615 4721 praedicans,
3644 4665 3706 4708 et

448 4746 572 4799 liter
597 4754 651 4798 et
678 4740 1097 4814 primordialitcr
1124 4742 1444 4795 subsistunt.
1476 4741 1621 4796 Dtsc.
1646 4740 1822 4811 Cogor
1845 4738 2022 4804 fateri,
2124 4741 2198 4796 nil
2226 4741 2277 4795 in
2307 4750 2496 4795 natura
2528 4757 2706 4796 rerum
2730 4740 3019 4795 visibilium
3044 4749 3098 4795 et
3122 4741 3427 4796 invisibium
3452 4742 3702 4807 inveniri,

451 4842 708 4906 quattuor
739 4832 921 4886 mundi
972 4832 1130 4903 hujus
1174 4831 1440 4886 elementa
1493 4832 1544 4884 in
1592 4829 2026 4900 primordialibus
2128 4845 2346 4902 quoquo
2397 4830 2558 4886 modo
2614 4831 2982 4902 generationis
3033 4830 3086 4884 in
3139 4832 3373 4901 speciem
3430 4833 3703 4904 propriam

448 4924 630 4980 causis
659 4922 967 4976 subsistere.
1005 4920 1118 4975 Non
1149 4922 1291 4975 enim
1320 4921 1787 4991 quorundam,sed
1814 4919 2027 4973 univcr-
2128 4929 2397 4991 erumpat,
2425 4919 2566 4989 quod
2617 4922 2667 4973 in
2702 4920 2876 4976 Verbo
2909 4919 3000 4973 Dei
3040 4920 3710 5005 unigenito’aeternaliler

448 5013 635 5070 saliter
676 5012 913 5067 omnium
980 5011 1268 5065 visibilium
1327 5020 1382 5065 et
1437 5010 1781 5064 inrisibilium
1832 5022 2029 5064 causae
2131 5029 2237 5068 non
2282 5022 2493 5066 constat
2520 5012 2563 5043 "
2588 5012 2858 5076 substitui,
2905 5011 2957 5066 iu
3005 5027 3110 5080 quo
3149 5011 3331 5067 omnia
3362 5028 3523 5067 unum
3551 5022 3709 5079 sunt,

444 5117 610 5172 sum,
640 5117 695 5162 et
726 5106 857 5161 nihil
899 5106 948 5161 in
980 5106 1171 5161 ordine
1200 5106 1521 5159 naturalium
1561 5108 1799 5159 omnium
1842 5121 2023 5169 sensu,
2131 5105 2414 5173 ipsumque
2444 5102 2610 5155 Deum
2656 5101 3011 5171 pronuntians
3039 5100 3235 5155 nullam
3281 5107 3556 5156 materiam
3604 5117 3709 5157 seu

442 5218 546 5259 seu
580 5202 810 5266 r.~.tione,
840 5214 935 5254 seu
982 5198 1254 5254 intellectu
1299 5200 1613 5277 percipitur,
1644 5199 1787 5269 quod
1819 5215 1925 5254 non
1962 5197 2031 5252 ab
2134 5209 2353 5248 causam
2384 5193 2747 5247 univcrsitatis
2786 5209 2816 5247 a
2861 5209 2918 5248 se
2947 5193 3197 5249 conditae
3235 5195 3287 5248 in
3312 5211 3407 5250 sua
3442 5194 3710 5266 sapientia

1731 5358 1817 5412 VA
1826 5358 1984 5413 RlAE
2017 5350 2414 5413 LECTIONES.

547 5498 563 5529 ¹
605 5497 642 5549 Α
668 5495 954 5564 confertum
981 5492 1068 5564 sit.
1127 5492 1163 5564 _’
1191 5492 1281 5564 Sic
1309 5490 1378 5553 (ἒς
1408 5490 1449 5543 Α
1478 5490 1611 5564 nisi.
1677 5489 1696 5519 ³
1724 5506 1839 5542 vero
1866 5505 1974 5543 om.
2006 5488 2069 5541 Α.
2217 5485 2256 5539 (Ζ
2286 5500 2414 5537 esse.

451 5568 475 5601 '
507 5582 698 5620 musae
740 5558 845 5618 oin.
890 5566 953 5617 A.
1050 5562 1072 5595 ⁸
1098 5562 1139 5615 (3
1172 5563 1433 5614 dixerunt.
1530 5563 1550 5593 ⁸
1582 5559 1684 5612 i’t'o
1727 5569 1914 5610 natura
1949 5576 2118 5612 rerum
2150 5558 2191 5611 Α
2229 5566 2558 5607 naturarum.

448 5652 566 5692 σευ.
597 5636 657 5689 α.
737 5636 773 5666 “
809 5639 850 5688 Α
881 5633 1358 5687 cmummcmbitur.
1441 5634 1479 5664 "
1511 5631 1612 5683 I’ru
1644 5646 1749 5682 csse
1779 5627 1817 5679 (ἶ
1852 5645 1972 5681 rem.
2055 5629 2097 5659 ¹³
2133 5627 2236 5681 l'rn
2268 5628 2318 5677 in
2361 5630 2425 5677 hu
2456 5624 2504 5675 Io
2534 5624 2571 5675 .\
2602 5641 2721 5675 tum.
2805 5625 2842 5651 ¹⁶

2518 5485 2537 5513 ⁸
2572 5500 2633 5536 eu
2660 5498 2764 5536 mn.
2802 5483 2863 5535 Δ.
2942 5481 2962 5509 ⁸
2994 5482 3030 5535 Α
3060 5480 3483 5549 primordialibus
3509 5479 3713 5535 (ausis.

2672 5554 2712 5584 ‘°
2743 5553 2863 5606 Non
2891 5554 3025 5604 enim
3063 5552 3251 5603 rationi
3288 5582 3353 5590 ——
3382 5551 3546 5618 fm'tuc
3584 5562 3716 5604 sunt

2872 5634 2980 5675 crat
3012 5639 3097 5673 unt
3153 5621 3211 5673 [Σ.
3294 5622 3336 5653 ³⁵
3365 5622 3455 5677 Sit:
3483 5622 3582 5674 ML.
