3912 6154
341 347 443 403 επ

1723 326 2004 388 ΙΟΑΝΝΙΞ
2045 325 2239 384 SCOTI

3516 309 3630 357 6ης

339 464 521 527 "uio;
582 469 733 515 eum
778 457 1010 513 verbum
1067 450 1139 506 ni]
1196 457 1216 494 ι
1278 449 1421 506 valet
1462 448 1639 519 perire
1680 448 1925 503 substan-
1952 456 1998 512 Α
2029 452 2122 499 aut
2165 439 2494 496 intellectum
2529 439 2580 493 in
2610 439 2725 504 his,
2757 453 2892 508 quae
2918 453 3132 492 omnem
3165 450 3422 508 superant
3454 439 3640 494 intel—

344 557 584 618 tiallter,
641 560 734 606 aut
783 547 1076 603 secundum
1128 544 1399 599 accidens.
1451 541 1662 597 Clamat
1707 541 1852 594 enim
1907 557 1919 592 :

343 645 556 705 Omnia,
600 655 738 710 quae
768 646 892 692 sunt
920 645 974 692 et
1003 649 1141 704 quae
1170 650 1274 688 non
1304 641 1460 698 sunt,
1490 646 1595 686 non
1627 630 1924 686 secundum

344 735 695 805 privationem
744 729 904 790 dico,
952 726 1046 780 sed
1098 724 1392 779 secundum
1444 721 1820 778 excellentiam
1871 719 1924 774 in

347 826 521 881 Verbo
549 818 1098 888 comprehenduntur,
1139 824 1191 868 et
1231 824 1357 870 sunt
1387 815 1438 868 in
1467 829 1532 868 eo
1561 823 1616 868 et
1644 828 1748 867 non
1777 819 1922 866 sunt.

347 917 481 970 Sunt
509 913 750 983 quidem,
790 925 928 979 quae
958 908 1228 962 intellectu
1259 922 1352 961 seu
1385 921 1545 961 sensu
1575 904 1921 973 colliguntur,

346 1020 448 1060 nm
473 1013 597 1058 sunt
627 1018 772 1066 vero,
807 1016 945 1071 quae
974 1014 1190 1054 onmem
1233 1013 1452 1053 sensum
1498 1005 1553 1050 et
1599 995 1925 1049 intellectum

344 1102 618 1166 superant.
644 1092 795 1158 Quod
827 1100 1004 1144 autem
1033 1089 1210 1143 omnia
1240 1088 1290 1141 in
1315 1086 1494 1140 Verbo
1518 1085 1608 1139 Dei
1633 1095 1686 1138 et
1706 1091 1924 1137 aeterna

346 1189 502 1241 simul
531 1197 586 1239 et
616 1185 757 1238 facta
785 1191 940 1244 sunt,
973 1180 1206 1234 Joannes
1238 1177 1515 1247 theologus
1534 1219 1547 1241 ,
1578 1176 1835 1230 hauriens
1861 1174 1928 1227 de

346 1289 564 1349 pectore
588 1275 885 1342 sapientiae
933 1279 1182 1324 aeternas
1209 1269 1595 1336 intelligentiae
1623 1281 1793 1335 aquas
1815 1273 1834 1302 ¹
1863 1279 1928 1320 ac

345 1366 634 1428 veridicas,
672 1372 898 1416 testatur
927 1361 1153 1415 dicens:
1197 1359 1351 1425 Quod
1383 1359 1578 1426 factum
1622 1368 1695 1409 est
1734 1357 1785 1408 in
1817 1355 1926 1422 ipso

345 1459 448 1510 vita
491 1465 620 1506 erat.
662 1452 788 1506 Sive
816 1451 937 1520 quis
969 1450 1262 1505 secundum
1300 1448 1658 1518 Augustinum
1695 1447 1775 1500 sic
1813 1443 1926 1499 dis-

347 1547 597 1615 tinguat:
648 1541 800 1607 Quod
848 1542 1047 1610 factum
1089 1549 1163 1593 est
1206 1538 1442 1592 localiter
1477 1548 1522 1591 et
1555 1528 1929 1606 temper-aliter;

343 1635 402 1688 in
437 1635 548 1702 ipso
583 1633 688 1686 vita
719 1642 849 1684 erat.
881 1631 996 1686 Non
1027 1631 1170 1684 enim
1202 1629 1525 1684 credendum
1557 1637 1658 1689 est,
1693 1636 1786 1680 aut
1821 1624 1928 1678 ullo

346 1725 507 1780 modo
539 1722 938 1778 aestimandum
978 1723 1042 1776 de
1090 1720 1444 1776 solertissimo
1480 1719 1724 1772 veritatis
1754 1717 1930 1785 inqui-

2029 537 2253 592 lectum.
2301 535 2435 589 Num
2472 538 2492 569 ⁹
2529 536 2822 599 aestimas,
2853 534 3068 589 divinae
3098 535 3395 604 sapientiae
3425 547 3642 603 propo-

2028 628 2190 681 situm
2223 626 2583 683 intellectibus
2611 634 2704 680 aut
2732 625 2983 681 humanis
3005 666 3020 689 ,
3050 633 3143 679 aut
3170 626 3429 695 angelicis
3459 640 3639 694 posse

2029 717 2147 772 ﬁeri
2175 714 2550 780 manifestum,
2581 716 2707 770 dum
2737 715 2870 786 legis
2897 716 2963 781 ιο,
2991 715 3217 786 mystica
3243 715 3331 768 illa
3361 714 3638 769 animalia

2029 809 2134 864 alis
2163 809 2275 863 suis
2302 819 2356 863 ct
2413 809 2595 863 vultus
2624 807 2804 862 velare
2836 817 2890 861 et
2920 810 3115 878 pedes,
3162 808 3265 861 hoc
3304 817 3388 862 est
3436 808 3636 862 altitu-

2030 901 2210 955 dinem
2238 899 2454 955 divinae
2479 899 2695 954 virtutis
2725 898 2920 953 intueri
2948 913 2964 965 ;
2997 897 3242 952 timentia
3285 912 3457 966 super
3504 912 3632 951 om-

2036 1008 2160 1047 nem
2189 992 2463 1046 conditam
2493 999 2742 1045 naturam
2783 999 2840 1045 et
2882 989 3304 1060 profunditatem
3347 989 3533 1060 ipsius
3580 989 3636 1043 in

2032 1084 2147 1148 his,
2197 1097 2337 1152 quae
2361 1097 2457 1150 per
2485 1095 2636 1146 eam,
2667 1089 2722 1134 et
2749 1081 2802 1134 in
2833 1095 2896 1134 ea
2917 1121 2931 1144 ,
2962 1089 3017 1133 et
3041 1080 3083 1115 ι¹
3107 1080 3175 1134 de
3201 1094 3264 1134 ea
3297 1079 3442 1134 facta
3478 1088 3633 1132 sunt.

2030 1175 2141 1232 Nec
2175 1182 2220 1216 ἰ
2251 1184 2429 1228 tamen
2461 1173 2714 1228 desinunt
2741 1171 2925 1226 volare
2955 1186 3168 1225 sursum
3200 1184 3412 1224 versus.
3445 1167 3631 1234 Quae-

2031 1274 2158 1319 runt
2186 1265 2328 1319 enim
2368 1277 2602 1332 semper,
2643 1269 2902 1330 quantum
2945 1268 3205 1329 possunt,
3251 1259 3476 1312 divinae
3509 1273 3636 1328 gra-

2032 1357 2140 1410 tiae
2168 1354 2440 1410 vehimine
2470 1365 2706 1420 suaeque
2749 1358 2974 1404 naturae
2997 1348 3294 1403 subtilitate
3333 1347 3633 1402 sublevata

2032 1459 2107 1513 et,
2138 1463 2275 1517 quae
2306 1447 2350 1487 ³³
2377 1461 2538 1517 super
2581 1430 2640 1500 se
2685 1453 2840 1508 sunt,
2873 1444 2924 1498 in
2971 1443 3237 1497 inﬁnitum
3284 1442 3632 1511 appetentia.

2034 1539 2134 1594 Ubi
2166 1547 2342 1592 autem
2372 1535 2672 1600 deﬁciunt,
2707 1543 3020 1590 reverenter
3071 1535 3249 1588 vultus
3291 1549 3420 1588 suos
3441 1573 3461 1597 ,
3518 1534 3630 1590 hoc

2031 1639 2116 1684 est
2135 1669 2149 1694 ,
2183 1627 2654 1697 contemplationis
2681 1627 2852 1681 aciem
2882 1625 3063 1680 divino
3093 1625 3243 1679 radio
3275 1639 3635 1695 repercussos

2035 1721 2374 1775 abscondunt
2416 1719 2482 1782 “,
2527 1728 2584 1773 et
2629 1719 2698 1773 ab
2745 1717 2965 1772 introitu
2999 1714 3633 1785 incumprchensibilium

347 1817 534 1879 sitore,
557 1822 840 1884 propterea
881 1812 1227 1882 Evangelium
1267 1811 1498 1864 voluisse
1536 1809 1556 1839 ³
1587 1810 1664 1863 sic
1697 1808 1719 1838 ⁸
1745 1808 1933 1862 distin-
1962 1795 2006 1853 Β
2038 1809 2415 1879 mysteriorum
2443 1807 2489 1840 "
2514 1822 2641 1862 suos
2669 1805 2996 1875 theologicos
3026 1805 3189 1874 pedes
3210 1845 3223 1865 ,
3256 1804 3360 1858 hoc
3387 1813 3480 1858 est
3501 1844 3518 1864 .
3555 1803 3636 1857 in-

347 1920 546 1978 guere,
589 1913 648 1957 ut
687 1905 1020 1965 insinuaret,
1065 1903 1209 1971 quod
1253 1900 1453 1955 factum
1495 1908 1578 1954 est
1607 1897 1854 1952 localiter
1879 1904 1933 1950 et

355 1992 748 2064 temporalitcr,
782 2009 887 2046 non
920 1993 969 2046 in
995 1993 1193 2055 Verbo,
1217 1992 1308 2045 sed
1336 1989 1497 2043 veluti
1523 1997 1673 2043 extra
1698 1987 1930 2042 Verbum

349 2083 549 2138 factum
580 2083 773 2145 fuisse,
807 2097 928 2137 Ctlltl
968 2082 1106 2134 idem
1139 2081 1274 2150 ipse,
1305 2088 1526 2133 sanctus
1555 2077 1802 2131 videlicet
1824 2075 1932 2129 Au-

352 2173 621 2244 gustinus,
655 2167 1095 2224 nﬁtnil‘cstissime
1123 2169 1347 2232 doceat,
1376 2174 1429 2220 et
1459 2165 1576 2220 loca
1608 2173 1660 2219 et
1693 2175 1930 2233 tempora

348 2279 470 2318 cum
503 2263 618 2325 his,
646 2276 784 2330 quae
812 2262 864 2314 in
893 2261 973 2313 eis
1003 2258 1143 2312 facta
1173 2267 1328 2322 sunt,
1361 2257 1413 2310 in
1439 2256 1618 2312 Verbo
1644 2254 1734 2308 Dei
1766 2260 1934 2307 aeter-

347 2355 544 2408 naliter
583 2369 704 2408 esse
746 2353 920 2418 facta,
961 2351 1270 2420 intelligens
1311 2349 1582 2402 veraciter
1617 2345 1929 2416 Apostolum

349 2445 620 2499 dicentem
650 2444 714 2497 de
744 2441 923 2496 Verbo
951 2460 964 2493 :
999 2441 1061 2494 In
1090 2457 1192 2511 quo
1224 2449 1402 2493 creata
1429 2448 1548 2492 sunt
1575 2438 1773 2501 omnia,
1799 2452 1934 2506 quae

351 2545 473 2588 sum
515 2536 568 2587 in
612 2533 803 2596 caelis,
835 2544 882 2586 et
924 2548 1058 2602 quae
1093 2532 1146 2582 in
1181 2541 1350 2594 terra,
1380 2530 1484 2583 sive
1528 2527 1784 2592 visibilia,
1827 2525 1933 2579 sive

347 2623 649 2676 invisibilia.
678 2623 756 2676 Ac
784 2637 880 2690 per
917 2623 1017 2674 hoc
1058 2620 1103 2674 si
1132 2620 1152 2651 '
1180 2619 1294 2674 loca
1323 2626 1378 2672 et
1404 2626 1645 2686 tempora
1672 2632 1794 2670 cum
1823 2630 1933 2670 om-

351 2712 533 2777 nibus,
561 2728 699 2782 quae
727 2716 779 2765 in
806 2711 885 2766 eis
909 2712 1278 2774 continentur,
1303 2709 1356 2762 in
1386 2723 1609 2763 numero
1637 2706 1928 2761 visibilium

347 2811 512 2867 sunt,
558 2802 609 2856 id
653 2811 766 2868 est,
808 2801 1191 2862 sensibilium;
1233 2800 1414 2853 omnia
1454 2806 1633 2853 autem
1663 2797 1927 2860 visibilia,

350 2901 489 2948 teste
513 2893 802 2963 Apostolo,
833 2893 885 2946 in
917 2893 1095 2947 Verbo
1142 2901 1269 2946 sunt
1309 2900 1496 2946 creata
1525 2908 1538 2943 :
1585 2890 1700 2944 loca
1747 2889 1926 2959 igitur,

349 2991 406 3038 et
445 2988 717 3051 tempora,
758 2991 813 3036 et
859 2982 1037 3035 omnia
1079 2994 1216 3049 quae
1260 2980 1311 3034 iu
1355 2979 1434 3033 eis
1473 2987 1624 3040 sunt,
1671 2978 1722 3031 in
1758 2976 1930 3032 Verbo

349 3080 532 3127 creata
579 3080 723 3126 sunt.
775 3070 900 3126 Sive
943 3070 1262 3139 simpliciter
1312 3069 1637 3138 praedictam
1687 3067 1931 3136 Evange-

2036 1897 2368 1952 tellectuales
2396 1897 2678 1966 ingressus
2707 1897 3022 1960 retrahunt,
3051 1909 3118 1950 ne
3145 1896 3272 1964 quid
3302 1896 3529 1950 incaute
3551 1892 3635 1949 vel

2036 1999 2238 2044 temere
2263 1990 2330 2043 de
2358 1987 2721 2043 incll‘abilibus
2749 2001 3072 2056 onmemque
3103 1987 3433 2042 intellectum
3471 2001 3635 2057 ςυρψ

2035 2081 2281 2134 rantibus
2304 2088 2672 2149 praesumant.
2704 2078 2760 2133 Si
2801 2092 2932 2145 ergo
2970 2077 3242 2147 purissimi
3276 2077 3630 2143 intellectus,

2034 2184 2262 2238 quorum
2319 2167 2558 2238 symbolo
2613 2167 2905 2237 praedictis
2961 2166 3287 2221 animalibus
3346 2167 3630 2238 theologia

2034 2260 2348 2332 praemisit,
2378 2261 2518 2314 inter
2546 2275 2682 2328 quos
2720 2268 2776 2313 et
2804 2258 3041 2314 Verbum
3071 2258 3215 2313 nulla
3247 2259 3526 2314 medietas
3548 2267 3634 2314 est

2032 2361 2252 2425 praeter
2277 2353 2518 2406 omnium
2551 2366 2732 2406 rerum
2763 2367 2959 2407 causas
2997 2351 3378 2422 primordiales
3400 2392 3416 2416 ,
3446 2350 3633 2406 excel-

2035 2442 2326 2498 situdinem
2373 2441 2589 2496 divinae
2616 2443 2882 2498 claritatis
2910 2457 3074 2512 super
3112 2444 3294 2498 omnia
3313 2486 3326 2508 ,
3359 2442 3630 2513 fusaeque

2038 2534 2092 2588 in
2126 2534 2305 2588 omnia
2335 2533 2548 2588 virtutis
2573 2540 2628 2588 et
2652 2533 2950 2602 sapientiae
2973 2549 3002 2586 a
3032 2548 3244 2588 summo
3270 2547 3448 2602 usque
3477 2533 3635 2587 deor-

2044 2638 2164 2678 sum
2196 2622 2522 2691 attingentes
2553 2622 2619 2686 ¹⁶,
2645 2636 2673 2674 a
2705 2623 2812 2677 ﬁne
2838 2637 3007 2692 usque
3035 2623 3102 2677 ad
3133 2623 3329 2685 ﬁnem,
3360 2623 3468 2677 hoc
3509 2633 3595 2676 cst
3616 2661 3632 2686 ,

2046 2712 2115 2766 ab
2145 2711 2300 2764 initio
2331 2709 2708 2766 intellectualis
2743 2719 3025 2766 creaturae
3055 2727 3223 2782 usque
3256 2713 3321 2766 ad
3353 2713 3630 2766 vermicu-

2041 2802 2153 2855 lum
2193 2802 2580 2870 pertimescant
2621 2802 2916 2872 inspicere,
2963 2812 3348 2873 cognoscentes
3393 2812 3634 2856 naturae

2048 2907 2178 2947 suae
2218 2891 2574 2962 capacitatem
2619 2893 2687 2947 ad
2729 2892 2863 2948 haec
2902 2892 3292 2948 consideranda
3335 2907 3448 2945 non
3489 2890 3634 2945 solii-

2045 2998 2209 3038 cere:
2242 2983 2368 3052 quid
2400 2998 2498 3038 nos
2525 2984 2701 3038 adhuc
2731 2999 2893 3039 carne
2931 2985 3138 3055 gravati
3181 2983 3248 3039 de
3288 2984 3474 3037 divina
3510 2999 3637 3054 pro-

2041 3075 2281 3128 videntia
2333 3075 2375 3106 ⁸⁷
2407 3083 2462 3128 et
2506 3075 2818 3143 operatione
2867 3076 3132 3131 rationem
3181 3075 3409 3130 reddere
3458 3091 3632 3130 cona-

348 3161 506 3219 listae
534 3164 854 3218 sententiam
883 3163 1179 3218 secundum
1209 3161 1344 3215 alios
1385 3161 1507 3229 quis
1549 3160 1927 3229 pronuntiave-
1956 3150 2001 3211 C
2033 3166 2198 3219 mur?
2227 3165 2325 3221 Ubi
2357 3166 2473 3220 sola
2503 3166 2684 3220 divina
2715 3165 2964 3221 voluntas
3003 3167 3288 3236 cogitanda
3325 3175 3445 3233 est,
3483 3183 3630 3236 quae

350 3254 460 3321 rit,
488 3255 711 3310 dicens:
745 3253 900 3318 Quod
930 3253 1124 3323 factum
1155 3261 1228 3306 est
1261 3253 1316 3305 in
1357 3254 1494 3321 ipso,
1546 3267 1610 3305 ac
1652 3252 1695 3304 si
1737 3251 1927 3305 distiu-

347 3346 496 3402 xerit
519 3347 681 3402 veluti
711 3347 779 3400 ab
807 3346 912 3400 alio
938 3354 1207 3400 commate
1235 3345 1518 3413 incipiens,
1550 3345 1650 3398 vita
1673 3353 1804 3397 erat.

349 3435 497 3490 enim
529 3433 728 3488 multos
766 3433 787 3465 ⁸
816 3433 1149 3488 Graecorum
1195 3434 1412 3488 codices
1466 3433 1772 3487 invenimus
1821 3435 1930 3487 dis-

352 3527 593 3591 tinctos,
636 3535 696 3580 ut
739 3525 1132 3596 intelligamus,
1179 3527 1321 3596 quod
1359 3525 1558 3580 factum
1603 3536 1684 3581 est
1729 3527 1780 3580 in
1813 3528 1929 3596 ipso

343 3616 722 3686 temporaliter
769 3626 826 3670 et
878 3617 1128 3672 localiter
1178 3632 1276 3686 per
1327 3618 1764 3687 generationem,
1821 3620 1927 3672 vita

347 3713 475 3763 erat
503 3706 857 3760 aeternaliter
883 3722 980 3776 per
1008 3707 1272 3761 rationem
1291 3746 1308 3773 ,
1340 3707 1443 3762 hoc
1467 3717 1549 3762 est
1572 3748 1586 3769 ,
1617 3724 1714 3778 per
1737 3709 1789 3762 in
1819 3709 1932 3778 pri-

348 3794 706 3851 mordialibus
733 3796 914 3868 causis
943 3797 1184 3850 omnium
1212 3798 1595 3852 conditionem.
1626 3799 1764 3855 MAG.
1813 3798 1928 3854 Non

347 3895 482 3951 ergo
511 3883 725 3938 dubitas
748 3923 764 3950 ,
795 3899 985 3939 omnes
1014 3885 1255 3939 omnium
1285 3901 1506 3952 causas,
1537 3902 1932 3958 causarumque

343 3986 539 4028 omnes
566 3973 788 4030 eﬁectus
818 3977 872 4029 in
907 3975 1083 4031 Verbo
1113 3986 1334 4033 aeterna
1363 3993 1516 4045 esse,
1546 3988 1601 4034 et
1628 3980 1766 4034 facta
1785 4021 1800 4046 ,
1831 3996 1931 4036 nec

344 4077 438 4119 me
467 4063 625 4118 aliter
654 4065 848 4120 docere
890 4067 1166 4122 aestimas.

421 4155 568 4210 DISC.
586 4157 660 4209 De
675 4157 996 4211 aeternitate
1008 4159 1247 4213 omnium
1265 4158 1437 4228 deque
1451 4174 1637 4214 eorum
1656 4160 1930 4216 creatione

347 4249 407 4302 in
435 4246 614 4302 Verbo
655 4263 755 4302 nec
795 4249 1016 4313 dubito,
1048 4265 1222 4318 neque
1265 4252 1423 4306 aliter
1450 4263 1502 4307 te
1533 4255 1727 4308 docere
1764 4263 1926 4324 puto,

346 4339 449 4393 sed
495 4339 832 4394 solummodo
881 4355 1119 4409 quaem,
1165 4343 1433 4410 quomodo
1471 4343 1525 4396 in
1566 4344 1744 4398 Verbo
1785 4344 1927 4398 Patri

347 4436 640 4482 ooaeterno
663 4429 848 4482 omnia
874 4438 1097 4484 aeterna
1129 4439 1256 4484 sunt.
1284 4431 1481 4496 simul,
1509 4442 1563 4486 et
1601 4431 1764 4487 facta.
1811 4432 1926 4487 Non

2029 3263 2284 3324 operatur
2309 3256 2488 3309 otnnia
2519 3266 2681 3324 prout
2713 3257 2856 3321 vult,
2888 3257 3011 3325 quia
3055 3258 3397 3327 omnipotens
3430 3269 3522 3312 est
3553 3257 3622 3322 ι’,

2030 3354 2087 3400 et
2113 3344 2385 3399 naturales
2409 3344 2646 3399 rationes
2665 3345 2904 3400 occultas
2924 3355 2979 3400 et
3001 3346 3406 3416 investigabiles
3431 3346 3630 3400 inserit

2031 3435 2301 3499 omnibus,
2328 3435 2452 3504 quia
2475 3436 2716 3490 onmiurn
2738 3437 3168 3507 supernaturalis
3192 3438 3329 3491 ratio
3349 3446 3436 3492 est
3457 3479 3472 3502 ,
3502 3439 3632 3506 quia

2033 3525 2166 3578 nihil
2193 3526 2476 3590 secretius,
2498 3526 2631 3580 nihil
2655 3529 3013 3595 praesentius,
3033 3527 3245 3584 dilﬁcile
3267 3530 3352 3584 ubi
3378 3529 3470 3592 sit,
3493 3527 3626 3582 didi

2031 3616 2186 3670 cilius
2226 3616 2313 3671 ubi
2352 3632 2457 3671 non
2512 3617 2604 3683 sit,
2639 3617 2725 3672 lux
2770 3617 3083 3685 ineﬁ‘abilis,
3113 3622 3362 3676 omnibus
3403 3621 3627 3676 intelle-

2031 3707 2298 3763 ctualibus
2317 3709 2487 3763 oculis
2505 3724 2718 3780 semper
2739 3727 3018 3780 praesens,
3036 3722 3098 3768 et
3119 3729 3146 3767 a
3172 3714 3316 3769 nullo
3340 3714 3628 3769 intellectu

2035 3799 2400 3865 cognoscitur,
2418 3799 2546 3868 quid
2569 3801 2656 3863 sit,
2677 3815 2772 3869 per
2792 3802 2973 3856 omnia
3001 3803 3191 3858 diﬂ'usa
3222 3804 3274 3857 in
3304 3805 3586 3859 inﬁnitum
3607 3845 3622 3868 ,

2031 3897 2086 3942 et
2122 3888 2183 3942 ﬁt
2215 3889 2266 3943 in
2297 3891 2548 3945 omnibus
2575 3893 2756 3946 omnia
2797 3903 2853 3948 et
2895 3895 2948 3948 in
2992 3896 3139 3951 nullo
3184 3897 3408 3950 nullum.
3453 3897 3620 3964 Quod

2031 3987 2211 4032 autem
2236 3980 2370 4044 dixi,
2393 3981 2534 4035 inter
2557 3997 2694 4051 quos
2719 3992 2776 4037 et
2806 3983 3042 4039 Verbum
3075 3986 3217 4040 nulla
3248 3987 3517 4043 medietas
3545 3995 3637 4045 est

2031 4078 2248 4139 praeter
2271 4072 2512 4125 omnium
2545 4079 2748 4127 rerum’
2781 4089 3006 4142 causas,
3054 4087 3337 4147 propterea
3384 4078 3576 4133 addidi
3612 4120 3628 4143 ,

2031 4173 2100 4212 ne
2152 4157 2274 4226 quis
2325 4159 2604 4225 aestimet,
2663 4163 2923 4220 caelestes
2969 4167 3234 4221 essentias
3278 4166 3631 4222 immediatas

2030 4262 2152 4303 esse
2172 4290 2187 4314 ,
2238 4250 2342 4305 hOc
2385 4259 2501 4316 est,
2543 4252 2740 4306 nullam
2773 4255 3116 4310 medietatem
3148 4258 3290 4311 inter
3318 4272 3375 4312 se
3402 4267 3455 4312 et
3483 4273 3628 4312 cau-

2032 4352 2146 4392 sam
2171 4339 2410 4392 omnium
2453 4338 2667 4394 habere.
2698 4341 2954 4407 Quamvis
2983 4345 3129 4398 enim
3161 4348 3203 4379 ¹⁹
3229 4346 3478 4400 dicantur
3525 4361 3629 4401 an-

2032 4428 2134 4498 geli
2177 4430 2328 4498 quasi
2371 4432 2545 4501 eggigi
2575 4473 2589 4496 ,
2641 4433 2743 4488 hoc
2785 4443 2870 4488 est
2895 4475 2909 4499 ,
2952 4434 3107 4502 juxta
3158 4436 3332 4504 ipsum
3369 4435 3546 4491 Deum
3580 4436 3627 4468 ³ο

349 4517 494 4572 enim
515 4556 530 4584 ,
561 4527 619 4570 ut
649 4519 903 4583 arbitror,
939 4521 1135 4576 rationi
1165 4523 1452 4589 convenit,
1481 4533 1541 4578 ut
1570 4523 1715 4579 facta
1763 4526 1782 4557 "
1820 4527 1928 4580 sint
1958 4501 2006 4560 D
2032 4524 2341 4588 constituti;
2376 4525 2525 4594 eggis
2549 4525 2592 4556 ἰ
2627 4539 2652 4566 υ
2687 4501 2965 4595 siquidem,
2994 4501 3191 4598 graece
3207 4529 3582 4598 diciturjuxta
3608 4544 3624 4592 ;

348 4618 567 4664 aeterna
586 4651 600 4675 ,
630 4620 685 4664 et
713 4621 934 4666 aeterna
961 4612 1122 4668 facta.
1152 4613 1303 4670 Nulla
1330 4617 1594 4686 siquidem
1622 4616 1924 4673 dilferentia

349 4698 622 4755 videbitur
638 4704 910 4757 esseinter
933 4707 1307 4760 aeternitatem
1331 4708 1702 4764 universitatis
1725 4710 1774 4763 in
1793 4710 1926 4764 Ver-

349 4793 442 4858 bo,
468 4801 521 4847 et
538 4795 888 4860 creationem,
913 4797 956 4851 si
985 4799 1276 4854 aeternitas
1301 4809 1382 4854 est
1407 4810 1612 4865 creata,
1643 4809 1696 4854 et
1722 4801 1926 4854 creatio

345 4890 595 4937 aeterna.
641 4884 780 4939 MAG.
817 4884 983 4940 Miror
1002 4903 1064 4942 ac
1087 4888 1241 4942 valde
1265 4903 1504 4953 moveor,
1527 4903 1694 4956 quare
1715 4890 1929 4957 quaeris

349 4973 620 5031 rationem
663 4975 715 5029 in
761 4976 878 5042 his,
920 4977 973 5030 in
1007 4977 1029 5009 ⁸
1065 4978 1260 5046 quibus
1300 4977 1476 5033 omnis
1524 4977 1664 5030 ratio
1708 4977 1923 5041 deﬁcit,

2032 4627 2139 4666 non
2195 4622 2372 4667 tamen
2423 4614 2496 4666 ita
2551 4615 2804 4670 credendi
2857 4627 2983 4672 sunt
3036 4619 3158 4672 facti
3190 4659 3204 4684 ,
3255 4630 3318 4673 ut
3367 4635 3472 4673 non
3529 4634 3628 4675 co-

2035 4718 2154 4756 rum
2203 4719 2400 4758 causae
2451 4705 2503 4758 in
2534 4705 2713 4762 Verbo
2743 4707 2853 4761 sint
2877 4709 2920 4738 “
2946 4709 3217 4764 conditae.
3264 4709 3420 4762 Nulla
3469 4711 3624 4764 enim

2031 4801 2282 4847 creatura
2324 4800 2438 4858 est,
2491 4793 2646 4862 cujus
2687 4810 2851 4850 causa
2897 4797 3036 4852 facta
3079 4815 3186 4854 non
3229 4799 3520 4868 pvaecedat
3569 4801 3623 4854 in

2038 4882 2259 4950 Verbo,
2325 4885 2617 4939 secundum
2670 4902 2829 4955 quam
2884 4887 3250 4950 substituitur,
3307 4899 3367 4942 ιιι
3412 4890 3518 4953 sit,
3568 4899 3625 4943 et

2032 4977 2335 5041 ordinatur,
2370 4989 2426 5030 ut
2452 4976 2674 5045 pulchre
2696 4980 2796 5042 sit,
2829 4987 2886 5033 et
2911 4981 3236 5045 custoditur,
3265 4991 3324 5033 ut
3361 4991 3620 5034 aeterna-

1639 5115 1890 5170 VARIAE
1925 5116 2327 5173 LECTIONES.

483 5255 594 5328 Pro
625 5257 697 5310 nil
729 5256 781 5328 C7
819 5255 1091 5328 quidquid.
1184 5254 1280 5328 3A
1315 5271 1478 5328 aquas
1525 5252 1910 5328 intelligentiae.

344 5329 372 5358 ‘
401 5327 591 5381 multos
617 5344 726 5382 om.
759 5324 841 5380 Αἱ
901 5328 920 5358 ⁷
946 5324 988 5379 Ᾱ
1015 5336 1074 5379 ιιι
1099 5335 1144 5379 et
1177 5324 1335 5378 facta.

1411 5325 1514 5377 "in
1543 5339 1650 5376 om.
1672 5319 1735 5376 Ᾱ.
1809 5325 1830 5356 ⁸
1858 5323 1897 5376 C
1919 5319 2078 5374 Nam.

3199 5253 3222 5285 ³
3249 5253 3353 5308 Pro
3377 5254 3425 5306 si
3453 5253 3490 5306 Α
3540 5265 3614 5308 ει.

3075 5324 3118 5353 ¹²
3146 5322 3186 5376 Α
3223 5323 3369 5377 Non.
3448 5325 3492 5355 ³⁸
3519 5325 3617 5378 Sic

2728 5253 2751 5283 ⁸
2775 5251 2850 5307 sic
2877 5267 2985 5307 om.
3015 5252 3081 5306 A.

2653 5326 2694 5357 ιι
2725 5332 2772 5375 et
2794 5339 2903 5376 om.
2932 5325 2998 5376 A.

2012 5251 2034 5282 ³
2063 5251 2152 5306 Sic
2179 5252 2257 5318 C;
2287 5254 2328 5306 Α
2358 5254 2604 5308 noluisse.

2155 5324 2199 5354 ³ο
2226 5324 2351 5392 legis
2372 5341 2480 5379 om.
2511 5327 2576 5376 Α.

341 5396 460 5462 (ἶςΑ
481 5400 656 5468 diuina
681 5399 853 5468 gratia
877 5397 1144 5468 sublevala
1172 5396 1276 5468 sive
1300 5406 1528 5468 naturae?
1541 5393 1831 5468 suptilitate
1858 5409 1939 5468 ea,
1957 5407 2134 5468 quac.‘
2193 5385 2293 5468 “A-
2319 5395 2602 5468 repercussi
2625 5391 2926 5468 defendunt.
3069 5385 3170 5444 ¹³Α
3193 5394 3614 5468 mystericorum.

347 5470 396 5504 ⁸⁸
423 5467 574 5548 Conj.
606 5485 620 5532 ;
650 5463 700 5521 ι’(
734 5468 1056 5548 att-ingentis,
1098 5465 1138 5520 C
1159 5466 1440 5548 attingant.
1497 5464 1560 5548 A"
1592 5463 1637 5515 A
1662 5463 1960 5532 prudentia.

348 5555 477 5591 num
513 5533 701 5607 ipsum.
780 5538 822 5569 ’ί
853 5533 894 5590 C
920 5553 1083 5590 essus.
1159 5535 1204 5569 ⁸³
1234 5533 1338 5588 sint
1367 5548 1453 5588 om
1484 5533 1550 5587 Α.

2037 5463 2083 5497 ¹⁸
2108 5464 2153 5518 Λ
2173 5465 2260 5535 qui
2290 5462 2675 5534 om'uipraesens
2702 5473 2795 5518 est.
2873 5462 2918 5495 ι’
2949 5463 2992 5514 Δ
3015 5472 3211 5515 autem.
3255 5462 3258 5463 ⁷
3287 5464 3332 5492 ⁸ο
3355 5463 3396 5516 Α
3430 5463 3617 5518 Dom:-

1868 5619 2119 5677 NOTAE.

427 5719 451 5747 ’
486 5721 686 5792 Ἐγγύς.
717 5721 908 5788 juxta;
940 5727 1008 5774 rt.
1037 5720 1265 5789 glossar.
1302 5719 1380 5773 Ab
1408 5717 1494 5772 illa
1525 5730 1652 5770 voce
1682 5713 1914 5771 Joannes
1928 5712 2123 5768 Scotus
2145 5709 2412 5767 formasse
2445 5710 2654 5768 videtur
2684 5713 2918 5786 ἐγγυγοὶ,
2947 5713 3034 5781 qui
3054 5721 3209 5781 Juxta
3241 5721 3382 5766 sum.
