3912 6154
231 306 314 359 ῢϋ9

1038 290 1125 339 ιιι
1168 286 1503 339 ιηνιδιυθιιε
1544 283 1893 339 ΝᾹἸὌΒᾹΕ.
1937 313 2003 323 -—
2044 284 2243 338 LIBER
2284 284 2603 341 TERTIUS.

2975 268 3038 281 "Ta

3356 292 3458 347 6ῗο

217 403 315 456 liter
360 398 430 452 sil
451 433 467 460 ,
507 402 561 448 et
592 377 975 448 mamlestatnr
1011 408 1104 447 seu
1145 395 1395 450 sensibus
1417 436 1432 457 ,
1471 411 1565 449 seu
1612 396 1772 450 intnlo
1806 404 1851 459 Α
1884 395 1999 466 lege
2032 396 2462 466 constringitur?
2487 395 2619 452 Nam
2649 406 2704 453 et
2734 412 2894 468 saepe
2922 410 3109 455 contra
3143 413 3469 458 consuetum

227 492 413 548 ectilms
466 485 537 541 ad
575 486 864 542 materiam
912 486 1085 542 laudis
1137 487 1309 558 ipsius
1349 489 1514 545 unius
1547 504 1777 553 musae,

215 598 262 636 ex
294 593 392 648 qua
413 618 427 642 ,
481 584 536 630 et
575 575 629 629 in
658 590 764 645 qtta
783 614 799 639 ,
828 584 884 629 et
921 590 1017 646 per
1042 590 1203 645 quam
1228 617 1243 641 ,
1271 586 1328 631 et
1352 578 1419 632 ad
1446 593 1609 647 qttam
1648 593 1779 634 con—

212 670 301 726 dita
322 675 423 723 est.
454 665 755 721 Credamus
793 666 974 734 itaque
998 674 1072 729 et,
1101 675 1364 734 quantum
1405 667 1587 733 datur,
1632 683 1781 722 men-

213 762 269 816 tis
302 758 418 813 acie
457 756 769 811 intueamur
810 757 827 789 ⁸
866 758 1046 809 omnia
1093 755 1325 811 visibilia
1365 764 1420 810 et
1456 755 1778 820 invisibilia,

212 860 407 906 aeterna
433 855 489 903 et
523 843 922 916 intemporalia,
955 844 1196 916 illudque
1226 856 1527 911 aeternum,
1557 855 1610 900 ct
1640 854 1777 901 tem-

211 958 321 1014 pus,
366 950 424 995 et
473 939 590 993 loca
616 978 632 1005 ,
678 946 736 991 et
777 937 984 1007 spatia,
1025 948 1077 993 et
1120 939 1333 1005 omnia,
1361 953 1500 1008 quae
1530 938 1782 993 dicuntur

212 1033 490 1090 secundum
528 1029 888 1086 substantiam
926 1037 982 1083 et
1019 1029 1274 1085 accidens
1297 1069 1313 1094 ,
1350 1029 1781 1100 generaliterque

211 1124 517 1186 dicendum,
549 1132 903 1192 quaecunque
941 1120 1266 1175 universitas
1307 1120 1471 1175 totius
1498 1128 1783 1174 creaturae

216 1213 478 1277 continet,
506 1212 561 1266 in
589 1208 770 1265 Verbo
805 1211 898 1265 Dei
931 1209 1207 1278 unigenito
1232 1219 1288 1264 et
1323 1218 1344 1248 ι
1369 1219 1588 1265 aeterna
1620 1208 1780 1264 simul

211 1314 258 1359 rt
282 1303 422 1360 facta
453 1316 604 1367 esse,
634 1311 689 1355 ct
719 1315 896 1370 neque
933 1302 1310 1355 aeternitatem
1350 1301 1402 1355 in
1443 1302 1524 1356 eis
1559 1315 1782 1370 praece-

208 1394 322 1450 dere
348 1392 652 1458 facturam,
686 1408 860 1462 neque
888 1391 1151 1446 facturam
1183 1393 1509 1462 praecedere
1548 1393 1782 1447 aeterni-

210 1496 380 1541 talem.
415 1484 694 1556 Siquidem
724 1498 915 1538 eorum
945 1482 1237 1538 aeternitas
1267 1482 1481 1539 condita
1521 1482 1543 1514 ³
1568 1492 1648 1538 est
1681 1524 1695 1547 ,
1728 1492 1784 1539 et

210 1576 437 1633 conditio
486 1583 708 1630 aeterna
759 1573 812 1627 in
864 1572 1268 1643 diSpensatione
1322 1572 1505 1628 Verbi.
1552 1572 1686 1627 Nam
1727 1582 1783 1629 et

214 1676 395 1722 cuncta
418 1705 436 1728 ,
460 1677 600 1733 quae
628 1661 881 1716 videntur
908 1660 959 1715 in
989 1662 1179 1718 ordine
1214 1662 1520 1717 seculorum
1579 1674 1783 1732 tempo-

1885 496 2115 542 naturae
2146 503 2366 542 cursum
2399 488 2567 542 multa
2597 488 2774 544 solent
2807 490 2921 545 ﬁeri
2940 531 2955 556 ,
3004 501 3063 546 ut
3094 493 3248 548 nobis
3278 503 3470 550 osten-

1882 578 2063 642 datur,
2095 578 2238 647 quod
2271 577 2454 632 divina
2487 578 2828 649 providentia
2857 597 2964 635 non
2996 598 3136 649 uno,
3169 584 3262 639 sed
3289 585 3476 641 multi~

1883 667 2008 735 plici
2040 668 2198 722 modo
2230 677 2396 738 atque
2422 668 2633 723 inﬁnito
2658 677 2834 740 potest
2856 672 3039 726 omnia
3065 674 3473 731 administrare.

1884 755 1940 809 Si
1970 755 2151 824 itaque
2182 754 2309 809 nulli
2336 754 2629 811 intellectui
2660 758 2872 828 cognita
2901 768 2984 814 est
3010 761 3384 819 universitatis
3417 765 3469 818 in

1888 846 2087 901 divinis
2115 846 2326 918 legibus
2359 846 2764 904 administratio
2785 890 2799 916 ,
2832 851 2918 905 cui
2950 853 3354 909 rationabilium
3390 856 3473 911 vel

1887 936 2334 992 intellectualium
2367 946 2549 1008 potest
2585 938 2701 993 fieri
2741 943 3026 1010 perspicua
3066 943 3309 1014 ejusdem
3350 948 3474 1001 tnti-

1884 1025 2161 1080 versitatis
2193 1027 2246 1079 in
2276 1026 2455 1081 ,Vcrbo
2480 1026 2573 1081 Dei
2606 1038 2825 1083 aeterna
2852 1031 3110 1096 conditio,
3140 1033 3193 1087 iu
3222 1049 3332 1103 quo
3359 1049 3476 1088 om-

1883 1115 1970 1169 nia
1994 1126 2048 1171 et
2071 1125 2291 1170 aeterna
2322 1115 2555 1170 simulet
2579 1115 2718 1171 facta
2762 1132 2882 1174 esse
2912 1135 3068 1176 nemo
3092 1121 3341 1192 ﬁdelium
3384 1125 3477 1178 de-

1881 1207 2007 1264 beat
2044 1209 2332 1279 ignorare;
2363 1210 2610 1279 quamvis
2642 1226 2747 1263 non
2780 1211 3082 1279 intelligat,
3114 1230 3223 1282 qua
3262 1216 3480 1271 ratione

1888 1308 2112 1354 aeterna
2139 1308 2265 1354 sunt
2295 1299 2435 1354 facta
2460 1341 2474 1365 ,
2504 1308 2561 1356 et
2588 1300 2726 1355 facta
2759 1311 2883 1356 sunt
2912 1309 3131 1356 acterna
3158 1317 3171 1366 ;
3204 1302 3305 1357 hoc
3332 1303 3479 1357 enim

1884 1390 2186 1458 soli\'erbo,
2203 1392 2254 1447 in
2268 1405 2377 1462 quo
2389 1400 2441 1447 et
2458 1390 2600 1448 facta
2617 1401 2743 1448 sunt
2756 1402 2809 1447 et
2828 1402 3067 1458 aeterna,
3084 1394 3356 1465 cognitum
3372 1403 3475 1450 est.

1954 1480 2102 1537 Disc.
2142 1484 2218 1538 De
2264 1484 2575 1539 conditione
2606 1484 2979 1539 universitatis
3011 1484 3065 1538 in
3099 1483 3296 1550 Verbo,
3329 1494 3384 1540 et
3411 1486 3481 1541 de

1885 1573 2207 1629 aeternitate
2252 1574 2518 1629 rationem
2548 1589 2654 1629 non
2687 1589 2908 1644 quaero.
2938 1573 3108 1628 Nemo
3132 1574 3275 1628 enim
3300 1583 3483 1644 potest

1886 1661 2093 1725 dicere,
2147 1664 2417 1731 quomodo
2464 1672 2722 1728 aeterna,
2765 1673 2820 1719 et
2868 1663 3009 1719 facta
3052 1675 3199 1720 sunt.
3258 1666 3473 1723 Modum

211 1759 342 1814 ribus
361 1766 420 1811 ct
450 1756 581 1811 locis
608 1768 703 1825 per
729 1755 1131 1824 generationem
1159 1755 1327 1817 oriri,
1353 1755 1511 1810 simul
1541 1767 1594 1811 et
1620 1758 1785 1810 semel
1821 1744 1861 1804 Β
1892 1765 2123 1820 namque
2152 1752 2482 1807 conditionis
2514 1767 2694 1807 rerum
2726 1754 2779 1808 in
2809 1753 2989 1811 Verbo
3038 1756 3182 1810 nulla
3229 1766 3480 1813 creatum

212 1848 546 1904 acternaliter
572 1847 625 1901 in
652 1844 826 1901 Verbo
851 1845 1055 1900 Domini
1092 1845 1229 1901 facta
1257 1856 1401 1901 sunt.
1435 1844 1616 1915 Neque
1643 1848 1787 1901 enini

208 1938 526 1994 credendum
577 1947 694 2000 cst,
750 1946 879 1990 tunc
936 1934 1219 1991 inchoasse
1274 1934 1425 1999 ﬁeri,
1474 1937 1690 2004 quando
1737 1937 1787 1990 in

216 2032 402 2085 tuundo
459 2030 768 2085 sentiuntur
810 2027 964 2082 oriri.
1005 2025 1228 2098 Semper
1279 2028 1425 2082 enim
1474 2028 1687 2082 fuerunt
1736 2027 1791 2081 in

215 2119 379 2177 Verbo
437 2119 651 2176 Domini
701 2118 1153 2183 substantialiter,
1195 2129 1457 2190 ortusque
1502 2136 1690 2175 eorum
1737 2129 1793 2175 et

215 2229 433 2269 occasus
472 2216 493 2243 ⁸
538 2213 591 2267 iu
630 2212 822 2269 ordine
860 2222 1161 2281 temporum
1204 2221 1367 2281 atque
1416 2213 1655 2269 lucorum
1697 2229 1792 2284 per

213 2303 637 2375 generationem,
677 2303 781 2357 boc
815 2313 900 2357 est
939 2317 1033 2371 per
1069 2302 1428 2358 accidentium
1462 2305 1789 2375 assumptio-

215 2408 321 2447 neut
349 2408 572 2464 semper
598 2392 653 2446 in
687 2389 860 2446 \‘erbo
894 2391 984 2446 Dei
1016 2402 1131 2447 erat
1152 2433 1168 2458 ,
1202 2393 1252 2447 in
1278 2408 1418 2463 quo,
1450 2409 1588 2465 quae
1614 2394 1793 2448 futura

214 2491 356 2546 sunt,
389 2480 508 2551 jam
559 2482 698 2536 facta
736 2492 862 2536 sunt
904 2481 945 2534 ⁸.
991 2468 1491 2551 Siquidenrdiviua
1529 2483 1793 2552 sapientia

215 2572 607 2629 circumscribit
651 2583 924 2643 tempora.
964 2584 1017 2628 et
1067 2574 1279 2638 omnia.
1327 2589 1467 2645 quae
1514 2574 1564 2630 in
1604 2584 1795 2630 natura

216 2675 383 2716 rerum
422 2662 797 2733 tetnporaliter
827 2664 1097 2730 oriuntur,
1128 2664 1181 2719 in
1224 2666 1335 2736 ipsa
1375 2667 1705 2738 praecedunt
1742 2677 1798 2721 et

213 2753 505 2808 subsistunt
534 2752 902 2811 acternaliter.
940 2755 1052 2824 Ipsa
1095 2766 1178 2810 cst
1209 2756 1355 2810 enim
1395 2772 1649 2812 mensura
1677 2771 1797 2812 om-

213 2839 347 2896 nium
398 2844 523 2900 sine
566 2861 849 2910 mensura,
896 2856 951 2901 et
994 2861 1253 2903 numerus
1293 2847 1413 2904 sine
1454 2864 1711 2913 numero,
1742 2857 1800 2903 et

213 2935 450 3002 pondus,
486 2935 537 2988 id
584 2947 666 2991 est
701 2937 867 3003 ordo,
918 2938 1035 2992 sine
1079 2937 1353 3009 pondere,
1391 2950 1443 2994 et
1491 2938 1513 2971 ⁸
1554 2940 1665 3010 ipsa
1714 2949 1799 2996 est

216 3033 416 3097 tempus
448 3036 504 3081 ct
551 3027 829 3091 sectdum,
881 3028 993 3098 ipsa
1029 3040 1108 3083 est
1137 3028 1457 3097 praeterita,
1489 3039 1541 3083 et
1580 3029 1598 3059 '
1628 3046 1792 3101 prae-

1892 1842 2228 1898 rationabilis
2260 1843 2302 1875 ⁸⁶
2333 1859 2426 1899 seu
2474 1843 2857 1901 intellectualis
2898 1855 3074 1915 potest
3119 1864 3479 1919 cognoscere;

1891 1934 1989 1989 soli
2026 1934 2293 2005 siquidem
2322 1935 2601 2005 gnosticae
2630 1936 2815 1991 virtuti
2858 1945 3026 2007 patet.
3073 1939 3187 2006 Qua
3231 1955 3360 1995 vero
3397 1958 3483 1995 ra-

1895 2026 2039 2081 tione
2095 2027 2473 2097 compellimur
2525 2026 2719 2095 fateri,
2773 2038 2995 2083 aeterna
3050 2046 3171 2084 esse
3231 2031 3371 2087 facta
3426 2032 3479 2086 iu

1900 2116 2073 2172 Verbo
2103 2115 2195 2170 Dei
2221 2158 2236 2179 ,
2267 2132 2499 2187 quaero,
2531 2119 2575 2173 si
2605 2128 2783 2190 potest
2814 2119 3066 2176 inveniri.
3100 2120 3214 2175 Non
3243 2123 3386 2177 enim
3419 2123 3494 2178 de

1894 2209 2323 2279 primordialiunt
2351 2226 2638 2266 causarum
2682 2210 3070 2282 multiplicibus
3108 2212 3388 2269 elfcctibus
3428 2214 3485 2269 in

1898 2301 2059 2355 rebus
2088 2300 2392 2354 visibilibus
2418 2309 2473 2355 et
2502 2300 2862 2355 invisibilibus
2891 2317 3033 2355 nunc
3061 2303 3260 2373 agitur,
3289 2303 3341 2357 in
3365 2303 3485 2373 qui-

1895 2393 1994 2447 bus
2024 2393 2207 2447 omnia
2241 2393 2383 2448 facta
2414 2399 2534 2449 esse
2577 2408 2736 2449 nemo
2782 2394 3085 2465 sapientum
3129 2395 3356 2450 dubitat.
3408 2395 3487 2450 Eo

1895 2500 2126 2554 namque
2159 2485 2317 2539 modo
2347 2499 2604 2555 praesens
2631 2484 2879 2553 quaestio
2907 2483 3041 2538 solvi
3074 2498 3233 2553 posse
3268 2484 3481 2538 videre-

1898 2583 2005 2637 tur,
2037 2573 2080 2628 si
2102 2574 2225 2643 quis
2251 2583 2432 2645 possct
2461 2574 2501 2615 ιι
2527 2574 2675 2629 veris
2698 2573 2999 2629 rationibus
3027 2574 3241 2640 docere,
3266 2574 3444 2629 omnia
3465 2615 3483 2640 ,

1908 2663 1958 2718 in
2003 2675 2264 2734 quantunt
2314 2665 2366 2719 in
2411 2664 2588 2719 Verbo
2628 2663 2723 2719 Dei
2764 2663 3066 2720 subsistunt
3109 2665 3163 2719 in
3204 2665 3488 2737 principiis

1905 2755 2050 2816 suis.
2089 2756 2139 2810 in
2174 2764 2382 2810 tantum
2414 2764 2633 2811 acterna
2663 2771 2782 2810 csse
2825 2754 3172 2827 intelligenda
3216 2763 3382 2821 sunt;
3430 2756 3485 2810 in

1896 2857 2157 2916 quantum
2192 2860 2320 2901 vero
2368 2847 2420 2900 itt
2463 2845 2687 2901 elfectus
2730 2860 2891 2910 suos,
2935 2846 3048 2900 sive
3090 2844 3483 2916 intelligibiles.

1897 2938 2011 2993 sive
2040 2937 2357 3001 sensibiles,
2388 2936 2440 2991 in
2473 2938 2665 2992 ordine
2694 2947 2994 3008 temporum
3040 2952 3138 3007 per
3180 2938 3487 3008 generatio-

1900 3042 2019 3082 nctn
2048 3028 2378 3098 procedunt,
2410 3027 2464 3082 in
2496 3036 2704 3082 tantum
2734 3028 2878 3083 facta
2911 3036 3074 3094 sunt;
3106 3028 3179 3083 ita
3208 3037 3266 3083 ut
3295 3042 3485 3084 eorum

213 3115 371 3169 scutia
392 3157 407 3179 .
436 3127 493 3169 ct
521 3115 719 3170 futura.
756 3118 984 3189 Ideoque
1013 3137 1040 3172 a
1076 3117 1302 3176 Graecis
1328 3122 1550 3179 ἐπέκεινα
1576 3134 1602 3163 ι
1634 3137 1790 3179 voca—
1819 3096 1865 3160 C
1898 3118 2194 3173 aeternitas
2222 3117 2275 3172 in
2306 3116 2486 3173 Verbo
2515 3117 2609 3172 Dei
2640 3118 2992 3187 praecederet
3021 3119 3064 3151 ¹¹
3089 3132 3275 3173 eorum
3302 3118 3486 3173 condi-

218 3216 316 3266 ιιη,
351 3207 479 3277 quia
519 3207 700 3261 omnia
745 3218 986 3278 tempora
1018 3209 1070 3264 in
1104 3226 1163 3265 se
1188 3221 1340 3265 creat
1366 3224 1419 3267 et
1446 3213 1795 3269 circumscri-

216 3295 318 3357 iuit.
348 3300 479 3353 dum
512 3312 677 3367 super
709 3300 892 3354 omnia
936 3311 1176 3370 tempora
1219 3300 1291 3356 sit
1333 3304 1654 3359 aeternitate
1695 3318 1792 3359 sua

214 3403 383 3442 eumut
417 3389 705 3444 intervalla
738 3392 1102 3461 praecedens.
1137 3392 1413 3459 ambiens,
1445 3388 1791 3452 concludens.

214 3478 336 3533 Nam
364 3490 420 3536 et
453 3480 522 3536 de
552 3481 676 3538 bis.
703 3498 842 3550 quae
871 3483 1103 3537 naturali
1135 3499 1294 3540 cursu
1324 3485 1376 3540 in
1420 3486 1611 3542 ordine
1657 3497 1794 3544 tem-

146 3578 149 3585 ‘
216 3580 396 3631 purum
428 3571 712 3624 annuatim
752 3571 774 3600 '
807 3573 923 3626 tieri
952 3573 1239 3638 sentimus,
1272 3574 1539 3631 rationem
1570 3577 1795 3633 reddere

213 3672 360 3711 uelim
384 3671 587 3731 potest.
616 3662 750 3730 Quis
775 3662 920 3716 enim
946 3662 1055 3718 vim
1077 3665 1343 3721 scminum
1367 3666 1630 3738 cogitans,
1657 3684 1794 3737 quo-

212 3751 361 3805 modo
389 3767 493 3823 per
539 3769 799 3809 ttutncros
840 3753 1079 3810 locorum
1118 3764 1175 3811 et
1219 3768 1520 3826 temporum
1559 3767 1614 3812 et
1649 3757 1671 3789 ’
1707 3773 1795 3813 va-

214 3839 316 3894 rias
347 3844 562 3913 species
593 3843 939 3910 animalium,
975 3843 1227 3902 fruticem
1248 3886 1264 3913 ,
1299 3846 1587 3903 herbarum
1613 3862 1795 3903 erum-

209 3940 328 3997 punt
351 3972 368 3997 ,
391 3947 499 3987 cur
524 3945 576 3986 ct
611 3932 885 4002 quomodo
910 3934 1088 3989 dicere
1113 3949 1457 4005 praesumat,
1485 3945 1580 3991 aut
1605 3951 1792 3991 eorum

207 4025 519 4078 occasiones
550 4024 617 4077 ad
658 4039 856 4095 purutn
890 4024 1207 4097 dignoscere
1237 4028 1577 4099 praevaleat,
1604 4037 1659 4084 ct
1688 4045 1791 4084 non

207 4114 462 4169 Continuo
488 4116 800 4192 pronuntiet
818 4158 832 4182 ,
860 4117 994 4174 ltaee
1020 4119 1201 4173 omnia
1231 4119 1429 4176 divinis
1453 4119 1662 4192 legibus
1683 4137 1796 4176 om-

207 4216 325 4256 nem
356 4220 581 4261 scusum
611 4215 666 4262 et
693 4206 1028 4262 intellectum
1049 4210 1427 4279 superantibus
1449 4210 1792 4266 attribuenda

205 4297 370 4351 suat?
397 4297 679 4370 Nullisquc
705 4298 1036 4371 conjec-tutis
1064 4301 1229 4356 animi
1258 4302 1671 4372 inquirendum,
1696 4319 1794 4358 cur

205 4388 277 4442 sic
306 4390 390 4444 \cl
421 4391 539 4457 sic,
564 4400 619 4447 ct
646 4393 919 4462 quontodo
945 4392 1025 4450 sic
1054 4393 1133 4451 vel
1161 4396 1273 4460 sic,
1304 4406 1358 4451 cI.
1386 4411 1491 4451 non
1518 4395 1676 4451 aliter
1702 4397 1794 4452 dc—

205 4477 321 4535 lneut
353 4483 611 4537 ordinent
646 4494 950 4554 temporum
981 4483 1230 4556 implere,
1257 4495 1309 4541 ct
1339 4502 1402 4541 ex
1432 4486 1792 4544 invisibilibus

207 4571 377 4625 mmsis
418 4570 477 4625 iit
508 4572 560 4626 vi
592 4573 859 4627 setnimttu
907 4571 1066 4629 simul
1108 4575 1420 4631 constitutis
1449 4591 1554 4632 non
1594 4577 1789 4645 simul,

204 4660 289 4711 scd
317 4670 627 4731 temporum
658 4661 956 4719 intervallis
981 4673 1033 4719 et
1061 4663 1337 4730 locorum,
1366 4664 1418 4720 in
1449 4664 1649 4722 fortnas
1672 4682 1791 4722 seu-

205 4746 382 4805 sibiles
409 4753 744 4820 procedere,
774 4754 929 4822 quasi
978 4771 1082 4809 non
1125 4755 1283 4810 aliter
1317 4756 1432 4811 licri
1462 4767 1715 4826 possent,
1747 4759 1791 4813 si

203 4834 414 4896 divinae
464 4841 729 4897 voluntati
778 4843 939 4900 aliter
985 4844 1099 4900 ﬁeri
1148 4846 1447 4911 videretur,
1474 4862 1614 4916 quae
1646 4846 1792 4901 nulla

1901 3210 2101 3264 tioneut
2137 3209 2191 3263 in
2222 3208 2414 3263 ordine
2445 3206 2752 3263 seculorum
2775 3250 2790 3273 ,
2821 3208 2934 3263 sive
2966 3208 3290 3264 invisibilem
3321 3223 3485 3278 supra

1898 3315 2027 3363 nos,
2062 3300 2179 3355 sive
2208 3298 2480 3354 visibilcnt
2511 3299 2809 3353 secundum
2841 3312 2940 3352 nos
2970 3297 3229 3352 mundum
3260 3296 3488 3369 implen-

1900 3404 2000 3449 tes.
2042 3392 2161 3449 Jam
2210 3406 2370 3457 vero,
2412 3393 2669 3461 quoniam
2709 3390 2838 3444 talia
2881 3390 3039 3445 fateri
3082 3406 3207 3445 vera
3252 3406 3352 3446 nos
3381 3405 3486 3447 non

1897 3483 2026 3538 sinit
2058 3482 2233 3548 ratio;
2266 3480 2468 3536 clamat
2495 3481 2639 3536 enim
2660 3520 2676 3544 ,
2706 3488 2764 3535 et
2790 3481 3071 3536 verissime
3102 3480 3343 3548 clamat,
3378 3498 3484 3535 non

1898 3575 2072 3631 solum
2105 3573 2486 3646 primordiales
2513 3588 2742 3640 causas,
2770 3588 2959 3629 verum
2989 3574 3151 3628 etiam
3192 3589 3378 3629 earum
3409 3574 3492 3629 ef-

1902 3663 2107 3728 fectus,
2137 3673 2192 3718 et
2221 3662 2338 3718 loca
2359 3703 2373 3729 ,
2400 3669 2457 3718 et
2485 3670 2729 3733 tempora
2752 3703 2768 3727 ,
2797 3672 2853 3718 et
2878 3663 2925 3694 "
2953 3664 3218 3720 essentias
3237 3704 3253 3730 ,
3287 3674 3342 3718 et
3370 3664 3491 3719 sub-

1896 3752 2150 3817 stantias,
2179 3753 2281 3809 hoc
2306 3761 2422 3819 est,
2447 3769 2646 3823 genera
2671 3753 3102 3824 generalissima,
3130 3763 3180 3809 et
3209 3755 3495 3824 generales

1896 3843 2133 3911 formas,
2162 3852 2217 3898 et
2245 3846 2453 3915 species
2481 3845 2903 3914 Specialissimas
2931 3860 3027 3914 per
3057 3844 3360 3901 individuos
3386 3862 3488 3900 nu-

1899 3950 2082 3992 meros
2113 3950 2235 3991 cum
2264 3936 2516 3990 omnibus
2556 3934 2927 3990 accidentibus
2971 3935 3084 3989 suis
3122 3935 3486 4000 naturalibus,

1897 4039 1951 4085 et
1981 4040 2039 4083 ut
2062 4027 2105 4059 “
2130 4028 2448 4098 simpliciter
2485 4027 2697 4093 dicam,
2737 4038 2929 4092 omne,
2972 4026 3115 4097 quod
3154 4034 3237 4081 est
3279 4025 3332 4080 itt
3372 4025 3489 4078 uni-

1895 4120 2158 4175 versitate
2192 4133 2372 4173 rerum
2406 4117 2748 4172 conditarunt
2769 4157 2786 4183 ,
2817 4116 2933 4172 sive
2958 4131 3118 4171 sensu
3143 4156 3157 4179 ,
3190 4116 3307 4170 sive
3334 4112 3491 4169 intel-

1899 4210 2041 4265 lectu
2091 4211 2363 4274 luunano,
2402 4208 2486 4263 vel
2527 4209 2773 4280 angelico
2815 4207 3325 4279 comprehendatur,
3374 4207 3499 4261 sive

1896 4317 2113 4357 omnem
2146 4316 2363 4356 sensum
2383 4340 2397 4363 ,
2431 4314 2761 4370 omnemque
2790 4300 2986 4354 mentis
3015 4298 3187 4353 aciem
3229 4297 3484 4363 excedat,

1896 4404 1953 4449 ct
1996 4405 2174 4449 tamen
2220 4392 2496 4449 conditum
2543 4400 2657 4457 cst,
2702 4391 2753 4444 in
2798 4390 2975 4445 Verbo
3021 4389 3110 4445 Dei
3142 4397 3201 4444 et‘
3238 4387 3406 4443 semel
3432 4399 3489 4442 et

1897 4483 2059 4540 simul
2089 4493 2371 4538 aeternum
2394 4491 2448 4537 et
2465 4480 2667 4537 factum
2695 4495 2816 4536 esse
2845 4497 2858 4544 ;
2888 4491 2943 4535 et
2966 4495 3241 4551 nunquam
3267 4489 3421 4534 erant
3444 4480 3493 4514 ¹⁸

1898 4582 2116 4627 aeterna
2144 4582 2201 4626 et
2248 4586 2352 4625 non
2381 4571 2557 4635 facta,
2598 4585 2772 4640 neque
2800 4568 2940 4624 facta
2970 4578 3027 4623 et
3068 4584 3174 4622 non
3223 4578 3444 4623 aeterna
3472 4586 3486 4621 :

1899 4667 1972 4722 ttil
2009 4660 2153 4722 aliud
2186 4664 2510 4736 relinquitur
2538 4664 2607 4730 ⁸⁸,
2636 4665 2738 4718 nisi
2774 4674 2832 4718 ut
2862 4671 3177 4733 quaeratur,
3208 4679 3315 4717 non
3355 4677 3492 4732 quo-

1900 4758 2061 4814 modo
2106 4758 2216 4813 sint
2247 4758 2288 4789 ⁸⁷
2321 4766 2541 4817 acterna
2586 4764 2640 4809 et
2684 4754 2861 4818 facta,
2906 4753 3000 4810 sed
3032 4769 3137 4823 qua
3172 4753 3382 4807 ratione
3410 4753 3491 4806 di-
3568 4744 3571 4745 ⁷

1903 4858 2098 4903 cantur
2122 4849 2165 4881 ¹⁸
2190 4860 2245 4904 ct
2299 4848 2439 4903 facta
2478 4856 2533 4902 et
2588 4855 2829 4902 aeterna.
2877 4844 3015 4899 MAG.
3045 4843 3208 4900 Facta
3236 4843 3495 4899 dicuntur

1488 4977 1744 5034 \‘ARIAE
1782 4976 2188 5037 LECTIONES.

262 5092 280 5123 ¹
312 5086 354 5138 Α
390 5086 683 5140 intuemur.

202 5150 222 5180 '
241 5168 359 5207 sum
387 5172 507 5209 out.
534 5157 594 5211 (Ξ.

195 5226 543 5290 praecederit.

1257 5089 1348 5144 Ἀ

1113 5162 1132 5191 ⁷
1162 5171 1210 5214 et
1237 5175 1347 5216 0m.
1380 5165 1442 5214 Λ.

1055 5228 1102 5259 ³³
1130 5242 1180 5283 ut
1208 5248 1317 5286 om.
1349 5232 1413 5284 Α.

786 5097 808 5127 θ
857 5099 901 5143 et
950 5103 1061 5144 om.
1091 5088 1155 5142 C.

712 5157 733 5189 ⁸
759 5169 806 5211 ct
834 5175 943 5212 om.
973 5161 1038 5214 Α.

620 5225 670 5259 ’⁸
692 5238 739 5282 et
766 5244 875 5283 om.
910 5232 975 5283 Α.

1399 5091 1561 5159 facta.

1511 5232 1555 5263 "
1579 5234 1621 5285 Λ
1648 5240 1798 5285 crttut

1521 5161 1545 5192 ⁸
1573 5161 1637 5214 Α.
1671 5165 2072 5218 nruumciatunt.

1662 5090 1685 5121 ⁵
1710 5090 1755 5146 Δ
1793 5108 1927 5161 quae
1976 5090 2233 5161 ridentur,
2257 5089 2309 5142 in
2343 5088 2540 5161 ordine
2564 5087 2892 5161 saeculorum
2925 5117 2995 5126 —
3031 5103 3249 5161 ocellatis
3284 5102 3390 5141 om.
3423 5086 3493 5161 ο,

2161 5162 2185 5195 ’
2212 5160 2255 5213 Α
2288 5160 2361 5212 in.
2442 5160 2485 5189 ¹⁰
2518 5160 2559 5210 Λ
2595 5160 2890 5210 rationalia.
2970 5162 3008 5196 ιι
3042 5160 3081 5211 C
3108 5160 3291 5213 possit.
3370 5164 3413 5195 η
3444 5160 3493 5206 A

1897 5231 1940 5262 “
1969 5234 2009 5287 Δ
2044 5231 2389 5302 relinquatur.

2442 5158 2485 5189 ¹⁰
2518 5159 2559 5210 Λ
2595 5158 2890 5210 rationalia.
2970 5162 3008 5196 ιι
3042 5158 3081 5211 C
3107 5157 3291 5225 possit.

2469 5229 2508 5259 ’⁷
2538 5227 2577 5282 C
2603 5238 2746 5283 sunt.
2825 5230 2868 5266 ³³
2904 5228 2943 5281 C
2979 5226 3216 5279 docetur.

1714 5365 1965 5424 NOTAE.

264 5466 292 5494 ⁸
328 5452 500 5523 COD).
520 5496 534 5518 ,
628 5456 687 5530 (ἶ.
708 5456 965 5530 inimum
1016 5459 1126 5515 Vox
1157 5463 1379 5518 ὶπὶκιινα
1429 5459 1465 5514 i.
1497 5460 1797 5530 c._ultcrius

194 5528 626 5601 supreoccurrit
658 5526 815 5601 Dion.
854 5530 1120 5601 AreOpag.
1159 5533 1225 5587 de
1265 5533 1374 5586 div.
1406 5526 1566 5585 Nom.
1594 5530 1681 5601 IV,
1712 5532 1795 5585 l6.

194 5589 398 5670 [uc-od.
427 5593 473 5670 ρ
506 5596 570 5649 ad
601 5597 897 5670 marginem
926 5589 1357 5670 liaec'adscripfa
1382 5609 1508 5655 sunt
1533 5618 1546 5654 :
1587 5589 1795 5655 Glossa.

197 5661 335 5717 Deus
363 5681 398 5717 a
423 5661 642 5721 Graecis
666 5661 897 5725 ιπῖκαινα
920 5670 1076 5741 (sic!)
1105 5661 1336 5737 notatur,
1367 5672 1489 5741 quin
1515 5671 1796 5740 praeterita

1898 5471 1945 5515 et
1984 5460 2164 5529 futura
2207 5457 2261 5511 in
2319 5456 2428 5529 ipso
2482 5455 2800 5516 subsistant,
2831 5463 2876 5529 et
2922 5466 3029 5529 ipse
3058 5458 3133 5500 est
3161 5456 3207 5529 et
3236 5446 3495 5529 iulipsuna

1901 5517 2272 5584 terminantur.
2314 5517 2544 5598 Ideoque
2579 5535 2789 5598 propter
2826 5518 3134 5598 [utilitatem
3170 5517 3497 5588 intelligeuu’tI

1898 5615 2050 5667 saepe
2079 5619 2313 5654 επικαινα
2340 5591 2615 5667 "munitas
2647 5591 2876 5667 ontnium
2907 5591 3281 5658 interpretatur
3307 5607 3499 5656 quaer

1899 5663 2211 5740 vis'pt'oprie
2243 5665 2524 5737 praeterita
2560 5672 2608 5716 et
2647 5663 2849 5731 futura.
