3884 6158
826 224 874 237 ι.-

423 253 523 309 671

1803 249 2086 307 JOANNIS
2123 249 2321 308 SCOTl

3573 260 3679 317 672

415 373 569 441 juxta
635 379 824 423 sacrae
886 362 1198 433 Scripturae
1273 358 1654 414 auctoritatem
1683 398 1697 423 ,
1768 374 2000 429 pronun-
2025 384 2073 439 Δ
2103 375 2212 415 uno
2252 374 2419 431 grano
2452 368 2562 414 toto
2594 357 2763 426 major
2787 368 2889 425 est,
2919 374 3082 430 quam
3114 359 3166 414 in
3218 363 3480 432 pnrlirulzt
3512 366 3681 435 ipsius

422 460 652 525 uiantis,
701 467 761 513 ut
807 456 999 512 iisdem
1045 453 1307 523 exemplis
1352 461 1606 506 utamur:
1639 451 1705 505 In
1740 455 1995 524 principio

422 554 547 621 fecit
575 551 715 605 Deus
749 545 951 601 caelum
985 554 1033 599 et
1067 554 1280 597 terram.
1319 540 1508 596 Omnia
1540 542 1595 595 in
1625 544 1882 613 sapientia
1919 544 1999 612 [ε-

419 643 556 696 sisti.
615 637 805 693 Omnia
853 650 947 705 per
988 634 1159 703 ipsum
1200 632 1343 701 facta
1384 640 1524 684 sunt.
1576 630 1644 685 In
1682 647 1784 701 quo
1821 641 1996 686 creata

417 743 538 788 sunt
579 729 785 792 omnia,
816 742 951 798 quae
977 734 1096 779 sunt
1128 723 1183 776 in
1225 721 1383 775 caelis
1419 730 1467 775 et
1509 737 1641 790 quae
1689 722 1704 751 ¹
1739 720 1793 774 in
1819 730 1992 784 terra,

418 823 522 876 sive
551 815 803 881 visibilia,
848 814 953 869 sive
992 809 1314 873 invisibilia,
1356 817 1413 862 et
1455 808 1623 861 multa
1667 806 1992 875 hujusmodi.

416 913 628 968 Modum
671 916 853 961 autem
894 912 949 960 et
994 903 1256 957 rationem
1296 898 1621 953 conditionis
1650 897 1889 951 omnium
1940 897 1993 949 in

417 1000 594 1055 Verbo
634 996 729 1050 Dei
780 995 926 1050 dicat
962 1001 1007 1056 ι,
1056 990 1147 1059 qui
1191 996 1400 1056 potest;
1450 1002 1538 1040 me
1588 986 1797 1040 nescire
1849 984 1870 1015 ³
1914 982 1995 1037 fa-

423 1103 559 1147 teor.
592 1088 702 1143 Nec
726 1086 748 1118 ⁸
776 1100 863 1141 me
890 1084 1051 1156 pudet
1085 1082 1107 1114 ⁸
1143 1079 1385 1143 nescire,
1429 1078 1655 1132 audiens
1692 1075 1993 1147 apostolum

413 1182 678 1235 dicentem
712 1193 727 1230 :
755 1174 858 1240 Qui
883 1172 1024 1227 solus
1047 1170 1203 1223 habes
1229 1165 1700 1232 immortalitatem,
1740 1176 1786 1219 et
1825 1164 1993 1219 lucem

411 1266 618 1320 habitas
665 1258 1094 1322 inaccessibilem,
1122 1255 1442 1326 praesertim
1481 1256 1634 1324 quasi
1680 1254 1703 1285 ⁵
1745 1254 1811 1309 de
1836 1252 1994 1323 longe

411 1350 711 1424 praesentis
739 1349 936 1419 negotii
984 1348 1143 1402 linem
1172 1344 1537 1400 considerans.
1566 1344 1651 1400 Ad
1679 1346 1781 1399 hoc
1807 1345 1827 1376 ⁷
1847 1344 1993 1399 enim

409 1461 668 1516 praesens
692 1441 1054 1506 ratiocinatio,
1086 1441 1253 1495 immo
1271 1456 1397 1494 vero
1423 1439 1537 1509 ipsa
1559 1438 1697 1492 ratio
1710 1438 1989 1507 perducet,

411 1546 472 1592 ut
501 1535 884 1605 intelligamus,
916 1546 1023 1587 non
1050 1530 1220 1585 solum
1248 1530 1300 1584 in
1326 1529 1419 1584 Dei
1456 1527 1628 1583 Verbo
1647 1527 1669 1558 ⁸
1695 1527 1873 1581 omnia
1895 1541 1990 1582 ae-

413 1638 563 1682 terna
605 1635 660 1681 et
693 1624 835 1680 facta
868 1637 1008 1688 esse,
1054 1636 1242 1675 verum
1285 1619 1447 1674 etiam
1487 1618 1661 1688 ipsum
1691 1617 1871 1672 omnia
1910 1613 1991 1670 fa-

2102 450 2277 520 grani.
2308 448 2582 519 Multiplex
2607 449 2749 505 enim
2778 450 2830 503 in
2860 464 2967 504 uno
2993 459 3099 516 est,
3129 460 3183 504 et
3208 466 3313 506 una
3344 453 3397 506 in
3425 454 3683 525 multipli-

2096 537 2268 593 cibus.
2308 537 2365 592 Si
2406 553 2531 591 vero
2560 538 2680 607 quis
2707 537 2926 603 dixerit,
2974 538 3081 592 vim
3129 539 3395 595 seminum
3425 558 3531 598 non
3584 555 3676 610 per

2097 628 2355 698 soipsam,
2385 629 2481 683 sed
2522 629 2575 682 in
2609 628 2784 698 aliqua
2820 630 3069 695 materia,
3106 630 3208 685 hoc
3236 643 3342 693 est,
3377 633 3428 687 in
3456 635 3679 696 humore

2097 717 2365 787 patefieri,
2396 733 2459 772 ac
2500 733 2598 787 per
2630 724 2731 771 hoc
2772 718 2884 786 ipsa
2915 717 2997 783 fit,
3026 720 3169 787 quod
3206 730 3446 791 apparet,
3477 725 3573 779 sed
3622 725 3675 783 in

2095 821 2203 861 uno
2250 807 2392 874 quod
2423 819 2683 877 apparere
2727 815 2771 847 ιι
2823 806 2957 876 agit,
2985 809 3150 863 utsic
3194 821 3451 880 appareat
3473 812 3545 880 ",
3573 828 3677 871 non

2095 896 2163 951 de
2201 899 2400 966 seipsa,
2430 898 2524 951 sed
2559 896 2627 951 de
2664 897 2843 966 aliqua
2875 898 3101 952 materia
3151 902 3498 969 Operationes
3547 920 3674 962 suas

2093 999 2377 1054 peragens,
2418 984 2871 1054 respondendum,
2902 987 2949 1040 si
2984 985 3036 1040 in
3066 988 3245 1056 specie
3271 1002 3496 1058 apparet
3514 1002 3569 1046 et
3596 992 3674 1062 fit,

2093 1081 2247 1128 estne
2289 1073 2496 1143 species
2523 1074 2772 1141 materia,
2802 1075 2929 1131 dum
2959 1078 3244 1133 manifesta
3291 1081 3430 1137 ratio
3457 1082 3672 1153 clamat,

2092 1162 2345 1232 quicquid
2378 1173 2591 1217 maneat
2618 1163 2663 1197 "
2692 1164 2743 1218 in
2775 1167 3024 1231 materia,
3050 1182 3149 1237 per
3173 1170 3408 1240 speciem
3432 1188 3672 1241 manere,

2093 1253 2219 1307 dum
2259 1269 2356 1325 per
2397 1255 2627 1324 seipsant
2671 1263 2728 1310 et
2764 1253 2812 1288 “
2840 1256 3106 1314 instabilis
3151 1269 3206 1315 et
3234 1261 3481 1319 informis
3520 1265 3572 1302 ⁸⁸
3612 1282 3675 1324 ac

2092 1358 2227 1413 pene
2260 1344 2391 1398 nihil
2418 1345 2521 1398 sit?
2545 1344 2600 1399 Si
2625 1345 2677 1400 in
2703 1345 3000 1412 coloribus,
3021 1366 3148 1404 num
3186 1351 3335 1407 color
3374 1355 3419 1386 “
3451 1357 3672 1415 materia

2090 1446 2193 1501 est,
2211 1451 2332 1491 cum
2349 1445 2551 1491 consth
2571 1438 2637 1501 ’⁷,
2654 1452 2748 1492 eos
2772 1439 2915 1494 circa
2932 1440 3210 1496 materiem
3232 1443 3300 1508 ⁸⁸,
3326 1443 3493 1499 immo
3511 1449 3671 1504 etiam

2091 1526 2235 1581 circa
2283 1526 2515 1596 speciem
2546 1528 2803 1599 intelligi?
2833 1528 2890 1583 Si
2941 1530 2994 1584 in
3024 1531 3251 1587 odorum
3294 1535 3668 1602 suavitatibns,

2090 1632 2219 1671 num
2264 1616 2309 1656 "
2336 1619 2471 1672 odor
2519 1619 2746 1674 materia
2799 1629 2907 1686 est,
2933 1636 3056 1677 cum
3110 1623 3344 1693 qualitas
3387 1626 3668 1686 olfaciendi

408 1733 555 1781 cere,
583 1726 638 1772 et
665 1718 716 1771 in
741 1715 991 1771 omnibus
1016 1710 1131 1767 ﬁeri
1162 1709 1393 1781 simplici
1418 1708 1613 1764 mentis
1637 1707 1770 1763 acie.
1818 1706 1889 1764 Ut
1914 1707 1991 1761 ait
2016 1703 2065 1764 B
2092 1720 2308 1761 sensum
2353 1705 2593 1762 alliciens
2633 1708 2702 1763 ab
2728 1709 2835 1775 his,
2868 1713 2959 1780 qui
2991 1711 3119 1767 talia
3149 1722 3404 1779 tractant,
3445 1733 3569 1773 esse
3592 1718 3671 1774 di-

406 1819 627 1865 Sanctns
656 1806 954 1861 Maximus:
983 1801 1091 1858 Per
1116 1803 1342 1857 rationes
1361 1804 1555 1868 ’,quae
1581 1800 1637 1853 in
1653 1798 1987 1853 existentibus

402 1909 545 1964 sunt,
568 1899 638 1952 ad
672 1896 883 1952 causale
914 1895 961 1927 "
989 1893 1197 1950 verbum
1236 1891 1492 1953 videlicet,
1537 1890 1808 1961 eﬂ'erentes
1834 1889 1990 1943 intel-

405 1988 616 2053 lectum,
644 1996 691 2041 et
721 1986 820 2056 ipsi
849 1985 950 2039 soli
976 1993 1150 2054 utpote
1176 1982 1508 2052 congreganti
1539 1980 1734 2045 omnia,
1763 1995 1897 2051 quae
1921 1995 1987 2034 ex

402 2077 517 2147 ipso
544 2085 687 2142 sunt,
712 2084 760 2128 et
800 2073 1082 2128 attrahenti
1114 2070 1413 2141 alligantes,
1443 2068 1733 2123 rationibus
1761 2084 1853 2139 per
1876 2068 1986 2121 sin-

402 2165 528 2238 gula
570 2165 897 2220 esistentium
940 2161 1177 2216 ordinate
1204 2158 1419 2223 utendo,
1467 2174 1568 2212 non
1590 2156 1709 2227 jam
1746 2156 1980 2225 confuse,

400 2256 491 2310 sed
535 2252 804 2326 praeclare
850 2253 1135 2315 credentes,
1183 2247 1354 2303 solum
1401 2247 1569 2301 Deum
1619 2247 1825 2317 praprie
1872 2263 1983 2302 esse

400 2343 637 2399 relictum
663 2358 728 2396 ex
754 2342 1013 2411 diligenti,
1048 2355 1181 2410 quae
1215 2349 1288 2392 est
1316 2339 1384 2391 at!
1423 2354 1502 2398 ea,
1546 2353 1681 2407 quae
1708 2346 1849 2403 sunt,
1899 2339 1982 2392 in-

398 2435 652 2498 tentione,
702 2443 750 2488 et
794 2433 1067 2486 essentiam
1098 2430 1427 2485 existentium
1464 2428 1529 2493 “,
1577 2437 1625 2482 et
1684 2438 1903 2494 motum,
1931 2438 1980 2484 et

399 2522 756 2594 differentium
776 2521 1162 2585 discretionem,
1184 2528 1231 2573 et
1256 2518 1625 2572 continentiam
1652 2516 1979 2571 insolubilem

398 2615 707 2677 mixtorum,
753 2621 802 2665 et
852 2610 1249 2680 fundamentum
1290 2607 1611 2663 immutabile
1666 2609 1975 2679 positorum,

396 2713 445 2759 et
471 2703 637 2757 omnis
680 2700 988 2773 simpliciter
1013 2709 1270 2770 utcunque
1313 2700 1355 2730 ι’
1384 2696 1674 2752 intellectae
1702 2699 1974 2763 essentiae,

396 2802 445 2847 et
497 2792 740 2845 motionis
767 2800 815 2845 et
859 2789 1185 2859 diﬂ'erentiae
1218 2788 1576 2859 mia'turaeque
1619 2798 1667 2843 et
1702 2788 1975 2858 positionis

394 2881 679 2937 causalem.
711 2881 790 2936 Ac
817 2895 913 2951 per
939 2879 1042 2937 hoc
1062 2878 1107 2933 si
1132 2876 1227 2933 Dei
1260 2877 1494 2933 Verbum
1524 2877 1859 2933 solummodo
1890 2893 1976 2934 rc-

394 2974 656 3043 linquitur
673 2972 906 3028 essentia
936 2969 1279 3025 existentium
1324 2977 1379 3024 et
1421 2978 1598 3024 motus
1640 2979 1699 3024 et
1718 2954 1971 3024 differen-

2088 1804 2266 1862 catur,
2318 1798 2553 1866 qualitas
2600 1808 2778 1853 autem
2810 1800 3125 1871 incorporea
3156 1804 3272 1858 est?
3300 1803 3566 1862 Similiter
3607 1808 3669 1864 de

2085 1886 2282 1942 ceteris
2310 1887 2681 1957 qualitatibus,
2741 1889 2792 1942 in
2843 1888 2888 1920 “
2935 1891 3131 1959 quibus
3180 1893 3353 1949 virtus
3400 1897 3666 1952 seminum

2084 1976 2221 2032 solet
2240 1992 2520 2047 apparere,
2550 1977 2856 2033 dicendum.
2885 1978 2943 2034 Si
2969 1989 3150 2036 autem
3180 1985 3454 2052 praedicta
3485 1989 3661 2043 omnia

2084 2067 2444 2136 incorporalia
2484 2076 2610 2122 sunt
2653 2068 2970 2137 corporibus
3007 2069 3379 2141 adhaerentia,
3408 2084 3467 2131 et
3503 2077 3560 2132 in
3584 2092 3664 2134 se.

2084 2156 2331 2226 metipsis
2353 2166 2507 2211 extra
2544 2172 2771 2227 corpora
2800 2157 3095 2225 intellecta,
3135 2161 3258 2231 quis
3280 2165 3382 2219 nisi
3410 2166 3663 2237 insipiens

2083 2244 2301 2309 dixerit,
2330 2244 2438 2298 vim
2481 2247 2746 2300 seminum
2792 2247 3187 2318 incorporalem
3224 2255 3525 2323 corporalis
3548 2273 3658 2312 rna-

2083 2334 2254 2389 teriae
2292 2335 2360 2388 ad
2406 2334 2798 2404 apparitionem
2838 2351 2991 2392 suam
3037 2339 3315 2411 indigere?
3352 2343 3548 2399 Ablata
3596 2346 3661 2400 si-

2080 2424 2296 2493 quidem
2345 2425 2545 2495 specie,
2592 2426 2849 2497 omnique
2900 2427 3180 2499 qualitate,
3231 2441 3289 2488 et
3331 2437 3654 2505 quantitate,

2082 2513 2257 2566 virtus
2286 2512 2565 2568 seininalis
2594 2513 2649 2568 in
2696 2517 2836 2570 nuda
2866 2518 3088 2572 materia
3117 2518 3264 2575 nullo
3303 2521 3466 2578 modo
3493 2535 3663 2594 potest

2079 2617 2173 2657 seu
2208 2601 2321 2657 fieri
2348 2619 2442 2658 seu
2468 2604 2677 2658 sentiri.
2711 2604 2891 2673 Quid?
2920 2606 2978 2662 Si
3011 2607 3125 2678 ipsa
3155 2611 3430 2678 materies,
3476 2614 3532 2668 in
3558 2628 3663 2686 qua

2080 2702 2301 2764 putatur
2328 2710 2590 2766 apparere
2618 2706 2673 2752 et
2702 2714 2885 2769 agere,
2915 2716 2981 2757 es
3014 2703 3366 2773 qualitatibus
3392 2706 3447 2762 in
3475 2722 3662 2779 corpu.

2079 2784 2283 2841 ralibus
2309 2788 2570 2859 originem
2613 2787 2811 2845 ducere
2834 2792 3113 2862 probatur,
3146 2810 3323 2851 nonne
3352 2799 3656 2867 coniicitur,

2078 2890 2183 2928 non
2210 2876 2425 2932 aliunde
2467 2877 2574 2932 vim
2618 2880 2887 2936 seminum
2934 2883 3180 2954 accipere
3221 2885 3337 2952 illa,
3386 2886 3440 2942 in
3466 2888 3660 2958 quibus

2077 2974 2349 3034 operatur,
2370 2968 2463 3023 sed
2493 2982 2523 3022 a
2542 2983 2602 3023 se
2632 2969 2745 3039 ipsa
2767 2971 2886 3026 etin
2914 2987 2973 3028 se
2996 2973 3133 3045 ipsa,
3165 2975 3267 3031 hoc
3288 2986 3390 3041 est,
3420 2978 3475 3032 in
3503 2988 3658 3034 natu—

396 3068 529 3123 tium
569 3066 823 3122 discretio
854 3072 910 3120 et
955 3062 1285 3119 continﬁntia
1331 3059 1631 3115 insolubilis
1660 3050 1973 3127 mixtorum,
2001 3058 2048 3122 C
2080 3055 2284 3113 ralibus
2314 3058 2426 3114 suis
2449 3059 2771 3127 virtutibus,
2802 3062 2877 3117 ita
2908 3073 2966 3119 ut
2989 3066 3225 3121 mirabili
3274 3068 3434 3127 modo
3464 3071 3557 3126 fiat
3602 3080 3657 3127 et

396 3159 501 3215 hoc
524 3166 609 3212 εει
636 3154 1080 3225 compositorum,
1110 3160 1165 3207 et
1191 3149 1600 3205 fundamentum
1634 3147 1971 3206 innnulabile

399 3247 719 3317 positorum,
759 3245 860 3297 hoc
894 3243 1065 3296 estad
1095 3238 1483 3294 immutabilem
1507 3238 1748 3293 habitum
1774 3254 1967 3309 perve-

391 3336 676 3401 nientium,
695 3346 749 3389 et
763 3343 1031 3402 utcunque
1050 3330 1350 3386 intellectae
1374 3324 1638 3386 essentiae
1653 3339 1709 3384 et
1729 3328 1775 3363 ¹⁸
1794 3340 1972 3388 motus

387 3436 446 3488 et
478 3425 525 3467 ⁸⁸
546 3425 906 3490 discretionis,
946 3433 1000 3479 et
1048 3422 1452 3491 compositionis
1478 3461 1495 3487 ,
1544 3431 1601 3477 et
1644 3423 1970 3479 habitudiuis

391 3532 556 3574 causa
588 3517 655 3581 ⁸³,
684 3516 811 3585 quid
844 3513 986 3567 aliud
1012 3518 1180 3566 restat
1204 3508 1446 3577 intelligi,
1471 3509 1573 3562 nisi
1599 3511 1772 3579 ipsum
1787 3511 1965 3565 omnia

392 3611 447 3664 in
467 3607 716 3664 omnibus
745 3605 896 3660 fieri?
921 3603 1200 3671 Quomodo
1224 3610 1424 3666 autem,
1463 3610 1518 3655 et
1545 3599 1590 3641 ιθ
1620 3616 1725 3671 qua
1755 3601 1966 3656 ratione

392 3701 486 3757 Dei
520 3698 750 3755 Verbum
780 3698 833 3752 in
858 3695 1129 3757 omnibus,
1152 3707 1290 3763 quae
1318 3692 1370 3746 in
1393 3706 1458 3746 eo
1478 3692 1520 3731 ³⁷
1539 3690 1678 3747 facta
1708 3700 1853 3757 sunt,
1886 3692 1966 3756 fit,

387 3791 586 3848 mentis
606 3799 822 3844 nostrae
845 3787 1014 3843 aciem
1045 3783 1195 3855 fugit.
1231 3782 1339 3838 Nec
1351 3782 1705 3848 mirum,cum
1730 3783 1782 3837 in
1808 3781 1966 3838 rebus

384 3881 726 3939 scnsibilibus
770 3894 928 3934 nemo
975 3885 1149 3948 potest
1183 3876 1396 3941 dicere,
1447 3875 1715 3944 quomodo
1749 3875 1829 3928 vis
1873 3890 1962 3929 se~

384 3973 601 4028 tuinalis
632 3972 948 4039 incorporea
971 3966 1015 4008 ι’
1052 3966 1105 4021 in
1136 3965 1344 4036 species
1371 3964 1606 4019 visibiles
1633 3963 1960 4033 formasque,

382 4067 437 4123 in
488 4066 667 4121 varios
717 4063 947 4125 colores,
991 4059 1047 4114 in
1098 4058 1339 4112 diversas
1392 4057 1616 4112 odorum
1670 4056 1963 4111 suavitates

2077 3144 2251 3200 faciat
2276 3155 2331 3201 rt
2368 3150 2596 3204 materia
2618 3166 2715 3206 sua
2740 3161 2795 3207 et
2822 3155 3065 3223 Operatio
3088 3166 3143 3212 et
3164 3161 3440 3229 operatrix
3464 3161 3491 3218 ?

2146 3236 2231 3290 l7.
2267 3236 2586 3295 Inconcussa
2612 3242 2792 3311 itaque
2819 3246 3116 3301 auctoritas
3163 3248 3379 3305 divinae
3409 3251 3653 3325 Scriptu-

2075 3342 2168 3381 rae
2195 3343 2291 3383 nos
2321 3330 2594 3399 compellit
2637 3333 2878 3399 credere,
2913 3337 3076 3391 totius
3104 3351 3389 3395 creaturae
3434 3345 3651 3401 univer-

2072 3419 2287 3474 sitatem
2340 3421 2393 3475 in
2439 3422 2612 3478 Verbo
2660 3423 2752 3479 Dei
2783 3428 3055 3483 conditam
3096 3444 3237 3496 esse,
3276 3433 3555 3505 ipsiusque
3606 3434 3649 3466 "

2070 3511 2396 3566 conditionis
2450 3515 2716 3571 rationem
2764 3533 2953 3573 omnes
3001 3520 3304 3578 intellectus
3355 3540 3645 3596 superare,

2069 3601 2275 3671 solique
2312 3602 2507 3670 Verbo,
2540 3605 2593 3659 in
2630 3621 2743 3676 quo
2766 3610 2982 3665 condita
3007 3621 3133 3666 sunt
3157 3615 3337 3669 omnia
3377 3616 3446 3683 ³³,
3474 3618 3651 3690 cogni-

2069 3701 2177 3745 tam
2206 3705 2348 3748 esse.
2393 3693 2451 3747 Si
2502 3709 2632 3750 vero
2668 3697 2749 3751 vis
2791 3699 3000 3764 audire,
3043 3702 3170 3770 quid
3198 3703 3265 3758 de
3285 3705 3650 3764 universitatis

2066 3785 2387 3840 aeternitate
2422 3786 2475 3840 in
2518 3785 2697 3843 Verbo
2726 3789 2819 3844 Dei
2859 3791 3053 3857 sentio,
3083 3793 3151 3847 ad
3191 3794 3347 3861 haec,
3399 3814 3541 3868 quae
3564 3794 3648 3854 se-

2066 3883 2325 3944 quuntur,
2384 3876 2623 3932 intentus
2669 3887 2806 3933 esto.
2844 3880 2990 3937 Dtsc.
3036 3881 3259 3940 Praesto
3305 3901 3451 3941 sum.
3510 3888 3645 3945 MAG.

2064 3965 2204 4021 Num
2230 3968 2537 4035 arbitraris,
2568 3970 2802 4026 Verbum
2830 3972 2950 4041 Dei,
2982 3975 3035 4029 in
3079 3991 3186 4046 quo
3208 3976 3350 4033 facta
3381 3989 3513 4036 sunt
3534 3997 3653 4037 om-

2064 4056 2172 4119 nia,
2220 4055 2414 4112 fecisse
2452 4057 2499 4089 ³⁸
2545 4060 2748 4125 omnia,
2777 4076 2917 4131 quae
2945 4063 2998 4118 in
3028 4079 3093 4119 eo
3128 4063 3267 4120 facta
3308 4070 3476 4123 sunt?
3505 4070 3646 4124 DISC.

360 4170 691 4226 .ermupens,
726 4154 786 4206 fit
822 4149 1070 4206 sensibus
1095 4145 1401 4211 manifesta,
1441 4156 1494 4200 et
1522 4146 1575 4200 in
1608 4145 1769 4200 rebus
1797 4144 1982 4219 facta,.
2060 4147 2312 4202 Arbitror
2333 4162 2482 4203 sane.
2505 4148 2763 4217 Quamvis
2786 4153 2931 4231 enim
2966 4154 3144 4210 divina
3171 4159 3435 4227 operatio,
3464 4160 3518 4213 in
3540 4176 3647 4231 qua

382 4259 439 4302 et
462 4246 589 4299 dum
634 4244 694 4296 fit
734 4239 1042 4305 manifesta,
1090 4252 1194 4292 non
1240 4237 1447 4291 desinat
1477 4236 1520 4269 "
1562 4250 1684 4290 esse
1724 4235 1957 4291 occulta.

380 4336 450 4391 Et
489 4335 604 4389 sive
642 4330 924 4388 manifesta
953 4332 1043 4395 sit,
1074 4327 1189 4382 sive
1216 4325 1447 4391 occulta,
1491 4324 1822 4379 naturalibus
1849 4323 1960 4378 suis

381 4426 668 4480 virtutibus
697 4437 973 4492 nunquam
1019 4392 1286 4476 deseritur
1316 4425 1427 4472 tota
1474 4417 1528 4470 in
1576 4417 1721 4480 totis,
1763 4425 1871 4471 tota
1901 4417 1955 4471 in
1988 4392 2034 4453 D
2062 4417 2116 4471 in
2162 4415 2300 4471 Filio
2332 4418 2497 4484 fiunt,
2548 4420 2753 4489 Spiritu
2797 4432 2987 4478 sancto
3029 4425 3427 4481 distribuuntur
3470 4447 3485 4483 :

379 4517 578 4585 seipsa,
624 4529 723 4569 nec
769 4512 987 4578 crescit,
1030 4512 1154 4566 dum
1183 4510 1394 4564 videtur
1443 4507 1809 4577 multiplicari,
1855 4522 1956 4563 nec

378 4604 657 4668 minuitur,
687 4600 813 4654 dum
853 4608 1073 4670 putatur
1112 4600 1164 4653 in
1194 4597 1521 4668 paucitatem
1551 4597 1818 4677 contrahi,
1860 4597 1954 4652 sed

377 4695 432 4748 in
460 4694 647 4749 eodem
677 4700 821 4746 statu
862 4707 994 4746 suae
1029 4699 1255 4746 naturae
1306 4689 1716 4743 imntutabiliter
1744 4704 1953 4758 perma-

374 4792 484 4841 net.
538 4782 650 4837 Non
690 4782 832 4836 enim
879 4782 1056 4835 minor
1081 4778 1126 4810 ²⁰
1156 4791 1239 4833 est
1291 4779 1343 4832 in
1386 4792 1492 4831 uno
1539 4793 1708 4847 grano
1759 4779 1945 4845 tritici,

373 4875 523 4931 verbi
568 4874 762 4946 gratia,
808 4887 969 4942 quam
1000 4873 1054 4926 in
1098 4869 1280 4925 multis
1315 4869 1579 4923 messibus
1610 4870 1710 4924 sub
1758 4871 1946 4926 eodem

371 4979 569 5038 genere
599 4962 986 5033 multiplicatis,
1027 4969 1083 5016 et
1110 4959 1252 5030 quod
1281 4968 1361 5013 est
1409 4957 1732 5025 mirabilius,
1764 4975 1863 5014 nec
1890 4961 1942 5015 in

2062 4237 2279 4292 condita
2310 4248 2437 4294 sunt
2477 4241 2678 4306 omnia,
2714 4230 2996 4313 tripliciter
3020 4260 3174 4301 sacra
3218 4245 3503 4319 Scriptura
3522 4267 3646 4322 per-

2064 4326 2281 4382 bibente
2319 4345 2347 4381 a
2376 4330 2636 4399 theologis
2661 4333 3062 4400 consideretur;
3108 4329 3271 4391 Pater
3316 4341 3462 4393 enim
3492 4339 3646 4407 facit,

2061 4514 2241 4560 tamen
2282 4515 2443 4575 atque
2466 4509 2653 4563 eadem
2680 4524 2922 4565 summae
2945 4511 2994 4544 “
3017 4523 3341 4584 sanctaeque
3362 4515 3647 4573 Trinitatis

2059 4605 2143 4650 est
2164 4595 2426 4664 operatio.
2454 4595 2607 4663 Quod
2622 4598 2766 4652 enim
2791 4598 2953 4654 Pater
2972 4600 3121 4667 facit,
3142 4589 3198 4657 et
3217 4604 3383 4659 Filius
3410 4606 3556 4670 facit,
3582 4615 3646 4660 et

2059 4686 2293 4758 Spiritus
2311 4697 2531 4743 sanctus
2544 4686 2695 4755 facit,
2709 4697 2763 4744 et
2781 4692 2920 4760 quod
2935 4693 2988 4747 in
3011 4692 3147 4750 Filio
3169 4693 3369 4750 factum
3389 4705 3495 4763 est,
3514 4697 3567 4751 in
3592 4695 3645 4728 ³⁸
3738 4746 3747 4751 κ

2054 4778 2216 4835 Patre
2240 4790 2293 4833 et
2316 4778 2521 4848 Spiritu
2544 4789 2732 4836 sancto
2754 4780 2955 4837 factum
2978 4794 3082 4840 est.
3103 4784 3379 4857 Siquidem
3402 4788 3450 4844 si
3475 4787 3520 4819 ³⁸
3546 4786 3645 4844 Fi-

2053 4868 2158 4925 lius
2182 4871 2234 4924 in
2266 4868 2427 4924 Patre
2458 4878 2561 4934 est,
2590 4885 2769 4937 omne,
2799 4873 2944 4942 quod
2977 4874 3033 4929 in
3061 4874 3198 4932 Filio
3218 4875 3421 4933 factum
3449 4887 3551 4944 est,
3580 4880 3643 4933 in

2050 4959 2214 5016 Patre
2253 4973 2375 5015 esse
2414 4974 2634 5015 necesse
2665 4968 2769 5016 est.
2801 4961 2934 5017 Nam
2968 4964 3163 5020 rationi
3196 4981 3316 5022 non
3348 4967 3642 5035 convenit,

1651 5086 1905 5142 VARIAE
1943 5089 2342 5147 LECTIONES.

465 5194 486 5229 ι
510 5204 643 5261 quae
701 5201 809 5241 om.
834 5183 932 5261 _A:
1084 5180 1139 5261 _C

369 5261 392 5296 "
438 5261 480 5317 C
522 5252 733 5313 'adltuc.
832 5255 856 5288 ⁸
903 5254 947 5306 Α
992 5254 1140 5306 verbo
1190 5252 1303 5304 Dei.

368 5344 424 5386 ut
477 5332 679 5401 cuique.
777 5332 822 5359 "
854 5332 1097 5401 motionis
1137 5344 1147 5401 ε

367 5418 477 5455 sae.
552 5391 596 5434 ιδ
624 5398 669 5451 Α
707 5405 816 5450 aut.
894 5394 935 5427 ³⁷
966 5393 1013 5446 Α
1046 5391 1100 5445 in
1132 5391 1240 5444 illo.

369 5473 424 5523 in
464 5485 564 5523 uno
600 5497 669 5506 —
698 5474 943 5535 appareat
968 5462 1165 5535 om._A.

369 5541 439 5603 (3;
466 5542 503 5591 Α
533 5554 659 5591 cura
681 5545 895 5589 constat.

368 5609 524 5661 disse.
602 5606 645 5637 ”‘
677 5608 718 5657 Α
747 5618 1097 5672 summaeque.

1431 5250 1452 5282 ’
1494 5252 1535 5304 Δ
1586 5252 1925 5319 perartiones.

1319 5390 1362 5421 ⁸⁸
1384 5391 1686 5458 incorporea
1716 5405 1823 5443 orn.
1850 5392 1913 5443 Α.

1241 5460 1286 5491 ⁸³
1311 5458 1352 5515 C
1381 5469 1574 5512 manet.

1177 5601 1221 5630 ³⁸
1248 5601 1300 5653 in
1328 5613 1435 5653 om.
1469 5597 1533 5651 Α.
1602 5598 1646 5627 ³⁸
1669 5598 1713 5652 si
1744 5615 1851 5651 Ulli.
1880 5600 1943 5653 Α.

1450 5181 1470 5212 ³
1498 5180 1602 5234 Pro
1656 5197 1737 5234 me
1806 5182 1999 5237 nescire
2046 5185 2087 5237 Α
2140 5202 2254 5254 ego.

1450 5258 1452 5273 ί
1494 5252 1535 5304 A
1586 5252 1925 5307 nerartiones.
2054 5254 2096 5285 ¹⁰
2135 5252 2179 5307 Δ
2217 5271 2254 5307 ει

2135 5271 2179 5307 Α
2217 5271 2426 5307 causae.

777 5325 822 5359 ⁸³
854 5323 1097 5377 motionis
1139 5332 1188 5374 et
1234 5321 1558 5390 differentiae
1613 5321 1971 5389 mixturaeque
2016 5334 2064 5377 et
2113 5326 2382 5393 positionis
2416 5352 2479 5365 --
2505 5335 2552 5377 et
2583 5339 2691 5379 om.
2722 5327 2788 5379 Α.
2895 5326 2941 5360 ¹⁸
2989 5338 3038 5381 et
3061 5344 3120 5382 Oli

780 5405 816 5449 t.
894 5394 935 5427 ³⁷
966 5393 1013 5446 Α
1046 5391 1100 5445 in
1132 5391 1240 5444 illo.
1319 5390 1362 5421 ⁸⁸
1384 5391 1686 5450 incorporea
1716 5405 1823 5443 orn.
1850 5392 1913 5443 Α.
1993 5392 2036 5424 ¹⁹
2070 5392 2160 5447 Sic
2186 5394 2294 5447 AC.
2370 5393 2415 5425 ³ο
2438 5393 2478 5448 C
2506 5394 2697 5446 minus,
2772 5399 2814 5433 ιι
2843 5396 3035 5450 ροηξά
3080 5398 3120 5450 C

2115 5410 2160 5447 lC
2186 5409 2294 5447 Al).
2371 5409 2415 5425 ⁸¹¹
2438 5409 2478 5448 b
2506 5409 2697 5446 minus.
2772 5409 2814 5433 ⁸⁸
2843 5409 2995 5454 UOH].
3019 5414 3035 5454 ζ
3080 5409 3122 5453 υ
3149 5417 3359 5454 conare.
3400 5420 3405 5424 ’

1650 5406 1686 5441 ἀ
1716 5405 1823 5443 orn.
1850 5402 1913 5443 Α.
1993 5402 2036 5424 ι’
2070 5402 2160 5447 Sic
2186 5402 2294 5447 At).
2370 5402 2415 5425 ’ν
2438 5402 2478 5448 (λ
2506 5402 2697 5446 minus.
2772 5402 2814 5433 ιι
2843 5402 3035 5462 Conj.;
3080 5402 3122 5453 C
3149 5417 3359 5469 appare.
3400 5420 3405 5424 δ
3460 5402 3504 5432 ’⁵
3534 5402 3641 5453 sed

1650 5459 1693 5489 ’⁷⁵
1720 5470 1766 5513 et
1792 5461 1992 5533 om._C.
2061 5463 2109 5494 “
2129 5472 2170 5515 Α
2202 5463 2449 5533 informis
2466 5464 2550 5515 sit.
2627 5462 2675 5494 ²⁶
2701 5478 2798 5533 pro
2833 5481 2956 5518 nam
2984 5468 3129 5521 color
3162 5470 3206 5523 Α
3237 5486 3361 5524 non.
3433 5469 3475 5502 "
3532 5468 3642 5525 Sic

994 5533 1040 5563 ³⁸
1069 5531 1106 5584 Α
1139 5531 1431 5583 materiam.
1484 5528 1550 5601 f’
1577 5527 1760 5601 Giton.
1833 5527 1965 5601 "in
1994 5546 2101 5585 om.
2136 5533 2199 5585 A.
2271 5532 2314 5565 “
2342 5532 2387 5586 Α
2437 5532 2606 5601 ipsius
2632 5527 2770 5587 vero.
2846 5533 2892 5565 ³¹
2914 5539 3087 5591 omnia
3116 5552 3221 5592 orn.
3253 5541 3317 5594 Α.
3391 5538 3441 5573 ³³
3471 5539 3516 5594 Δ
3554 5555 3643 5594 m-

2386 5187 2407 5215 ‘
2445 5185 2491 5238 Α
2535 5184 2662 5239 haec
2746 5212 2751 5217 ο
2785 5187 3013 5262 '_pudet
3056 5203 3165 5262 om.
3207 5191 3248 5244 Α
3353 5190 3376 5224 ⁶
3403 5192 3444 5246 Α
3471 5208 3639 5262 quae.

2549 5262 2590 5293 ιι
2645 5258 2933 5310 essentiam
2979 5269 3027 5311 et
3073 5261 3436 5314 existentium.
3482 5258 3561 5300 ἰι
3590 5265 3641 5317 Α

2895 5326 2941 5360 ¹⁸
2989 5338 3038 5381 et
3061 5344 3169 5383 om.
3197 5332 3262 5384 Α.
3338 5330 3449 5384 “A
3492 5346 3640 5384 cau-

2895 5396 3035 5453 onL;
3080 5398 3122 5453 C
3149 5417 3359 5453 cunare.
3400 5420 3405 5424 δ
3460 5401 3504 5432 ’³
3534 5402 3641 5453 sed
