3912 6154
248 270 346 338 673

1051 267 1137 330 DE
1182 268 1520 332 υιγιειοῖςε
1557 273 1906 330 NATURAE.
1962 303 2030 312 -—
2069 271 2266 326 LIBER
2304 268 2618 330 TERTIUS.

3377 279 3458 332 ςτι

248 385 676 455 υιίηιοῗιίεοιιιιιδ
698 375 890 437 Fdintn
916 383 1096 452 ipsum
1116 383 1292 437 solum
1318 381 1368 436 in
1390 381 1656 440 Patre.ea
1675 396 1806 434 vero
1835 381 2121 451 Asintplex
2178 382 2355 437 divina
2409 383 2564 447 visio,
2614 397 2752 453 quae
2792 384 2968 438 omnia
3011 383 3152 439 videt
3193 402 3376 453 unum,
3410 403 3459 444 et

244 489 373 542 quae
397 471 630 526 Paterin
647 471 782 525 Filio
801 470 948 534 facit,
976 470 1029 524 in
1059 470 1216 524 Patre
1243 485 1348 524 non
1369 482 1514 523 esse.
1542 467 1804 520 Similiter
1900 489 2062 526 unum
2100 474 2298 528 omnia.
2340 475 2407 529 Et
2449 475 2495 529 si
2533 477 2634 530 hoc
2677 475 2860 530 datum
2903 475 3098 540 fuerit,
3152 493 3359 544 vereor,
3396 497 3462 535 ne

245 566 378 633 quod
407 566 642 634 Spiritus
663 575 886 619 sanctus
907 563 1076 617 nutrit
1097 573 1148 616 et
1176 561 1480 626 distribuit,
1507 575 1536 614 a
1557 559 1716 614 Patre
1746 575 1776 614 e

245 659 366 712 Filio
390 657 630 712 nutritur
655 669 708 712 et
741 655 1106 710 distribuitur.
1131 654 1272 708 MAG.
1311 653 1367 708 Si
1401 655 1586 723 itaque
1621 651 1792 706 Filius

237 745 381 810 facit,
407 762 546 816 quae
572 748 623 800 in
679 762 743 802 eo
773 746 913 802 facta
936 755 1082 810 sunt,
1120 746 1366 816 nunquid
1403 742 1736 829 credendum
1775 742 1792 772 ¹

237 838 313 883 est
358 830 580 894 fecisse,
617 845 754 900 quae
790 845 894 884 non
934 831 1104 885 vidit?
1148 830 1293 885 DlSC.
1344 830 1553 886 Vidisse
1589 832 1610 863 ⁸
1647 847 1787 891 eum,

239 933 364 986 quae
388 917 532 981 fecit,
571 927 624 971 et
655 919 705 971 in
735 934 800 971 eo
829 918 967 971 facta
994 927 1137 982 sunt,
1170 919 1422 972 arbitror.
1463 919 1598 972 MAG.
1629 919 1795 972 Recte

238 1007 530 1061 arbitraris.
567 1006 661 1062 Dic
706 1008 903 1076 itaque,
936 1009 1202 1077 quomodo
1235 1008 1386 1072 vidit,
1413 1018 1591 1062 utrum
1630 1024 1790 1063 sensu

237 1111 506 1164 corporeo,
567 1112 632 1150 an
689 1097 959 1151 intellectu
980 1099 1002 1150 ?
1023 1099 1167 1152 DISC.
1213 1096 1322 1152 Nec
1347 1111 1506 1152 sensu
1537 1097 1790 1162 dixerim,

235 1207 322 1244 nec
375 1191 644 1244 intellectu
707 1191 874 1244 Deum
936 1191 1132 1246 vidisse
1192 1207 1331 1262 quae
1406 1191 1551 1244 fecit.
1616 1191 1790 1245 Sensu

232 1279 486 1346 siquidem
547 1294 802 1346 corporeo
867 1289 1044 1340 caret,
1116 1281 1208 1350 qui
1279 1280 1627 1350 incorporeus
1681 1287 1784 1334 est.

231 1367 330 1421 Nec
353 1369 569 1437 proprie
600 1369 897 1424 intellectus
927 1371 1146 1437 dicitur,
1169 1371 1258 1442 qui
1287 1380 1545 1441 exuperat
1572 1387 1786 1426 omnem

231 1459 570 1512 intellectum.
595 1458 896 1514 Intellectus
930 1471 1107 1516 tamen
1136 1477 1233 1532 per
1257 1464 1624 1531 metaphoram
1651 1463 1787 1517 dici-

229 1560 335 1613 tur,
373 1551 517 1606 sicut
572 1561 624 1604 et
676 1552 923 1618 animus;
969 1569 998 1607 a
1053 1563 1302 1609 creatura
1352 1554 1602 1611 videlicet
1651 1556 1716 1607 ad
1764 1553 1784 1582 ³

226 1643 544 1707 Creatorem,
570 1644 819 1712 quoniam
845 1645 1004 1700 totius
1026 1645 1326 1701 intellectus
1350 1655 1404 1700 et
1432 1647 1596 1701 animi
1620 1661 1780 1701 causa

1898 561 2036 617 forte
2065 578 2149 617 me
2179 563 2467 633 compellas
2503 581 2664 618 unum
2697 579 2726 618 e
2751 565 2954 619 duobus
2983 567 3159 630 fateri,
3201 577 3294 622 aut
3316 569 3462 622 vide-

1893 651 2022 707 licet
2064 654 2334 723 segregari
2379 653 2423 686 ⁵⁵
2454 653 2776 709 voluntatem
2804 655 2893 708 Dei
2935 671 2964 708 a
2998 655 3124 719 Deo,
3167 666 3222 710 et
3245 656 3457 727 adjnngi

1898 750 2192 806 creaturae,
2223 743 2296 796 ita
2323 753 2380 796 ut
2398 743 2540 797 aliud
2565 746 2635 798 sit
2663 744 2801 799 Deus
2826 753 2878 799 et
2902 741 3044 799 aliud
3075 762 3170 800 sua
3191 746 3456 812 voluntas,

1895 831 1998 884 hoc
2031 841 2130 893 est,
2178 840 2236 885 ut
2256 832 2488 887 sitDeus
2519 833 2562 865 "
2603 833 2794 898 factor,
2843 835 3086 888 voluntas
3113 843 3290 888 autem
3338 835 3458 905 ejus

1895 917 2064 982 facta;
2096 927 2189 972 aut
2213 920 2256 974 si
2291 920 2392 974 hoc
2418 936 2521 974 non
2552 921 2678 974 sinit
2719 936 2840 975 vera
2871 921 3008 975 ratio
3031 924 3228 988 dicere,
3271 939 3457 978 neces-

1891 1007 2036 1062 sario
2084 1008 2330 1073 fatebor,
2382 1022 2436 1064 et
2480 1006 2690 1076 Deum,
2746 1020 2800 1066 et
2852 1011 3152 1081 voluntates
3204 1029 3352 1081 suas,
3402 1024 3459 1070 et

1889 1097 2090 1161 omnia,
2115 1113 2254 1168 quae
2299 1099 2446 1164 fecit,
2491 1116 2654 1154 unum
2682 1110 2734 1156 et
2778 1102 2828 1156 id
2863 1103 3032 1172 ipsum
3063 1119 3201 1159 esse.
3233 1105 3310 1159 Ac
3340 1106 3456 1160 sine

1890 1200 2039 1257 mora
2083 1188 2507 1243 ratiocinationis
2550 1191 2746 1246 virtute
2792 1203 3015 1262 cogente
3045 1195 3391 1250 concludetur
3437 1209 3451 1247 ;

1889 1277 2028 1334 Deus
2054 1279 2218 1349 igitur
2243 1280 2477 1350 seipsum
2507 1274 2651 1343 fecit,
2679 1280 2722 1334 si
2754 1276 3039 1334 non‘extra
3069 1287 3184 1350 ejus
3209 1293 3452 1335 naturam

1889 1381 2018 1422 suae
2061 1368 2359 1422 voluntates
2406 1377 2555 1434 sunt,
2593 1376 2781 1422 etnon
2829 1369 2990 1423 aliter
3028 1369 3172 1423 videt
3212 1384 3336 1424 suas
3364 1383 3454 1423 vo-

1887 1455 2136 1522 luntates,
2161 1467 2216 1512 et
2236 1458 2389 1513 aliter
2413 1473 2552 1528 quae
2592 1457 2738 1524 fecit,
2777 1460 2868 1514 sed
2897 1468 2955 1513 ut
2985 1475 3108 1514 suas
3148 1461 3454 1516 voluntates

1884 1546 2050 1611 videt,
2081 1561 2221 1616 quae
2250 1547 2396 1602 fecit.
2437 1548 2502 1601 Et
2546 1547 2588 1602 si
2629 1548 2700 1601 ita
2742 1558 2844 1613 est,
2867 1551 2988 1617 quis
3033 1551 3097 1604 de
3133 1552 3452 1606 aeternitate

1885 1639 2144 1703 omnium,
2176 1655 2313 1708 quae
2336 1637 2476 1694 facta
2499 1647 2643 1704 sunt,
2671 1639 2723 1692 in
2750 1641 2853 1694 Deo
2871 1641 3129 1695 dubitarit
3151 1643 3215 1706 ³⁷,
3239 1645 3450 1710 quando

224 1746 297 1789 εει
322 1744 372 1788 ει
399 1736 664 1790 conditor,
707 1736 820 1790 Non
851 1753 977 1808 ergo
1005 1753 1101 1807 per
1135 1748 1438 1793 creaturam
1461 1740 1624 1803 videt,
1669 1740 1780 1793 sive
1816 1721 1856 1778 Β
1886 1744 1990 1781 non
2022 1729 2191 1783 solum
2236 1729 2380 1784 facta
2405 1737 2460 1785 et
2487 1738 2727 1795 aeterna,
2760 1745 2946 1785 verum
2975 1732 3136 1786 etiam
3165 1733 3302 1787 Deus
3333 1749 3453 1788 esse

224 1841 550 1894 corpoream,
590 1825 703 1880 sive
747 1827 1136 1895 incorporcam,
1163 1829 1254 1898 qui
1282 1829 1478 1883 nullius
1499 1840 1782 1884 creaturae

224 1916 551 1991 instrumenti
580 1919 779 1987 indiget
803 1919 869 1972 ad
899 1934 961 1973 ea
991 1919 1236 1986 videnda,
1265 1937 1404 1991 quae
1432 1923 1544 1976 vult
1576 1920 1775 1978 facere.

226 2004 334 2058 Non
363 2009 506 2060 enim
531 2024 659 2069 esse,
690 2017 748 2061 ut
786 2010 864 2062 ait
904 2008 1184 2073 Maximus,
1220 2011 1462 2080 possibile
1502 2022 1598 2077 est,
1643 2015 1780 2068 sicut

221 2098 431 2150 ostendit
464 2097 618 2161 ratio,
670 2116 807 2161 eum,
831 2099 922 2168 qui
945 2109 1017 2153 est
1040 2116 1192 2168 super
1217 2117 1300 2164 ea,
1337 2118 1470 2171 quae
1509 2113 1654 2168 sum,
1693 2121 1775 2168 ea,

220 2202 338 2255 quae
348 2197 490 2251 sum,
511 2191 738 2256 accipere
753 2189 791 2243 δ.
824 2189 926 2244 Sed
944 2193 1079 2244 sicut
1094 2206 1221 2246 suas
1245 2191 1780 2261 voluntates‘cogno-

221 2289 355 2330 scere
374 2291 500 2330 eum
532 2277 759 2331 dicimus
784 2293 868 2343 ea,
895 2294 1030 2348 quae
1054 2287 1195 2343 sunt,
1228 2281 1483 2335 addentes
1505 2282 1666 2334 etiam
1709 2297 1776 2335 ex

220 2383 364 2422 causa
396 2368 882 2424 ratiocinationem.
928 2370 983 2423 Si
1012 2371 1152 2424 enim
1183 2370 1453 2425 voluntate
1493 2372 1672 2425 omnia
1703 2371 1778 2424 fe-

219 2459 300 2521 cit,
347 2466 402 2512 ct
448 2458 590 2512 nulla
640 2460 958 2513 contradicit
1015 2461 1170 2524 ratio,
1223 2475 1548 2530 cognoscere
1594 2468 1774 2515 autem

218 2565 353 2603 suam
390 2551 722 2605 voluntatem
755 2551 919 2605 Deum
968 2567 1180 2621 semper
1209 2553 1355 2622 pium
1383 2552 1562 2606 dicere
1599 2560 1655 2606 ct
1688 2549 1775 2620 ju-

216 2649 343 2691 stum
386 2651 501 2703 est;
550 2640 963 2709 unumquodque
1007 2654 1132 2694 vero
1173 2655 1392 2704 eorum,
1449 2655 1586 2709 quae
1631 2639 1774 2695 facta

215 2741 345 2794 sunt,
373 2731 561 2786 volens
608 2731 734 2786 fecit
767 2747 780 2783 :
811 2732 971 2800 igitur
1016 2742 1072 2786 ut
1114 2748 1239 2787 suas
1288 2732 1588 2787 voluntates
1632 2732 1774 2788 Deus

215 2826 476 2888 cognoscit
505 2839 590 2883 ea,
617 2838 754 2890 quae
787 2832 929 2887 sunt,
953 2823 1203 2893 quoniam
1230 2832 1285 2876 et
1310 2822 1489 2877 volens
1509 2838 1592 2888 ea,
1633 2837 1774 2892 quae

214 2919 348 2972 sunt,
397 2911 559 2987 fecit.
587 2910 724 2964 MAG.
770 2894 1224 2977 Quemadmodum
1254 2911 1415 2981 igitur
1458 2910 1599 2966 Deus
1645 2926 1772 2966 suas

216 3001 503 3056 voluntates
532 3001 696 3067 videt,
723 3001 792 3055 ita
821 3012 873 3055 et
895 3017 980 3066 ea,
1004 3017 1142 3071 quae
1169 3001 1298 3057 fecit
1332 3003 1373 3067 ⁸,
1405 3003 1582 3057 videt?
1621 3003 1763 3059 Dtsc.

213 3091 276 3144 Ita
303 3092 539 3160 quidem,
574 3108 678 3146 non
705 3093 725 3123 ⁷
766 3092 942 3146 aliter.
1001 3091 1114 3145 Non
1141 3101 1338 3158 autem,
1371 3102 1427 3146 ut
1455 3093 1768 3163 insipientes

214 3191 501 3241 autumant,
535 3196 630 3250 per
656 3195 872 3236 sensum
899 3181 1192 3245 sensibilia,
1222 3196 1394 3251 neque
1432 3196 1528 3251 per
1563 3182 1770 3238 intelle-

213 3281 344 3324 ctum
393 3271 748 3340 iutelligibilia
797 3271 962 3336 videt,
1006 3272 1099 3325 sed
1155 3273 1600 3340 quemadmodum
1642 3287 1769 3329 suas

215 3361 522 3427 voluntates,
556 3362 628 3416 ita
652 3360 922 3416 scnsibilia
957 3370 1012 3416 et
1038 3361 1388 3434 intelligibilia
1429 3363 1591 3419 videt.
1625 3363 1767 3420 MAG.

214 3451 360 3507 Plane
387 3453 409 3483 ⁸
438 3468 502 3506 ac
528 3466 660 3520 pure
707 3450 977 3521 intelligis.
1016 3449 1122 3506 Sed
1160 3451 1330 3517 dicas,
1361 3449 1560 3524 ﬂagito,
1589 3461 1768 3508 utrum

215 3542 342 3595 aliud
368 3551 497 3596 sunt
544 3541 759 3596 divinae
799 3541 1122 3602 voluntates,
1170 3555 1304 3610 quas
1331 3541 1473 3597 Deus
1499 3542 1662 3607 videt,
1711 3549 1769 3597 et

213 3632 339 3685 aliud
383 3632 547 3696 facta,
597 3646 736 3701 quae
782 3639 842 3685 ut
878 3645 1006 3686 suas
1053 3630 1352 3687 voluntates
1392 3632 1572 3687 videt?
1617 3631 1765 3688 Disc.

210 3721 313 3776 Non
339 3737 458 3776 sum
498 3721 742 3786 idoneus,
772 3719 864 3790 qui
892 3719 1018 3774 huic
1045 3720 1396 3790 propositioni
1428 3721 1558 3776 satis
1590 3729 1763 3776 recte-

207 3827 303 3881 que
351 3813 722 3882 respondeam.
772 3811 998 3866 Coartor
1038 3811 1180 3867 enim
1237 3811 1489 3880 undique.
1538 3810 1672 3866 Nam
1715 3810 1764 3866 si

209 3902 388 3956 dixero
413 3903 576 3966 aliud,
609 3917 731 3956 mox
763 3900 1002 3956 dicturus
1034 3901 1170 3956 eris:
1198 3915 1304 3956 non
1341 3902 1362 3934 ³
1401 3915 1530 3972 ergo
1553 3910 1613 3956 ut
1638 3915 1767 3957 suas

209 3995 498 4048 voluntates
548 3994 685 4047 Deus
725 3993 887 4058 videt,
913 4006 1050 4061 quae
1091 3991 1256 4057 fecit;
1287 3991 1340 4045 in
1364 3991 1590 4047 diversis
1618 3991 1765 4048 enim

210 4091 495 4150 naturaque
541 4081 911 4135 dilIerentibus
945 4096 1049 4134 una
1093 4097 1156 4135 ac
1203 4080 1428 4150 simplex
1471 4082 1606 4136 visio
1648 4081 1763 4138 ﬁeri

211 4185 304 4222 non
335 4180 521 4238 potest.
559 4171 622 4223 Et
649 4170 935 4224 concludes
975 4184 988 4222 :
1019 4171 1199 4223 divina
1229 4178 1408 4224 autem
1458 4171 1591 4226 visio
1631 4173 1761 4226 sitn-

210 4259 319 4327 plex
361 4270 440 4315 cst
467 4271 521 4315 et
571 4276 674 4315 una
707 4270 762 4314 et
800 4261 1111 4326 uniformis;
1160 4261 1345 4331 igitur,
1393 4262 1438 4316 si
1489 4263 1632 4316 aliud
1683 4273 1766 4318 est

209 4347 294 4404 Dei
326 4351 367 4381 “
397 4351 662 4416 voluntas,
692 4359 746 4406 et
770 4351 912 4404 aliud
937 4351 1077 4420 quod
1103 4349 1250 4415 fecit,
1280 4365 1385 4406 non
1418 4362 1478 4406 ut
1515 4352 1759 4406 volunta-

211 4446 306 4493 tem
332 4456 476 4495 suam
505 4441 651 4496 videt
680 4442 723 4472 ¹¹
771 4441 912 4512 quod
936 4440 1063 4496 fecit
1096 4441 1159 4495 “.
1193 4440 1250 4496 Si
1282 4451 1460 4498 autem
1505 4443 1690 4499 dixero
1722 4443 1765 4474 ⁸³

212 4543 305 4582 non
336 4530 498 4595 aliud,
529 4531 838 4586 necessario
881 4539 1137 4599 sequetur
1165 4549 1180 4584 :
1210 4531 1458 4587 voluntas
1482 4531 1646 4601 igitur
1668 4531 1763 4588 Dei

214 4617 395 4672 factum
421 4619 536 4689 ejus
563 4619 608 4651 “
649 4627 750 4681 est,
782 4628 837 4673 et
864 4619 1165 4675 voluntates
1191 4635 1318 4676 suas
1340 4619 1488 4686 fecit,
1518 4629 1592 4688 et,
1624 4636 1762 4692 quae

211 4706 348 4772 fecit,
377 4710 678 4765 voluntates
707 4724 836 4765 suae
863 4719 1006 4766 sunt.
1049 4710 1161 4766 Una
1186 4712 1328 4766 enim
1375 4713 1670 4783 eademque
1706 4722 1762 4767 et

211 4797 420 4865 simplex
463 4799 645 4853 divina
693 4799 829 4853 visio
858 4800 1019 4870 cogit,
1068 4815 1233 4854 unum
1262 4808 1318 4855 et
1342 4800 1394 4854 id
1439 4801 1611 4870 ipsum
1639 4807 1760 4856 esSe

207 4899 375 4951 omne,
399 4888 540 4957 quod
573 4889 737 4942 videt.
770 4889 923 4943 Videt
969 4897 1148 4942 autem
1185 4897 1242 4942 ut
1282 4903 1408 4944 suas
1433 4890 1756 4955 voluntates,

209 4991 337 5043 quae
371 4977 512 5034 fecit.
561 4979 736 5035 Unum
781 4981 942 5050 igitur
979 4988 1034 5034 et
1065 4980 1117 5034 id
1160 4981 1333 5050 ipsum
1380 4989 1505 5035 sunt
1529 4982 1758 5037 ‘divinae

210 5064 511 5136 voluntates,
532 5079 590 5124 et
613 5085 750 5138 quae
778 5070 920 5125 Deus
945 5069 1086 5125 fecit.
1121 5070 1196 5124 Ea
1237 5071 1500 5140 siquidem
1535 5071 1759 5127 uuilicat

1793 4399 1844 4459 D

1880 1817 2283 1890 intelliguntur?
2311 1818 2449 1874 MAG.
2479 1819 2799 1874 Cautissime
2840 1836 2904 1876 ac
2941 1821 3447 1888 vigilantissimura-

1880 1914 2041 1968 tionis
2077 1912 2182 1967 iter
2209 1910 2524 1980 ingrederis.
2565 1910 2643 1964 Ac
2669 1926 2764 1980 per
2805 1911 2906 1966 hoc
2928 1911 2975 1966 si
3001 1927 3131 1981 pure
3171 1913 3445 1983 intelligis,

1878 2005 1993 2059 sine
2018 2003 2364 2073 ambiguitate
2391 2001 2492 2054 nlla
2539 2002 2610 2056 ita
2641 2010 2695 2056 et
2723 2016 2828 2055 non
2857 2001 3013 2056 aliter
3042 2017 3181 2066 esse,
3207 2018 3344 2072 quae
3365 2001 3445 2057 di-

1878 2094 2002 2148 xisli
2030 2133 2044 2158 ,
2093 2094 2144 2146 in
2200 2093 2469 2147 suadenda
2523 2092 2838 2146 aeternitate
2885 2093 3124 2146 omnium
3152 2132 3166 2156 ,
3210 2108 3346 2161 quae
3395 2093 3447 2146 in

1879 2183 2054 2236 Verbo
2079 2182 2170 2236 Dei
2194 2182 2333 2236 facta
2360 2189 2504 2244 sunt,
2543 2180 2771 2250 amplius
2813 2179 3060 2235 laborare
3083 2181 3446 2236 necessarium

1877 2286 1984 2326 non
2011 2285 2132 2326 esse
2165 2271 2337 2325 video.
2373 2270 2520 2324 Disc.
2546 2269 2770 2323 Derides
2801 2285 2906 2334 me,
2951 2279 3010 2325 ut
3036 2273 3289 2335 arbitror,
3319 2272 3445 2325 dum

1877 2376 2090 2416 mecum
2134 2359 2428 2415 liberaliter
2455 2358 2588 2428 agis,
2620 2359 2722 2413 hoc
2753 2368 2858 2424 est,
2889 2361 3012 2414 dum
3042 2361 3275 2415 libertati
3305 2363 3446 2416 arbi-

1877 2450 1968 2504 trii
1997 2450 2100 2505 mei
2126 2449 2376 2504 concedis
2395 2443 2608 2517 eligere,
2626 2448 2754 2518 quid
2776 2447 2819 2482 ⁸⁸
2848 2449 2995 2513 velit,
3011 2458 3065 2503 et
3090 2459 3287 2514 tenere,
3303 2451 3446 2518 quod

1876 2540 2010 2607 vult,
2046 2548 2109 2596 'et
2137 2555 2240 2594 non
2267 2540 2408 2594 veris
2454 2539 2750 2594 rationibus
2791 2539 2963 2609 exigis
2997 2555 3081 2595 me
3104 2539 3445 2603 concludere,

1875 2633 2006 2704 quid
2031 2632 2074 2664 ¹⁹
2089 2632 2156 2687 de
2181 2631 2372 2687 talibus
2393 2641 2594 2686 remota
2621 2631 2765 2686 omni
2796 2629 3028 2685 falsitate
3048 2633 3368 2686 credendum
3391 2641 3446 2685 et

1875 2721 2276 2792 intelligendum
2316 2727 2420 2775 est.
2447 2715 2503 2774 Si
2531 2719 2672 2774 enim
2696 2735 2792 2790 per
2820 2735 2906 2774 me
2943 2719 3110 2789 ipsum
3135 2736 3266 2790 pure
3291 2720 3444 2775 intel-

1875 2811 2098 2882 ligerem
2138 2826 2224 2875 ea,
2258 2825 2398 2879 quae
2423 2809 2555 2874 dixi,
2589 2824 2692 2864 non
2721 2807 2971 2864 fortassis
3010 2825 3246 2874 vererer,
3290 2826 3444 2878 aper-

1875 2909 1984 2955 tam
2018 2899 2339 2954 sententiam
2369 2898 2434 2952 de
2475 2897 2675 2952 divinis
2714 2896 3101 2961 voluntatibus,
3140 2907 3195 2952 et
3230 2897 3296 2952 de
3336 2897 3437 2961 his,

1874 3004 2013 3060 quae
2039 2989 2181 3044 facta
2205 2996 2352 3053 sunt,
2382 2985 2642 3057 proferre,
2671 3001 2799 3040 num
2825 3001 2989 3040 unum
3017 2987 3061 3016 ὀ
3085 2995 3140 3040 et
3184 2986 3236 3040 id
3268 2987 3440 3057 ipsum

1873 3081 1982 3136 sint
2007 3082 2050 3113 "
2093 3094 2280 3136 necne.
2311 3077 2528 3134 Veritus
2569 3091 2688 3133 sum
2715 3087 2916 3142 autem,
2949 3077 3207 3146 meipsum
3239 3093 3440 3148 cogno-

1875 3187 2031 3228 scens
2054 3187 2162 3225 non
2189 3168 2324 3225 satis
2351 3165 2606 3223 idoneum
2656 3168 2723 3222 ad
2751 3167 2886 3222 haec
2922 3167 3256 3221 discutienda
3299 3168 3442 3222 ince-

1873 3266 2020 3321 dere.
2071 3263 2212 3318 MAG.
2251 3261 2530 3318 Gradatim
2574 3274 2704 3332 ergo
2743 3259 3042 3332 ingredere,
3081 3276 3148 3314 ne
3178 3260 3231 3313 in
3260 3260 3441 3329 aliquo

1871 3349 2096 3414 fallaris,
2121 3356 2174 3403 et
2212 3348 2258 3381 ²¹
2283 3346 2639 3418 quodcunque
2669 3344 3021 3411 concesseris,
3049 3345 3222 3400 stabili
3248 3347 3441 3401 mentis

1871 3441 2055 3496 habitu
2080 3440 2342 3495 obtineas.
2373 3439 2517 3494 DISC.
2543 3437 3056 3507 Praecede,sequar.
3078 3437 3213 3492 MAG.
3237 3438 3438 3506 Quam-

1868 3531 1972 3597 vis,
2003 3539 2064 3584 ut
2103 3531 2314 3600 opinor,
2349 3530 2417 3585 de
2439 3527 2711 3584 voluntate
2749 3527 2847 3583 Dei
2875 3528 2921 3558 ³³
2971 3527 3204 3596 dubites,
3232 3545 3325 3584 seu
3373 3528 3441 3584 de

1868 3619 2250 3685 voluntatibus,
2283 3633 2378 3674 seu
2404 3619 2470 3674 de
2499 3615 2753 3672 ineﬁ‘abili
2800 3618 3011 3673 divinae
3039 3619 3261 3674 unitatis
3302 3620 3440 3675 mul-

1868 3709 2231 3778 tiplicitate—
2258 3707 2402 3764 Deus
2426 3718 2510 3764 est
2536 3707 2582 3740 “
2617 3709 2760 3764 enim
2783 3724 2946 3763 unum
2971 3708 3246 3778 multiplex
3273 3711 3322 3764 in
3348 3727 3435 3766 sc-

1867 3799 1982 3868 ipso
2014 3798 2142 3838 “-—
2164 3809 2342 3852 utrum
2371 3799 2439 3853 ad
2467 3814 2709 3854 summae
2735 3799 2991 3854 bonitatis
3020 3802 3314 3870 simplicem
3343 3820 3438 3857 na-

1866 3899 2040 3946 turam
2062 3892 2386 3962 pertineant,
2419 3899 2480 3945 ut
2507 3907 2611 3944 non
2654 3890 2798 3946 aliud
2844 3900 3059 3961 praeter
3088 3893 3259 3961 ipsum
3306 3895 3435 3957 sint.

1867 3999 1934 4038 an
1970 3999 2074 4039 non
2112 4001 2126 4037 ε
2159 3983 2326 4038 Deum
2350 3983 2396 4013 "
2421 3991 2597 4036 tamen
2644 3983 2754 4037 suis
2789 3983 3152 4038 voluntatibus
3199 3987 3436 4041 caruisse

1865 4088 1971 4128 non
2013 4073 2245 4129 dubitas.
2290 4072 2434 4126 Disc.
2469 4071 2606 4126 Hinc
2656 4071 2900 4126 dubitare
2931 4055 3430 4141 insipientissitnum

1865 4173 1968 4220 est.
1996 4164 2168 4221 Omne
2219 4164 2504 4234 siquidem,
2536 4163 2676 4231 quod
2710 4163 2889 4227 habet,
2921 4179 3132 4234 semper
3157 4175 3209 4218 et
3240 4166 3430 4219 immu-

1867 4255 2101 4310 tabiliter
2122 4255 2302 4320 habet,
2343 4254 2595 4323 quoniam
2628 4253 2760 4308 nihil
2803 4253 2853 4308 ei
2881 4255 2924 4286 ¹⁷
2958 4255 3168 4309 accidit.
3205 4255 3434 4325 [deaque

1869 4355 1959 4400 aut
1981 4359 2252 4415 nunquam
2281 4344 2467 4399 habuit
2492 4359 2618 4399 suas
2639 4343 2961 4410 voluntates,
3002 4353 3113 4412 aut,
3143 4347 3186 4400 si
3219 4348 3428 4414 habuit,

1871 4452 2081 4507 semper
2118 4451 2210 4491 eas
2238 4435 2488 4491 habuisse
2515 4434 2661 4490 nullo
2688 4436 2847 4490 modo
2874 4437 3246 4493 dubitandum.
3288 4439 3426 4494 MAG.

1869 4525 2010 4580 Deus
2048 4526 2226 4594 itaque
2260 4540 2471 4595 semper
2503 4525 2803 4582 voluntates
2827 4542 2953 4581 suas
2997 4527 3203 4593 habuit,
3233 4544 3428 4599 easque

1868 4633 2082 4688 semper
2107 4619 2256 4672 vidit.
2281 4617 2396 4672 Non
2418 4619 2562 4672 enim
2590 4618 2757 4674 latere
2777 4635 2898 4675 eum
2933 4619 3124 4689 potuit,
3163 4621 3304 4691 quod
3335 4623 3424 4676 ha-

1862 4709 1996 4763 buit.
2029 4709 2172 4762 DISC.
2215 4709 2282 4763 Et
2308 4708 2494 4763 habuit
2515 4717 2571 4764 et
2597 4702 2751 4764 vidit.
2783 4711 2952 4764 Deum
2981 4725 3212 4780 namque
3241 4713 3425 4767 volun-

1863 4800 2062 4854 tatibus
2091 4798 2203 4854 suis
2227 4799 2486 4863 caruisse,
2518 4808 2610 4853 aut
2635 4814 2846 4869 semper
2872 4815 2964 4854 eas
2990 4816 3095 4854 non
3151 4802 3423 4870 habuisse,

1861 4901 1956 4945 aut
1975 4906 2080 4945 non
2107 4890 2329 4956 vidisse,
2357 4890 2681 4945 dementiam
2713 4899 2796 4944 est
2819 4893 3124 4946 aestimare.
3168 4893 3306 4948 MAG.
3331 4893 3424 4948 Dio
3489 4927 3505 4996 ξ

1861 4982 2019 5037 vinae
2048 4996 2177 5049 ergo
2206 4980 2505 5036 voluntates
2537 4987 2789 5034 aeternae
2816 4988 2960 5047 sunt,
2994 4982 3244 5050 quoniam
3288 4983 3419 5051 ipse,

1861 5071 2012 5142 cujus
2053 5071 2354 5126 voluntates
2388 5079 2531 5135 sunt,
2583 5078 2833 5126 aeternus
2872 5080 2974 5126 est.
3019 5071 3162 5128 Dtsc.
3193 5070 3424 5129 Omnino

1474 5185 1729 5240 VAlilAE
1764 5185 2162 5243 LECTIONES.

278 5265 293 5296 ¹
323 5269 397 5322 sic
426 5273 531 5326 AC.
599 5279 627 5351 A‘
669 5281 709 5332 Α
747 5278 952 5351 Vidisse
983 5297 1104 5351 ergo
1120 5298 1267 5336 cum.
1346 5288 1366 5317 ³
1387 5290 1423 5340 Α
1455 5299 1501 5338 et
1533 5289 1619 5340 ml.

208 5348 467 5428 3:21.619”
496 5347 772 5428 accipere.
816 5350 917 5428 “il
941 5347 1243 5428 solutique:
1267 5373 1388 5428 suos
1486 5356 1566 5428 'fC
1597 5360 1747 5428 furit.

338 5413 489 5486 rideo.
570 5402 772 5486 “quod
805 5419 923 5484 fecit
943 5437 1050 5474 ctu.
1159 5402 1245 5456 ﬁ”
1262 5402 1580 5480 Adixerini.

341 5480 611 5556 dubitaret.
644 5471 657 5486 ’
691 5488 730 5518 ⁷⁸
763 5471 1166 5554 Α’(ιιιιιέξψίίλ
1193 5471 1350 5558 quod.

667 5649 912 5712 PATuOL
979 5655 1216 5715 CXX”.

1704 5291 1721 5318 ⁵
1747 5289 1897 5364 SicC
1921 5307 1936 5354 ;
1963 5298 2006 5353 Α
2036 5292 2128 5358 qui
2157 5309 2238 5346 est
2271 5311 2438 5362 super
2462 5311 2522 5347 ea
2553 5313 2688 5364 quae
2711 5305 2952 5361 sunt'per
2973 5310 3034 5347 ea
3063 5308 3202 5364 quae
3225 5301 3354 5364 sunt
3374 5307 3435 5343 ea

1823 5362 1841 5390 ⁷
1868 5367 1903 5412 Α
1940 5373 1986 5413 et
2020 5378 2126 5416 non
2153 5360 2353 5419 alitcrf
2391 5365 2412 5395 ⁸
2432 5366 2476 5420 Α
2501 5360 2668 5419 (iam.
2740 5367 2760 5395 ⁹
2780 5365 2819 5420 C
2846 5360 3005 5418 nunc.
3079 5365 3120 5394 ¹⁰
3147 5363 3184 5412 Α
3225 5360 3426 5412 divina.

1662 5429 1703 5460 “
1726 5429 1829 5484 Pro
1856 5430 2191 5502 factumfjus
2219 5436 2256 5485 A
2285 5434 2448 5502 facta.

349 5497 611 5564 :Ittouaret.
691 5497 730 5518 "'
763 5497 982 5564 ﬁgurae.
1015 5561 1029 5564 _
1063 5497 1102 5522 "
1128 5497 1166 5544 Α
1193 5497 1350 5558 quod.
1429 5497 1471 5526 ²⁰
1495 5513 1654 5549 unum
1678 5514 1788 5551 om.
1841 5503 1906 5555 A.

213 5543 257 5574 ³⁵
278 5551 320 5595 Α
348 5548 392 5602 in
424 5558 603 5624 seipso
625 5567 700 5611 est
796 5543 851 5588 ’θ’
868 5558 970 5610 Pro
1003 5543 1166 5614 Deum
1437 5543 1790 5622 "'2;

3035 5431 3078 5463 ¹⁶
3105 5433 3144 5482 Δ
3186 5429 3318 5480 Deus
3347 5442 3434 5480 .m.

2528 5437 2568 5467 ⁷⁵
2596 5436 2636 5487 Δ
2668 5451 2957 5504 segregare.
3035 5436 3078 5463 "
3105 5436 3144 5482 Δ
3186 5436 3318 5480 Deus
3347 5443 3405 5478 .m

2528 5546 2540 5550 _
2616 5507 2663 5537 ³³
2690 5508 2726 5550 Δ
2760 5505 2960 5550 divina.
3043 5502 3088 5532 ⁸³
3118 5511 3190 5550 εει
3233 5514 3342 5550 0111.
3372 5503 3405 5549 Α

3076 5511 3088 5529 ⁸
3118 5511 3190 5553 est
3233 5514 3342 5550 om.
3372 5511 3432 5553 .-\.

1970 5504 2010 5532 "
2036 5500 2077 5556 C
2102 5512 2244 5557 sunt.
2286 5500 2292 5502 ﬁ
2324 5507 2368 5536 "
2393 5507 2434 5559 A
2468 5518 2540 5560 ut.
2616 5507 2663 5537 ³³
2688 5500 2741 5557 Αἵ
2760 5500 2960 5556 diuina.

3005 5663 3077 5720 ‘22
