3912 6154
405 255 516 320 επ

1775 246 2050 310 ΙΟΔΝΜΞ
2093 243 2286 309 500τί

3549 240 3654 303 δῗῧ

412 386 515 439 hoc
543 379 918 437 concesserim.
950 377 1082 430 tua.
1109 367 1242 442 Quid
1271 366 1463 446 igitur?
1488 375 1620 428 Num
1651 384 1704 428 et
1725 392 1808 436 ea,
1840 390 1975 443 quae
2008 380 2048 433 Α
2087 370 2246 424 veluti
2296 369 2505 423 duabus
2546 366 2786 436 partibus
2833 364 3112 428 concludi,
3139 362 3240 420 hoc
3282 374 3384 428 est,
3439 363 3545 419 Deo
3597 377 3656 418 et

411 473 599 538 voluit,
631 487 841 538 semper
885 471 1090 532 habuit,
1133 477 1186 519 et
1221 483 1431 534 semper
1459 466 1624 519 vidit?
1659 466 1814 520 Clare
1857 466 1972 533 qui-

411 569 532 623 dem
549 563 879 632 intelligisatt
897 576 1037 622 reor,
1055 559 1162 611 Deo
1181 557 1309 610 nihil
1327 574 1442 611 esse
1460 556 1847 619 futurum,du:n
1865 572 1896 607 o
1954 585 1973 594 -

412 657 497 710 nia
524 665 759 721 tempora
789 651 925 702 intra
943 651 1176 719 seipsum
1202 648 1506 708 concludat,
1534 655 1586 699 et
1615 647 1813 708 omnia,
1839 659 1973 714 quae

409 746 463 798 in
505 743 582 797 eis
625 749 767 795 sunt.
807 737 1054 794 Omnium
1097 739 1290 807 quippe
1317 737 1632 805 principium
1658 746 1710 790 et
1741 736 1970 789 medium

408 846 462 889 et
505 834 623 888 finis
645 840 746 896 est,
777 839 830 884 et
856 831 1090 884 ambitus
1121 839 1172 882 et
1213 845 1402 883 cursus
1433 840 1484 881 et
1513 839 1783 882 recursus.
1827 828 1969 880 Dzsc.

410 921 550 976 Nihil
603 921 711 975 Deo
752 919 987 972 futurum
1037 933 1155 972 esse
1201 934 1304 970 non
1347 917 1576 986 ambigo.
1613 916 1751 969 Msa.
1784 914 1972 970 Omnia

410 1017 610 1084 itaque,
640 1027 778 1082 quae
810 1011 987 1065 facere
1018 1009 1206 1073 voluit,
1235 1010 1287 1061 in
1318 1009 1428 1061 suis
1449 1007 1810 1059 voluntatibus
1836 1023 1975 1058 sem-

409 1119 504 1172 per
533 1103 742 1166 habuit;
786 1117 888 1154 non
916 1100 1057 1152 enim
1100 1100 1151 1150 in
1183 1113 1246 1150 eo
1273 1096 1545 1165 praecedit
1573 1095 1705 1147 velle
1737 1096 1806 1157 id,
1833 1094 1974 1162 quod

409 1194 522 1244 vult
569 1192 684 1246 fieri
733 1211 745 1244 :
790 1191 958 1260 ipsius
1000 1189 1141 1241 enim
1169 1187 1426 1239 voluntati
1483 1197 1822 1239 coaetermun
1871 1194 1970 1238 est.

411 1283 689 1347 Siquidem
727 1293 829 1329 non
855 1284 1130 1346 exslteetat
1167 1274 1303 1338 fieri,
1333 1277 1472 1344 quod
1500 1275 1631 1337 vult,
1655 1275 1807 1342 quasi
1834 1274 1975 1326 futu-

407 1385 550 1434 rum,
603 1369 690 1424 cui
741 1369 916 1422 omnia
974 1368 1276 1439 praesentia
1315 1376 1458 1425 sunt,
1504 1367 1655 1436 cujus
1683 1367 1970 1419 voluntas'

407 1474 572 1512 causa
598 1459 834 1512 omnium
867 1467 964 1520 est,
988 1465 1043 1511 et
1071 1457 1200 1510 visio
1225 1469 1277 1510 et
1299 1459 1318 1487 ’
1350 1455 1571 1510 cll'ectus
1598 1468 1650 1509 et
1694 1453 1969 1522 perfectio.

411 1550 496 1603 Fit
523 1548 684 1608 enim,
710 1547 851 1602 nulla
884 1562 1030 1600 mora
1066 1546 1397 1614 interposita,
1427 1547 1568 1614 quod
1614 1545 1752 1598 videt
1779 1545 1966 1597 fat-ien-

410 1642 630 1694 dum.At
650 1639 691 1691 si
713 1637 955 1690 voluntas
968 1636 1082 1706 ejus
1097 1635 1228 1690 visio
1244 1634 1356 1702 ejus
1371 1644 1472 1697 est,
1489 1645 1540 1688 et
1558 1635 1690 1687 visio
1707 1634 1970 1694 voluntas,

2073 472 2341 525 creatura,
2369 461 2628 514 hactenus
2658 459 2925 512 tenebam.
2962 457 3066 512 Sed
3097 474 3235 510 nunc
3269 459 3462 510 iterum
3515 458 3654 509 tides

2075 569 2192 605 mea
2249 552 2458 604 videtur
2519 561 2749 610 nutare,
2803 549 3092 615 praedictis
3147 545 3660 601 ratiocinationibus

2075 643 2364 696 inﬁrmata.
2420 641 2555 696 Mite.
2588 639 2772 692 Fidem
2821 650 2964 690 tuam
3012 638 3301 690 stabilitam
3334 652 3474 700 esse,
3499 652 3657 690 vera-

2074 750 2178 803 que
2222 735 2266 764 ¹³
2313 733 2518 787 ratione
2577 732 2835 785 munitam
2868 730 2912 762 ”
2955 732 3142 791 video,
3175 730 3362 782 saltem
3419 729 3471 782 in
3523 729 3654 781 hoe.

2074 835 2225 877 extra
2263 824 2424 878 Deum
2470 822 2600 875 nihil
2638 837 2754 874 esse
2785 821 3031 873 credens.
3063 819 3204 872 ὓπερ.
3236 818 3333 880 lta,
3361 828 3416 868 ut
3471 817 3649 881 dicis;

2075 915 2204 967 illud
2233 917 2373 967 enim
2425 914 2708 982 purissime
2755 910 3106 978 contemplor.
3141 909 3275 962 MAG.
3337 909 3654 978 Diligentius

2077 1005 2257 1072 itaque
2284 1012 2338 1056 et
2385 1003 2746 1072 perspiracius
2794 1002 2986 1054 mentis
3015 1001 3184 1052 aciem
3211 1002 3350 1052 circa
3391 1017 3480 1059 ea,
3509 1016 3653 1068 quae

2077 1091 2214 1144 intra
2272 1093 2437 1145 Deum
2486 1107 2602 1144 esse
2652 1091 2848 1152 credis,
2877 1087 3181 1142 circumfer.
3223 1089 3364 1142 Disc.
3414 1091 3460 1119 ¹⁸
3506 1090 3649 1142 Intra

2079 1183 2242 1236 Deum
2279 1182 2405 1235 nihil
2443 1183 2582 1234 aliud
2631 1197 2748 1235 esse
2777 1181 2950 1234 sentio
2981 1191 3196 1248 praeter
3238 1181 3470 1246 seipsnnt
3505 1189 3560 1231 et
3586 1180 3652 1234 ab

2077 1272 2193 1340 ipso
2221 1273 2260 1303 ¹⁶
2288 1274 2556 1326 Conditum
2581 1282 2903 1324 creaturam.
2933 1271 3067 1322 MAG.
3097 1271 3150 1323 in
3187 1272 3290 1322 Deo
3318 1287 3445 1338 ergo
3477 1271 3650 1333 vides,

2077 1363 2217 1430 quod
2249 1363 2390 1416 Deus
2418 1379 2519 1415 non
2548 1372 2647 1415 est.
2683 1361 2825 1414 Dtsc.
2861 1359 3042 1418 Video,
3073 1375 3135 1411 ex
3166 1359 3270 1411 Deo
3294 1369 3470 1411 tamen
3495 1375 3654 1412 crea-

2077 1465 2211 1507 tum.
2249 1454 2381 1507 illac.
2433 1453 2567 1519 Quid
2597 1453 2778 1520 itaque
2805 1453 2896 1505 tibi
2929 1451 3172 1502 videtur?
3197 1449 3330 1502 Num
3367 1449 3509 1502 Dens
3534 1466 3651 1503 om-

2079 1546 2190 1607 nia,
2221 1560 2356 1613 quae
2408 1545 2554 1606 fecit,
2589 1553 2877 1611 antequam
2909 1543 3116 1602 tierent,
3155 1541 3316 1593 vidit?
3343 1540 3483 1592 Dtsc.
3514 1539 3649 1596 EuJ

2080 1636 2273 1688 vidisse
2301 1636 2500 1697 omnia,
2527 1647 2663 1702 quae
2685 1634 2848 1686 voluit
2878 1631 3077 1692 facere,
3104 1630 3409 1700 priusquam
3437 1630 3648 1696 fierent,

410 1747 590 1794 omne,
623 1731 762 1800 quod
787 1731 894 1782 vult
917 1728 1028 1782 iieri
1049 1728 1086 1787 ³,
1116 1729 1388 1780 subtracto
1415 1727 1560 1780 omni
1589 1726 1868 1780 intervallo
1899 1727 1974 1779 fit.
2011 1717 2052 1772 Β
2081 1724 2454 1775 cx’stimarim.
2487 1722 2624 1776 Mtte.
2660 1723 2730 1776 Ea
2761 1737 2890 1790 ergo
2921 1723 3068 1785 vidit,
3095 1737 3230 1790 quae
3256 1721 3428 1775 facere
3456 1723 3648 1785 voluit,

408 1823 476 1874 At
501 1822 520 1850 ⁵
551 1820 592 1876 si
621 1836 805 1882 omne,
848 1819 986 1888 quod
1010 1818 1123 1870 vult
1153 1817 1282 1872 ﬁeri.
1309 1827 1362 1870 et
1406 1815 1701 1870 faciendun:
1729 1816 1888 1879 videt,
1924 1825 1976 1869 et

411 1925 516 1963 non
557 1917 708 1976 extra
758 1923 814 1960 se
860 1916 973 1969 est,
1022 1906 1160 1973 quod
1203 1905 1313 1958 vult
1355 1913 1407 1959 et
1439 1906 1599 1968 vid-el,
1642 1906 1733 1958 sed
1785 1905 1836 1957 in
1894 1919 1972 1966 se,

409 1997 648 2066 nihilque
693 1997 744 2048 in
799 1995 912 2063 ipso
959 2003 1060 2056 est,
1111 1994 1251 2062 quod
1299 1994 1409 2061 ipse
1441 2009 1544 2045 nou
1592 1993 1678 2055 sit,
1711 1992 1972 2060 sequitur,

408 2098 466 2140 ut
513 2088 534 2116 ⁸
579 2099 762 2150 omne,
801 2085 941 2152 quod
984 2083 1126 2136 videt
1177 2091 1230 2134 et
1275 2082 1416 2144 vult,
1475 2090 1816 2135 coaeternum
1859 2080 1908 2132 ei
1955 2078 1976 2108 '

413 2177 775 2247 intelligatur,
824 2175 866 2230 si
911 2173 1156 2228 volnnt:=s
1184 2173 1325 2227 illius
1367 2180 1420 2226 et
1467 2173 1600 2224 vis'o
1642 2180 1694 2224 et
1742 2170 1974 2224 essentia

411 2284 572 2320 utntm
600 2274 698 2325 est.
747 2266 886 2326 Dtsc.
915 2263 1072 2333 Cogis
1103 2263 1212 2331 jam
1242 2279 1336 2316 nos
1387 2263 1565 2328 fateri,
1589 2262 1787 2327 omnia,
1815 2279 1975 2334 qaae~

407 2373 621 2428 tantque
660 2367 875 2410 aeterna
909 2365 962 2414 et
1009 2355 1147 2410 facta
1203 2357 1474 2422 dicuntur,
1510 2358 1675 2410 Deum
1728 2374 1864 2412 esse.
1916 2356 1970 2412 Si

407 2451 551 2502 enim
576 2449 752 2504 divina
783 2447 1028 2502 voluntas
1071 2448 1354 2517 divinaque
1384 2449 1517 2502 visio
1544 2449 1844 2502 essentialis
1894 2460 1975 2504 est

407 2554 459 2596 et
487 2552 912 2607 aeterna,etnon
930 2541 1070 2594 aliud
1094 2549 1175 2598 est
1196 2541 1243 2594 ei
1265 2540 1286 2573 ⁷
1315 2555 1454 2603 esse,
1481 2540 1622 2592 aliud
1653 2540 1802 2602 velle,
1832 2539 1973 2591 aliud

409 2634 607 2701 videre,
657 2634 747 2686 sed
789 2646 953 2688 unum
995 2640 1048 2684 et
1100 2631 1149 2683 id
1204 2631 1371 2704 ipsum
1410 2629 1894 2696 superessentiale,
1922 2636 1976 2681 et

411 2735 605 2784 omne,
640 2721 995 2790 quodcunque
1043 2718 1184 2780 intra
1231 2719 1557 2772 voluntatem
1611 2728 1665 2772 et
1713 2718 1970 2770 visionem

406 2827 557 2865 suam
589 2810 610 2840 "
634 2808 1054 2878 comprehendit,
1087 2823 1192 2862 non
1224 2807 1365 2860 aliud
1399 2815 1610 2878 praeter
1635 2808 1804 2877 ipsum
1838 2808 2012 2861 ratio"

405 2899 531 2953 sinit
559 2899 814 2969 intelligi;
848 2898 1070 2967 simplex
1096 2898 1358 2969 siquidem
1389 2907 1578 2952 natura
1608 2899 1748 2951 intra
1780 2912 1837 2952 se
1865 2913 1970 2952 non

405 2991 607 3059 patitur
631 3005 768 3054 esse,
799 2991 937 3059 quod
958 2991 1070 3060 ipsa
1099 3007 1200 3043 non
1227 2990 1294 3045 sit
1328 3008 1340 3043 :
1369 2999 1535 3049 restat
1565 2991 1679 3046 sine
1706 2990 1808 3043 ulla
1840 3007 1969 3044 con-

407 3081 687 3146 troversia,
719 3097 881 3133 unmu
917 3079 1082 3135 Deum
1111 3081 1290 3135 omnia
1337 3081 1388 3133 in
1439 3083 1690 3141 omnibus
1723 3097 1841 3136 esse
1890 3080 1969 3134 fa-
1996 3059 2041 3118 C

409 3172 528 3224 teri.
561 3171 622 3225 lit
677 3172 720 3224 si
749 3171 817 3222 ita
852 3179 951 3230 est,
1000 3169 1064 3224 de
1097 3171 1416 3230 aeternitate
1452 3172 1715 3236 omnium,
1747 3187 1884 3241 quae
1918 3173 1968 3226 in

407 3261 514 3316 Deo
537 3272 676 3326 sunt,
712 3263 817 3319 imo
841 3264 1000 3316 etiam
1029 3277 1163 3332 quae
1194 3263 1329 3315 Deus
1353 3273 1498 3327 sunt,
1517 3280 1671 3317 nemo
1693 3265 1777 3332 pie
1805 3264 1975 3333 philo-

404 3353 742 3419 sophautium
777 3352 932 3406 debet
971 3352 1236 3418 ignorare.
1285 3351 1474 3410 Adhuc
1505 3361 1680 3405 tamen
1709 3371 1812 3409 non
1844 3356 1975 3408 satis

407 3445 576 3511 video,
603 3443 869 3514 quomodo
899 3443 1076 3496 divina
1109 3452 1322 3508 natura,
1347 3453 1498 3496 extra
1526 3459 1684 3512 quam
1719 3445 1850 3499 nihil
1869 3457 1973 3511 est,

403 3543 458 3584 ct
507 3533 644 3585 intra
674 3548 833 3600 quam
866 3533 1159 3585 subsistunt
1187 3533 1388 3600 omnia,
1415 3533 1545 3588 nihil
1577 3535 1715 3588 intra
1745 3552 1802 3590 se
1839 3538 1972 3590 reci-

403 3628 482 3694 pit
507 3631 647 3688 eise,
670 3625 808 3693 quod
840 3625 938 3677 sibi
972 3626 1322 3680 coesseutiale
1357 3642 1460 3680 non
1489 3625 1577 3680 sit.
1611 3627 1749 3683 Mao.
1789 3629 1859 3682 De
1885 3644 1970 3692 eo,

403 3716 545 3784 quod
574 3715 714 3767 nulla
749 3726 939 3768 natura
966 3715 1221 3769 subsistat
1249 3727 1462 3784 praeter
1492 3718 1658 3772 Deum
1685 3729 1737 3772 et
1758 3730 1972 3774 creatu-

410 3823 546 3868 ram,
578 3822 680 3858 non
727 3806 984 3864 dubitare
1023 3817 1072 3861 te
1102 3809 1444 3873 crediderim,
1475 3809 1580 3863 imo
1628 3811 1788 3864 etiam
1839 3812 1972 3865 satis

407 3899 586 3950 videre
617 3907 665 3952 te
687 3901 706 3932 ⁹
731 3898 902 3952 video.
945 3897 1075 3951 Nam
1100 3899 1238 3966 quod
1261 3898 1438 3952 dixisti
1468 3899 1532 3952 de
1557 3899 1733 3954 divina
1765 3908 1970 3964 natura,

407 4002 554 4040 ex:ra
580 4003 738 4056 quam
772 3988 900 4040 nihil
922 3999 1022 4052 est,
1052 3990 1123 4042 ita
1157 3989 1427 4059 intelligis,
1457 3997 1514 4041 ut
1540 3988 1788 4051 arbitror,
1821 4005 1972 4053 crea-

408 4079 596 4133 tricem
639 4080 852 4147 quidem
882 4089 1126 4132 naturam
1163 4079 1292 4132 nihil
1321 4087 1472 4132 extra
1519 4093 1575 4132 se
1621 4079 1817 4142 sinere,
1847 4079 1972 4147 quia

409 4179 559 4220 extra
595 4185 713 4229 eam
765 4169 806 4203 ³⁸
837 4171 969 4224 nihil
1019 4179 1194 4240 potest
1241 4185 1398 4233 esse;
1429 4179 1600 4224 totum
1658 4184 1802 4233 vero,
1833 4167 1972 4240 quod

404 4262 625 4322 crearit,
651 4271 704 4315 et
725 4273 895 4326 creat,
920 4263 1059 4316 intra
1083 4262 1313 4332 seipsam
1339 4263 1643 4326 continere;
1672 4265 1742 4315 ita
1772 4272 1968 4327 tamen,

409 4361 467 4404 ut
496 4351 638 4405 aliud
677 4353 747 4406 sit
777 4353 908 4422 ipsa,
955 4352 1078 4422 quia
1120 4353 1578 4422 superessentialis
1603 4362 1705 4415 est,
1729 4361 1780 4403 et
1806 4351 1969 4413 aliud,
2003 4391 2048 4450 υ

405 4442 545 4509 quod
577 4443 627 4494 in
654 4457 712 4495 se
736 4441 966 4496 creat“.
997 4440 1128 4494 Nam
1153 4442 1384 4513 seipsutn
1408 4457 1592 4496 creare
1611 4441 1973 4495 nontibiveri-

406 4533 580 4586 simile
610 4531 836 4586 videtur.
883 4531 1025 4586 Disc.
1073 4531 1263 4588 Totam
1312 4533 1713 4602 conceptionem
1765 4532 1970 4602 cogila—

408 4622 568 4675 tionis
594 4636 742 4674 meae
769 4621 833 4674 de
859 4621 964 4675 Deo
990 4631 1044 4676 et
1074 4633 1319 4678 creatura
1349 4623 1688 4694 perspexisti.
1721 4623 1974 4676 Firmiter

405 4711 549 4765 enim
581 4721 740 4782 atque
782 4713 1097 4767 inconCusse
1125 4723 1301 4777 teneo,
1340 4714 1539 4766 nullam
1590 4724 1837 4766 naturam
1886 4713 1968 4766 vel

405 4811 643 4854 creatam
671 4801 753 4854 vel
782 4817 887 4855 non
930 4813 1165 4856 creatam
1199 4805 1242 4834 ¹²
1270 4813 1421 4857 extra
1456 4803 1618 4856 Deum
1652 4803 1966 4862 subsistere,

405 4902 460 4945 et
494 4891 640 4946 nullo
669 4893 828 4946 modo
851 4907 969 4946 esse
995 4909 1008 4957 ;
1043 4909 1201 4948 omne
1230 4909 1375 4955 vero,
1394 4895 1533 4961 quod
1563 4893 1828 4954 subsistit,
1860 4893 1973 4945 sive

405 4993 669 5048 creatum,
701 4986 816 5038 sive
862 5001 964 5039 non
1000 4995 1239 5039 creatum
1261 5026 1274 5047 ,
1321 4987 1456 5038 intra
1485 4985 1655 5052 ipsum
1684 4984 1967 5037 contineri.

404 5072 486 5126 Ac
537 5087 635 5142 per
685 5075 787 5128 hoc
835 5077 995 5129 totius
1034 5076 1398 5129 universitatis
1445 5075 1831 5143 plenitudinem
1888 5076 1970 5126 his

2077 1823 2130 1867 et
2156 1831 2258 1867 non
2288 1815 2388 1867 alia
2421 1814 2569 1876 vidit,
2598 1815 2696 1867 nisi
2723 1829 2804 1877 ea,
2829 1829 2965 1883 quae
2991 1814 3205 1868 fecit.et
3235 1829 3318 1876 ea,
3337 1829 3474 1881 quae
3501 1814 3649 1877 fecit,

2079 1907 2388 1976 priusquam
2421 1907 2642 1971 faceret,
2677 1908 2822 1959 vidit.
2862 1906 3004 1959 Disc.
3035 1906 3111 1958 lia
3148 1914 3320 1959 teneo.
3355 1904 3493 1958 MAG.
3524 1905 3641 1964 Die,

2079 2011 2298 2064 quaeso,
2331 2011 2468 2063 quae
2515 2004 2640 2050 sunt
2680 1996 2786 2059 illa,
2817 2011 2952 2063 quae
2979 1996 3139 2056 Dens,
3170 2005 3453 2062 antequam
3488 1995 3527 2024 "
3561 1994 3650 2047 fie-

2081 2095 2217 2148 rent,
2249 2087 2414 2140 vidit‘?
2469 2087 2746 2153 Quomodo
2799 2086 2940 2138 enim
2978 2095 3277 2139 creaturam
3321 2085 3486 2147 vidit,
3512 2100 3651 2153 quae

2079 2177 2252 2230 adlmc
2282 2193 2385 2230 non
2416 2186 2532 2230 erat
2561 2176 2738 2229 facta?
2768 2177 2826 2228 Et
2853 2177 2896 2229 si
2922 2176 2964 2206 ¹¹¹
2995 2192 3092 2228 nec
3108 2176 3244 2228 aliud
3267 2184 3480 2244 praeter
3501 2190 3650 2228 crea-

2078 2276 2254 2320 turam
2301 2267 2434 2320 vidit
2461 2308 2475 2332 ,
2525 2282 2683 2319 omne
2712 2267 2876 2325 cuitu,
2909 2267 3048 2332 quod
3075 2275 3195 2330 est,
3223 2275 3313 2317 aut
3365 2265 3503 2318 Deus
3554 2274 3649 2316 aut

2077 2367 2325 2410 creatura
2364 2366 2445 2411 est
2473 2377 2484 2410 :
2520 2359 2644 2425 quid
2675 2359 2797 2411 vidit
2842 2358 2923 2410 u’?
2961 2357 3190 2410 Proinde
3222 2368 3311 2409 aut
3337 2357 3381 2388 ‘°
3413 2358 3646 2424 seipsum

2076 2451 2228 2511 vidit.
2254 2459 2537 2516 antequam
2571 2447 2771 2502 faceret
2811 2465 2990 2512 omne,
3019 2451 3159 2518 quod
3190 2449 3334 2512 fecit,
3373 2457 3466 2501 aut
3497 2465 3648 2500 crea-

2078 2549 2248 2594 turam
2284 2541 2433 2603 vidit,
2467 2553 2604 2608 quae
2655 2539 2828 2591 adhuc
2855 2555 2955 2592 non
2985 2548 3066 2591 est
3117 2549 3313 2591 creata.
3370 2539 3650 2602 Quomodo

2075 2641 2253 2684 autem
2285 2633 2437 2694 vidit,
2463 2631 2602 2700 quod
2623 2631 2795 2685 adhuc
2821 2646 2921 2683 nan
2941 2631 3090 2683 erat?
3118 2629 3172 2683 Si
3202 2646 3325 2683 vero
3353 2629 3396 2658 ’ί
3427 2639 3568 2688 erat,
3599 2639 3649 2682 et

2076 2721 2195 2775 ideo
2225 2722 2395 2774 visum
2423 2731 2525 2786 est,
2557 2723 2679 2791 quia
2729 2733 2864 2795 erat,
2896 2724 3135 2791 profectu
3180 2730 3294 2776 erat
3323 2730 3450 2775 ante
3489 2736 3646 2776 crea-

2078 2822 2273 2874 turam,
2297 2814 2438 2879 quod
2464 2823 2706 2865 creatura
2737 2828 2840 2864 non
2870 2822 3005 2865 erat.
3041 2813 3096 2865 Si
3125 2823 3299 2865 autem
3325 2813 3472 2866 solas
3505 2814 3646 2866 Deus

2075 2913 2128 2957 et
2148 2904 2250 2957 sibi
2283 2903 2635 2958 coessentiale
2664 2903 2710 2933 ²¹
2737 2913 2859 2956 ante
2880 2919 3091 2957 omnem
3120 2914 3419 2957 creaturam
3452 2905 3648 2956 sinitur

2075 3009 2214 3054 esse,
2249 3010 2352 3050 non
2379 2994 2426 3024 “
2457 2994 2596 3046 aliud
2624 2994 2915 3062 praecessit
2947 3005 3268 3054 creaturam,
3311 2992 3452 3061 quod
3507 2993 3647 3046 Deus

2075 3087 2302 3149 videret,
2334 3094 2617 3154 antequam
2666 3084 2868 3138 faceret
2899 3095 3222 3145 creaturam,
3260 3083 3361 3136 nisi
3391 3093 3479 3134 ant
3511 3084 3643 3149 ipsi;

2075 3184 2167 3230 aut
2196 3185 2410 3230 acterna
2462 3175 2512 3227 in
2542 3189 2601 3227 se
2628 3183 2680 3226 et
2726 3183 3007 3226 coaeterna
3041 3173 3139 3225 sibi
3191 3181 3377 3223 natura
3411 3172 3478 3222 ⁸³.
3506 3173 3644 3224 (loti-

2076 3267 2274 3322 fectum
2302 3275 2383 3320 est
2411 3274 2586 3318 autem
2617 3266 2666 3296 “
2719 3266 2858 3318 inter
2887 3281 3002 3324 nos,
3040 3265 3201 3317 Deum
3252 3264 3467 3325 vidisse,
3505 3278 3647 3330 quae

2078 3359 2320 3412 facienda
2367 3368 2552 3420 erant;
2585 3373 2688 3409 non
2733 3357 2872 3409 enim
2925 3355 3179 3424 ignorans
3227 3353 3352 3406 fecit
3406 3364 3495 3405 aut
3537 3370 3640 3406 lion

2075 3449 2390 3519 praevidens
2417 3489 2431 3510 ,
2464 3449 2604 3517 qttod
2648 3445 2827 3500 facere
2866 3445 3048 3498 voluit.
3100 3445 3236 3499 ὒιτ-ς.
3289 3446 3508 3514 Septuzn
3561 3460 3645 3496 me

2075 3541 2309 3608 undique
2340 3538 2512 3600 video,
2544 3537 2851 3606 nullamque
2881 3535 3112 3605 fugiendi
3150 3537 3288 3589 viam
3335 3551 3640 3589 remanere.

2076 3632 2208 3686 Nam
2238 3635 2281 3685 si
2335 3632 2539 3694 dixero,
2566 3632 2732 3684 Deum
2785 3631 2834 3683 in
2885 3631 3060 3698 seipso
3113 3631 3324 3690 vidisse,
3373 3644 3513 3699 quae
3567 3635 3643 3682 ta-

2075 3724 2259 3777 cienda
2282 3730 2453 3785 erant,
2485 3738 2646 3790 cogor
2675 3721 2849 3784 fateri,
2877 3721 3109 3790 seipsum
3143 3722 3360 3783 vidisse,
3395 3723 3520 3790 quia
3547 3722 3642 3774 ad—

2076 3815 2181 3868 huc
2216 3829 2318 3868 non
2343 3823 2458 3866 erat
2498 3823 2768 3877 creatura,
2795 3828 2952 3881 quam
2979 3814 3195 3872 videret,
3227 3829 3323 3866 nec
3355 3814 3498 3865 aliud
3527 3822 3645 3866 erat

2075 3914 2200 3958 ante
2226 3919 2435 3957 onmem
2461 3913 2781 3968 creaturam,
2801 3904 2940 3970 quoi
2961 3913 3176 3971 praeter
3202 3904 3436 3972 scipstttn
3463 3904 3646 3957 videre

2077 4001 2252 4060 posset
2281 3992 2345 4044 “.
2376 3992 2450 4044 Ac
2478 4007 2572 4059 per
2599 3994 2699 4045 hoc
2725 3992 2766 4043 si
2796 3992 2998 4054 omnia,
3029 4007 3163 4059 quae
3196 3990 3436 4044 facienda
3463 4001 3645 4055 erant,

2078 4085 2129 4138 in
2164 4085 2337 4151 seipso
2369 4084 2514 4144 vidit,
2546 4083 2858 4151 priusquam
2908 4081 3117 4144 fierent,
3152 4083 3459 4136 necessario
3505 4083 3646 4151 seip-

2076 4191 2193 4229 sam
2239 4175 2434 4228 vidisse
2490 4189 2608 4227 vera
2639 4173 2847 4226 docebit
2881 4171 3038 4235 ratio,
3067 4179 3120 4224 et
3152 4172 3260 4239 ipse
3289 4173 3392 4224 erit
3441 4171 3642 4236 omnia,

2076 4282 2212 4334 quae
2243 4266 2386 4319 fecit.
2443 4265 2499 4318 Si
2530 4281 2617 4329 ea,
2654 4279 2789 4333 quae
2819 4264 2971 4326 vidit,
3002 4263 3052 4316 in
3081 4265 3256 4331 seipso
3285 4261 3430 4325 fecit,
3460 4276 3516 4318 ct
3543 4264 3644 4318 erit

2075 4355 2246 4407 factor
2273 4364 2326 4405 et
2357 4352 2582 4406 factura.
2619 4351 2676 4406 Si
2715 4363 2893 4405 autem
2927 4353 3137 4415 dixero,
3167 4361 3477 4405 creaturam
3511 4353 3643 4405 vidit

2074 4445 2391 4504 faciendam,
2412 4445 2715 4514 priusquam
2745 4444 2918 4502 ﬁeret,
2945 4443 3184 4496 dicturus
3208 4443 3346 4495 eris:
3372 4454 3491 4496 erat
3514 4458 3643 4510 ergo

2073 4547 2341 4598 creatura,
2359 4546 2643 4604 antequam
2671 4533 2839 4587 fieret.
2861 4532 2918 4588 Si
2941 4536 3083 4587 enim
3107 4535 3248 4588 Deus
3271 4533 3405 4586 vidit
3431 4549 3546 4586 eam
3568 4533 3639 4592 ⁸⁷,

2073 4635 2357 4695 antequam
2407 4625 2560 4678 fieret
2586 4625 2651 4687 ’⁸,
2684 4624 2808 4677 illud
2853 4639 2979 4676 vere
3029 4625 3459 4676 substantialiter
3499 4635 3637 4684 erat,

2073 4717 2212 4785 quod
2244 4717 2378 4768 Deus
2412 4715 2462 4766 in
2511 4730 2570 4766 ea
2601 4714 2749 4772 vidit,
2785 4714 3096 4781 priusquam
3150 4712 3318 4765 fieret.
3349 4712 3463 4765 Non
3495 4714 3638 4766 enim

2077 4806 2217 4858 Deus
2239 4805 2370 4857 vidit
2399 4806 2442 4835 ⁸⁵
2480 4804 2630 4864 falsa,
2659 4803 2780 4855 dum
2821 4803 2889 4854 sit
2925 4801 3376 4854 inconnnutahilis
3419 4803 3640 4863 veritas,

2075 4907 2128 4950 et
2157 4910 2334 4959 (nunc,
2359 4894 2499 4964 quod
2550 4894 2601 4945 in
2632 4910 2692 4943 ea
2724 4900 2827 4952 est,
2857 4907 3042 4942 verum
3096 4901 3147 4943 et
3201 4891 3643 4944 incommutabile

2074 4999 2172 5042 est.
2204 4989 2263 5040 lit
2295 4989 2336 5041 si
2363 4988 2500 5039 Deus
2531 4987 2580 5038 in
2610 4986 2788 5054 scipso
2818 4985 2949 5037 vidit.
2973 4994 3295 5046 creaturam,
3323 4985 3642 5052 priusquam

2075 5080 2248 5140 ﬁeret,
2286 5092 2497 5145 semper
2525 5077 2674 5140 vidit,
2699 5077 2837 5142 quod
2867 5075 3018 5128 vidit.
3053 5073 3164 5128 Non
3196 5075 3339 5128 enim
3373 5074 3641 5132 acciditei

1671 5189 1918 5242 VARIAE
1955 5188 2352 5244 LECTIONES.

475 5284 553 5340 'C
577 5287 883 5339 voluntatis.
969 5289 987 5317 '
1010 5299 1056 5339 et
1086 5304 1191 5341 om.
1220 5289 1283 5343 Α.

403 5356 424 5384 ⁹
454 5358 493 5406 Α
517 5365 564 5406 Ie
604 5357 796 5408 videre.
883 5358 922 5386 ¹⁰
955 5363 996 5411 Α
1032 5374 1168 5411 eum.

1377 5291 1393 5319 ³
1417 5290 1532 5357 ﬁeri
1565 5305 1671 5342 om.
1711 5291 1771 5339 Λ.

1244 5360 1284 5390 ¹¹
1320 5361 1362 5413 Α
1395 5359 1612 5412 creavit.

1861 5287 1876 5316 ‘
1903 5286 1945 5338 Α
1973 5288 2056 5339 dc.

1680 5360 1720 5388 ¹¹
1747 5358 1785 5408 (2
1819 5369 2060 5409 nuarum
2098 5371 2200 5406 ηοιι
2235 5365 2470 5404 creatum
2512 5351 2587 5404 vel
2614 5359 2869 5402 creatam.

2751 5279 2771 5309 ⁷
2799 5279 2846 5333 ei
2883 5293 2990 5330 om.
3034 5277 3095 5330 C.
3171 5278 3191 5304 ’⁸
3219 5293 3371 5328 suam
3418 5289 3523 5326 mn.
3592 5274 3662 5325 Α.

2484 5282 2504 5310 6

2142 5285 2163 5313 ⁵
2196 5285 2233 5335 Α
2263 5282 2420 5349 quod.
2484 5279 2561 5333 6C
2606 5291 2674 5333 et.
2751 5279 2771 5309 "
2799 5279 2846 5333 ei
2883 5293 2990 5330 om.
3034 5279 3095 5330 C.
3171 5279 3191 5304 "
3219 5293 3371 5328 suam
3418 5289 3523 5326 om.
3592 5279 3662 5325 Α.

2142 5372 2200 5406 σπι
2235 5365 2470 5404 creatum
2512 5351 2587 5404 vel
2614 5359 2869 5402 creatam.
2945 5351 2990 5378 “
3018 5363 3238 5414 remque
3267 5365 3380 5398 (NII.
3417 5344 3477 5396 (Ι.
3543 5341 3594 5372 ’⁸
3619 5344 3663 5394 Α

404 5426 664 5476 munitam
685 5441 794 5479 eve
816 5427 996 5478 video.
1051 5431 1091 5458 ¹⁶
1117 5431 1255 5482 intra
1285 5428 1823 5495 Deum—Circumfer
1844 5431 1986 5478 tusc.
2018 5441 2124 5475 om.
2151 5423 2208 5475 tl.
2269 5424 2310 5452 ”
2332 5426 2368 5474 Α
2395 5438 2471 5475 eo.
2544 5423 2586 5495 ξῖ
2609 5425 2642 5469 Α
2673 5422 2980 5495 priusquqm
3054 5420 3098 5448 ¹¹¹
3119 5419 3164 5469 δί
3184 5433 3292 5468 om.
3426 5483 3438 5495 .
3458 5415 3500 5443 ¹⁹
3523 5414 3665 5492 (λαιά

828 5497 874 5525 ³⁸
897 5506 987 5548 aut
1013 5512 1118 5549 om.
1150 5499 1233 5550 A.‘
1291 5499 1330 5528 ’⁸
1367 5501 1402 5548 Α
1433 5500 1484 5550 iu
1522 5516 1600 5550 eo.
1677 5499 1719 5528 ¹⁹
1767 5499 1853 5550 Sit:
1880 5497 1951 5552 (Ἀ

811 5566 854 5595 ⁸⁷
877 5564 1055 5629 Corr.,
1093 5571 1129 5620 Λ
1161 5583 1243 5622 ea.

402 5494 531 5543 vim
555 5510 663 5546 om.
693 5497 756 5547 A.

405 5561 450 5590 “
489 5567 511 5610 \
547 5574 725 5628 posst.

2005 5495 2043 5544 Α
2083 5494 2408 5546 cocsseutiuli
2423 5530 2435 5543 .

1315 5568 1361 5600 "
1390 5565 1445 5621 Si
1481 5569 1615 5620 enim
1648 5567 1782 5620 Deus
1821 5595 1878 5606 -ι-
1902 5567 2047 5633 fieret
2079 5580 2189 5615 om.
2223 5561 2283 5613 C.
2368 5564 2408 5594 δ”
2441 5561 2479 5614 C
2515 5562 2666 5614 ridet.

3336 5487 3381 5517 ⁸⁵
3414 5483 3454 5536 Α
3482 5484 3654 5535 enim.

2514 5492 2561 5521 "
2590 5493 2628 5541 Δ
2652 5490 2744 5542 nil.
2831 5489 2874 5519 *"
2899 5491 2935 5540 Α
2967 5499 3236 5541 creatura.
