3884 6158
285 330 370 394 ῖττ
1122 334 1212 397 ut:
1248 335 1586 397 DIVISIONE
1627 329 1977 394 NATURAE.
2018 367 2087 377 -
2122 329 2324 391 LIBER
2360 325 2677 390 ren‘rtcs.

3425 326 3532 386 613

261 453 442 507 videre
499 448 637 523 quod
669 449 835 513 videt,
867 450 1082 518 quando
1131 465 1236 505 non
1266 449 1411 506 aliud
1441 460 1526 506 est
1553 451 1602 505 ei
1634 467 1757 508 esse
1783 459 1840 506 et
1867 454 1916 514 Α
1943 452 2026 508 bis
2050 452 2118 518 ",
2145 460 2204 506 ut
2231 451 2487 515 arbitror,
2521 449 2674 504 fateri
2726 445 2904 501 omnia
2945 453 3001 500 et
3041 442 3180 501 facta
3211 451 3267 499 et
3307 453 3530 499 aeterna

267 541 414 597 aliud
445 537 646 594 videre.
722 536 895 608 Ipsius
930 538 946 568 ¹
975 552 1207 607 namque
1249 539 1476 609 simplex
1506 549 1698 594 natura
1737 549 1840 594 est.

266 631 324 687 Si
351 638 536 686 autem
565 638 780 698 semper
798 627 954 693 vidit,
970 629 1110 696 quod
1136 627 1288 694 vidit,
1305 643 1519 697 semper
1542 638 1679 694 erat,
1699 629 1843 700 quod

264 721 420 786 vidit,
453 735 516 775 ac
553 733 650 789 per
698 719 799 773 hoc
833 725 1112 772 aeternum
1148 733 1269 772 esse
1315 735 1537 778 necesse
1563 730 1668 782 est,
1699 721 1843 789 quod

263 809 416 864 vidit.
447 808 515 862 Et
559 807 603 860 si
633 814 938 862 creaturam
981 806 1135 871 vidit,
1166 823 1303 875 qttae
1334 809 1510 864 adhuc
1549 825 1652 864 non
1703 819 1842 878 erat,

267 909 322 956 et
356 909 492 961 erat,
526 899 667 968 quod
708 897 877 962 vidit;
909 911 1068 952 omne
1102 898 1267 961 enim,
1295 899 1436 968 quod
1463 893 1606 957 Deus
1634 901 1777 955 videt
1799 903 1840 963 ',

263 1006 449 1047 verum
477 998 533 1044 et
556 998 834 1042 aeternum
863 994 947 1042 est
971 1005 982 1040 :
1011 987 1085 1040 nil
1109 987 1251 1042 aliud
1286 989 1628 1059 relinquitur,
1657 989 1758 1043 nisi
1788 997 1848 1043 ut

265 1082 650 1154 intelligamus.
686 1088 988 1134 creaturam
1034 1078 1201 1134 fuisse
1241 1081 1293 1134 in
1353 1079 1461 1135 Deo
1483 1121 1499 1144 ,
1531 1081 1844 1150 priusquam

261 1173 424 1229 ﬁeret
468 1173 520 1226 iu
553 1187 611 1226 se
631 1172 780 1240 ipsa;
809 1169 1112 1240 duplexque
1141 1171 1206 1225 de
1230 1180 1482 1224 creatura
1514 1171 1730 1226 dabitur
1759 1171 1844 1225 in-

262 1263 550 1327 tellectus,
594 1277 734 1316 unus
805 1261 1021 1330 quidem
1051 1261 1072 1292 ³
1116 1263 1425 1318 considerat
1469 1264 1845 1319 aeternitatem

261 1354 433 1424 ipsius
456 1353 507 1406 in
532 1351 708 1408 divina
729 1351 1057 1422 cognitione,
1083 1351 1136 1404 in
1162 1367 1265 1421 qua
1285 1353 1464 1407 omnia
1496 1369 1620 1406 vere
1645 1362 1698 1406 et
1720 1353 1847 1406 sub-

261 1442 586 1499 stantialiter
608 1449 945 1510 permanent,
989 1441 1125 1494 alter
1152 1440 1174 1471 ⁸
1211 1443 1561 1510 temporalem
1585 1441 1848 1497 conditio-

263 1547 383 1588 nem
405 1533 594 1600 ipsius,
615 1531 777 1586 veluti
795 1531 1132 1600 postmodum
1160 1532 1212 1584 in
1229 1547 1286 1587 se
1301 1535 1434 1602 ipsa.
1456 1533 1522 1587 Et
1542 1535 1587 1588 si
1608 1533 1629 1564 '
1655 1533 1725 1586 ita
1741 1540 1844 1596 est,

263 1623 492 1678 rationis
521 1621 907 1690 consequentia
947 1621 1243 1690 compellit,
1263 1639 1426 1676 unttm
1458 1638 1489 1677 c
1515 1623 1725 1677 duobus
1751 1621 1845 1677 eli-

263 1729 412 1784 gere,
436 1722 601 1766 utaut
631 1712 857 1766 eandem
888 1722 1193 1766 creaturam
1225 1712 1500 1768 meliorem
1527 1713 1724 1782 seipsa,
1750 1719 1844 1766 aut

263 1803 575 1858 inl‘eribrem
616 1803 900 1857 dicamus:
939 1804 1215 1860 meliorem
1249 1805 1765 1875 quidem,quantum
1792 1805 1844 1860 in
1877 1794 1926 1854 Β

266 1893 734 1948 Deoaeternaliter
747 1893 992 1949 subsistit
1008 1894 1032 1925 ⁸
1050 1912 1063 1959 ;
1091 1894 1399 1950 inferiorem
1423 1911 1570 1961 vero,
1584 1904 1849 1968 quantum

264 1983 316 2038 in
331 2000 388 2038 5e
401 1984 516 2054 ipsa
531 1993 713 2038 creata
729 1993 812 2039 est
833 2001 849 2048 ;
872 1985 1140 2040 etcreatio
1163 1985 1303 2040 illius
1323 2001 1430 2040 non
1450 1986 1502 2040 in
1517 1986 1749 2054 Deo,st
1764 2003 1852 2042 ve-

261 2073 355 2130 luti
376 2085 533 2130 extra
563 2075 731 2130 Deum
758 2076 814 2130 in
841 2077 1015 2146 seipsa
1042 2078 1418 2132 aestimabitur
1439 2119 1455 2143 ,
1487 2087 1542 2133 et
1568 2080 1675 2134 erit
1720 2095 1852 2136 con-

267 2168 495 2222 trarium
535 2166 870 2237 Scripturae,
893 2183 1031 2235 quae
1069 2168 1194 2222 dicit
1225 2186 1236 2221 :
1279 2167 1474 2222 Omnia
1519 2170 1570 2222 in
1591 2171 1850 2238 sapientia

263 2256 431 2338 [scisti
454 2270 472 2307 :
510 2265 604 2310 aut
643 2271 748 2310 non
789 2257 1018 2311 eandem
1048 2267 1298 2312 naturam
1329 2272 1471 2321 esse,
1502 2273 1642 2328 quae
1672 2267 1851 2313 acter-

264 2346 460 2401 naliter
482 2347 535 2401 in
563 2347 868 2415 cognitione
891 2346 987 2401 Dei
1015 2355 1152 2412 erat,
1177 2355 1232 2401 et
1256 2362 1396 2416 quae
1427 2347 1586 2400 veluti
1614 2356 1851 2416 postmo-

265 2437 390 2491 dum
429 2437 482 2491 in
520 2437 697 2506 seipsa
728 2435 942 2490 condita
973 2445 1074 2490 est.
1097 2435 1175 2490 Ac
1204 2451 1302 2506 per
1330 2437 1433 2491 hoc
1465 2451 1570 2490 non
1599 2451 1682 2502 ea,
1713 2451 1850 2504 quae

267 2527 408 2583 facta
457 2535 606 2592 sunt,
639 2537 928 2597 antequam
957 2526 1170 2592 ﬁerent,
1203 2528 1355 2594 vidit,
1401 2529 1496 2584 sed
1542 2543 1604 2582 ea
1645 2529 1847 2584 solum—

261 2618 442 2682 modo,
475 2631 617 2688 quae
637 2625 856 2671 aeterna
896 2623 1042 2682 sunt,
1070 2617 1124 2670 in
1161 2617 1338 2685 seipso
1367 2617 1519 2672 vidit.
1555 2617 1619 2672 Et
1647 2617 1690 2671 si
1727 2617 1850 2687 quis

261 2707 364 2764 hoc
391 2705 628 2772 dederit,
651 2704 948 2760 catholicae
973 2705 1210 2761 ﬁdelium
1235 2705 1556 2775 professioni
1581 2707 1850 2761 videbitur

260 2798 538 2852 resistere.
607 2785 1104 2866 Sancta'siquulem
1142 2798 1330 2864 sophia
1363 2813 1469 2852 non
1500 2799 1604 2852 alia
1625 2798 1647 2832 ’
1677 2798 1844 2868 proli-

261 2896 406 2942 tetur
458 2888 626 2942 Deum
669 2887 722 2941 in
763 2888 960 2958 seipso,
1009 2888 1322 2957 priusquam
1369 2888 1578 2954 tierent,
1625 2890 1844 2956 vidisse,

263 2986 320 3033 et
365 2978 472 3032 alia
523 2978 866 3046 postmodum
914 2978 968 3032 in
1015 2979 1206 3047 seipsis
1251 2977 1465 3042 fecisse,
1515 2982 1608 3034 sed
1655 2981 1842 3036 eadem

266 3068 610 3124 aeternaliter
637 3069 770 3134 visa,
800 3079 853 3126 et
881 3069 1225 3125 aeternaliter
1253 3069 1414 3136 facta,
1449 3081 1502 3126 et
1542 3074 1642 3128 hoc
1670 3081 1840 3128 totum

1946 558 2087 606 esse,
2108 552 2162 597 et
2181 558 2362 606 omne,
2379 541 2520 612 quod
2546 541 2598 594 in
2622 542 2702 594 eis
2721 553 2847 594 vere
2869 537 3190 608 intelligitur
3204 535 3528 598 subsistere,

1946 633 2022 687 nil
2062 633 2204 686 aliud
2241 639 2457 701 praeter
2495 629 2817 684 ineffabilem
2861 627 3075 682 divinae
3115 625 3374 680 bonitatis
3413 639 3533 679 esse

1945 733 2214 780 naturam.
2293 733 2388 794 psa
2431 730 2512 775 est
2557 721 2700 778 enim
2730 720 2770 752 "
2814 717 3170 774 substantiale
3210 718 3429 780 bonum,
3476 725 3532 771 et

1945 829 2106 868 nemo
2141 813 2319 869 bonus
2371 811 2473 868 nisi
2518 811 2666 866 solus
2705 813 2867 866 Deus.
2929 810 3118 864 Restat
3170 809 3334 880 igitur
3374 809 3417 841 “
3465 808 3535 863 de

1947 913 2166 960 aeterna
2211 903 2522 959 conditione
2557 902 2798 958 omnium
2840 901 2892 955 in
2933 901 3044 954 Deo
3084 909 3341 964 tractare,
3369 915 3522 972 quan-

1947 1007 2059 1054 tum
2098 997 2310 1052 divinae
2341 997 2584 1050 veritatis
2606 995 2850 1050 "radius
2881 996 3050 1049 aciem
3086 1003 3301 1048 nostrae
3337 994 3534 1048 mentis

1947 1091 2001 1145 in
2024 1089 2202 1144 divina
2232 1089 2484 1160 mysteria
2505 1087 2813 1158 permiserit
2836 1088 3146 1148 ascendere.
3173 1087 3314 1142 Dtsc.
3342 1086 3535 1141 Restat

1947 1177 2185 1248 quidem,
2219 1185 2273 1232 et
2305 1177 2418 1247 jam
2461 1178 2505 1208 “
2547 1178 2679 1230 ordo
2723 1177 3102 1244 disputationis
3141 1177 3325 1250 exigit.
3375 1175 3532 1234 Prius

1947 1279 2128 1326 tamen
2173 1267 2334 1323 velim
2373 1276 2425 1322 te
2467 1266 2708 1322 breviter
2747 1263 2996 1334 colligere
3045 1271 3237 1326 totum,
3281 1267 3420 1330 quod
3465 1268 3533 1314 de)

1947 1359 2225 1430 praesenti
2265 1358 2580 1429 quaestione
2632 1357 2896 1411 hactenus
2951 1355 3090 1412 inter
3130 1369 3228 1408 nos
3267 1361 3351 1410 est
3401 1367 3533 1408 con-

1947 1449 2147 1505 fectum
2177 1450 2242 1504 ι’,
2288 1447 2426 1504 Mtte.
2473 1448 2553 1502 Ad
2600 1462 2816 1518 purum,
2852 1455 2910 1501 ut
2949 1446 3164 1517 opinor,
3192 1443 3534 1506 deduximus,

1949 1543 2185 1597 divinam
2241 1541 2534 1596 bonitatem
2580 1539 2780 1595 vidisse
2835 1547 2890 1594 et
2941 1553 3156 1608 semper
3199 1537 3398 1590 vidisse
3445 1549 3532 1598 ea,

1947 1647 2089 1702 quae
2132 1631 2372 1687 facienda
2417 1639 2593 1686 erant.
2655 1630 2797 1684 DISC.
2845 1628 2957 1683 Hoc
3009 1635 3285 1697 peractum
3335 1622 3380 1658 ⁸⁸
3428 1633 3532 1678 est.

1948 1721 2089 1778 MAG.
2123 1721 2191 1776 Et
2219 1737 2326 1776 non
2370 1720 2473 1774 alia
2517 1718 2651 1772 vidit
2695 1727 2748 1772 et
2797 1717 2898 1771 alia
2949 1715 3108 1781 fecit,
3151 1715 3244 1769 sed
3285 1729 3365 1773 ea,
3397 1727 3537 1782 quae

1953 1829 2168 1884 semper
2202 1812 2335 1866 vidit
2375 1809 2639 1866 iacienda.
2677 1808 2822 1863 fecit.
2871 1807 3016 1862 DlSC.
3058 1804 3325 1860 Similiter
3352 1805 3534 1857 datum

1955 1913 2058 1960 est.
2084 1902 2226 1958 ΜΑσ.
2251 1901 2318 1956 Ει
2343 1901 2545 1964 omnia,
2569 1914 2708 1970 quae
2735 1913 2948 1968 semper
2976 1897 3126 1961 vidit,
3151 1910 3363 1966 semper
3385 1891 3534 1948 fecit.

1953 1991 2073 2048 Non
2119 1993 2261 2048 enim
2306 1992 2358 2045 in
2389 2007 2455 2046 eo
2485 1989 2763 2060 praecedit
2807 1988 2942 2042 visio
2981 1987 3375 2058 operationem,
3405 1999 3539 2054 qun-

1953 2084 2097 2138 niam
2123 2091 2409 2137 coaeterna
2435 2092 2521 2136 est
2554 2078 2750 2135 visioni
2779 2077 3043 2148 operatio,
3072 2074 3386 2146 praesertim
3411 2073 3541 2128 dum

1953 2186 2060 2228 non
2092 2171 2236 2224 aliud
2279 2170 2328 2224 ei
2370 2169 2443 2224 sit
2469 2169 2650 2224 videre
2691 2176 2746 2222 et
2775 2167 2918 2221 aliud
2947 2180 3204 2236 operare,
3236 2163 3329 2224 sed
3371 2163 3539 2232 ipsius

1953 2262 2089 2316 visio
2111 2261 2277 2331 ipsius
2309 2270 2392 2314 est
2423 2259 2689 2329 operatio.
2726 2257 2880 2312 Videt
2907 2257 2949 2289 "
2976 2257 3118 2311 enim
3149 2253 3440 2324 operando,
3479 2260 3538 2304 et

1953 2353 2182 2408 videndo
2231 2359 2505 2419 operatur.
2566 2349 2711 2404 Dtsc.
2768 2345 2882 2402 Hoc
2939 2361 3153 2416 quoque
3201 2350 3536 2411 assumptum

1953 2451 2056 2497 est.
2083 2441 2223 2496 MAG.
2245 2441 2319 2494 De
2348 2437 2692 2509 simplicitate
2719 2437 2933 2492 divinae
2959 2444 3184 2490 naturae
3211 2434 3534 2489 discussum.

1950 2533 2096 2602 quod
2137 2547 2241 2588 non
2272 2531 2324 2586 in
2353 2544 2417 2585 ea
2448 2543 2574 2585 vere
2599 2544 2663 2584 ac
2692 2527 2910 2600 pr0prie
2939 2525 3277 2596 intelligitur,
3299 2521 3441 2592 quod
3465 2523 3535 2573 ξεῖ)

1952 2639 2016 2679 ea
2053 2622 2284 2678 alienum
2319 2622 2390 2676 sit
2436 2631 2492 2676 et
2525 2637 2630 2676 non
2673 2621 2720 2673 ci
2765 2617 3148 2680 coesscntiale,
3191 2625 3245 2670 et
3281 2612 3534 2684 quoniam

1949 2713 2131 2768 omnia
2159 2726 2285 2766 vere
2321 2726 2385 2764 ac
2415 2709 2630 2780 proprie
2663 2709 2802 2762 intra
2833 2723 2953 2763 eam
2985 2705 3356 2776 intelliguntur
3391 2717 3528 2756 esse.

1948 2803 2036 2858 Nil
2065 2803 2109 2835 ⁸⁸
2147 2804 2292 2858 enim
2331 2809 2487 2855 extra
2525 2815 2646 2854 eam
2689 2797 3005 2853 subsistunt.
3055 2794 3379 2850 Cuuclusunt
3425 2803 3532 2853 est,

1946 2894 2117 2966 ipsam
2145 2893 2312 2948 solam
2339 2905 2466 2944 vere
2491 2905 2555 2943 ac
2583 2888 2799 2958 preprie
2830 2887 2882 2941 in
2909 2886 3161 2942 omnibus
3198 2898 3317 2938 esse
3360 2881 3426 2946 ι’,
3477 2890 3535 2935 et

1946 2985 2082 3040 nihil
2111 2999 2235 3038 vere
2266 2999 2328 3038 ac
2357 2981 2574 3052 proprie
2601 2994 2742 3045 esse,
2772 2978 2914 3047 quod
2945 2979 3058 3047 ipsa
3098 2992 3204 3031 non
3246 2976 3334 3030 sit.
3382 2973 3528 3028 Dtsc.

1945 3075 2290 3132 Conclusum.
2315 3071 2455 3126 Msa.
2482 3070 2712 3125 Proinde
2737 3084 2843 3122 non
2867 3069 2974 3124 duo
2999 3082 3028 3120 a
3053 3065 3246 3136 seipsis
3276 3063 3532 3119 distantia

268 3159 318 3218 in
356 3164 488 3230 Deo,
518 3171 574 3219 et
612 3163 742 3218 nihil
779 3175 932 3220 extra
972 3165 1160 3219 Deum.
1233 3165 1290 3220 Si
1324 3177 1504 3222 autem
1537 3168 1680 3222 aliud
1710 3179 1794 3224 est
1821 3171 1843 3202 ⁸
1874 3143 1918 3204 C
1950 3169 2208 3223 debemus
2248 3162 2546 3232 intelligere
2589 3160 2756 3215 Deum
2793 3168 2847 3214 et
2886 3167 3212 3221 creaturam,
3242 3156 3334 3210 sed
3367 3171 3530 3209 unum

269 3257 476 3311 divinae
503 3254 767 3310 bonitatis
795 3265 1006 3320 natura,
1041 3265 1092 3312 et
1120 3257 1287 3322 aliud,
1315 3259 1457 3330 quod
1488 3261 1618 3314 vidit
1649 3261 1848 3316 facien-

269 3345 386 3400 dum
425 3356 482 3401 et
521 3345 679 3411 fecit,
727 3355 783 3400 et
829 3347 881 3400 in
927 3348 1104 3416 seipso
1145 3349 1278 3402 vidit
1329 3359 1383 3404 et
1435 3349 1593 3416 fecit,
1636 3353 1849 3408 divinae

269 3447 490 3492 naturae
535 3438 853 3508 simplicitas
892 3440 1336 3510 interrumpctur,
1371 3444 1585 3512 quando
1621 3445 1763 3499 aliud
1793 3446 1847 3499 in

272 3525 378 3594 ipsa
423 3527 762 3598 intelligitur,
808 3531 949 3597 quod
990 3531 1104 3600 ipsa
1146 3545 1253 3585 non
1297 3532 1395 3587 sit:
1442 3535 1584 3602 quod
1629 3535 1850 3590 omnino

273 3617 593 3688 impossibile
633 3627 737 3674 est.
782 3619 839 3674 Si
871 3635 999 3675 vero
1030 3637 1135 3675 non
1166 3622 1310 3677 aliud
1355 3623 1376 3653 ’
1420 3633 1504 3678 est
1535 3625 1712 3678 divina
1754 3626 1852 3680 bo-

273 3708 428 3774 nitas,
459 3719 512 3763 et
545 3709 712 3773 aliud,
743 3712 882 3780 quod
927 3711 978 3765 in
1008 3712 1184 3781 seipsa
1216 3712 1347 3766 vidit
1387 3713 1713 3780 iaciendum,
1756 3717 1849 3770 sed

275 3814 372 3852 una
411 3809 575 3869 atque
614 3803 801 3855 eadem
840 3812 920 3856 est
967 3814 1186 3867 natura,
1211 3796 1364 3871 cujus
1407 3805 1728 3861 inviolabilis
1769 3817 1853 3862 est

281 3891 588 3962 simplicitas
626 3903 677 3947 et
707 3894 1080 3964 inseparabilis
1115 3897 1314 3961 unitas,
1347 3896 1589 3968 profecto
1613 3899 1848 3965 dabitur,

277 3982 446 4036 omnia
474 3982 673 4052 ubique
703 3983 872 4038 Deum
897 4001 1036 4048 esse,
1065 3996 1118 4040 et
1150 3996 1316 4042 totum
1348 3989 1398 4042 in
1430 3998 1565 4052 toto,
1587 3999 1650 4045 et
1683 3991 1850 4046 facto-

279 4084 384 4124 rem
411 4079 469 4126 et
511 4071 733 4136 factum,
763 4081 819 4127 et
847 4073 1116 4130 videntem
1147 4084 1200 4130 et
1234 4077 1428 4144 visum,
1457 4088 1510 4133 et
1547 4087 1758 4150 tempus
1795 4092 1852 4136 et

277 4154 482 4224 locum,
533 4168 588 4214 et
639 4163 928 4220 essentiam
977 4165 1216 4219 omnium
1260 4176 1314 4221 et
1360 4167 1747 4234 substantiam,
1795 4181 1851 4226 et

283 4247 546 4315 accidens,
579 4258 653 4316 et,
694 4259 756 4304 ut
783 4252 1098 4323 simpliciter
1121 4254 1318 4320 dicam,
1347 4271 1530 4320 omne,
1551 4260 1692 4327 quod
1725 4274 1851 4315 vere

279 4349 373 4402 est,
406 4351 458 4394 et
489 4358 594 4396 non
634 4351 736 4409 est,
765 4347 1236 4414 superessentialis
1269 4347 1321 4403 in
1357 4350 1632 4413 essentiis,
1662 4366 1850 4421 super—

279 4431 634 4488 substantialis
665 4435 718 4488 in
753 4437 1092 4504 substantiis,
1121 4454 1282 4509 super
1302 4456 1516 4497 omnem
1542 4453 1846 4497 creaturam

281 4532 497 4586 creator,
524 4532 578 4577 et
604 4523 742 4577 intra
771 4538 986 4580 omnem
1018 4538 1322 4584 creaturam
1349 4540 1584 4595 creatus,
1612 4541 1668 4587 et
1708 4531 1845 4587 intra

280 4619 478 4662 omnem
505 4621 806 4666 creaturam
829 4612 1150 4681 subsistens,
1171 4632 1200 4670 a
1219 4617 1396 4689 seipso
1417 4635 1536 4674 esse
1563 4621 1844 4692 incipiens.

279 4709 331 4751 et
365 4715 455 4768 per
483 4703 715 4772 seipsum
747 4705 982 4777 seipsum
1013 4723 1256 4776 movens,
1287 4722 1342 4765 et
1373 4712 1439 4766 ad
1469 4715 1702 4784 seipsum
1738 4732 1848 4769 mo-

282 4793 384 4850 tus,
413 4800 464 4844 et
500 4791 552 4845 in
583 4794 759 4863 seipso
787 4796 1092 4865 quiescens,
1119 4813 1216 4866 per
1239 4815 1434 4870 genera
1463 4811 1516 4856 et
1554 4805 1761 4874 species
1791 4805 1842 4859 in

280 4879 448 4948 seipso
470 4883 522 4936 in
548 4884 816 4940 inﬂuitum
846 4887 1250 4960 multiplicatus.
1283 4892 1683 4962 simplicitatem
1711 4909 1845 4949 suae

279 4979 494 5028 naturae
533 4991 639 5030 non
677 4977 947 5043 deserens,
985 4989 1040 5033 et
1079 4981 1540 5052 multiplicationis
1581 5000 1710 5039 suae
1757 4985 1842 5038 in-

279 5057 534 5119 ﬁnitatem
568 5067 620 5120 in
660 5067 896 5136 seipsum
929 5085 1206 5126 revocans.
1239 5071 1297 5125 in
1329 5072 1445 5142 ipso
1481 5075 1626 5128 enim
1661 5074 1844 5128 omnia

277 5163 439 5207 unum
475 5167 614 5211 sunt.
657 5157 796 5212 Msa.
827 5157 980 5214 Nunc
1007 5162 1182 5227 video,
1216 5170 1268 5216 te
1293 5178 1524 5234 perpure
1556 5165 1845 5235 inspicere,

278 5239 355 5296 de
373 5247 552 5314 quibus
576 5250 850 5304 videbaris
878 5251 1146 5316 dubitare,
1171 5263 1227 5308 et
1255 5254 1477 5309 ulterius
1505 5271 1610 5310 non
1641 5257 1842 5311 tituba-

1949 3269 2006 3317 et
2035 3259 2088 3314 id
2117 3260 2311 3328 ipsum.
2345 3255 2481 3310 Nam
2509 3264 2564 3308 et
2590 3259 2840 3307 creatura
2871 3250 2924 3304 in
2953 3248 3068 3305 Deo
3100 3255 3186 3302 est
3212 3246 3536 3308 subsistens,

1949 3360 2004 3406 et
2043 3350 2184 3406 Deus
2213 3349 2266 3402 in
2293 3355 2547 3403 creatura
2576 3341 2810 3398 mirabili
2836 3351 2894 3396 et
2917 3338 3170 3395 ineffabili
3199 3338 3358 3393 modo
3383 3351 3538 3390 crea-

1951 3454 2058 3509 tur,
2115 3444 2352 3512 seipsnm
2403 3437 2778 3498 manifestans,
2829 3432 3113 3510 invisibilis
3165 3429 3428 3485 visibilem
3476 3443 3536 3482 εδ

1951 3534 2174 3596 faciens,
2207 3540 2262 3586 et
2294 3524 2853 3598 incomprehensibilis
2887 3517 3453 3592 comprehensibilem,
3483 3527 3541 3571 ct

1950 3625 2194 3682 occultus
2227 3629 2493 3694 apertum,
2519 3627 2576 3674 et
2611 3615 2916 3688 incognitus
2945 3612 3242 3683 cognitum,
3273 3619 3328 3664 et
3361 3607 3534 3663 forma

1951 3724 2007 3771 et
2035 3714 2213 3784 specie
2239 3726 2430 3768 carens
2465 3709 2760 3765 formosum
2797 3722 2861 3761 ac
2909 3703 2954 3737 ’°
2994 3703 3321 3774 speciosum,
3351 3709 3406 3755 et
3445 3713 3541 3754 st:-

1951 3801 2352 3875 peressentialis
2374 3799 2740 3863 cssentialem,
2771 3807 2825 3851 et
2855 3792 3287 3866 supernaturalis
3313 3797 3536 3845 natura-

1954 3897 2080 3960 lem,
2104 3902 2158 3947 et
2199 3891 2421 3961 simplex
2467 3889 2857 3958 compositum,
2903 3893 2958 3937 et
2993 3882 3362 3939 accidentibus
3400 3877 3539 3932 liber

1952 3984 2318 4040 accidentibus
2372 3978 2704 4048 subjectum,
2745 3985 2802 4029 et
2858 3972 3150 4036 accidens,
3195 3979 3251 4025 et
3297 3967 3537 4022 inﬁnitus

1953 4075 2183 4138 ﬁnitum,
2213 4083 2270 4128 et
2307 4071 2805 4137 incircumscriptus
2834 4064 3331 4133 circumscriptum,
3361 4068 3416 4115 et
3447 4073 3538 4112 su-

1949 4163 2360 4236 per-temporalis
2389 4160 2764 4230 temporalem,
2793 4167 2850 4214 et
2893 4154 3246 4226 superlocalis
3284 4149 3531 4210 localem,

1949 4265 2004 4311 et
2043 4255 2224 4310 omnia
2271 4267 2465 4308 creans
2516 4252 2570 4306 in
2619 4249 2868 4306 omnibus
2917 4255 3204 4313 creatum,
3262 4251 3316 4298 et
3363 4241 3537 4297 iactor

1949 4347 2189 4400 omnium
2211 4347 2254 4376 "
2279 4345 2451 4398 lactus
2477 4342 2530 4396 in
2552 4340 2823 4405 omnibus,
2846 4345 2902 4394 et
2920 4345 3171 4391 aeternus
3190 4332 3368 4403 coepit
3391 4345 3532 4392 esse.

1952 4447 2006 4493 et
2047 4434 2339 4492 immobilis
2369 4442 2618 4488 movetur
2650 4431 2701 4485 in
2740 4429 2944 4492 omnia,
2991 4434 3048 4482 et
3093 4423 3150 4478 iit
3191 4424 3243 4477 in
3283 4421 3536 4480 omnibus

1949 4528 2152 4584 omnia.
2183 4524 2366 4595 Neque
2393 4524 2496 4579 hoc
2527 4522 2594 4576 de
2623 4519 2996 4576 incarnatione
3028 4514 3184 4573 Verbi
3213 4521 3267 4569 et
3294 4511 3536 4568 inhuma-

1949 4621 2170 4677 natione
2211 4619 2352 4684 dico,
2381 4617 2473 4672 sed
2505 4617 2572 4671 de
2603 4630 2848 4671 summae
2876 4612 3153 4676 bonitatis,
3187 4626 3326 4682 quae
3356 4609 3538 4664 unitas

1945 4720 2029 4768 est
2065 4718 2121 4767 et
2161 4707 2393 4773 trinitas,
2425 4705 2678 4762 ineﬂ'abili
2719 4703 3245 4761 condescensionein
3276 4714 3366 4766 ea,
3391 4715 3536 4772 quae

1945 4811 2087 4864 sunt,
2137 4809 2198 4855 ut
2239 4801 2388 4866 sint,
2440 4799 2549 4854 imo
2591 4806 2650 4852 ιιι
2707 4797 2820 4868 ipsa
2867 4796 2920 4850 in
2960 4795 3210 4850 omnibus
3247 4808 3277 4848 a
3324 4808 3537 4850 summo

1946 4905 2118 4962 usque
2157 4889 2411 4946 deorsum
2455 4889 2547 4954 sit,
2579 4901 2793 4957 semper
2832 4895 3076 4950 aeterna,
3107 4900 3325 4956 semper
3367 4883 3531 4950 iacta.

1947 4999 1977 5037 a
2007 4983 2207 5052 seipsa,
2240 4982 2293 5036 in
2322 4980 2521 5052 seipsa,
2545 4989 2766 5034 aeterna
2796 4993 2825 5032 a
2855 4977 3054 5047 seipsa.
3081 4977 3134 5030 in
3164 4977 3338 5048 seipsa
3367 4973 3534 5040 facta,

1946 5084 2002 5128 et
2029 5073 2154 5126 dum
2184 5071 2254 5126 sit
2285 5080 2538 5133 aeterna,
2580 5083 2690 5122 non
2720 5067 2916 5122 desiuit
2943 5081 3064 5122 esse
3092 5065 3232 5121 facta
3254 5107 3268 5128 ,
3297 5076 3350 5119 et
3389 5065 3531 5118 facta

1948 5176 2055 5216 non
2095 5159 2292 5215 desinit
2335 5173 2455 5212 esse
2498 5167 2718 5213 aeterna
2754 5158 2836 5224 “,
2875 5169 2932 5212 et
2972 5157 3039 5212 de
3077 5158 3252 5226 seipsa
3293 5154 3528 5222 seipsant

1950 5250 2097 5305 facit.
2141 5248 2256 5303 Non
2281 5250 2424 5303 enim
2455 5249 2655 5320 indiget
2683 5249 2906 5305 alterius
2937 5249 3217 5312 materiae,
3247 5259 3383 5314 quae
3413 5244 3532 5312 ipsa

1541 5390 1794 5445 VABIAE
1833 5385 2230 5444 LECTIONES.

282 5554 308 5583 ’
342 5484 586 5604 λεμμα.
671 5495 692 5526 ι
711 5494 750 5548 c
773 5495 924 5551 vidit.
1000 5497 1033 5562 ιι
1057 5497 1097 5550 Α
1129 5499 1240 5581 qui.

397 5560 598 5604 altumin,
675 5565 720 5597 η
742 5564 782 5604 Ω
810 5575 858 5604 οι
882 5583 974 5604 nu-
1001 5567 1221 5604 ullam“.

287 5560 638 5652 I.‘.“.‘i':':‘_‘i:
665 5565 720 5652 ,',°
739 5564 858 5652 ,9“
882 5560 1221 5652 ’ξξσέιιιενὲυε
1258 5571 1566 5652 “wiser!-

362 5623 398 5676 Α
419 5631 695 5708 confectum
723 5647 842 5708 est._
892 5635 938 5668 ¹⁶
958 5637 1002 5689 Α
1024 5647 1258 5708 pactum.

1322 5497 1344 5530 δ
1370 5500 1396 5530 Α
1427 5501 1563 5530 ..ἰηι-
1591 5505 1678 5530 -..2

1361 5500 1404 5554 Δ
1425 5501 1563 5557 alter
1587 5505 1678 5572 qui
1702 5514 1874 5574 temp.
1955 5505 2036 5557 Ἀ
2065 5503 2204 5558 Etsi.
2299 5507 2318 5538 ‘
2343 5505 2383 5560 C
2405 5508 2660 5562 substitit.
2749 5509 2766 5538 ⁷
2797 5507 2836 5560 C
2873 5509 2927 5559 οι

1361 5572 1603 5651 beatus.“
1645 5575 1685 5606 ¹¹
1711 5575 1914 5651 aeui!!!
1947 5585 2044 5628 est.
2072 5575 2218 5651 u“_A
2245 5576 2476 5651 quidem.
2549 5579 2597 5609 ¹³
2627 5577 2668 5632 C
2697 5576 2930 5630 uirtutis.

1362 5642 1403 5673 ¹⁷
1427 5642 1470 5694 Α
1499 5645 1647 5706 vidit,
1724 5643 1765 5674 ¹³
1789 5648 1825 5696 Α
1853 5643 1988 5698 Non.

1955 5505 2036 5557 Ἀ
2065 5503 2204 5558 Etsi.
2299 5507 2318 5538 ‘
2343 5505 2383 5560 C
2405 5508 2660 5562 substitit.
2749 5509 2766 5538 ⁷
2797 5507 2836 5560 C
2873 5509 3052 5559 aliter.
3141 5505 3165 5536 "
3196 5518 3270 5558 est
3299 5519 3411 5558 om.
3452 5509 3516 5559 Λ.

1955 5585 2044 5627 est.
2112 5575 2218 5627 “A
2245 5576 2476 5627 quidem.
2549 5579 2597 5609 ¹³
2627 5577 2668 5627 C
2697 5576 2930 5627 uirtutis.
3014 5572 3055 5604 ”
3084 5583 3131 5624 et
3170 5575 3281 5627 iam
3306 5591 3418 5627 out.
3451 5576 3513 5627 (ἶ.

3084 5590 3131 5624 et
3158 5591 3281 5644 1am
3306 5591 3418 5628 out.
3451 5590 3513 5629 ι..

2069 5647 2110 5678 ¹⁹
2133 5647 2175 5700 Α
2205 5651 2373 5714 ipsam
2402 5648 2572 5699 solam
2597 5663 2704 5699 esse
2745 5660 2858 5696 vere
2887 5659 2950 5696 ac
2994 5648 3206 5712 praprt’e
3237 5648 3290 5700 in
3327 5647 3514 5701 omni-

2299 5507 2318 5538 ‘
2343 5505 2383 5560 C
2405 5508 2660 5562 substitit.

286 5697 409 5749 ltus.
473 5700 578 5756 "A
604 5713 676 5758 et.
745 5706 794 5738 "
817 5704 860 5758 Α
889 5697 1124 5761 omnium
1155 5707 1348 5777 factor.
1428 5714 1472 5742 "
1497 5723 1546 5766 et
1582 5697 1724 5783 facta
1755 5697 1863 5768 non
1897 5715 2090 5772 desinit
2119 5697 2726 5770 e’a’sé’ié’térhdbﬁJA.
