3912 6154
360 288 475 350 ’679

1742 284 2021 344 JOANNIS
2061 282 2254 346 SCOTI

3495 280 3594 339 6ῗί

373 422 477 457 non
519 403 609 468 sit,
655 401 708 457 in
749 416 854 473 qua
900 400 1128 471 seipsam
1179 399 1336 465 facit;
1383 398 1616 468 alioquin
1669 399 1934 469 impotens
1967 409 2010 464 Α
2041 401 2230 454 borum
2260 399 2486 453 intuere.
2518 397 2780 468 Numquid
2810 387 2852 431 η
2875 399 3025 469 quasi
3052 400 3104 452 in
3139 398 3316 467 aliquo
3342 394 3590 467 ioci-o,‘sea

372 494 665 558 videretur,
720 501 772 547 et
813 492 863 545 in
903 491 1077 560 seipse
1107 489 1480 559 imperfectus,
1517 490 1560 544 si
1593 488 1804 543 aliunde
1847 505 1936 543 ac-

374 585 576 651 ciperet
616 580 963 651 apparititmis
1001 588 1055 633 et
1096 578 1441 649 perfectionis
1487 593 1615 633 suae
1657 579 1930 633 auxilium.

375 676 415 728 Α
446 674 622 742 seipse
652 672 813 742 igitur
839 660 867 701 ’ί
906 662 1053 725 Deus
1104 670 1294 739 accipit
1333 660 1773 738 theophaniarum
1809 683 1936 722 sua-

375 778 516 825 rum,
548 762 649 815 hoc
678 770 783 825 est,
828 761 1128 815 divinarum
1162 758 1557 828 apparitionum
1601 759 1933 822 'occasioncs,

373 848 621 916 quoniam
667 864 731 902 ex
775 848 887 919 ipso
913 889 927 914 ,
968 858 1015 902 et
1049 865 1140 918 per
1167 850 1333 919 ipsum
1358 889 1372 913 ,
1413 858 1461 902 et
1508 849 1562 900 in
1603 846 1712 917 ipso
1736 888 1750 911 ,
1786 857 1832 899 et
1868 842 1937 899 ad

372 940 539 1006 ipsum
577 949 696 993 sunt
735 940 930 992 omnia.
983 939 1100 992 Ac'
1136 954 1231 1008 per
1268 939 1368 992 hoc
1408 946 1462 991 et
1514 938 1625 1005 ipsa
1665 937 1934 999 materies,

372 1030 439 1084 de
464 1044 569 1098 qua
599 1029 793 1100 legitur
824 1030 1079 1083 mundum
1113 1025 1323 1094 iecisse,
1358 1028 1424 1082 ab
1461 1029 1597 1098 ipso,
1629 1037 1682 1081 et
1724 1030 1775 1082 in
1823 1030 1936 1098 ipso

371 1129 477 1186 est,
505 1129 560 1176 et
590 1122 702 1192 ipse
730 1122 781 1174 in
812 1137 873 1176 ea
900 1129 1014 1184 est,
1043 1130 1302 1190 quantum
1343 1120 1656 1189 intelligitur
1693 1136 1755 1173 ea
1796 1135 1933 1173 esse.

372 1207 485 1265 Nec
520 1211 623 1265 hoc
649 1211 876 1272 mirum,
918 1226 1039 1262 eum
1073 1212 1174 1262 hoc
1195 1210 1216 1238 ³
1247 1209 1487 1278 exempla
1531 1209 1841 1279 Scripturae
1873 1211 1938 1264 de

374 1296 570 1349 talibus
590 1294 835 1352 doceant.
872 1296 927 1351 Si
958 1298 1100 1352 enim
1123 1298 1334 1353 animae
1362 1298 1881 1370 MoysietSamuelis
1895 1300 1935 1366 ⁸,

373 1386 497 1438 dum
536 1387 644 1441 sint
684 1399 872 1441 natura
919 1389 941 1421 ⁸
984 1389 1275 1444 invisibiles
1305 1398 1360 1445 et
1400 1390 1781 1458 incorporalcs,
1814 1393 1942 1447 visio

372 1473 506 1527 biles
545 1475 649 1528 aco
673 1475 833 1529 veluti
880 1479 1185 1546 corporales
1228 1492 1333 1532 non
1370 1479 1424 1531 in
1460 1479 1637 1547 aliqua
1676 1481 1943 1536 extrinse-

372 1580 465 1619 cus
506 1576 778 1635 assumpta
810 1568 1054 1632 materia,
1093 1568 1184 1623 sed
1217 1584 1314 1639 per
1359 1567 1584 1638 seipsas,
1638 1570 1779 1623 nulla
1829 1586 1940 1625 me-

369 1655 569 1710 dietate
608 1658 939 1728 interposita,
991 1659 1056 1712 ad
1120 1661 1474 1728 perpetranda
1521 1661 1774 1730 mysteria
1834 1679 1938 1716 non

371 1746 727 1815 phantastice,
771 1748 862 1803 sed
898 1750 1161 1804 veraciter
1212 1750 1435 1804 aliorum
1482 1752 1768 1816 mentibus,
1812 1769 1939 1822 apo-

370 1837 629 1893 stolorum
656 1840 775 1895 dico
801 1850 853 1895 et
881 1841 1027 1907 Saul,
1058 1852 1438 1911 apparuerunt,
1468 1843 1594 1909 quid
1616 1859 1733 1898 .nos
1760 1845 1941 1913 prohi-

371 1928 460 1980 bet
511 1928 598 1982 tali
627 1928 882 1984 miraculo
923 1931 1273 1985 manuductos
1315 1934 1333 1963 "
1382 1933 1450 1986 ad
1497 1932 1683 1988 altiora
1729 1934 1941 1990 divinae

369 2016 584 2072 virtutis
610 2019 919 2085 ascendere,
953 2028 1009 2073 ut
1038 2020 1413 2090 intelligamus,
1453 2036 1569 2075 eam
1616 2031 1668 2076 ct
1710 2039 1871 2093 super
1916 2024 1940 2058 ⁸

370 2106 550 2160 omnia
591 2122 729 2173 esse,
774 2119 828 2162 ct
875 2110 923 2162 in
969 2110 1218 2163 omnibus
1264 2110 1399 2174 ficti,
1427 2126 1530 2164 non
1561 2110 1771 2164 aliunde
1796 2113 1939 2167 acci—

360 2196 603 2263 pientem
631 2199 674 2263 ’,
707 2199 1038 2275 utdixitnus,
1074 2200 1373 2265 materiem,
1409 2209 1497 2253 aut
1540 2201 1604 2254 de
1648 2201 1813 2255 nihilo
1858 2202 1938 2255 fa-

371 2287 601 2341 cientem
632 2289 696 2353 ¹⁰,
729 2289 901 2358 inqua
934 2290 1063 2343 [itet
1093 2288 1426 2345 manifestam
1459 2305 1515 2345 se
1539 2289 1684 2345 facit.
1711 2292 1853 2346 Satis
1875 2292 1942 2346 de

369 2380 568 2433 virtute
607 2379 869 2434 seminum
921 2381 1244 2449 disputatum
1297 2389 1418 2445 est,
1471 2396 1609 2450 quae
1667 2382 1791 2435 dum
1848 2398 1942 2451 per

367 2468 597 2537 seipsam
630 2469 909 2524 invisibilis
948 2478 1002 2524 et
1032 2470 1580 2539 incomprehensibilis
1604 2471 1692 2535 sit,
1727 2471 1777 2524 in
1820 2472 1944 2525 inti-

371 2557 512 2612 nitas
539 2557 738 2613 formas
764 2576 827 2613 ac
851 2567 892 2599 ιι
923 2561 1129 2629 species
1158 2561 1385 2630 seipsam
1430 2560 1764 2630 multiplicat,
1816 2576 1940 2616 sen—

370 2646 624 2715 sibusque
660 2650 932 2718 corporeis
975 2649 1302 2713 succumbit;
1334 2664 1471 2718 quae
1510 2664 1721 2703 omnem
1750 2650 1943 2703 mentis

370 2736 564 2800 aciem,
595 2737 718 2791 dum
756 2739 1052 2808 quaeritur,
1096 2736 1298 2805 effugit.
1339 2737 1569 2793 Proinde
1594 2738 1769 2793 nullus
1794 2739 1943 2795 locus

370 2826 682 2881 ('Ollcetiillll‘
704 2825 869 2882 nihilo
898 2829 993 2895 illi,
1026 2829 1128 2884 hoc
1166 2840 1268 2894 est,
1296 2829 1578 2900 privationi
1611 2829 1772 2884 totius
1794 2829 1944 2884 habi-

372 2917 569 2973 tudinis
599 2928 758 2989 atque
785 2922 1071 2987 essentiae,
1103 2922 1167 2977 de
1215 2937 1322 2992 quo
1355 2923 1534 2976 omnia
1581 2929 1838 2992 putantur
1876 2921 1943 2975 ab

372 3010 473 3072 bis,
519 3010 607 3079 qui
640 3012 813 3065 minus
843 3013 1164 3081 iuteliiguut,
1209 3012 1347 3067 facta
1396 3011 1579 3078 fuisse,
1619 3014 1941 3079 nescientes,

371 3100 496 3168 quid
522 3114 585 3153 eo
610 3103 823 3156 nomine
852 3112 1034 3157 sancta
1059 3103 1324 3174 significat
1355 3102 1664 3173 Tltcologia.

443 3190 526 3244 l8.
548 3190 694 3275 piso.
723 3190 904 3257 Miror,
937 3194 1221 3261 quomodo,
1250 3207 1387 3261 quae
1435 3209 1576 3247 nunc
1622 3210 1651 3245 a
1706 3201 1758 3248 te
1798 3192 1941 3248 dicta

372 3288 516 3340 sunt,
548 3281 793 3347 quamvis
832 3282 1011 3335 multis
1040 3281 1203 3346 invia,
1248 3291 1301 3335 et
1327 3281 1394 3335 ab
1439 3282 1540 3346 his,
1578 3282 1665 3352 qui
1705 3282 1939 3351 philoso-

372 3369 810 3438 pharividentur,
846 3382 1070 3437 remota,
1097 3374 1373 3427 verissima
1425 3383 1601 3427 tamen
1648 3388 1767 3428 esse
1816 3389 1942 3428 vera

372 3463 667 3530 proclamat
700 3464 853 3515 ratio.
886 3462 949 3516 Et
985 3464 1278 3517 auctoritas
1309 3479 1494 3518 sacrae
1530 3464 1839 3532 Seripturae
1866 3465 1945 3519 id-

375 3556 567 3621 ipsnm,
601 3552 723 3605 dum
750 3549 1001 3606 intentius
1028 3552 1417 3619 consideratur,
1451 3555 1638 3608 suadet
1660 3564 1712 3607 et
1735 3557 1944 3622 praedi-

374 3654 492 3707 cat;
531 3643 662 3697 dicit
704 3644 845 3697 enim
874 3661 885 3695 :
915 3642 982 3696 In
1019 3643 1272 3713 principio
1316 3644 1431 3711 fecit
1475 3645 1614 3701 Deus
1653 3646 1851 3700 caelum
1896 3658 1944 3702 et

373 3746 584 3798 terram,
608 3734 711 3789 hoc
741 3743 843 3800 est,
871 3735 1010 3789 Deus
1033 3734 1192 3789 Pater
1224 3735 1275 3788 in
1318 3735 1426 3790 Deo
1462 3736 1596 3791 Filio
1636 3739 1947 3795 universita-

377 3838 483 3879 tem
510 3826 672 3881 totius
691 3834 967 3881 creaturae
993 3825 1218 3880 visibilis
1266 3835 1319 3880 et
1358 3827 1638 3883 invisibilis
1686 3831 1941 3885 condidit.

372 3912 440 3969 Et
476 3914 601 3982 quid
629 3914 672 3945 ¹²
701 3915 751 3969 in
776 3915 1037 3985 principio
1057 3915 1122 3969 de
1158 3930 1215 3970 se
1243 3917 1420 3985 genito
1450 3916 1513 3982 “,
1547 3919 1597 3972 in
1629 3919 1803 3974 Verbo
1827 3936 1944 3984 suo,

373 4006 427 4059 in
457 4003 591 4059 Filio
616 4019 714 4059 suo
743 4007 787 4037 ιδ
817 4006 1074 4075 sapientia
1107 4022 1201 4060 sua
1233 4007 1277 4038 ⁸³
1300 4007 1462 4062 Pater
1487 4009 1740 4063 conderet
1761 4050 1775 4074 ,
1806 4013 1947 4079 quod

374 4116 486 4170 ipse
509 4101 673 4156 Filius
694 4117 798 4156 non
820 4102 997 4156 esset?
1016 4101 1261 4171 Alioquin
1286 4120 1389 4157 non
1415 4105 1465 4157 in
1492 4104 1605 4174 ipso
1628 4106 1944 4172 condiderit,

373 4193 464 4245 sci
494 4202 643 4245 extra
675 4193 865 4262 ipsum,
897 4196 1037 4265 quod
1061 4193 1271 4249 aliunde
1297 4197 1519 4266 acct‘pit,
1560 4206 1651 4252 aut
1680 4197 1744 4251 de
1780 4199 1947 4252 nihilo

373 4283 519 4337 fecit.
565 4283 672 4337 Aut
708 4286 973 4354 quomodo
1018 4293 1308 4354 pateretur,
1351 4286 1463 4341 fieri
1498 4289 1549 4342 in
1583 4302 1642 4341 se
1689 4287 1942 4351 Verbum,

374 4375 515 4445 quod
558 4376 655 4431 sibi
692 4377 1144 4433 consubstantiale
1169 4393 1271 4432 non
1306 4379 1493 4433 esset?
1541 4377 1655 4432 Non
1685 4379 1825 4432 enim
1852 4378 1944 4432 lux

2039 489 2228 557 spatio,
2263 489 2528 558 quoddam
2556 489 2853 544 aedificium
2880 489 3007 544 fecit
3032 490 3172 544 Deus
3202 490 3252 544 in
3279 505 3375 545 sua
3398 490 3592 557 sap'en-

2039 578 2132 640 lia,
2166 592 2269 630 non
2297 586 2356 630 ut
2387 576 2499 646 ipsa
2529 576 2946 631 substantialiter
2980 578 3130 632 ﬁeret
3154 577 3351 640 omnia,
3390 576 3481 630 sed
3507 590 3594 629 so-

2036 665 2306 721 lummodo
2333 665 2377 697 ¹⁹
2405 668 2701 723 contineret
2731 669 2928 731 omnia,
2959 677 3013 724 et
3037 669 3187 740 quasi
3227 669 3367 724 aliud
3398 667 3449 721 in
3475 666 3593 729 alio,

2038 755 2090 808 in
2133 756 2391 825 sapientia
2439 755 2626 811 fierent
2661 758 2896 811 omnia?
2942 756 3056 811 Non
3107 758 3185 813 sic
3228 758 3383 812 docet
3427 755 3595 819 ratio,

2037 844 2128 899 sed
2152 844 2228 899 sic
2245 864 2257 900 :
2277 844 2464 900 Omnia
2487 846 2539 899 in
2568 847 2819 916 sapientia
2841 847 3142 916 fecisti,hoc
3157 854 3260 910 est,
3283 846 3599 915 sapientiam

2038 944 2182 989 tuam
2210 935 2387 988 omnia
2421 933 2609 988 fecisti.
2658 933 2789 988 Nam
2828 945 2883 990 et
2921 936 3001 990 sol
3046 936 3146 990 iste
3181 935 3426 999 visibilis,
3477 935 3600 989 dum

2036 1037 2132 1091 per
2156 1024 2387 1092 seipsum
2412 1022 2633 1093 simplex
2662 1023 2797 1094 ignis
2821 1024 2908 1086 sit,
2935 1024 3239 1093 nullamque
3264 1022 3604 1094 compositio—

2038 1125 2159 1166 nem
2187 1112 2253 1165 ab
2280 1113 2384 1178 his,
2414 1128 2552 1182 quae
2585 1114 2682 1168 sibi
2709 1114 3176 1169 consubstantialia
3207 1129 3312 1168 non
3349 1121 3496 1176 sunt,
3521 1128 3600 1167 re-

2037 1201 2217 1271 cipiat,
2268 1204 2504 1257 omnium
2551 1212 2727 1258 tamen
2777 1204 3103 1258 sensibilium
3149 1213 3394 1258 natttram
3448 1204 3503 1257 in
3546 1218 3600 1257 se

2038 1292 2276 1344 continet
2317 1300 2369 1344 et
2413 1292 2839 1360 comprehendit,
2876 1308 2982 1347 non
3017 1300 3074 1346 ut
3114 1291 3253 1346 aliud
3295 1300 3510 1361 praeter
3546 1307 3601 1344 se

2041 1381 2212 1450 ipsum
2243 1383 2295 1434 in
2335 1397 2392 1436 se
2436 1382 2726 1449 contineat,
2773 1384 2865 1437 sed
2903 1383 3014 1453 ipse
3062 1382 3488 1439 substantialiter
3526 1390 3599 1435 est

2038 1487 2219 1536 omne,
2242 1474 2381 1541 quod
2406 1473 2580 1527 omnia
2607 1474 2656 1526 in
2683 1489 2740 1527 se
2758 1474 3083 1540 continet”;
3109 1475 3348 1528 omnium
3376 1489 3603 1542 namque

2039 1563 2325 1617 visibilium
2357 1563 2650 1617 substantia
2682 1564 2734 1618 in
2783 1565 2897 1633 ipso
2938 1572 3021 1617 est
3063 1573 3263 1618 creata.
3315 1563 3428 1616 Non
3464 1563 3602 1616 enim

2040 1668 2218 1707 omnia
2244 1669 2493 1723 corpora,
2536 1654 2588 1707 in
2619 1654 2811 1722 quibus
2838 1653 3044 1725 ﬂagrat,
3076 1655 3234 1708 veluti
3269 1655 3318 1707 in
3356 1656 3602 1708 alimonia

1969 1755 2012 1813 Β
2040 1759 2134 1798 sua
2165 1754 2526 1810 consumeret,
2571 1745 2614 1797 si
2662 1759 2765 1798 non
2807 1745 2957 1813 prius
3010 1759 3195 1798 eorum
3232 1745 3605 1798 subsistentiae

2039 1836 2352 1890 occasiones
2374 1844 2692 1903 praestaret.
2742 1834 2919 1888 Solem
2961 1850 3101 1889 nunc
3145 1834 3266 1888 dico
3313 1835 3482 1905 ipsam
3524 1837 3605 1889 iu-

2037 1923 2572 1994 eoznprchcusibilein
2629 1925 2883 1980 virtutem
2914 1965 2929 1991 ,
2988 1939 3125 1995 quae
3166 1924 3478 1997 diffunditur
3517 1942 3607 1996 per

2038 2022 2207 2069 totum
2228 2016 2370 2070 hunc
2399 2015 2659 2069 visibilem
2686 2016 2962 2080 mundum,
2986 2032 3122 2085 quae
3147 2025 3425 2086 pr0pterea
3474 2017 3609 2084 ignis

2039 2106 2254 2171 dicitur,
2287 2107 2409 2176 quia
2449 2107 2591 2159 intus
2620 2106 2671 2160 in
2695 2104 2944 2162 omnibus
2983 2110 3110 2178 agit,
3144 2107 3294 2175 cujus
3337 2104 3456 2161 fons
3504 2124 3609 2161 ma-

2040 2196 2213 2248 ximus
2236 2211 2265 2250 e
2300 2205 2318 2250 t
2361 2213 2555 2265 corpus
2598 2195 2722 2251 illud
2752 2198 3081 2261 aethereum,
3111 2198 3238 2251 solis
3269 2199 3481 2252 nomine
3518 2212 3609 2265 ap-

2038 2284 2313 2355 pellatum,
2345 2284 2395 2337 in
2422 2300 2546 2353 quo,
2577 2294 2631 2339 et
2672 2300 2768 2354 per
2804 2287 2944 2353 quod
2974 2283 3436 2340 manifestissimas
3478 2300 3646 2355 θρα-ι

2040 2375 2263 2428 rationis
2310 2389 2437 2430 suae
2480 2376 2704 2429 virtutes
2751 2376 3075 2440 manifestat,
3136 2375 3306 2431 lucem
3360 2377 3498 2439 dico,
3556 2382 3611 2430 et

2039 2465 2291 2519 calorem.
2330 2464 2520 2519 Cetera
2568 2479 2689 2520 vero
2728 2466 2907 2519 omnia
2940 2481 3183 2535 corpora.
3214 2481 3350 2535 quae
3380 2482 3605 2520 nascun-

2043 2565 2130 2610 tur
2172 2558 2223 2611 iu
2257 2558 2451 2612 mundo
2494 2567 2548 2613 et
2585 2559 2908 2620 nutriuntur,
2958 2559 3389 2613 occultatissitnis
3421 2561 3467 2599 ἰ
3501 2576 3610 2615 suts

2040 2652 2437 2720 operationibus
2464 2652 2823 2716 administrat,
2841 2660 2894 2706 et
2918 2652 2973 2705 ﬁt.
2995 2654 3039 2682 ²²
3072 2653 3266 2721 ubique
3294 2662 3433 2706 totus
3460 2652 3525 2714 ”,
3562 2663 3614 2706 ct.

2043 2743 2109 2797 de
2143 2758 2199 2797 se
2224 2743 2358 2811 ipso,
2388 2744 2440 2796 in
2471 2758 2526 2796 se
2561 2744 2695 2812 ipso,
2723 2744 2772 2796 in
2804 2744 3053 2798 omnibus
3093 2742 3282 2807 factus,
3325 2759 3613 2813 erumpens

2044 2831 2096 2886 in
2123 2832 2300 2886 omnia
2332 2832 2638 2895 visibiliter,
2670 2847 2990 2887 consumens
3029 2834 3204 2886 omnia
3233 2833 3285 2886 in
3334 2848 3393 2886 se
3441 2835 3613 2900 ipsum

2044 2922 2384 2977 invisibiliter
2429 2922 2496 2975 “.
2553 2923 2683 2976 Hinc
2712 2938 2813 2976 non
2840 2924 3106 2977 immerito
3134 2924 3261 2977 dicit
3288 2923 3570 2992 Scriptura
3603 2939 3619 2981 :

2046 3010 2255 3083 Gyrans
2281 3015 2513 3085 gyrando
2539 3016 2674 3069 vadit
2703 3015 2947 3085 Spiritus,
2975 3025 3022 3069 et
3060 3017 3112 3069 in
3155 3015 3322 3069 locum
3346 3034 3501 3070 suum
3546 3034 3617 3069 re-

1970 3100 2012 3162 C
2046 3106 2273 3158 vertitur.
2312 3104 2542 3174 Spiritus
2585 3106 2729 3159 enim
2780 3105 2965 3177 igneus
2997 3105 3191 3160 eximia
3233 3122 3365 3161 suae
3394 3116 3617 3160 naturae

2046 3195 2340 3250 subtilitate
2375 3196 2564 3249 lustrat
2591 3196 2767 3249 omnia
2796 3237 2809 3255 .
2848 3204 2900 3250 et
2939 3195 2995 3249 fit
3032 3196 3082 3248 iu
3115 3196 3365 3249 omnibus
3412 3195 3615 3259 munia,

2045 3295 2096 3340 et
2122 3287 2173 3340 in
2195 3302 2250 3340 se
2278 3287 2449 3354 ipsum
2478 3286 2765 3340 revertitur
2786 3286 2854 3351 ⁸⁵,
2887 3286 3137 3355 quoniam
3163 3286 3403 3340 omnium
3439 3286 3617 3339 visibi-

2045 3380 2171 3434 lium
2202 3381 2320 3436 fons
2350 3380 2712 3435 substantialis
2734 3392 2786 3435 et
2809 3382 2959 3449 origo
2984 3390 3084 3436 est.
3134 3380 3361 3449 Ideoque
3390 3398 3418 3433 a
3447 3381 3616 3434 Grae-

2044 3473 2123 3527 cis
2162 3482 2341 3546 ςοιτῶν
2379 3473 2426 3503 ’⁸
2455 3472 2769 3543 appellatur,
2800 3473 2901 3527 hoc
2932 3482 3012 3527 cst
3044 3481 3346 3534 revertens;
3384 3473 3621 3525 lustratis

2045 3563 2304 3631 siquidem
2353 3563 2600 3616 omnibus
2628 3570 2681 3616 et
2711 3561 2993 3616 visibiliter
3014 3571 3068 3615 et
3098 3560 3439 3614 invisibiliter
3465 3578 3620 3613 mun-

2046 3651 2199 3707 danis
2234 3650 2543 3718 corporibus
2580 3644 2722 3703 inse
2755 3650 2923 3718 ipsum
2955 3649 3109 3711 redit,
3150 3657 3205 3703 et
3242 3649 3291 3702 in
3343 3664 3405 3702 se
3450 3650 3623 3717 ipsum

2045 3742 2224 3795 omnia
2255 3749 2485 3803 revocat,
2516 3754 2652 3807 quae
2683 3740 2748 3792 ab
2778 3740 2892 3808 ipso
2912 3739 3230 3807 principium
3254 3739 3625 3809 generationis

2046 3847 2174 3886 suae
2202 3832 2488 3900 accipiunt.
2530 3830 2663 3883 llinc
2690 3830 2733 3860 ²⁷
2755 3830 2914 3882 etiam
2946 3829 3114 3883 sancti
3148 3827 3402 3897 Theolngi
3435 3845 3626 3898 snper-

2045 3922 2381 3977 essentialem
2424 3923 2656 3975 divinata
2696 3928 2749 3975 et
2796 3920 3077 3974 informem
3105 3919 3414 3982 essentiam,
3451 3931 3514 3974 ut
3554 3918 3629 3973 ait

2047 4016 2105 4067 S.
2147 4015 2452 4086 Dionysius,
2496 4013 2546 4066 in
2592 4013 2711 4082 igne
2735 4025 2894 4079 saepe
2923 4010 3227 4064 describunt
3262 4009 3325 4073 ",
3364 4020 3630 4081 tanquam

2045 4104 2276 4160 habente
2323 4103 2515 4156 nmltas
2560 4102 2789 4164 divinae,
2823 4101 2866 4154 si
2896 4098 2975 4152 fas
3002 4099 3199 4161 dicere,
3252 4100 3629 4169 proprietatis,

2044 4205 2300 4265 quantum
2334 4194 2385 4247 itt
2412 4192 2730 4256 visibilibus,
2763 4190 3021 4261 imagines
3050 4191 3113 4242 ".

2118 4284 2201 4338 19.
2257 4282 2392 4349 Quid
2425 4291 2601 4334 autem
2637 4294 2701 4333 eo
2730 4280 2961 4339 nomine,
2996 4279 3134 4347 quod
3164 4287 3247 4333 est
3282 4278 3326 4310 “
3373 4277 3631 4340 nihilum,

2047 4381 2231 4428 sancta
2263 4370 2527 4439 significat
2552 4368 2862 4438 'l'heologia,
2886 4368 3162 4437 explanari
3191 4386 3218 4421 a
3238 4377 3288 4422 te
3308 4380 3458 4436 peto.
3488 4369 3629 4422 alio.

379 4466 508 4519 sinit
531 4466 582 4521 in
605 4483 664 4522 se
690 4469 935 4522 tenebras
967 4467 1177 4522 aliunde
1219 4479 1464 4537 acceptas
1486 4468 1552 4531 ¹⁶,
1604 4484 1702 4523 nec
1746 4468 1944 4522 veritas
1978 4451 2020 4506 Ῑ)
2048 4463 2367 4517 lnz-tl'abilcm
2407 4472 2462 4516 et
2489 4456 3078 4530 incomprehensibilem
3121 4460 3330 4512 divinae
3369 4459 3636 4512 bonitatis

374 4557 567 4625 recipit
591 4558 642 4612 in
672 4574 730 4613 se
756 4558 1062 4629 figmentum
1105 4558 1166 4613 ".
1223 4559 1337 4614 Non
1386 4570 1563 4614 autent
1611 4569 1784 4630 potest
1827 4575 1945 4614 esse

290 4686 295 4689 -
373 4662 579 4711 verum,
611 4649 750 4718 quod
779 4664 882 4703 non
920 4658 1036 4703 erat
1078 4664 1288 4719 semper
1330 4659 1636 4714 aeternum;
1669 4659 1945 4703 aeternum

377 4745 556 4788 autem
582 4751 684 4788 non
710 4744 808 4799 cst,
833 4738 972 4805 quod
1001 4753 1064 4792 ex
1100 4739 1390 4807 privatione
1422 4738 1581 4791 totius
1612 4737 1947 4792 aeternitatis

376 4836 535 4895 atque
570 4827 834 4881 essentiae
861 4827 1058 4881 factum
1083 4839 1180 4883 est.
1234 4830 1339 4880 Aut
1379 4829 1508 4897 quid
1556 4828 1697 4880 aliud
1748 4828 1948 4882 faceret

374 4917 536 4972 Pater
571 4918 621 4971 in
656 4933 749 4971 sua
789 4918 1069 4987 sapientia,
1106 4919 1204 4973 nisi
1247 4918 1414 4988 ipsam
1466 4917 1814 4987 sapientiam?
1861 4918 1949 4971 Ait

373 5012 516 5066 enim
542 5011 803 5081 Propheta
834 5026 848 5064 :
881 5009 1067 5066 Omnia
1095 5013 1145 5065 in
1171 5013 1423 5083 sapientia
1448 5010 1633 5078 fecisti.
1688 5010 1802 5064 Vim
1832 5027 1950 5063 ver-

2047 4551 2575 4621 iuaccessibilemque
2618 4550 2917 4606 claritatem
2968 4551 3216 4604 omnibus
3262 4551 3637 4604 iltlt‘llf’ctil‘tts

2045 4646 2158 4698 sive
2208 4642 2492 4706 humanis,
2543 4642 2655 4696 sive
2701 4642 2950 4711 angelicis
2999 4641 3635 4710 incognitam—supa-

2047 4736 2348 4792 essmttialis
2369 4745 2451 4789 est
2469 4735 2610 4789 enim
2632 4744 2684 4789 et
2708 4732 3282 4803 supernaturalis—eo
3306 4735 3541 4785 nomine
3566 4735 3637 4784 si-

2050 4828 2353 4899 gnificatam
2383 4826 2720 4887 crediderim,
2750 4842 2888 4895 quae
2916 4824 3039 4878 dum
3073 4839 3165 4892 per
3190 4837 3247 4877 se
3270 4822 3455 4888 ipsam
3488 4825 3639 4889 engi-

2055 4917 2415 4989 tatnr,'neque
2444 4928 2547 4982 est,
2591 4934 2757 4987 neque
2798 4928 2940 4982 erat,
2988 4932 3157 4984 imque
3203 4917 3323 4971 erit.
3380 4919 3440 4969 In
3492 4919 3640 4969 ηειιιιι

2054 5011 2195 5064 enim
2240 5010 2550 5081 intelligitur
2597 5010 2959 5072 existentium,
2998 5010 3120 5079 quia
3155 5019 3378 5079 superat
3406 5012 3640 5077 omnia;

1669 5119 1921 5174 YABIAE
1958 5116 2353 5173 LEC’i'lONES.

446 5247 463 5275 ί
498 5239 543 5291 Α
586 5239 746 5307 igitur
785 5238 914 5307 ipso.
990 5238 1010 5267 ¹
1034 5236 1077 5307 Α
1108 5238 1191 5307 At.
1232 5306 1238 5307 γ
1266 5236 1285 5280 ι
1311 5240 1348 5288 Α
1378 5251 1487 5307 nos.

374 5312 537 5364 ducti.
608 5302 633 5343 δ
658 5308 698 5361 Α
723 5302 899 5375 supra.
971 5307 994 5341 '
1016 5306 1056 5361 C
1078 5305 1350 5373 accipiens.
1387 5373 1394 5375 _
1427 5304 1469 5335 ¹⁰
1494 5304 1539 5375 (ἐκ
1558 5302 1775 5375 faciens.

374 5380 659 5447 nnigenito.
736 5373 1062 5447 "sapientia
1090 5390 1321 5447 sationi.
1365 5373 1434 5447 AA.

376 5466 497 5501 nam
520 5449 664 5515 quid.

376 5517 506 5569 tiale
540 5532 676 5570 rorr.
711 5517 809 5577 sit;
845 5516 884 5567 C
912 5517 998 5567 sit.

742 5446 786 5478 "
830 5448 867 5499 Α
908 5446 1094 5499 solum.

1076 5513 1122 5544 ’³
1160 5514 1199 5563 (ἶ
1228 5509 1402 5563 totius.
1478 5511 1524 5541 ”
1546 5510 1587 5564 C
1617 5509 1881 5562 ivisibiliter

1568 5234 1587 5264 ‘
1638 5233 1681 5286 Α
1721 5230 1970 5291 Samuel,
2026 5232 2065 5288 C
2096 5227 2410 5287 Samuhelis.

1849 5301 1891 5333 ¹¹
1942 5302 1981 5353 Α
2008 5312 2073 5357 et.

1529 5373 1572 5402 ¹⁶
1602 5372 1814 5424 aliunde
1863 5381 2100 5439 acceptus
2141 5386 2249 5425 om.
2305 5370 2367 5423 A.

1169 5444 1213 5474 ²⁰
1244 5448 1329 5495 sed
1358 5444 1463 5511 ipse
1491 5443 1804 5511 —7rontinet
1836 5441 1874 5493 C
1898 5442 1961 5493 al
1992 5457 2158 5511 marg.
2184 5442 2355 5492 adscr.

1976 5512 2020 5541 "
2052 5506 2273 5579 Spiritus
2304 5507 2437 5559 enim
2482 5509 2745 5579 igneus:
2766 5509 3035 5579 recertitnr
3066 5522 3179 5579 om.

2488 5230 2508 5261 ⁸
2539 5229 2579 5281 Α
2615 5238 2803 5281 natura
2829 5238 2968 5283 sunt.
3043 5230 3066 5262 ⁶
3090 5230 3133 5284 Α
3158 5239 3226 5283 et.
3300 5229 3323 5263 '
3363 5229 3410 5286 C
3442 5248 3648 5287 mana-

2537 5299 2581 5368 εδ
2621 5297 2724 5351 Pro
2746 5299 2810 5350 de
2837 5316 2890 5352 se
2929 5300 3097 5368 genito
3125 5300 3168 5351 A
3195 5316 3309 5352 suo.
3388 5301 3443 5332 ’τ’
3468 5304 3516 5355 Α
3548 5318 3652 5355 suo

2469 5370 2513 5403 ⁸⁷
2539 5367 2640 5420 Pro
2681 5367 2979 5435 figmentum
3004 5369 3043 5423 C
3084 5370 3183 5421 nisi
3217 5385 3423 5421 verum.
3528 5372 3578 5407 ⁸⁸
3605 5375 3651 5426 Α

3367 5438 3421 5470 ³³
3456 5441 3650 5507 Fami.

3363 5507 3420 5537 "
3459 5513 3656 5575 (Ζηιιὶη

2150 5303 2194 5333 ³³
2221 5300 2267 5353 Α
2302 5300 2459 5368 quod.

2432 5439 2476 5469 "
2514 5437 2643 5491 Galc
2664 5452 2805 5490 corr.
2840 5438 3290 5497 occultatissimus.

378 5586 465 5635 At)
493 5607 680 5653 φοιτῆν.
756 5575 801 5616 ’ί
832 5585 919 5637 Sic
948 5586 1021 5648 C;
1056 5584 1091 5635 Α
1120 5599 1271 5634 nam.
1346 5583 1388 5611 ’⁵³
1422 5581 1457 5632 Α
1487 5580 1798 5653 (lexeribtmt.
1862 5583 1906 5612 '9
1929 5575 2102 5648 Couj.,
2132 5581 2171 5631 (ἰ
2192 5589 2437 5644 quantum
2484 5575 2818 5629 inuisibilibus
2864 5575 3188 5647 imaginibus,
3229 5576 3267 5630 A
3290 5592 3450 5632 corr.
3476 5597 3657 5651 qum.-

377 5649 849 5707 tnm'inrisibilibus
880 5655 1145 5723 imagines.
1220 5654 1261 5681 ³⁴³
1286 5662 1356 5703 cst
1386 5668 1489 5703 out.
1515 5649 1573 5703 (ἰ.
