3912 6154
315 336 417 397 Gil!

1159 335 1244 390 DE
1285 334 1620 392 DIVISIONE
1659 334 2006 392 NXTURAE.
2057 367 2126 375 —-
2162 333 2362 389 LIBER
2402 332 2716 390 TERTIUS.

3443 331 3547 387 69$

315 454 432 505 dum
463 460 476 490 ι
508 465 635 506 vero
667 465 766 520 per
798 448 1300 504 conlescensi‘onem
1335 448 1603 517 (piandum
1635 445 1875 502 inellabi-
1904 453 1948 510 Α
1977 448 2120 500 omni
2146 455 2391 501 creatura
2419 455 2473 499 et
2501 446 2643 499 circa
2691 459 2901 498 omnem
2953 452 3251 497 creaturam
3300 457 3328 493 a
3379 442 3549 509 quali-

316 542 468 597 bilem
496 542 549 596 in
578 558 667 605 ea,
690 556 827 611 quae
850 550 993 603 sunt,
1026 541 1218 594 mentis
1271 542 1292 571 ⁸
1342 540 1619 595 obtutibus
1667 540 1880 609 inspici-

314 639 416 701 tur,
445 629 559 700 ipsa
580 631 692 683 sola
721 630 774 683 in
796 629 1045 684 omnibus
1073 629 1341 683 invenitur
1385 629 1405 660 ³
1443 643 1584 692 esse,
1610 637 1665 682 et
1690 636 1793 691 est,
1826 636 1881 683 et

311 730 447 786 erat,
475 730 522 777 et
553 721 677 776 erit.
718 721 852 774 Dum
875 734 1003 788 ergo
1030 719 1588 789 incomprehensibilis
1627 719 1877 787 intelligi-

313 817 416 871 tur,
462 825 559 877 per
590 808 959 863 excellentiam
1001 807 1223 861 nihilum
1253 823 1364 860 non
1389 807 1658 862 immerito
1679 806 1880 861 vocita-

313 904 418 951 tur.
466 896 535 950 At
574 911 703 950 vero
730 898 779 949 iu
810 896 923 951 suis
952 896 1286 964 theopbaniis
1315 896 1573 966 incipiens
1598 911 1876 966 apparere,

313 983 469 1038 teluti
500 999 566 1038 ex
594 985 762 1038 nihilo
810 984 864 1038 in
904 984 924 1014 δ
970 984 1171 1054 aliquid
1216 984 1414 1038 dicitur
1457 985 1748 1053 procedere
1774 1026 1789 1049 ,
1825 994 1881 1040 et

313 1089 449 1143 quae
496 1076 708 1144 proprie
737 1091 896 1144 supra
931 1090 1145 1129 omnem
1187 1076 1478 1129 essetlttiam
1519 1076 1878 1140 existimatur,

311 1166 523 1235 proprie
559 1180 772 1235 quoque
801 1166 856 1219 in
890 1166 1037 1219 omni
1072 1166 1306 1219 essentia
1335 1166 1695 1236 cognoscitur.
1730 1166 1877 1219 ideo-

312 1270 414 1324 que
438 1257 615 1310 omnis
642 1255 867 1310 visibilis
917 1263 971 1310 et
1006 1255 1286 1310 invisibilis
1327 1265 1574 1310 creatura
1622 1257 1882 1327 theopha-

313 1346 422 1409 nia,
455 1346 505 1398 id
540 1356 643 1409 est,
679 1346 855 1400 divina
885 1346 1149 1415 apparitio
1178 1353 1353 1415 potest
1378 1346 1657 1414 appellari.
1693 1346 1881 1401 Omnis

311 1434 571 1503 siquidem
598 1434 731 1489 ordo
757 1443 1068 1489 naturarum
1100 1452 1128 1489 a
1160 1450 1369 1489 summo
1406 1451 1576 1505 usque
1605 1438 1879 1499 deorsum,

314 1528 415 1581 hoc
458 1535 562 1585 est,
605 1541 667 1579 es
702 1526 1024 1581 caelestibus
1065 1526 1316 1580 essentiis
1351 1542 1520 1596 usque
1546 1528 1617 1581 ad
1640 1536 1879 1581 esti-ctua

313 1616 493 1670 mundi
522 1617 679 1685 hujus
718 1616 943 1671 visibilis
975 1633 1198 1686 corpora
1232 1618 1272 1683 ³,
1313 1619 1366 1672 in
1393 1627 1651 1688 quantum
1699 1618 1881 1671 occul-

313 1706 417 1760 tius
446 1707 466 1737 ⁸
494 1706 831 1777 intelligitur,
880 1707 934 1763 in
966 1717 1170 1763 tantum
1198 1710 1412 1764 divinae
1435 1710 1663 1764 claritati
1692 1725 1885 1779 appro-

1981 555 2191 608 cuuquc
2219 539 2489 593 intellectu
2516 546 2692 606 potest
2723 535 2962 604 intelligi.
3007 532 3072 589 Et
3108 535 3352 604 quisquis
3382 534 3551 587 iuteu-

1983 638 2065 683 tus
2107 612 2277 684 sancti
2323 627 2557 698 Dionysii
2606 626 2767 681 verba
2825 625 3139 695 inspexerit,
3190 626 3324 679 haec
3369 625 3441 677 ita
3495 638 3553 677 se

1978 720 2178 774 habere
2230 718 2483 772 inveniet.
2543 717 2620 770 Ex
2669 717 2863 786 quibus
2908 730 3052 770 nunc
3095 730 3261 784 pauca
3313 714 3550 769 inserere

1978 825 2084 863 non
2114 810 2467 879 incongruum
2507 808 2739 871 videtur,
2785 817 2998 876 etquae
3048 808 3098 860 iu
3149 806 3416 877 prioribus
3458 821 3553 858 no-

1979 910 2124 953 strae
2150 898 2615 953 sermocinationis
2652 897 3081 966 processiouibus
3125 912 3191 949 cx
3239 896 3354 964 ipso
3396 907 3552 949 acceé

1979 992 2175 1060 pimus,
2216 991 2408 1044 iterum
2448 999 2687 1059 repetere
2726 989 2770 1020 ¹¹
2808 987 3166 1042 necessarium
3202 986 3545 1057 iudicamus:

1980 1086 2106 1155 Age,
2138 1085 2597 1154 inquit,.optimum
2623 1091 2678 1136 ut
2704 1099 2837 1146 vere,
2874 1092 2920 1135 et
2951 1083 3292 1137 existentimn
3322 1080 3555 1134 omnium

1979 1172 2392 1239 substanti/icum
2405 1172 2675 1225 laudemus
2687 1168 2823 1234 'ON,
2842 1172 2920 1225 sic
2933 1172 3074 1225 enim
3091 1172 3200 1242 ipse
3216 1171 3495 1244 Dionysius
3522 1169 3565 1203 "

1980 1270 2138 1315 vocat
2182 1260 2371 1324 Deum,
2413 1261 2568 1312 totius
2610 1276 2718 1313 esse
2766 1259 3049 1313 secundum
3101 1268 3334 1311 virtutem
3382 1275 3558 1323 super-

1981 1350 2303 1404 essentialem
2323 1359 2396 1403 est
2417 1350 2728 1403 substituens
2765 1364 2947 1411 causa,
2974 1358 3021 1400 et
3053 1345 3270 1400 Creator
3291 1348 3554 1400 existentis

1981 1440 2362 1504 subsistentiae,
2402 1438 2744 1501 substantiae,
2772 1437 3041 1499 essentiae,
3084 1445 3328 1499 naturae,
3370 1435 3559 1504 princi-

1981 1530 2122 1598 pium
2143 1538 2189 1581 et
2212 1543 2452 1581 mensura
2473 1526 2761 1580 seculorum
2783 1533 2830 1578 et
2852 1534 3155 1593 temporum,
3179 1520 3519 1574 cssentialitas
3542 1537 3558 1580 ;

1984 1629 2032 1673 et
2064 1632 2083 1670 :
2112 1618 2389 1672 aeternitas
2410 1616 2757 1679 existentium,
2797 1623 2996 1682 tempus
3034 1611 3079 1645 "
3114 1611 3368 1679 factorum
3402 1649 3417 1673 ,
3453 1625 3561 1663 esse

1987 1717 2245 1777 utcunque
2267 1707 2417 1776 factis
2438 1722 2502 1759 ea:
2523 1722 2605 1769 eo,
2621 1704 2758 1774 quod
2780 1703 2825 1736 “
2844 1712 2919 1756 est
2940 1711 3225 1764 aeternunt,
3248 1710 3293 1753 et
3318 1701 3560 1764 essentia,

312 1796 573 1865 pinquare
615 1798 845 1852 videtur.
897 1798 1128 1853 Proinde
1173 1815 1201 1853 a
1259 1799 1522 1870 theologia
1566 1800 1879 1855 caelestium
1910 1797 1955 1856 B
1982 1807 2028 1850 et
2050 1793 2121 1859 ὅν,
2152 1805 2199 1849 ει
2227 1806 2447 1866 tempus,
2475 1803 2522 1849 et
2545 1793 2827 1864 generatio,
2871 1801 2918 1845 et
2962 1792 3179 1860 factum,
3220 1790 3275 1842 in
3322 1790 3561 1844 existcnti

312 1884 567 1947 virtutum
597 1884 986 1942 inaccessibilis
1009 1888 1229 1943 claritas
1273 1904 1433 1959 saepe
1461 1890 1772 1944 nominatur
1802 1897 1880 1944 te-

313 1973 635 2027 nebrositas.
666 1973 774 2030 Nec
808 1975 1025 2040 mirum,
1057 1992 1178 2031 cum
1203 1988 1258 2031 et
1285 1978 1399 2046 ipsa
1429 1992 1638 2032 summa
1673 1978 1884 2047 sapien-

315 2062 410 2127 tia,
438 2066 521 2119 cui
550 2065 997 2136 appropinquant,
1037 2067 1350 2139 saepissime
1400 2067 1741 2125 tenebrarum
1792 2085 1888 2124 vo-

311 2155 503 2211 cabulo
542 2157 892 2227 siguilicetur.
942 2159 1081 2224 Audi
1128 2159 1469 2215 Psalmislam
1506 2179 1519 2214 :
1569 2162 1706 2227 Quia
1751 2163 1887 2216 sicut

271 2247 553 2313 “tenebrae
570 2248 704 2317 ejus,
728 2250 798 2304 ita
822 2260 868 2305 et
891 2249 1065 2305 lumen
1085 2252 1218 2321 ejus.
1259 2251 1337 2308 Ac
1361 2253 1404 2308 si
1431 2265 1616 2323 aperte
1640 2254 1843 2310 diceret
1868 2273 1880 2309 :

314 2335 519 2391 Tantus
549 2349 631 2391 est
657 2337 869 2394 divinae
896 2339 1151 2395 bouita:is
1178 2341 1446 2411 splendor,
1475 2353 1533 2397 ut
1562 2360 1666 2398 non
1684 2336 1886 2398 ’imme-

314 2427 413 2486 rito
441 2428 744 2484 volentibus
776 2445 896 2485 eum
927 2433 1298 2502 contemplari,
1343 2443 1397 2488 et
1439 2450 1543 2489 non
1586 2436 1886 2491 valentibus

313 2528 553 2574 vertatur
586 2520 638 2573 in
676 2520 942 2575 tenebras.
998 2521 1154 2578 Solus
1181 2525 1438 2589 enim,.ut
1464 2527 1539 2581 ait
1578 2528 1882 2597 Apostolus,

313 2608 715 2664 inaccessibilem
742 2612 965 2679 possidet
1006 2613 1191 2669 lucent.
1244 2614 1301 2672 lu
1337 2625 1594 2684 quantum
1625 2634 1748 2673 vero
1774 2619 1887 2673 lou-

315 2698 429 2769 gius
454 2700 586 2755 ordo
624 2716 804 2755 rerum
831 2701 1080 2757 deorsum
1112 2704 1406 2770 descendit,
1438 2706 1490 2759 in
1523 2715 1727 2762 tantum
1754 2722 1893 2763 con-‘

317 2789 680 2858 templantium
707 2792 982 2849 obtutibus
1026 2793 1362 2849 manifestius
1401 2811 1459 2850 se
1504 2798 1694 2866 aperit.
1742 2798 1889 2853 Ideo-

318 2881 464 2948 que'
505 2880 712 2938 formae
750 2899 815 2938 ac
850 2885 1056 2954 Species
1079 2901 1256 2941 rerum
1285 2887 1615 2944 sensibilium
1665 2889 1888 2943 manil‘e-

319 2973 671 3031 stissimarum
703 2975 1148 3045 theophaniarum
1184 2979 1205 3010 ⁸
1244 2994 1435 3034 nomen
1466 2980 1753 3051 accipiunt.
1801 2982 1890 3036 Di-

319 3064 438 3118 vina
466 3065 631 3135 igitur
653 3067 882 3134 bonitas,
911 3085 1049 3137 quae
1091 3079 1367 3140 propterea
1396 3073 1619 3127 nihilum
1669 3074 1884 3139 dicitur,

1985 1887 2353 1952 essentialitas,
2387 1896 2437 1941 et
2475 1896 2735 1955 utcunque
2793 1883 3121 1937 subsistentia
3162 1890 3210 1935 et
3250 1881 3560 1936 substantia.

1989 1978 2196 2032 Etenim
2239 1976 2381 2031 Deus
2405 1993 2507 2030 non
2528 1975 2653 2028 dum
2678 1984 2751 2028 est
2793 1971 2867 2038 ὅν,
2891 1973 2980 2027 sed
3003 1971 3303 2041 simpliciter
3340 1980 3386 2025 et
3414 1972 3569 2027 incir-

1986 2069 2250 2133 cumlinite
2292 2077 2456 2122 totum
2484 2068 2538 2120 in
2557 2083 2612 2120 se
2631 2064 2742 2134 ipso
2780 2064 3093 2128 coambiens,
3131 2062 3349 2133 proinde
3385 2075 3449 2121 eti
3476 2078 3568 2116 rea:

1987 2163 2181 2215 dicitur
2211 2159 2505 2215 seculorum
2528 2158 2593 2223 ι’,
2624 2167 2870 2228 tanquam
2896 2158 2949 2210 in
2970 2155 3241 2223 semetipso
3265 2154 3329 2220 π,
3356 2164 3403 2209 ει
3428 2156 3567 2208 circa

1986 2253 2211 2321 seipsum
2236 2253 2397 2306 totius
2421 2266 2530 2305 esse
2556 2259 2603 2304 et
2641 2249 2687 2283 ἰ
2711 2248 2975 2303 existentis
2996 2247 3317 2301 substitutor.
3368 2247 3443 2300 Et
3480 2264 3569 2300 ne-

1985 2358 2082 2411 que
2105 2350 2237 2404 erat,
2266 2357 2426 2410 neque
2452 2341 2570 2405 erit,
2594 2355 2753 2409 neque
2780 2338 2949 2407 factus
2976 2347 3071 2402 est,
3103 2353 3264 2406 neque
3292 2337 3375 2415 ﬁt,
3404 2354 3566 2408 neque

1986 2431 2096 2501 fiet,
2138 2431 2300 2500 magis
2330 2441 2501 2485 autem
2531 2445 2697 2499 neque
2714 2439 2812 2491 est,
2834 2428 2924 2481 sed
2946 2429 3056 2498 ipse
3079 2438 3150 2481 est
3196 2445 3305 2482 esse
3346 2430 3568 2482 existen-

1988 2526 2146 2586 tibus,
2183 2533 2230 2578 et
2272 2540 2377 2578 non
2416 2524 2686 2578 existentia
2730 2521 2917 2586 solum,
2966 2522 3055 2575 sed
3098 2521 3322 2591 itlipsum
3366 2522 3412 2553 ²²
3459 2539 3569 2575 esse

1987 2615 2314 2669 existentium
2340 2630 2404 2669 ea:
2429 2624 2548 2668 ante
2586 2614 2917 2669 aeternaliter
2954 2616 3222 2669 existente.
3271 2614 3391 2685 Ipse
3432 2615 3569 2668 enim

1988 2716 2061 2759 est
2101 2704 2331 2758 secutum
2372 2702 2685 2767 seculorum,
2728 2704 3008 2760 subsistens
3049 2715 3171 2758 ante
3209 2703 3405 2769 secula,
3445 2705 3570 2774 quia

1990 2794 2227 2847 omnibus
2248 2793 2583 2847 existentibus
2605 2803 2651 2846 et
2672 2793 2856 2848 seculis
2881 2811 2989 2849 esse
3007 2811 3071 2848 ea:
3091 2795 3386 2864 providente
3404 2806 3498 2859 est,
3521 2803 3569 2847 et

1990 2900 2140 2938 omne
2166 2886 2371 2955 quidem
2398 2885 2625 2939 secutum
2651 2895 2698 2938 et
2723 2896 2920 2956 tempus
2943 2902 3004 2939 ex
3038 2885 3149 2955 ipso
3188 2887 3346 2939 totius
3385 2884 3565 2947 seculi,

1991 2985 2038 3028 et
2063 2976 2326 3043 temporis,
2356 2986 2404 3028 et
2437 2978 2602 3029 omnis
2630 2970 2886 3046 utcunque
2907 2975 3194 3041 existentis,
3219 2976 3308 3044 qui
3345 2988 3417 3035 est
3449 2987 3570 3029 ante

1992 3067 2162 3122 omnia
2190 3068 2236 3099 ’⁸
2258 3066 2328 3133 ὄν,
2357 3068 2663 3138 principium
2687 3079 2733 3121 et
2755 3077 2994 3132 causa,et
3021 3068 3192 3121 omnia
3220 3068 3385 3137 ipsum
3406 3069 3571 3136 ρανιὶ⁴

320 3159 567 3224 quoniam
596 3157 738 3212 ultra
764 3160 963 3223 omnia,
1005 3174 1144 3229 quae
1172 3169 1298 3215 sunt
1324 3171 1378 3216 et
1404 3178 1542 3232 quae
1584 3179 1688 3220 non
1740 3175 1887 3232 sunt,

1992 3159 2187 3228 cipant,
2211 3168 2258 3211 et
2278 3175 2309 3212 a
2340 3156 2482 3211 nullo
2501 3158 2828 3212 existentium
2869 3158 3081 3223 recedit,
3123 3166 3169 3210 et
3215 3158 3322 3227 ipse
3349 3167 3423 3211 est
3449 3169 3570 3210 ante

324 3246 374 3301 in
412 3248 550 3303 nulla
597 3251 827 3305 essentia
870 3251 1159 3319 invenitur,
1209 3271 1274 3309 ex
1321 3257 1605 3326 negatione
1649 3260 1887 3314 omnium

321 3339 671 3394 essentiarum
720 3341 772 3394 in
826 3340 1239 3397 aﬂirmationcm
1302 3347 1463 3401 totius
1524 3348 1901 3404 universitatis.

270 3486 289 3523 ι
321 3430 580 3484 essentiae
607 3446 637 3483 a
668 3445 727 3485 se
756 3431 867 3501 ipsa
894 3433 947 3486 in
975 3449 1034 3487 se
1060 3434 1226 3502 ipsam
1272 3437 1565 3500 descendit,
1609 3438 1770 3494 veluti
1820 3456 1888 3495 ex

322 3524 481 3579 nihilo
501 3526 553 3580 iu
573 3525 795 3597 aliquid,
816 3541 878 3582 ex
902 3527 1251 3584 inessenti-JILt
1266 3541 1339 3584 ite
1360 3531 1411 3584 in
1432 3532 1888 3600 essentialitatem,

323 3632 384 3670 ex
415 3618 742 3674 inl'ormitate
778 3621 833 3675 in
882 3620 1082 3677 formas
1123 3622 1541 3679 innumerabiles
1587 3631 1642 3678 et
1662 3626 1886 3694 species.

322 3705 492 3761 Prima
534 3709 556 3740 '
594 3710 857 3779 siquidem
890 3712 1055 3779 ipsius
1085 3714 1397 3781 progressio
1425 3714 1477 3767 iu
1513 3714 1897 3783 primordiales-

326 3812 509 3853 c.utsas
540 3800 604 3864 ιο,
653 3802 705 3854 in
750 3802 944 3870 quibus
992 3804 1068 3868 lit,
1124 3805 1283 3858 veluti
1338 3805 1579 3861 informis
1627 3809 1888 3877 quaedam

324 3889 539 3941 materia
567 3905 597 3942 a
627 3888 903 3959 Scriptura
930 3892 1152 3957 dicitur;
1205 3895 1428 3949 materia
1475 3897 1709 3966 quidem,
1765 3899 1889 3968 quia

323 3972 526 4031 initium
556 3988 640 4032 est
668 3982 708 4013 υ
739 3981 1005 4035 essentiae
1047 3998 1247 4048 rerum,
1289 3983 1533 4040 informis
1568 4001 1716 4051 vero,
1762 3987 1888 4057 quia

325 4064 630 4122 informitati
666 4070 879 4125 divinae
920 4073 1221 4140 sapientiae
1251 4075 1490 4143 proxima
1537 4086 1640 4132 est.
1701 4079 1886 4134 Divina

326 4170 494 4210 autem
527 4161 788 4229 sapientia
820 4161 1064 4218 informis
1107 4174 1252 4220 recte
1298 4167 1342 4199 ¹²
1387 4168 1602 4233 dicitur,
1651 4170 1775 4238 quia
1822 4172 1889 4226 ad

327 4248 511 4301 tollam
538 4248 768 4304 formam
797 4253 1124 4322 superiorem
1156 4269 1213 4309 se
1240 4255 1306 4309 ad
1335 4256 1709 4313 formationem
1736 4275 1887 4314 suam

325 4343 675 4407 tosrertitur;
711 4353 794 4399 est
828 4344 971 4410 enim
995 4347 1232 4400 omnium
1277 4348 1571 4403 formarum
1621 4350 1886 4405 infinitum

325 4430 621 4498 exeiuplar;
675 4441 730 4487 et
766 4434 889 4487 dum
918 4434 1191 4490 descendit
1220 4437 1272 4491 in
1318 4438 1557 4494 diversas
1598 4440 1886 4495 visibilium

323 4523 381 4569 et
405 4516 742 4573 iuvisibilium
770 4520 993 4587 formas,
1024 4524 1089 4576 ad
1117 4539 1174 4578 se
1203 4524 1370 4593 ipsam
1397 4527 1561 4582 veluti
1587 4528 1653 4582 ad
1684 4526 1883 4583 l'orma-a
1916 4497 1965 4555 Β

324 4605 513 4662 tionem
555 4625 703 4664 suam
736 4612 971 4680 respicit.
1023 4612 1252 4669 Proinde
1278 4615 1455 4670 divina
1487 4618 1695 4672 bonitas
1723 4634 1883 4688 super

323 4699 495 4752 omnia
518 4700 852 4755 considerata
881 4700 1078 4756 dicitur
1101 4717 1205 4757 non
1232 4718 1369 4769 esse,
1410 4714 1463 4761 et
1503 4708 1724 4762 omnino
1747 4688 1877 4761 nihil

324 4798 459 4855 esse,
488 4791 537 4843 iu
571 4793 820 4847 omnibus
847 4808 976 4848 vero
999 4803 1160 4849 etest
1189 4795 1231 4827 ³³
1258 4804 1314 4852 ει
1339 4797 1534 4851 dicitur
1573 4811 1710 4861 esse,
1742 4815 1876 4867 quo-

328 4883 463 4938 niam
493 4888 653 4941 totius
691 4889 1053 4944 universitatis
1079 4891 1307 4945 essentia
1338 4900 1438 4954 est,
1470 4898 1525 4945 et
1560 4893 1875 4955 substantia,

325 4983 382 5026 et
400 4990 572 5045 genus,
610 4988 665 5031 et
690 4980 915 5048 species,
954 4988 1007 5033 et
1047 4981 1294 5048 qualitas,
1318 4988 1372 5034 et
1398 4981 1670 5050 quantitas
1717 4982 1781 5046 ⁸³,
1826 4993 1879 5036 ει

323 5064 550 5119 omnium
588 5068 801 5136 copula,
848 5076 903 5121 et
942 5069 1097 5131 situs,
1144 5077 1197 5123 et
1228 5069 1461 5133 habitus,
1511 5078 1564 5123 et
1611 5069 1779 5134 locus,
1825 5080 1879 5124 et

327 5158 541 5222 tempus,
566 5164 620 5210 et
645 5157 806 5220 actio,
833 5164 885 5209 et
913 5156 1106 5224 passio,
1142 5165 1194 5211 et
1219 5171 1395 5236 omne,
1439 5158 1794 5226 quodcunque
1826 5159 1876 5212 in

1990 3251 2186 3311 omnia,
2233 3258 2278 3303 et
2323 3249 2497 3302 omnia
2539 3250 2591 3302 in
2630 3265 2683 3302 se
2721 3249 3026 3311 constituit;
3084 3257 3131 3300 et
3177 3245 3479 3317 simpliciter
3523 3249 3570 3300 si

1988 3342 2113 3412 quid
2141 3341 2186 3372 ”
2214 3344 2469 3410 utcunque
2488 3349 2559 3394 est
2587 3341 2640 3393 in
2678 3349 2797 3393 ante
2821 3339 3087 3402 existente,
3114 3348 3160 3391 et
3183 3347 3275 3399 est,
3303 3348 3349 3391 et
3377 3338 3571 3392 intelli-

1989 3435 2149 3503 gitur,
2179 3441 2224 3486 et
2261 3432 2511 3485 salvetur.
2557 3431 2625 3485 Et
2648 3430 2807 3500 paulo
2837 3438 2955 3500 post
2984 3428 3404 3501 primordialium
3433 3445 3564 3484 cau-

1990 3537 2171 3577 sarum
2222 3521 2650 3593 explanationem
2698 3522 2878 3585 addit,
2936 3521 3166 3577 dicens:
3215 3521 3343 3574 Fsse
3395 3529 3567 3574 autem

1990 3614 2159 3683 ipsum
2185 3613 2515 3667 existentibus
2541 3614 2777 3667 omnibus
2804 3630 3066 3685 nunquam
3092 3612 3362 3673 deseritur,
3390 3613 3561 3682 ipsum

1992 3720 2110 3758 vero
2133 3720 2240 3758 esse
2265 3720 2329 3757 ea:
2353 3712 2471 3759 ante
2491 3706 2756 3771 existente,
2780 3715 2825 3758 et
2852 3704 2915 3758 ab
2946 3705 3057 3774 ipso
3082 3714 3153 3758 est
3182 3720 3309 3768 esse,
3348 3712 3395 3757 et
3419 3704 3566 3771 prin~

1991 3793 2201 3865 cipiunt,
2232 3802 2279 3846 et
2305 3809 2547 3847 mensura
2583 3804 2702 3848 ante
2741 3795 3012 3849 essentiam
3033 3791 3170 3860 'ON,
3215 3804 3263 3847 et
3314 3810 3415 3847 non
3463 3795 3570 3861 ipse

1990 3900 2116 3950 esse,
2144 3894 2190 3938 et
2222 3901 2336 3938 cum
2361 3887 2510 3940 habet
2537 3903 2664 3950 esse,
2693 3898 2739 3940 et
2761 3885 2832 3951 ὅν,
2857 3897 2903 3940 ει
2925 3887 3210 3951 existentis,
3241 3896 3289 3941 et
3310 3884 3488 3947 seculi,
3520 3895 3569 3936 et

1992 3977 2219 4029 omnium
2264 3976 2676 4044 substantiﬁcum
2720 3976 3031 4046 principium
3057 4017 3070 4040 ,
3117 3986 3163 4029 et
3207 3976 3476 4038 medietas,
3519 3986 3567 4027 et

1991 4069 2387 4120 consummatio.
2430 4067 2498 4119 Et
2530 4072 2805 4136 prapterea
2828 4067 2891 4120 ab
2923 4067 3139 4137 eloquiis
3165 4066 3271 4132 ipse
3302 4081 3411 4118 rere
3451 4073 3570 4117 ante

1991 4152 2043 4209 ὅν
2090 4155 2247 4225 juxta
2286 4171 2489 4209 onmem
2528 4155 2856 4209 existentium
2896 4154 3290 4224 intelligentiam
3322 4153 3571 4222 multipli-

1992 4256 2159 4299 catur.
2205 4244 2269 4297 Et
2308 4245 2445 4315 quod
2474 4255 2582 4299 erat
2607 4246 2659 4298 in
2693 4247 2823 4315 ipso,
2855 4255 2902 4298 et
2926 4247 3064 4315 quod
3086 4254 3181 4309 est,
3206 4239 3251 4297 et
3277 4242 3413 4312 quod
3447 4244 3565 4304 erit,

1992 4348 2038 4390 et
2073 4337 2212 4406 quod
2256 4335 2451 4404 factum
2488 4345 2580 4399 est,
2622 4345 2670 4390 et
2709 4336 2787 4403 ﬁt,
2829 4345 2874 4389 et
2908 4335 3017 4404 ﬁet,
3054 4336 3259 4405 praprie
3295 4333 3563 4386 laudatur.

1994 4424 2140 4478 Haec
2168 4427 2303 4478 enim
2340 4425 2513 4477 omnia
2559 4425 2804 4478 divinitus
2839 4424 3243 4495 imeltigenribus
3282 4422 3567 4476 secundum

1990 4538 2190 4576 omnent
2215 4522 2263 4553 ”
2289 4521 2713 4590 excogitationem
2736 4522 2901 4589 ipsum
2929 4517 3428 4591 superessentialiter
3458 4533 3567 4570 esse

1987 4614 2300 4684 signiﬁcant,
2337 4623 2384 4666 et
2415 4611 2601 4681 ubique
2641 4611 2969 4665 existentium
3018 4609 3304 4663 causalem.
3358 4607 3565 4661 Etenim

1986 4720 2148 4774 neque
2171 4703 2377 4773 quidem
2410 4711 2483 4755 est
2518 4701 2634 4765 hoc,
2684 4701 2778 4753 hoc
2819 4709 2990 4753 autent
3032 4716 3133 4753 non
3170 4707 3269 4763 est,
3302 4715 3463 4768 neque
3496 4697 3566 4749 ibi

1982 4795 2188 4865 quidem
2211 4803 2305 4855 est,
2330 4792 2400 4845 ibi
2428 4801 2716 4845 autemnon
2738 4799 2844 4854 est;
2873 4790 2963 4843 sed
2991 4790 3167 4843 omnia
3188 4798 3284 4853 est,
3304 4797 3350 4842 et
3380 4805 3567 4840 causa-
3613 4816 3619 4865 ε

1982 4886 2047 4939 lis
2063 4885 2309 4947 omnium,
2326 4893 2373 4937 et
2388 4884 2440 4937 in
2455 4884 2564 4950 ipso
2582 4882 2754 4935 omnia
2772 4881 3028 4950 principia
3046 4922 3062 4946 ,
3079 4896 3254 4935 omnes
3282 4878 3566 4933 conclusie-
3618 4888 3627 4944 j

1984 4990 2091 5037 nes,
2115 4974 2289 5026 omnia
2306 4972 2576 5037 existentia
2600 4972 2912 5033 coambiens,
2936 4979 2983 5024 et
2996 4970 3266 5040 perhibetis
3287 4968 3334 5001 "
3352 5009 3367 5035 ,
3397 4980 3443 5022 et
3473 4985 3563 5021 su-
3621 4995 3627 5003 -

1982 5078 2074 5132 per
2094 5063 2266 5115 omnia
2280 5069 2371 5123 est,
2390 5069 2443 5112 ut
2460 5068 2578 5113 ante
2593 5059 2765 5112 omnia
2792 5058 3289 5129 superessentialiter
3310 5072 3463 5125 super
3484 5053 3559 5111 ὃν.

2055 5152 2143 5206 20.
2178 5150 2433 5219 Quisquis
2457 5151 2645 5204 horum
2677 5150 2961 5205 verborum
2987 5150 3237 5205 virtutem
3268 5160 3558 5219 perspexe-

1570 5271 1823 5326 VARIAE
1886 5269 2282 5326 LECTIONES.

402 5378 473 5429 ‘A
496 5395 645 5450 enim
676 5448 683 5450 Α
713 5381 734 5411 ³
760 5379 864 5434 Pro
886 5382 1068 5436 mentis
1098 5382 1137 5434 Α
1162 5382 1356 5436 multis.
1435 5382 1455 5414 ³
1479 5381 1519 5435 Α
1547 5382 1804 5435 invenitur
1843 5382 1898 5434 in
1951 5366 2206 5434 omnibus.
2286 5380 2307 5415 ⁸
2335 5382 2388 5433 in
2410 5396 2515 5435 om.
2544 5380 2650 5450 A._
2683 5380 2707 5414 ⁸
2730 5396 2944 5450 corpora
2985 5392 3093 5450 om.
3260 5372 3280 5404 ‘
3309 5374 3354 5427 Α
3382 5370 3557 5450 occul-

331 5454 436 5521 tis.
497 5448 516 5478 ⁷
550 5447 591 5500 Α
620 5448 768 5521 Ideo.
843 5452 865 5484 ⁸
898 5451 937 5504 Α
966 5452 1437 5520 manifestissimum
1487 5452 1867 5521 tlteopltaniam.

332 5513 483 5567 diales
511 5532 692 5572 causas
721 5519 765 5573 Α
791 5535 871 5572 ea.
950 5522 989 5552 ¹³
1020 5521 1061 5571 Λ
1093 5513 1163 5573 est
1194 5522 1416 5574 initiunt.

336 5586 381 5657 ‘ff
410 5582 441 5632 Α
464 5600 695 5653 recipere.
779 5588 823 5619 ¹⁶
858 5586 962 5656 ipse
1004 5590 1282 5657 Dionysius
1313 5606 1419 5642 om.
1456 5590 1514 5641 Λ.

337 5654 381 5689 ³⁵
408 5662 446 5702 ει
479 5670 580 5707 om.
609 5657 667 5711 C.
734 5660 783 5690 ⁸³
808 5659 844 5711 Α
873 5654 1057 5727 ipsum.
1137 5654 1179 5690 ί³
1205 5662 1373 5711 omnia
1401 5676 1507 5711 om.
1543 5659 1601 5710 Α.

1942 5451 1964 5482 ⁹
1990 5452 2043 5503 in
2086 5451 2502 5504 essentia’itatem
2523 5481 2593 5490 —
2619 5448 2798 5503 Prima
2818 5446 2937 5500 om.
2972 5446 3038 5500 Α.

1496 5519 1539 5552 ¹²
1572 5519 1704 5574 recte
1747 5536 1855 5574 om.
1889 5520 1952 5574 Λ.

1604 5592 1615 5620 ⁸
1625 5591 1643 5619 ⁷
1670 5593 1705 5643 Λ
1742 5601 2023 5659 temporum
2034 5630 2045 5642 .

1673 5660 1714 5689 ⁵⁸·
1748 5662 1790 5712 Λ
1822 5662 1865 5711 si
1888 5663 2018 5731 quis.

3117 5444 3159 5477 ¹⁰
3189 5442 3293 5497 Pro
3333 5444 3557 5508 primor-

2727 5518 2770 5551 ⁸⁷⁵
2798 5517 2834 5568 Δ
2861 5526 2907 5569 et
2937 5515 3200 5579 quantitas
3228 5523 3273 5566 et
3310 5512 3557 5583 qualitas.

3201 5583 3243 5613 τ’
3275 5584 3316 5639 Α
3347 5601 3399 5639 se
3423 5584 3557 5652 ipso.

2031 5518 2074 5552 ¹³
2106 5519 2206 5571 Pro
2250 5531 2296 5572 et
2335 5530 2405 5573 est
2454 5521 2493 5573 Α
2523 5537 2647 5572 esse.

2129 5590 2171 5620 “‘
2198 5590 2236 5642 (ἶ
2265 5591 2371 5647 qui.
2453 5590 2493 5621 ³⁸
2528 5592 2561 5641 Δ
2595 5587 2876 5639 seculorum
2901 5588 3113 5637 dicitur.

2096 5660 2138 5689 ίδ
2171 5659 2211 5712 (λ’
2238 5662 2485 5713 omnium.
2568 5660 2610 5687 ²⁶
2640 5659 2677 5709 (1
2706 5654 3039 5709 maritalu'us.
