3912 6154
298 323 402 379 £83

1665 312 1950 372 JOANNIS
1987 310 2180 372 δεῖοΉ

3435 314 3546 371 681

298 430 390 485 rit.
439 426 514 484 nil
555 426 698 484 aliud
743 428 975 499 reperiet
1008 427 1254 492 suadere,
1295 426 1459 482 immo
1483 426 1647 481 etiam
1687 424 1707 457 ⁸
1738 440 1865 495 pro-
1896 425 1944 485 Α
1973 421 2117 494 fabili
2169 424 2343 494 gratia
2397 425 2602 479 aeterni
2657 425 2873 481 luminis
2927 425 3167 483 fruenth
3240 427 3323 482 Ad
3378 443 3547 498 quam

299 518 577 583 nunciare,
597 518 699 573 nisi
725 519 899 586 ipsum
925 517 1089 572 Deiun
1136 518 1373 573 omnium
1421 517 1677 572 factorem
1726 532 1864 579 esse,

298 618 353 661 et
381 614 432 662 in
463 608 710 665 omnibus
746 608 973 672 factum;
1008 617 1062 662 et
1087 609 1211 662 dum
1241 624 1403 679 super
1428 610 1607 666 omnia
1653 611 1870 681 quaeri-

300 711 405 766 tur,
430 702 480 755 in
508 699 649 754 nulla
673 700 905 755 essentia
929 700 1201 755 invenitur
1230 701 1282 767 ις
1313 699 1549 755 nondum
1597 701 1741 755 enim
1783 709 1868 757 est

295 803 445 854 esse;
476 788 600 842 dum
638 801 767 843 vero
793 790 847 843 in
870 788 1120 844 omnibus
1171 789 1502 861 intelligitur,
1552 789 1629 844 nil
1685 790 1739 844 in
1785 791 1867 846 eis

294 879 399 933 nisi
422 878 568 935 solus
594 879 707 949 ipse
733 879 996 935 subsistit.
1048 879 1117 935 Et
1164 895 1337 951 neque
1383 890 1470 937 est
1513 882 1637 946 hoc,
1682 889 1743 937 ut
1791 881 1868 936 ait

294 970 402 1031 ille,
435 970 535 1025 hoc
558 979 738 1025 autem
766 985 873 1024 non
910 978 1014 1034 est,
1049 970 1140 1026 sed
1174 970 1354 1025 omnia
1381 980 1482 1026 est.
1539 972 1770 1027 Proinde
1796 987 1865 1027 ex

292 1058 840 1127 superessentialitate
899 1073 1030 1114 suae
1087 1071 1353 1125 naturae,
1409 1061 1462 1115 in
1515 1077 1620 1131 qua
1669 1062 1868 1116 dicitur

276 1162 398 1206 .non
444 1162 602 1211 esse,
646 1149 882 1218 primum
919 1148 1288 1215 descendens,
1332 1150 1386 1204 in
1432 1150 1866 1219 primordialibus

290 1252 468 1291 causus
495 1236 515 1269 ⁸
543 1252 574 1291 a
600 1252 659 1292 se
691 1237 806 1307 ipso
831 1248 1067 1302 creatur,
1126 1248 1183 1291 et
1216 1237 1282 1312 fit
1322 1237 1646 1307 principium
1689 1236 1867 1293 omnis

287 1324 578 1388 essentiae,
616 1304 794 1379 omnis
822 1326 980 1389 vitae,
1008 1325 1185 1380 omnis
1208 1304 1621 1397 intelligentiae,
1653 1335 1709 1381 et
1750 1341 1865 1381 am-

290 1416 461 1478 nium,
484 1429 621 1482 quae
664 1413 719 1467 in
759 1414 1194 1484 primordialibus
1239 1417 1417 1472 causis
1454 1416 1693 1485 gnostiea
1739 1430 1866 1470 con-

290 1500 538 1557 siderat‘
565 1503 789 1558 theoria.
854 1503 1055 1560 Deinde
1083 1520 1147 1560 ex
1184 1506 1625 1575 primordialibus
1662 1505 1863 1570 causis.

289 1610 428 1663 quae
456 1596 796 1651 medietatem
822 1597 1091 1666 quandam
1118 1599 1261 1654 inter
1286 1598 1450 1654 Deum
1479 1608 1536 1655 et
1563 1611 1864 1655 creaturam

286 1688 552 1754 obtinent,
582 1689 684 1746 hoc
708 1697 812 1755 est,
838 1691 978 1744 inter
998 1690 1144 1745 illam
1173 1690 1494 1748 ineffabilem
1521 1706 1866 1763 superessen-

291 1775 567 1830 tialitatem
597 1792 760 1847 super
786 1794 999 1834 onmem
1042 1780 1371 1836 intellectum
1391 1822 1405 1847 ,
1437 1794 1491 1836 et
1524 1783 1864 1839 manifestam

287 1867 709 1924 substantialiter
735 1880 984 1926 naturam
1005 1874 1162 1941 puris
1182 1875 1376 1929 animis
1400 1876 1741 1944 conspicuam
1774 1876 1866 1930 de-

288 1960 553 2015 scendens
594 1961 646 2016 in
677 1960 957 2018 effectibus
996 1965 1233 2034 ipsarum
1271 1966 1366 2032 fit,
1394 1977 1450 2022 et
1489 1967 1773 2021 manifeste
1809 1968 1864 2022 in

290 2053 628 2121 theophaniis
674 2055 789 2109 suis
830 2055 1087 2125 aperitur.
1136 2057 1333 2111 Deinde
1378 2072 1477 2127 per
1544 2058 1867 2127 multiplices

286 2142 576 2198 eil‘ectuum
602 2143 819 2208 forms,
843 2160 1014 2215 usque
1035 2147 1101 2200 ad
1127 2155 1433 2201 extremum
1453 2147 1615 2202 totius
1641 2156 1867 2201 naturae

285 2232 563 2298 ordinem,
587 2247 694 2300 quo
720 2249 947 2305 corpora
991 2236 1356 2300 eontinmtur,
1385 2236 1645 2306 procedit.
1671 2235 1749 2291 Ac
1784 2237 1865 2292 sic

287 2324 535 2381 ordinate
559 2324 612 2379 in
641 2326 820 2380 omnia
856 2328 1181 2397 proveniens
1207 2327 1335 2382 facit
1372 2328 1587 2394 omnia,
1616 2336 1672 2382 et
1714 2327 1773 2381 fit
1809 2329 1862 2381 in

220 2420 233 2469 ί
287 2414 539 2470 omnibus
558 2416 765 2480 omnia,
786 2424 844 2471 et
869 2418 923 2471 in
949 2433 1010 2474 se
1038 2417 1212 2488 ipsum
1242 2417 1401 2482 redit,
1429 2432 1690 2473 revocans
1718 2418 1771 2472 in
1804 2428 1865 2472 se

286 2505 496 2569 omnia,
515 2516 573 2561 et
595 2507 720 2561 dum
751 2506 803 2560 in
830 2508 1077 2562 omnibus
1106 2507 1188 2576 fit,
1215 2523 1375 2578 super
1397 2509 1581 2565 oinnia
1610 2523 1735 2564 esse
1760 2521 1865 2563 non

216 2618 239 2669 χ
288 2594 504 2649 desinit.
550 2594 629 2650 Ac
654 2596 734 2652 sic
754 2593 788 2632 ελ
805 2595 873 2651 de
900 2596 1069 2651 nihilo
1094 2595 1224 2652 facit
1250 2597 1463 2662 omnia,
1487 2598 1555 2652 de
1590 2612 1687 2653 sua
1712 2597 1863 2651 vide-

288 2687 416 2741 licet
453 2686 484 2718 ⁶·
513 2687 1062 2756 superessentialitate
1092 2688 1345 2759 producit
1367 2688 1661 2754 essentias,
1684 2688 1751 2742 de
1775 2702 1867 2742 su-

290 2774 651 2843 pervitalitate
683 2776 853 2842 vitas,
890 2777 956 2832 de
999 2776 1620 2848 superinteilectualitate
1659 2775 1866 2832 intelle-

288 2875 440 2932 ctus,
469 2867 541 2923 de
563 2868 841 2941 negatione
876 2868 1144 2936 omnium,
1171 2883 1312 2940 quae
1340 2878 1468 2925 sunt
1500 2879 1557 2925 et
1589 2882 1733 2937 quae
1756 2882 1869 2931 non

288 2967 442 3024 sunt,
475 2956 859 3015 aliirmationcs
883 2959 1145 3027 omnium,
1175 2974 1313 3030 quae
1338 2969 1460 3016 sunt
1487 2969 1540 3017 et
1573 2974 1717 3031 quae
1756 2974 1863 3014 non

288 3057 431 3102 sunt.
475 3047 544 3103 Et
584 3047 689 3104 hoc
720 3047 1153 3105 manifestissime
1191 3050 1349 3106 docet
1374 3050 1616 3105 omnium
1659 3049 1862 3105 reditus

288 3141 340 3191 in
368 3152 584 3192 causam
604 3176 621 3201 ,
648 3151 719 3197 ex
750 3152 854 3207 qua
883 3148 1288 3208 processerunt,
1314 3140 1531 3211 quando
1567 3140 1747 3194 omnia
1777 3155 1873 3195 re-.

287 3238 563 3283 vertentur
600 3228 621 3260 '
664 3229 718 3283 in
750 3229 951 3295 Deum,
990 3230 1132 3288 sicut
1172 3243 1267 3287 aer
1305 3230 1365 3288 in
1405 3229 1612 3295 lucem,
1649 3229 1865 3299 quando

286 3319 389 3371 erit
421 3318 563 3375 Deus
595 3319 769 3375 omnia
799 3320 855 3372 in
897 3321 1168 3385 omnibus;
1200 3334 1307 3375 non
1345 3320 1486 3389 quod
1526 3320 1689 3376 etiam
1722 3336 1875 3379 nunc.

288 3423 392 3460 non
429 3406 501 3460 sit
530 3405 669 3461 Deus
699 3408 875 3462 omnia
901 3409 959 3462 in
984 3409 1245 3474 omnibus,
1272 3410 1367 3464 sed
1394 3410 1539 3480 quod
1566 3419 1686 3479 post
1709 3425 1861 3480 prae-

289 3496 670 3554 mricationem
706 3497 975 3561 humanae
1013 3506 1273 3563 naturae,
1303 3508 1361 3554 et
1394 3499 1758 3569 expulsioneui
1797 3501 1872 3559 de,

287 3588 413 3643 sede
438 3588 667 3659 paradisi
687 3630 709 3656 ,
730 3590 832 3645 hoc
860 3598 962 3655 est,
986 3590 1052 3646 de
1075 3590 1355 3646 altitudine
1383 3591 1676 3661 spiritualis
1699 3592 1861 3659 vitae,

287 3690 342 3733 et
385 3695 451 3735 ex
492 3680 797 3753 cognitione
827 3681 1164 3739 clarissimae
1192 3685 1520 3755 sapientiae,
1551 3685 1605 3745 in
1646 3686 1866 3755 profun-

286 3772 537 3826 dissimas
586 3772 918 3842 ignorantiae
954 3775 1204 3830 tenebras
1246 3776 1534 3841 detrusae,
1574 3792 1735 3831 nemo
1760 3776 1864 3833 nisi

286 3861 465 3916 divina
495 3864 665 3934 gratia
693 3854 1023 3920 illuminatur
1056 3866 1113 3932 ⁸,
1153 3876 1208 3922 et
1238 3866 1291 3921 in
1329 3868 1631 3924 divinorum
1667 3878 1868 3939 myste-

288 3955 489 4010 riorum
522 3955 854 4014 altitudinem
888 3956 912 3989 ’
943 3972 1064 4012 cum
1130 3957 1297 4014 Paulo
1343 3968 1556 4028 raptus,
1593 3958 1871 4027 quomodo.

289 4043 430 4100 Deus
451 4046 627 4101 omnia
659 4046 712 4100 in
738 4047 1111 4109 omnibusest,
1136 4062 1294 4104 verae
1320 4047 1704 4119 intelligentiae
1732 4062 1865 4103 con-

291 4137 423 4191 tuitu
445 4147 624 4207 potest
644 4138 969 4209 perspicere,
986 4140 1126 4197 nube
1143 4140 1439 4194 carnalium
1457 4140 1863 4211 cogitationum,

284 4241 653 4297 vanarumque
698 4228 743 4260 ⁸ο
791 4228 1194 4301 phantasiam-in
1249 4228 1476 4300 caligine
1525 4229 1864 4298 interposita,

288 4319 591 4388 mentisque
622 4318 738 4377 acie
766 4319 1168 4374 irrationalibus
1197 4321 1538 4390 passionibus
1573 4321 1864 4385 infirmata,

287 4418 342 4462 et
369 4424 437 4463 cx
458 4409 832 4479 splendoribus
853 4410 1166 4480 perspicuae
1190 4410 1235 4443 “
1261 4410 1503 4465 veritatis
1532 4424 1861 4478 repercussa,
1896 4439 1942 4498 υ

286 4502 666 4570 cunsuetisqne
725 4500 1094 4569 corporalibus
1149 4501 1357 4555 umbris
1413 4508 1691 4564 contenta.
1746 4499 1861 4556 Non

287 4589 433 4642 enim
461 4589 786 4647 credendum
823 4598 907 4645 est
938 4590 1005 4643 de
1041 4589 1365 4646 caelestibus
1399 4590 1685 4656 essentiis,
1724 4603 1867 4663 quae

288 4695 561 4749 nunquam
610 4690 864 4737 aeternae
910 4681 1255 4741 beatitudinis
1302 4693 1499 4740 statum
1552 4685 1860 4750 deseruere,

290 4768 434 4822 aliud
477 4769 681 4840 aliquid
718 4770 777 4826 in
802 4771 1051 4831 universa
1092 4782 1338 4829 creatura
1368 4781 1584 4842 praeter
1612 4775 1660 4808 ι’
1690 4774 1865 4843 ipsum

291 4860 459 4916 Deum
482 4876 828 4934 cognoscere,
857 4864 1125 4934 siquidem.
1147 4866 1201 4920 in
1227 4865 1356 4928 Deo,
1380 4872 1435 4921 et
1464 4864 1518 4919 in
1547 4864 1864 4935 primordia-

290 4952 434 5008 libus
454 4954 637 5011 causis
656 4971 818 5027 super
837 4971 1053 5013 omnem
1075 4971 1289 5019 sensum
1309 4962 1365 5011 et
1388 4954 1714 5011 intellectum
1742 4970 1862 5010 om-

292 5043 382 5097 nia
405 5043 754 5115 perspiciunt,
779 5046 1029 5101 omnibus
1052 5054 1277 5101 naturae
1303 5044 1556 5114 operibus
1574 5042 1641 5099 ad
1666 5058 1863 5127 ῳεηοε-

293 5133 547 5190 scendam
576 5135 858 5195 veritatem
891 5151 994 5198 non
1026 5134 1349 5206 indigentes,
1376 5134 1487 5190 sola
1518 5142 1695 5189 autem
1728 5130 1867 5186 iiwa

1969 512 2231 571 visionem
2274 514 2566 569 humanam
2607 523 2853 569 naturam
2882 516 3141 572 reducere
3178 515 3275 572 Dei
3304 515 3550 574 Verbum

1967 604 2305 659 incaraauun
2332 604 2640 670 descendit,
2666 605 2836 676 ipsam
2861 605 3012 676 prius
3036 604 3262 676 lapsam,
3284 621 3450 677 quam
3476 607 3553 664 ad

1964 695 2249 763 pristinum
2298 703 2497 750 statum
2539 706 2852 763 revocaret,
2882 698 3187 767 accipiens,
3221 697 3553 755 deﬂetorum

1965 786 2187 840 vulnera
2245 796 2445 842 sanam
2468 827 2487 852 ,
2542 786 2799 842 falsarum
2854 789 3261 858 phantasian
3321 790 3550 844 umbras

1964 876 2304 946 extinguens,
2332 877 2520 932 oculos
2549 879 2744 933 mentis
2776 880 3047 949 aperiens,
3075 879 3309 949 scipsnm
3338 879 3395 934 in
3425 895 3552 934 om-

1964 966 2123 1021 nibus
2159 967 2266 1030 his,
2295 967 2386 1037 qui
2432 968 2578 1038 digni
2613 976 2742 1024 sum
2778 969 2871 1024 tali
2897 971 3131 1036 visione,
3160 970 3553 1027 manifestans.

1965 1056 2110 1111 Disc.
2142 1056 2287 1112 llaec
2314 1058 2485 1113 ardua
2514 1058 2665 1114 valde
2693 1068 2839 1124 sinit,
2864 1069 2923 1116 et
2948 1075 2978 1115 a
3009 1061 3257 1117 sensibus
3284 1072 3554 1131 corpora-

1962 1146 2034 1201 lia
2072 1154 2125 1200 et
2167 1146 2401 1201 visibilis
2447 1148 2799 1219 cogitantium
2839 1157 3075 1214 remota;
3125 1150 3210 1204 his
3246 1160 3417 1215 vero,
3455 1149 3555 1219 qui

1963 1251 2125 1308 super
2143 1237 2372 1293 visibilia
2386 1278 2404 1303 ,
2425 1248 2481 1294 et
2511 1240 2821 1309 temporalia
2844 1240 2891 1273 ι’
2910 1238 3259 1311 spiritualiter
3280 1241 3336 1295 in
3358 1242 3555 1310 cognia

1964 1330 2164 1386 tionem
2187 1331 2434 1388 veritatis
2469 1333 2768 1388 ascendunt
2788 1374 2803 1398 ,
2833 1334 3114 1390 verissime
3145 1341 3203 1390 et
3230 1333 3560 1390 dulcissime

1962 1420 2289 1476 clarescunt.
2320 1421 2452 1490 Quis
2476 1424 2620 1477 enim
2646 1425 2939 1479 carnaliter
2971 1424 3284 1490 viventium,
3307 1425 3551 1480 claram-

1962 1527 2071 1582 qne
2107 1511 2153 1545 “
2202 1512 2500 1580 sapientiae
2550 1512 2722 1568 lucem
2772 1525 2994 1569 cernere
3041 1515 3368 1579 nolentium,
3419 1508 3550 1569 talia

1963 1603 2208 1667 audiens,
2257 1617 2363 1658 non
2407 1603 2663 1659 continuo
2695 1612 2975 1674 erumpat,
3019 1613 3075 1659 et
3122 1605 3319 1660 clamet
3341 1604 3430 1658 ηε
3465 1603 3558 1657 1ης

1964 1692 2199 1757 saniunt,
2234 1692 2325 1762 qui
2355 1692 2491 1748 haec
2517 1693 2720 1748 dicunt.
2763 1693 3042 1761 ρυοπηοιιο
3066 1694 3210 1749 etaim
3239 1706 3402 1765 supra
3432 1709 3553 1750 οηιι

1894 1763 1938 1822 Β
1966 1780 2053 1834 nia
2105 1780 2246 1835 Deus
2289 1777 2606 1847 invisibilis,
2658 1781 3049 1849 incorporalis,
3094 1763 3554 1852 incorruptibilis.

1890 3102 1935 3163 C

1963 1879 2146 1941 potest
2171 1886 2201 1926 a
2240 1872 2419 1941 seipse
2446 1873 2800 1938 descendere,
2830 1883 2885 1927 et
2910 1884 2969 1927 se
2998 1867 3169 1943 ipsum
3203 1874 3255 1927 in
3290 1875 3557 1929 omnibus

1964 1970 2184 2027 creare,
2208 1969 2266 2016 ut
2303 1962 2374 2016 sit
2406 1963 2589 2017 omnia
2615 1963 2668 2016 in
2698 1964 2969 2026 onniilnts,
3000 1973 3055 2019 et
3079 1972 3247 2033 usque
3271 1966 3339 2018 ad
3365 1975 3553 2020 extre-

1964 2065 2084 2105 mas
2109 2049 2267 2118 huius
2293 2052 2476 2107 mundi
2501 2052 2742 2108 visibiles
2780 2054 3137 2123 turpitudines
3159 2064 3213 2108 et
3240 2055 3554 2125 corruptio-

1964 2153 2091 2201 nes.
2130 2140 2525 2212 vilissimasque
2562 2143 2764 2199 formas
2795 2153 2851 2199 et
2889 2146 3097 2214 specks
3128 2146 3460 2215 procedere,
3495 2154 3557 2201 ut

1964 2230 2077 2300 ipse
2105 2230 2269 2285 etiam
2299 2233 2352 2286 in
2381 2232 2463 2287 eis
2487 2233 2576 2296 sit,
2608 2234 2653 2288 si
2677 2236 2856 2289 omnia
2884 2236 2937 2289 in
2964 2234 3213 2291 omnibus
3237 2240 3321 2292 est
3344 2238 3361 2292 !
3390 2237 3527 2307 lgno
3565 2266 3606 2283 ο-

1965 2335 2113 2382 rans,
2145 2320 2234 2390 qui
2275 2322 2408 2377 haec
2433 2322 2478 2355 “
2507 2323 2670 2387 dicit,
2702 2325 2900 2379 nullam
2929 2327 3308 2397 turpitudinem
3335 2329 3390 2382 in
3425 2328 3556 2382 uni-

1963 2412 2221 2466 versitate
2251 2415 2416 2468 totius
2454 2420 2735 2470 creaturae
2775 2430 2934 2485 posse
2972 2429 3125 2482 esse,
3159 2416 3359 2473 nullam
3390 2419 3557 2475 mali‘

1965 2500 2095 2554 tiam
2123 2501 2173 2555 ei
2199 2517 2427 2566 nocere,
2462 2504 2610 2559 nullo
2656 2519 2844 2561 errore
2883 2506 2989 2560 falli
3015 2508 3099 2561 vel
3144 2509 3342 2564 seduci.
3387 2510 3553 2578 Quod

1965 2591 2108 2645 enim
2137 2592 2335 2662 partim
2357 2590 2401 2624 "
2425 2595 2704 2664 contingit,
2729 2597 2782 2651 in
2810 2605 2922 2651 toto
2949 2597 3064 2652 fieri
3091 2599 3232 2655 Deus
3252 2611 3360 2654 non
3388 2601 3552 2666 sinit,

1964 2679 2119 2750 cujus
2154 2683 2519 2739 universitatis
2559 2699 2659 2740 nec
2687 2686 2733 2718 ⁸⁸
2764 2686 3042 2757 turpitudo
3078 2689 3247 2759 turpis
3281 2694 3398 2755 est,
3449 2706 3557 2747 nee

1965 2774 2170 2829 malitia
2200 2784 2385 2838 nocet,
2419 2792 2521 2832 nec
2559 2792 2714 2834 error
2737 2788 2903 2833 eia-at.
2947 2776 3200 2851 Turpiter
3238 2781 3463 2848 quidem
3500 2792 3559 2836 et

1965 2863 2199 2935 maligne
2233 2866 2279 2901 ὀν
2294 2865 2623 2933 viventibus,
2640 2876 2697 2923 et
2719 2869 2990 2925 averitate
3017 2870 3322 2925 errantibus
3364 2871 3557 2941 turpia

1965 2955 2215 3021 honesta,
2248 2955 2387 3011 mala
2413 2956 2573 3022 bona,
2602 2958 2839 3013 errantia
2869 2966 3043 3024 recta,
3074 2970 3236 3029 prava
3262 2957 3411 3028 iusta
3444 2972 3554 3028 pu-

1967 3057 2150 3104 tantur
2174 3064 2308 3104 esse.
2339 3048 2576 3116 Quorum
2616 3050 2976 3120 turpitudine,
3006 3060 3064 3105 et
3094 3048 3295 3107 malitia
3314 3089 3329 3116 ,
3360 3059 3417 3104 et
3462 3061 3552 3105 er-

1966 3155 2089 3195 rore
2109 3139 2353 3204 sublatis,
2367 3140 2546 3195 omnia
2570 3141 2657 3209 pie
2677 3140 3092 3210 intelligentibus
3112 3150 3263 3210 plus.
3280 3138 3550 3209 perfecta,

1966 3229 2244 3299 impolluta
2261 3269 2278 3296 ,
2308 3229 2462 3284 valde
2489 3230 2628 3284 bona
2653 3269 2668 3296 ,
2704 3231 2852 3284 omni
2886 3244 3078 3284 errore
3102 3230 3342 3286 carentia
3368 3238 3553 3284 tema-

1964 3329 2111 3381 nent.
2144 3320 2212 3381 Et
2242 3334 2350 3375 non
2381 3319 2643 3390 cogitans,
2667 3320 2811 3390 quod
2851 3332 3005 3375 sacra
3042 3319 3363 3390 pronunciat
3397 3318 3555 3374 Scri-

1963 3421 2122 3481 ptura
2151 3428 2165 3464 :
2196 3409 2362 3467 Omne
2388 3409 2570 3463 datum
2598 3411 2866 3479 optimum,
2898 3418 2947 3463 et
2974 3426 3123 3463 omne
3149 3409 3342 3463 denunt
3369 3410 3553 3478 perfe-

1965 3510 2105 3559 ctum
2140 3499 2206 3554 de
2238 3514 2447 3561 sursum
2494 3508 2604 3563 est,
2638 3497 2951 3553 descendens
2988 3515 3021 3552 ο
3063 3494 3225 3551 Patre
3261 3496 3553 3560 luminum,

1966 3592 2073 3649 dati
2099 3590 2315 3662 quidem
2346 3589 2609 3647 vocabulo
2650 3589 2889 3644 omnium
2939 3600 3117 3643 rerum
3159 3586 3553 3643 substantiales

1963 3681 2403 3746 constitutiones,
2449 3680 2573 3736 doni
2616 3695 2748 3735 vero
2790 3680 3047 3744 virtutes,
3089 3679 3283 3747 quibus
3318 3686 3557 3731 eruatur

1964 3774 2216 3833 universa
2252 3780 2481 3836 natura,
2497 3769 2776 3831 declarans
2842 3768 2912 3831 Et
2950 3769 3052 3823 hoc
3097 3776 3264 3822 totum
3300 3766 3371 3832 “,’
3419 3766 3555 3822 sub-

1965 3871 2162 3927 stantia
2208 3868 2458 3925 videlicet
2484 3875 2541 3922 et
2582 3866 2777 3929 virtus,
2821 3865 2887 3919 de
2936 3876 3148 3918 sursum
3198 3862 3484 3916 descendit
3522 3875 3553 3915 a

1966 3962 2127 4023 Patre
2150 3961 2437 4025 luminum,
2466 3959 2570 4014 hoc
2594 3966 2697 4021 est,
2722 3970 2788 4010 ex
2813 3954 2958 4009 fonte
2987 3952 3225 4011 omnium
3253 3952 3553 4013 bonorum;

1966 4051 2097 4117 Deo,
2121 4051 2210 4122 qui
2243 4051 2298 4104 in
2323 4048 2527 4113 omnia,
2551 4061 2695 4118 quae
2715 4053 2841 4107 sunt
2865 4052 2922 4099 et
2948 4058 3087 4113 quae
3114 4052 3218 4096 non
3248 4044 3396 4104 sunt,
3421 4052 3554 4108 pro-

1965 4142 2230 4207 ﬂuens,,in
2251 4139 2502 4201 omnibus
2525 4137 2603 4200 lit,
2627 4137 2744 4190 sine
2763 4149 2869 4204 quo
2891 4133 3025 4188 nihil
3052 4145 3172 4187 esse
3196 4140 3394 4201 potest.
3415 4129 3553 4193 Sed,

1966 4243 2025 4289 ut
2052 4233 2264 4302 opinor,
2283 4229 2417 4285 satis
2443 4228 2509 4283 de
2535 4226 2727 4290 nihilo,
2743 4226 2808 4280 de
2828 4234 2937 4294 quo
2962 4223 3140 4278 onmia
3160 4223 3303 4276 Deus
3322 4221 3373 4252 “
3395 4220 3551 4283 fecit,

1968 4332 2146 4378 actum
2176 4328 2280 4375 est.
2305 4318 2446 4381 Mss.
2465 4315 2562 4372 Sat
2593 4313 2866 4385 profectos;
2891 4312 2984 4368 sed
3005 4310 3204 4387 cursim
3229 4309 3550 4379 repetendo.

1967 4412 2149 4481 Neque
2182 4411 2317 4464 haec
2344 4409 2579 4464 dicimus
2608 4407 2822 4465 illorum
2849 4419 3066 4460 sensum
3097 4401 3416 4463 refutantes,
3449 4399 3552 4469 qui

1966 4506 2033 4561 de
2067 4504 2265 4568 nihilo,
2303 4516 2409 4571 quo
2447 4500 2613 4555 totius
2648 4497 2977 4553 babitudinis
3006 4493 3238 4563 pritatio
3276 4490 3554 4561 signium-

1964 4606 2085 4661 tur,
2119 4597 2287 4650 Deum
2328 4592 2508 4648 omnia
2538 4590 2592 4629 ἰς
2615 4589 2807 4645 fecisse
2834 4587 3188 4648 arbitrantur,
3220 4598 3326 4637 non
3364 4590 3551 4635 autem

1962 4684 2033 4740 de
2071 4682 2258 4745 nihilo,
2294 4695 2401 4751 quo
2424 4675 2951 4747 superessentialitas
2979 4683 3034 4727 et
3061 4668 3557 4741 supernaturalitas

1966 4775 2179 4830 divinae
2202 4769 2459 4826 bonitatis
2484 4784 2513 4823 a
2531 4766 2819 4836 Tlieelogis
2841 4764 3102 4820 innititur.
3126 4762 3185 4817 in
3205 4760 3552 4829 Theologicis

1967 4864 2231 4934 siquidem
2274 4859 2471 4932 regulis
2509 4858 2576 4913 ad
2622 4855 3046 4935 investigaan
3077 4853 3298 4908 divinae
3320 4858 3553 4905 naturae

1968 4951 2353 5011 sublimitatem
2392 4957 2448 5003 et
2485 4943 3180 5015 incomprehensibilitatem
3228 4940 3347 5012 plus
3380 4955 3550 5007 nega.

1970 5042 2155 5105 tionis,
2175 5056 2333 5109 iniam
2364 5036 2732 5092 aiiirinationis
2761 5035 2933 5089 virtus
2964 5033 3122 5089 valet.
3152 5032 3322 5102 Quam
3353 5030 3399 5087 si
3424 5031 3555 5098 quis

1972 5132 2211 5187 intentus
2261 5127 2582 5197 inspexerit,
2632 5140 2738 5179 non
2788 5124 3109 5186 mirabitur,
3156 5136 3221 5175 eo
3262 5118 3551 5182 vocabulo,

1591 5286 1841 5351 VARIAE
1878 5278 2273 5342 LECTIONES.

387 5409 405 5445 ι
427 5404 584 5458 etiam
609 5410 720 5457 em.
748 5402 811 5456 Α.
874 5405 898 5433 ¹
917 5402 958 5455 Δ
987 5402 1243 5455 invenitur
1264 5402 1503 5455 essentia.
1581 5400 1602 5431 ³
1626 5416 1798 5454 causis
1821 5412 1928 5451 om.
1953 5398 2016 5450 Λ.
2077 5395 2099 5427 ⁸
2123 5394 2166 5450 Α
2192 5395 2485 5450 considerat
2506 5394 2757 5464 gnesticn.

1128 5472 1150 5501 "
1196 5472 1287 5524 Sic
1326 5469 1505 5537 AC;_f.
1549 5465 1927 5537 illuminatnsi
2016 5465 2038 5496 ’
2081 5465 2446 5537 A‘altimtline.

1735 5544 1779 5574 ι’
1816 5527 1854 5589 C
1893 5534 2193 5599 datamque.

298 5471 437 5526 licet.
511 5474 531 5489 '
572 5470 614 5529 C
641 5481 1023 5526 convertentur.

297 5543 584 5608 perspicue.
658 5542 705 5576 "
740 5539 783 5594 C
818 5550 1042 5610 propter.

297 5612 488 5679 parum
517 5649 532 5671 ,
570 5609 612 5664 C
648 5609 824 5676 parti;
856 5612 892 5679 ι’.
949 5610 1135 5679 parti?

302 5676 443 5731 Deus
488 5682 662 5733 curinio
757 5681 804 5711 "
840 5678 882 5735 Α
923 5676 1173 5735 omnium.

1159 5540 1203 5571 ’³
1240 5541 1286 5613 ᾼ
1323 5540 1635 5613 carporalia.
1735 5544 1779 5613 if

1236 5609 1278 5640 ⁸⁸
1306 5610 1351 5664 Α
1398 5607 1488 5663 nec
1535 5607 1877 5663 univcrsitatis

2836 5386 2859 5421 ⁸
2898 5391 2973 5444 sic
3015 5397 3123 5444 om.
3302 5387 3403 5461 [Α
3438 5387 3550 5461 sci-

2562 5462 2614 5495 “
2640 5464 2681 5519 C
2738 5461 3124 5527 variarumque.
3172 5455 3186 5461 ⁷
3231 5464 3271 5496 ιι
3314 5455 3452 5519 Ειη..
3496 5456 3540 5511 Α

2562 5533 2796 5581 adamat.
2889 5522 2935 5561 ’⁸
2964 5530 3094 5581 haec
3130 5536 3236 5581 em.
3275 5528 3339 5580 Α.
3419 5530 3461 5561 ι’
3494 5529 3541 5575 Α

2297 5535 2343 5571 ¹³
2401 5534 2440 5588 Α
2495 5533 2796 5603 proclamet.
2889 5533 2935 5561 “
2964 5533 3094 5583 haec
3130 5536 3236 5581 em.
3275 5533 3339 5580 Α.
3419 5533 3461 5561 ι’
3494 5533 3541 5575 Α

2297 5604 2431 5648 linito
2471 5617 2574 5648 nni-
2617 5602 2678 5648 Α.
2780 5600 2828 5636 ﬂ
2867 5607 3033 5648 totum
3083 5611 3194 5648 om.
3251 5596 3311 5648 Α.
3416 5591 3455 5624 ⁸⁸
3493 5601 3541 5645 .\

2024 5605 2067 5647 ι’
2108 5615 2153 5659 ct
2207 5604 2431 5675 maligne
2471 5600 2575 5657 oni.
2615 5602 2679 5657 Α.
2780 5600 2828 5636 η
2867 5607 3033 5653 totum
3083 5611 3194 5655 om.
