3912 6154
278 327 371 381 035

1118 324 1207 379 DE
1245 322 1581 380 DIVISIONE
1617 323 1962 380 NATL'RAE.
1999 356 2068 366 --
2104 325 2300 380 ιωειι
2342 325 2658 383 TERTIUS.

3395 322 3503 384 δεῇ

275 440 399 507 quod
428 445 514 491 est
545 435 769 492 nihilum
794 475 810 501 ,
841 450 999 506 saepe
1046 435 1101 490 in
1122 435 1425 505 'Scripturis
1452 436 1624 505 ipsum
1662 435 1828 490 Deum
1859 444 1904 499 Α
1935 453 2305 497 romanorum.
2330 438 2509 493 aliide
2533 439 2902 493 incarnatione
2928 434 3109 502 Verbi,
3142 437 3229 491 alii
3259 438 3326 493 de
3363 442 3501 494 nati-

274 528 460 584 vocari.
489 528 635 582 Dise.
662 526 770 582 Nec
795 542 896 598 ego
922 535 939 567 ι
972 526 1160 591 miror,
1186 539 1547 596 cognoscens,
1584 524 1705 594 plus
1739 540 1831 580 ne-

271 621 519 688 gationes,
538 634 701 688 quam
720 617 1100 673 aliirmationes
1120 618 1333 672 divinae
1356 616 1669 687 cognitioni,
1691 626 1833 671 teste

270 720 442 779 sancto
484 709 755 779 Dionysio,
780 708 1018 778 cooptari
1036 721 1210 777 posse.
1240 706 1379 763 Mss.
1410 706 1526 762 Non
1551 708 1771 777 negabis
1786 708 1827 773 ³,

270 811 323 854 ut
345 799 557 869 opinor,
581 808 793 863 cuncta,
815 812 955 867 quae
975 798 1041 853 de
1061 797 1229 852 nihilo
1248 796 1391 852 facta
1415 810 1535 851 esse
1550 796 1829 867 Scriptum

271 900 512 953 testatur,
537 904 698 943 unam
723 889 990 958 quandam
1018 896 1264 942 naturam
1291 900 1630 941 communem
1658 886 1833 940 omni-

270 982 377 1043 bus,
391 977 549 1045 cujus
567 977 976 1047 participatione
993 976 1312 1038 subsistunt,
1328 974 1626 1030 secundum
1649 975 1832 1030 unius-

269 1069 523 1139 cujusque
554 1068 950 1137 proportionem
993 1066 1286 1136 possidere.
1316 1066 1463 1121 Disc.
1492 1064 1608 1119 Hoc
1634 1079 1832 1134 negare

268 1163 367 1217 risu
392 1171 480 1215 est
517 1162 755 1231 dignum.
813 1159 1094 1214 Credimus
1120 1172 1354 1226 namque
1376 1166 1431 1211 et
1461 1155 1828 1225 intelligimus,

269 1253 420 1306 Deum
472 1250 636 1306 simul
680 1260 736 1304 et
778 1250 943 1304 semel
990 1262 1327 1303 communem
1365 1247 1604 1301 omnium
1652 1261 1828 1301 rerum

272 1352 513 1398 naturam
541 1356 775 1404 creasse,
793 1355 859 1395 ex
882 1340 1035 1409 cujus
1053 1337 1463 1409 participatione
1486 1335 1624 1390 ﬁunt
1655 1334 1677 1367 ³
1713 1349 1831 1390 om-

270 1435 368 1487 nia.
396 1433 542 1487 hinc.
579 1431 811 1486 Putasne
832 1430 978 1484 illam
1019 1437 1267 1482 naturam
1301 1426 1368 1480 de
1405 1425 1575 1479 nihilo
1597 1438 1716 1497 esse
1745 1423 1829 1478 fa-

268 1534 395 1577 ctam
414 1523 440 1575 ?
466 1522 616 1576 Disc.
656 1518 771 1573 Non
800 1518 973 1573 solum
1014 1527 1165 1586 puto,
1188 1529 1374 1570 verum
1413 1514 1577 1568 etiam
1604 1512 1830 1567 ﬁrmiter

269 1625 431 1675 tuneo,
472 1626 584 1664 non
627 1609 840 1664 aliunde
865 1607 964 1661 nisi
993 1606 1061 1661 de
1107 1604 1278 1659 nihilo
1318 1603 1655 1673 productam.
1685 1601 1825 1658 Msa.

272 1702 422 1756 Ueﬁni
468 1701 617 1755 illam
648 1709 914 1761 naturam,
954 1696 1081 1766 quid
1119 1698 1209 1749 sit.
1254 1694 1398 1749 Disc.
1440 1692 1556 1748 Non
1586 1707 1827 1763 possunt.

1934 530 2101 582 vitate
2125 528 2243 597 ejus
2267 543 2332 583 ex
2367 530 2524 583 Patre
2551 528 2840 599 accipiunt,
2864 542 3092 597 quorum
3114 543 3303 586 sensus
3325 533 3499 587 credi-

1932 616 2095 671 bilior
2122 615 2253 671 mihi
2281 617 2510 671 videtur.

2001 706 2092 760 22.
2133 706 2210 762 De
2236 707 2320 762 bis
2352 715 2554 772 autem,
2584 722 2674 777 qm
2702 704 2771 762 de
2813 723 2879 764 eo
2925 707 3115 773 nihilo,
3148 709 3289 778 quod
3338 711 3501 767 tutius

1931 798 2201 851 essentiae
2222 797 2556 866 negationem
2596 799 2860 868 signiﬁcat
2885 799 2970 853 vei
3014 800 3342 857 babitudinis
3386 800 3500 869 ejus

1931 886 2306 955 privationem,
2364 890 2619 941 mundum
2677 886 2874 942 factum
2928 890 3093 944 fuisse
3148 892 3497 954 arbitrantur,

1931 976 2059 1045 quid
2089 976 2283 1035 dicam.
2312 976 2518 1045 ignoro.
2549 975 2662 1030 Non
2685 977 2827 1031 enim
2849 976 3026 1042 video,
3052 990 3218 1048 quare
3246 993 3352 1033 non
3374 992 3502 1034 con-

1931 1066 2175 1120 siderant
2200 1066 2567 1134 oppositorum
2618 1074 2885 1119 naturam.
2941 1065 3218 1137 Siquidem
3267 1068 3499 1137 privatio

1932 1171 2038 1211 non
2068 1164 2244 1226 potest
2267 1172 2410 1221 esse,
2456 1157 2545 1211 ubi
2581 1172 2685 1210 non
2730 1165 2811 1211 est
2858 1157 3072 1212 habitus
3115 1157 3387 1214 essentiae
3434 1157 3498 1212 ⁸⁸.

1930 1246 2166 1302 Privatio
2209 1262 2441 1317 namque
2480 1248 2809 1303 habitudinis
2844 1256 2931 1302 est
2977 1248 3238 1317 privatio;
3291 1264 3355 1304 ac
3405 1264 3500 1318 per

1932 1337 2053 1401 hoc,
2094 1338 2183 1392 ubi
2218 1353 2324 1391 non
2350 1338 2626 1406 praecedit
2652 1337 2883 1401 habitus,
2915 1352 3018 1391 non
3045 1338 3287 1406 sequitur
3319 1338 3499 1406 priva-

1931 1424 2024 1480 tio.
2043 1425 2320 1491 Quomodo
2331 1441 2460 1496 ergo
2483 1425 2529 1459 “
2542 1427 2745 1490 dicunt,
2767 1425 2834 1480 de
2857 1426 3156 1495 privatione
3177 1427 3429 1481 mundum
3458 1426 3502 1459 “

1932 1519 2130 1574 factum
2154 1534 2274 1574 esse
2301 1520 2342 1552 "
2362 1520 2387 1572 ?
2414 1518 2472 1574 Si
2493 1519 2638 1574 enim
2668 1520 2770 1575 hoc
2791 1533 2975 1573 verum
3015 1525 3178 1583 esset,
3207 1526 3500 1583 constaret,

1930 1610 2105 1678 ipsum
2163 1610 2421 1664 mundum
2480 1608 2845 1663 habitudinem
2905 1609 3173 1678 quandam
3230 1607 3499 1670 habuisse,

1930 1702 2243 1772 priusquam
2287 1702 2458 1756 ﬁeret.
2507 1700 2577 1754 At
2630 1701 2678 1755 si
2730 1700 2829 1764 sic,
2870 1699 3140 1770 quomodo
3176 1698 3503 1753 habitudinis

270 1794 369 1848 lies
396 1793 549 1847 enim
575 1792 751 1846 adhuc
778 1790 985 1844 inﬁnita
1012 1786 1358 1854 omninqu
1385 1782 1708 1847 ωιιιιιιυηίδο
1731 1775 1839 1836 ηαδ
1862 1803 1901 1863 Β
1932 1808 2060 1847 suae
2093 1793 2450 1862 privationem
2478 1799 2771 1862 pateretur,
2803 1791 2927 1844 dum
2946 1789 3058 1859 jam
3091 1805 3196 1844 non
3221 1798 3359 1855 erat,
3385 1798 3499 1854 aut,

269 1883 415 1937 certis
436 1881 631 1936 formis
653 1880 826 1936 adhuc
846 1879 1097 1935 distincta
1125 1875 1208 1932 vel
1232 1872 1532 1945 speciebus,
1558 1872 1828 1944 quomodo

267 1973 466 2027 deﬁniri
490 1973 681 2041 possit,
709 1986 815 2026 non
837 1971 1013 2031 video.

326 2063 409 2118 21.
453 2062 595 2118 MAG.
625 2061 796 2129 Quid?
844 2060 902 2117 Si
932 2060 1054 2131 quis
1093 2072 1339 2116 summae
1364 2064 1690 2125 sanctasque
1731 2069 1832 2108 au-

266 2156 527 2209 ctoritatis
555 2154 649 2207 tibi
676 2153 948 2216 suaderet,
979 2151 1123 2206 illam
1148 2158 1399 2206 naturam
1420 2165 1524 2204 non
1540 2148 1684 2203 aliud
1708 2163 1829 2203 esse

267 2255 474 2312 praeter
496 2244 587 2298 Dei
608 2243 859 2307 Verbum,
875 2241 1174 2297 dixissesne
1201 2254 1324 2295 eam
1344 2240 1411 2294 de
1436 2239 1602 2294 nihilo
1629 2237 1828 2292 iactam

265 2335 411 2388 esse‘
429 2334 455 2385 ?
485 2331 562 2387 De
608 2332 698 2386 illo
724 2332 893 2385 nihilo
918 2331 1056 2394 dico,
1102 2329 1245 2399 quod
1283 2328 1635 2397 privationem
1665 2328 1830 2382 totius

265 2426 530 2480 essentiae
592 2435 645 2479 et
709 2422 1043 2478 substantiae
1092 2432 1148 2477 et
1197 2420 1472 2491 qualitatis
1541 2420 1826 2490 signiﬁcat.

268 2515 397 2569 Dtsc.
430 2514 799 2585 Nequaquam.
824 2514 957 2581 Quis
973 2514 1116 2568 enim
1141 2512 1359 2578 dixerit,
1390 2512 1485 2567 Dei
1506 2512 1740 2566 Verbum
1763 2510 1830 2565 de

267 2605 421 2659 nihilo
456 2621 574 2661 esse
598 2605 818 2669 factum,
858 2604 986 2658 dum
1028 2604 1102 2659 sit
1135 2604 1373 2659 omnium
1399 2603 1421 2634 ³
1455 2602 1522 2657 de
1550 2602 1716 2658 nihilo
1743 2600 1829 2655 fa-

265 2697 446 2751 ciens?
514 2697 619 2751 Sed
646 2698 666 2727 ⁶
706 2698 825 2767 quis
855 2695 963 2759 ille,
1008 2696 1101 2765 qui
1144 2695 1379 2750 Verbum
1430 2696 1522 2750 Dei
1581 2703 1829 2750 naturam

264 2790 501 2843 omnium
532 2804 651 2845 esse
679 2805 783 2843 non
807 2789 983 2842 tinuiit
1004 2788 1217 2843 dicere?
1241 2787 1382 2843 ΜΑσ.
1411 2787 1550 2842 Audi
1581 2796 1828 2844 sanctum

268 2878 512 2933 Basiliam
541 2878 592 2932 in
612 2890 799 2933 octava
830 2878 1058 2932 Homilia
1079 2878 1131 2933 in
1155 2878 1386 2950 Genesin
1414 2895 1427 2931 :
1463 2877 1644 2949 Neque
1668 2880 1828 2945 enim,

270 2968 456 3036 inquit,
482 2967 689 3037 quando
720 2968 916 3021 audivit
945 2976 1084 3020 terra
1109 2981 1128 3018 .'
1163 2968 1413 3037 germinet
1432 2967 1646 3021 herbam
1668 2968 1826 3038 foeni,

268 3068 310 3110 et
339 3058 536 3127 lignum
562 3057 917 3127 fructiferum,
949 3056 1207 3111 occultum
1235 3058 1439 3112 habena.
1477 3057 1686 3126 foenum
1714 3076 1832 3129 pro-

1928 1884 1972 1938 si
1998 1891 2138 1949 erat,
2171 1898 2276 1938 non
2303 1881 2371 1936 de
2420 1881 2720 1951 privatione
2769 1880 2853 1935 sui
2892 1880 3061 1935 erat?
3107 1877 3163 1933 Si
3200 1892 3329 1934 vero
3358 1878 3502 1932 nullo

1928 1976 2087 2028 modo
2111 1982 2248 2036 erat,
2280 1973 2594 2042 priusquam
2650 1972 2824 2034 ﬁeret,
2870 1970 3015 2023 omni
3062 1969 3377 2024 habitudine
3405 1983 3497 2022 ca-

1927 2066 2102 2120 ruisse
2129 2078 2287 2119 nemo
2318 2064 2363 2098 ¹⁸
2398 2064 2698 2133 sapientum
2726 2061 2951 2115 dubitat.
2978 2060 3049 2116 At
3076 2061 3121 2116 si
3148 2062 3294 2116 omni
3341 2059 3493 2115 habi-

1930 2156 2112 2211 tudine
2165 2154 2355 2221 caruit,
2398 2153 2669 2223 quomodo
2713 2151 2781 2206 de
2825 2151 3126 2220 privatione
3171 2150 3499 2207 habiti-diuis

1926 2260 2056 2301 suae
2084 2246 2198 2301 ﬁeri
2229 2245 2401 2315 potuit
2435 2244 2500 2308 ⁸ο,
2543 2254 2702 2313 quam
2728 2257 3001 2312 nunquam
3032 2241 3258 2296 habuit?
3298 2241 3498 2301 Eadem

1926 2346 2013 2392 est
2039 2337 2179 2391 ratio
2218 2337 2284 2390 de
2311 2335 2581 2390 essentiae
2612 2332 2913 2403 negatione.
2958 2332 3055 2389 Est
3098 2331 3499 2402 enim'negatio

1929 2428 2011 2482 rei
2058 2426 2340 2481 existentis
2384 2424 2468 2479 vel
2516 2422 2633 2478 ﬁeri
2672 2421 2901 2477 valentis
2954 2422 3190 2491 perfecta
3233 2421 3497 2476 absentia.

1928 2519 2184 2574 Absentia
2225 2530 2458 2585 namque
2505 2525 2589 2570 est
2638 2514 2718 2570 rei
2762 2513 3041 2584 cujusdam
3069 2513 3383 2584 praesentis,
3416 2513 3499 2566 vel

1927 2622 2184 2681 praesens
2208 2609 2320 2665 ﬁeri
2352 2609 2594 2671 valentis,
2622 2623 2652 2663 a
2696 2609 2943 2663 sensibus
2965 2607 3162 2662 ablatio
3185 2606 3252 2660 ’°.
3283 2606 3339 2661 Si
3368 2621 3496 2676 ergo

1931 2704 2162 2756 mundus
2187 2701 2254 2756 de
2283 2701 2524 2756 absentia
2555 2699 2727 2755 factus
2752 2706 2852 2762 est,
2878 2697 3169 2769 praecessit
3194 2696 3368 2767 aliqua
3398 2713 3498 2750 na-

1929 2799 2073 2857 tura,
2102 2788 2254 2858 cujus
2279 2790 2609 2845 babitudinis
2656 2789 2885 2858 privatio
2923 2787 3003 2841 vel
3045 2787 3313 2842 essentiae
3340 2787 3384 2818 "
3408 2787 3503 2840 ab-

1930 2879 2101 2933 sentia
2130 2877 2395 2933 condendi
2437 2877 2621 2930 mundi
2669 2877 2884 2930 occasio
2931 2874 3071 2929 facta
3119 2883 3222 2929 est.
3269 2872 3334 2928 Et
3387 2875 3499 2943 ipsa

1930 2978 2121 3027 natura
2152 2978 2246 3024 aut
2288 2971 2443 3031 Deus,
2497 2976 2590 3022 aut
2637 2979 2891 3022 creatura
2935 2974 3073 3020 erat.
3131 2966 3196 3020 Et
3230 2969 3276 3020 si
3334 2966 3497 3029 Deus,

1931 3070 2193 3132 cogentur
2216 3062 2392 3125 fateri,
2423 3075 2488 3115 ex
2512 3061 2736 3115 Divinae
2757 3065 2986 3113 naturae
3011 3060 3311 3128 privatione
3350 3058 3501 3113 habi-

268 3149 429 3213 duxit,
456 3165 615 3220 neque
653 3149 906 3219 palmam,
950 3160 1042 3203 aut
1083 3166 1350 3220 quercum,
1398 3159 1486 3203 aut
1532 3166 1828 3219 cypressum
1856 3137 1900 3197 Ο
1934 3153 2134 3208 tudinis
2161 3153 2240 3207 vel
2265 3153 2531 3207 essentiae
2553 3151 2794 3207 absentia
2808 3152 3063 3205 mundum
3090 3148 3287 3205 factum
3310 3149 3497 3206 fuisse.

269 3250 379 3291 ante
397 3250 723 3308 conspectum
750 3239 1028 3294 visceribus
1054 3240 1162 3293 suis
1187 3240 1392 3294 occulto
1429 3241 1607 3295 eduxit
1654 3242 1711 3294 in
1744 3258 1832 3295 au-

267 3328 543 3395 perﬁciem,
570 3331 661 3383 sed
683 3329 927 3384 Divinum
948 3330 1157 3384 verbum
1180 3340 1369 3385 natura
1390 3341 1464 3386 est
1485 3349 1832 3403 eorum,quae

271 3415 404 3482 facta
449 3427 589 3471 sunt.
627 3415 931 3473 Producat.‘
957 3436 1081 3484 non,
1124 3421 1263 3490 quod
1312 3421 1486 3486 habet,
1535 3422 1830 3491 deprontat,

270 3508 354 3559 sed
411 3509 548 3581 quod
609 3526 714 3564 non
753 3510 926 3576 habet,
962 3521 1094 3564 creet
1139 3513 1181 3577 ",
1239 3510 1352 3565 Deo
1399 3513 1627 3567 donante
1653 3530 1833 3581 opera-

273 3597 422 3652 tionis
452 3600 709 3654 virtutem.
752 3600 993 3665 intende,
1025 3615 1186 3670 quam
1232 3601 1548 3658 ﬁduciaiiter
1595 3618 1833 3672 pronun-

272 3687 449 3754 ciavit,
476 3697 722 3743 naturam
751 3690 1010 3755 omnium,
1037 3706 1177 3761 quae
1204 3690 1344 3746 facta
1388 3699 1536 3751 sunt.
1569 3691 1662 3746 Dei
1696 3691 1832 3747 Ver-

274 3778 393 3834 bum
417 3796 554 3837 esse.
580 3782 660 3837 Ac
703 3784 726 3814 ⁸
777 3782 920 3837 nulla
952 3783 1043 3837 tibi
1076 3783 1311 3852 suspicio
1357 3784 1611 3853 subrepat
1647 3783 1830 3838 existi-

275 3870 470 3936 mandi,
500 3873 641 3941 quod
662 3872 803 3926 aliud
830 3874 902 3927 sit
947 3872 1040 3928 Dei
1070 3874 1321 3939 Verbum,
1358 3873 1501 3934 aliud
1530 3872 1646 3944 ejus
1680 3888 1833 3944 prae-

271 3968 497 4028 ceptum.
528 3960 582 4015 id
603 3962 777 4031 ipsum
814 3976 1044 4031 namque
1084 3963 1139 4018 in
1190 3977 1257 4018 eo
1307 3969 1363 4017 et
1397 3976 1515 4018 0530
1563 3972 1647 4017 est
1695 3962 1738 4028 °,
1777 3970 1833 4017 et

246 4066 249 4077 ν
273 4051 448 4106 omnia
470 4067 583 4107 esse
596 4052 817 4120 jubere;
850 4054 1075 4109 essendo
1093 4054 1237 4108 enim
1273 4055 1445 4123 ipsum
1469 4054 1603 4108 ﬁunt
1621 4055 1827 4119 omnia,

275 4140 517 4209 quoniam
543 4144 714 4211 ipsum
744 4143 924 4197 omnia
963 4151 1066 4198 est.
1114 4143 1182 4197 Et
1210 4152 1269 4198 ut
1306 4145 1506 4201 certius
1537 4159 1832 4214 cognoscas

279 4229 368 4283 Dei
396 4230 618 4284 Verbum
641 4241 697 4286 et
711 4242 955 4285 naturam
979 4234 1217 4286 omnium
1242 4242 1455 4297 esse,et
1481 4234 1833 4289 consubstan-

278 4318 451 4371 tialem
470 4316 611 4374 Patri
643 4332 767 4373 ante
792 4321 970 4375 omnia
996 4331 1050 4376 et
1075 4323 1116 4353 ¹⁰
1142 4322 1194 4376 in
1226 4322 1490 4385 omnibus,
1521 4338 1660 4392 quae
1681 4323 1735 4377 in
1765 4339 1833 4378 eo

1935 3242 1992 3297 Si
2019 3257 2147 3297 vero
2176 3251 2447 3306 creatura,
2481 3242 2788 3297 necessario
2816 3240 3064 3305 visibilis,
3098 3249 3192 3294 aut
3219 3239 3501 3295 invisibilis

1931 3333 2054 3388 erit.
2086 3333 2141 3387 Si
2168 3332 2412 3396 visibilis,
2453 3332 2612 3387 alium
2660 3331 2919 3386 mundum
2953 3332 3216 3388 visibilem
3255 3345 3503 3403 praeces-

1932 3422 2069 3477 sisse
2114 3422 2370 3477 debemus
2395 3422 2647 3486 credere;
2690 3422 2735 3475 si
2782 3420 3083 3486 invisibilis,
3132 3435 3238 3491 qua
3292 3420 3502 3475 ratione

1933 3514 2178 3584 cogimur
2204 3515 2521 3578 concedere,
2565 3515 2631 3568 de
2664 3514 2953 3569 invisibilis
2978 3523 3204 3568 naturae
3255 3511 3500 3567 absentia

1932 3602 2191 3657 mundum
2221 3601 2382 3657 istum
2413 3599 2609 3655 factum
2648 3600 2815 3657 fuisse
2844 3603 2912 3668 “,
2945 3611 3039 3657 aut
3064 3616 3184 3656 eam
3216 3600 3262 3632 ³³
3287 3601 3502 3670 penitus

1933 3694 2186 3747 mundum
2234 3692 2626 3762 praecessisse?
2661 3692 2718 3747 Si
2748 3708 2876 3748 vero
2900 3693 3304 3748 universitatem
3336 3692 3500 3747 totius

1933 3783 2161 3838 visibilis
2185 3790 2242 3837 et
2270 3783 2552 3837 invisibilis
2578 3792 2802 3839 naturae
2828 3784 2895 3838 de
2937 3784 3105 3839 nihilo
3150 3783 3348 3838 factam
3380 3799 3500 3840 esse

1931 3889 2058 3927 vera
2082 3873 2234 3928 docet
2263 3873 2425 3937 ratio,
2452 3873 2759 3941 nullamque
2804 3882 3050 3928 naturam
3082 3882 3296 3942 praeter
3324 3856 3498 3942 ipsum

1931 3962 2098 4016 Deum
2126 3963 2482 4032 praecessisse
2519 3962 2586 4026 “,
2614 3963 2883 4031 quomodo
2914 3963 2982 4017 de
3017 3962 3254 4016 absentia
3280 3962 3363 4016 vel
3391 3963 3502 4032 pri-

1930 4054 2145 4107 vatione
2175 4068 2376 4116 reruni,
2405 4066 2545 4120 quae
2573 4065 2844 4120 nunquam
2866 4059 3045 4117 erant,
3067 4054 3298 4105 mundus
3326 4050 3500 4108 factus

1929 4150 2034 4205 est,
2064 4157 2169 4196 non
2203 4142 2457 4211 intelligo.
2487 4140 2546 4195 Si
2577 4155 2703 4195 vero
2729 4141 2851 4210 quis
2879 4142 3098 4205 dixerit,
3126 4154 3299 4209 neque
3323 4142 3498 4211 priva-

1931 4236 2131 4289 tionem
2163 4234 2507 4297 habitudinis,
2541 4247 2714 4302 neque
2740 4233 3036 4289 absentiam
3064 4215 3288 4298 alicujus
3315 4247 3499 4287 essen-

1931 4324 2036 4377 tiae
2065 4325 2110 4357 ³³
2144 4324 2274 4377 nihil
2300 4323 2345 4359 ³⁸
2376 4322 2590 4376 nomine
2635 4322 2944 4391 signiﬁcari,
3000 4322 3092 4375 sed
3141 4321 3497 4378 universalem

278 4406 410 4460 facta
439 4419 578 4473 sunt,
605 4420 866 4474 creatum,
912 4413 1036 4466 audi
1072 4412 1432 4468 Ecclesiasten
1459 4432 1474 4468 :
1506 4413 1829 4484 Sapientiam
1864 4475 1900 4484 ἡ
1935 4415 2101 4467 totius
2130 4411 2477 4474 habitudinis,
2507 4418 2557 4464 et
2588 4411 2878 4473 essentiae,
2911 4410 2995 4463 vel
3034 4409 3381 4474 substantiae,
3413 4410 3498 4464 vel

278 4493 395 4560 Dei,
426 4496 607 4567 inquit,
633 4503 1022 4569 praecedentem
1052 4504 1090 4542 ι’
1131 4502 1303 4555 omnia
1325 4504 1440 4572 quis
1467 4475 1780 4574 investigarit
1806 4504 1832 4558 ?
1861 4475 1908 4533 θ
1936 4503 2252 4566 accidentis,
2271 4512 2329 4555 et
2348 4502 2663 4571 simpliciter
2686 4502 2944 4564 omnium,
2974 4516 3113 4570 quae
3153 4500 3257 4558 dici
3305 4509 3361 4556 et
3411 4488 3497 4555 in-

278 4583 415 4641 Ecce
443 4589 479 4619 "
499 4591 939 4648 coaeternitatem
966 4591 1110 4646 Patri
1137 4603 1192 4646 et
1216 4594 1720 4648 cocsscutiaiitatcm
1761 4595 1823 4647 “.

279 4677 345 4730 Et
373 4680 615 4736 continuo
642 4681 889 4749 sequitur
916 4699 929 4736 :
960 4680 1141 4737 Primo
1172 4684 1399 4738 omnium
1420 4697 1593 4739 creata
1638 4695 1712 4739 est
1740 4702 1829 4739 stt-

278 4768 484 4835 pientfa.
513 4771 647 4826 Ecce
673 4772 725 4824 in
748 4772 1013 4827 creaturis
1039 4772 1260 4827 factum.
1283 4775 1418 4826 Audi
1443 4774 1824 4842 Evangelium:

280 4855 434 4920 Quod
451 4858 637 4926 factum
658 4871 733 4916 est
758 4862 815 4919 in
861 4863 992 4933 ipso,
1032 4866 1137 4916 vita
1161 4873 1290 4918 erat.
1344 4863 1478 4918 Nam
1514 4866 1656 4933 quod
1702 4865 1827 4920 alibi

278 4946 332 4998 in
357 4945 633 5007 Salomone
651 4951 874 5022 legitur:
894 4920 1141 5008 50min”
1161 4954 1346 5007 creavit
1369 4971 1449 5007 nte
1477 4955 1531 5008 in
1554 4955 1703 5009 initio
1724 4957 1830 5009 ria-

1932 4596 2095 4664 tetligi
2143 4603 2406 4664 possunt,
2443 4594 2784 4665 negationem
2812 4632 2827 4657 ,
2866 4590 3216 4648 concludetur
3258 4592 3336 4648 sic
3367 4609 3382 4647 :
3431 4606 3501 4648 eo

1931 4686 2096 4755 igitur
2123 4685 2163 4716 ⁸⁷
2188 4683 2446 4739 vocabulo
2472 4683 2637 4739 Deum
2666 4684 2839 4738 vocari
2865 4695 3080 4737 necesse
3106 4689 3208 4746 est,
3239 4681 3330 4751 qui
3353 4680 3501 4737 solus
3554 4673 3561 4723 ἶ

1931 4773 2215 4842 negatione
2262 4773 2522 4836 omnium,
2576 4788 2715 4842 quae
2761 4780 2915 4835 sunt,
2964 4772 3180 4840 proprie
3232 4771 3501 4839 inanitur,

1931 4864 2055 4933 quia
2086 4878 2249 4933 super
2275 4877 2457 4925 omne,
2489 4862 2628 4929 quod
2659 4860 2858 4914 dicitur
2886 4868 2942 4914 et
2985 4860 3321 4929 intelligitur,
3347 4860 3498 4914 exal-
3542 4924 3548 4938 ι

1931 4965 2097 5020 tatur,
2145 4954 2236 5023 qui
2267 4954 2469 5019 nullum
2514 4966 2723 5017 eorum,
2762 4966 2901 5021 quae
2948 4960 3073 5007 sunt
3112 4960 3168 5006 et
3210 4966 3348 5027 quae
3390 4967 3511 5011 nou,

1498 5128 1750 5185 "ABIAE
1786 5126 2179 5193 LECTIONES.

349 5262 366 5293 ¹
398 5262 599 5337 (ξηαπ
627 5282 753 5337 ergo
777 5267 965 5322 miror.
1046 5269 1068 5299 ’
1093 5267 1134 5322 C
1164 5268 1388 5336 negaris.
1482 5265 1561 5321 ’Δ
1584 5276 1723 5321 sunt.

277 5342 356 5382 nt.
448 5334 464 5361 ’
486 5337 661 5397 (ἰηι-ιι..
688 5334 747 5391 ’Λ
778 5348 855 5391 est
884 5348 934 5391 et
962 5354 1091 5401 esse,
1117 5338 1157 5393 C
1186 5334 1295 5391 esse
1324 5350 1372 5390 et
1401 5350 1495 5391 est.

276 5406 689 5462 roeventtalem.
786 5408 827 5439 “’
865 5410 1121 5461 essentiae
1166 5424 1276 5462 ont.
1329 5416 1392 5461 Α.

279 5470 322 5501 ’⁸
356 5470 401 5524 Α
430 5473 611 5529 nullus.
678 5478 722 5510 ”
748 5477 787 5529 (Σ
816 5480 1061 5545 potuerit.

279 5556 391 5588 ητιι.
425 5542 477 5588 Α.
580 5549 625 5577 ⁸⁸
653 5546 709 5588 gi
742 5563 858 5588 rem
882 5558 1058 5588 rrnnru

275 5556 391 5593 οτιι.
425 5556 455 5588 ἃ
467 5582 477 5594 .

274 5626 388 5662 nul.
423 5608 480 5665 Α.
552 5618 595 5647 ⁸⁵
626 5621 664 5670 Α
706 5634 847 5686 ergo.

1503 5408 1546 5440 ⁸³
1583 5408 1768 5478 igitur.

1809 5264 1832 5297 ⁸
1853 5269 1889 5321 Α
1927 5284 2035 5322 esse
2065 5270 2283 5338 factum.

1604 5338 1652 5369 “’
1693 5352 1740 5390 et
1768 5352 1879 5392 om.
1919 5340 1981 5392 A.

1166 5424 1276 5462 Otii.
1329 5416 1392 5461 Α.
1503 5408 1546 5440 ⁸³
1583 5408 1768 5478 igitur.
1882 5408 1923 5438 ¹⁶
1967 5409 2012 5471 Α
2062 5409 2242 5463 dicunt
2280 5408 2552 5464 'ntttndnm

1160 5479 1204 5510 ¹⁰
1238 5479 1480 5531 Αὀδειιιία
1518 5494 1740 5535 namque
1772 5506 1841 5517 ——
1878 5478 2003 5533 abla
2032 5480 2081 5533 io
2120 5495 2229 5534 out.
2262 5480 2325 5535 C.
2424 5483 2465 5512 ¹¹
2502 5486 2552 5533 ht

1302 5499 1480 5531 sanna
1518 5499 1740 5533 u'tm’me
1772 5506 1841 5517 -··
1878 5499 2003 5533 ama
2032 5499 2081 5533 ιο
2120 5499 2229 5533 (NII.
2262 5499 2325 5533 ιι.

580 5495 611 5529 ς.
679 5495 722 5510 υ
748 5495 787 5529 ι,
816 5495 1061 5545 patuerit.
1162 5495 1204 5510 ιν
1238 5495 1480 5531 mserum
1518 5495 1740 5546 ηἰηηιιε
1772 5506 1841 5517 -
1878 5495 2003 5533 ama
2032 5497 2081 5533 to
2120 5495 2229 5534 om.
2262 5495 2325 5535 υ.
2424 5495 2465 5512 ι·
2502 5495 2821 5533 namtuamts
2861 5495 3088 5544 pt'tl‘atto
3136 5495 3212 5525 ιέι
3252 5495 3512 5524 εδκιιηαι

580 5549 625 5619 ν
651 5546 709 5600 Si
742 5563 858 5599 rem
882 5558 1125 5602 creatura
1148 5579 1216 5590 --
1254 5550 1451 5619 factum
1478 5548 1635 5619 fuisse
1660 5563 1769 5605 om.
1802 5548 1859 5604 C.
1933 5549 1979 5579 ’³
2002 5550 2040 5605 C
2061 5552 2242 5606 etiam.
2306 5554 2349 5583 ”
2376 5549 2436 5607 Si
2460 5568 2576 5605 τινι-ο
2612 5547 3009 5603 universitatem
3062 5573 3117 5583 -
3168 5542 3512 5610 praecessisse

3022 5267 3040 5295 ⁷
3068 5266 3105 5317 Δ
3136 5271 3300 5316 t‘reut.
3395 5261 3417 5291 ⁸
3448 5259 3511 5314 Α.

3079 5335 3183 5385 ³³0
3217 5342 3289 5384 et.
3394 5330 3514 5383 "A

3030 5403 3071 5434 ⁸⁷
3103 5418 3214 5456 esse
3265 5415 3377 5454 om.
3438 5400 3509 5454 Α.

2364 5271 2384 5303 ⁸
2409 5268 2499 5324 Sic
2532 5269 2637 5325 AC.
2735 5269 2819 5320 ‘A
2850 5266 2938 5319 At.

2080 5341 2117 5371 ¹¹
2143 5342 2183 5393 U
2213 5342 2478 5409 rapientia
2523 5370 2590 5380 -—
2622 5339 2985 5408 praecedente.

2620 5411 2897 5463 rivatione.

2424 5483 2465 5512 ¹¹
2502 5470 2821 5533 habitudmis
2861 5473 3088 5544 privatio
3136 5471 3215 5525 vel
3252 5470 3515 5544 essentiae
