3912 6154
373 326 477 382 687

1746 317 2028 373 JOANNIS
2065 318 2261 375 SCOTI

3514 321 3619 375 688

383 448 526 501 sunt,
559 447 660 499 est,
685 437 773 506 qui
803 437 990 490 melius
1022 434 1312 489 nesciendo
1341 433 1526 488 scitur.
1582 431 1660 486 Ac
1712 446 1809 500 per
1842 433 1943 486 hoc
1975 454 2018 510 Α
2047 431 2286 485 creditur
2327 430 2517 485 iecisse
2566 431 2844 495 mundum,
2875 432 3222 503 signiﬁcatur.
3255 433 3503 504 Quisquis
3547 439 3616 493 de

374 535 518 587 inter
546 547 642 584 nos
665 538 719 582 et
741 529 904 591 illum,
937 527 1025 595 qui
1057 527 1368 582 videbamur
1393 539 1413 574 ι
1477 525 1783 587 dissentire,
1815 539 1940 577 con-

371 622 571 675 veniet.
605 618 660 670 Si
709 626 884 669 autem
903 616 1290 683 responderit:
1325 629 1497 682 neque
1525 614 1666 667 illam
1707 612 1942 681 negatio-

373 725 497 764 nem
521 709 639 761 dico
670 704 836 758 nihilo
865 703 1180 774 significari,
1219 717 1322 772 qua
1377 711 1603 772 negatur
1642 701 1785 757 Deus
1823 715 1944 755 esse

373 798 500 868 quid
531 813 737 860 eorum,
765 812 903 865 quae
927 805 1071 859 sunt,
1101 795 1192 850 sed
1228 795 1392 857 illam,
1422 809 1560 864 quae
1584 803 1747 864 negat
1775 794 1943 848 Deum

372 897 424 941 et
452 898 788 950 creaturam;
820 885 1124 942 necessario
1147 884 1422 946 fatebitur,
1453 884 1593 952 quod
1641 883 1822 952 negari
1855 897 1947 936 co-

371 976 620 1039 nabatur,
654 977 756 1030 hoc
777 984 877 1039 est,
906 976 971 1030 de
1001 976 1281 1045 negatione
1297 974 1378 1027 vel
1415 975 1434 1014 ³
1466 973 1763 1044 privatione
1807 973 1899 1026 Dei
1925 972 1945 1002 ³

371 1074 428 1119 et
460 1075 742 1120 creaturae
771 1065 1026 1120 mundum
1058 1064 1256 1118 factum
1301 1062 1484 1118 fuisse.
1519 1062 1746 1116 Mundus
1782 1062 1947 1131 siqui-

372 1161 492 1213 dem
523 1159 587 1213 de
610 1159 832 1212 materia
864 1157 1075 1212 informi
1107 1157 1278 1213 lactus
1310 1165 1424 1222 est;
1460 1157 1681 1210 materia
1706 1155 1948 1210 informis

372 1251 438 1304 de
465 1249 686 1303 omnino
713 1248 910 1313 nihilo;
945 1263 1008 1302 ac
1035 1261 1130 1316 per
1171 1247 1273 1302 hoc
1302 1256 1352 1301 et
1380 1247 1612 1301 mundus
1639 1247 1705 1301 de
1729 1246 1949 1301 omnino

373 1340 679 1396 nihilo.Non
694 1341 856 1402 enim,
874 1348 930 1392 ut
943 1339 1154 1408 opinor,
1175 1337 1390 1392 audebit
1418 1337 1618 1397 dicere,
1635 1351 1793 1390 omne
1809 1337 1949 1403 quod

374 1440 478 1493 est,
510 1437 603 1482 aut
632 1429 770 1482 Deus
800 1427 842 1491 ’⁵,
891 1436 983 1480 aut
1020 1437 1266 1480 creatura
1311 1435 1418 1492 est,
1471 1435 1563 1480 aut
1592 1427 1612 1457 ⁵
1658 1441 1757 1479 nec
1785 1425 1948 1488 Deus,

373 1535 473 1574 nec
495 1528 744 1572 creatura
774 1534 790 1583 ;
832 1531 952 1571 nam
1001 1517 1044 1571 si
1084 1516 1303 1580 dixerit,
1336 1517 1478 1570 inter
1502 1530 1618 1580 eos,
1649 1516 1739 1586 qui
1768 1516 1951 1568 dicunt

371 1610 656 1666 materiam
680 1609 786 1663 Deo
805 1617 1144 1666 coaeternam
1169 1622 1307 1672 esse,
1332 1607 1747 1676 computabitur,
1767 1607 1831 1660 de
1846 1593 1951 1676 qua

372 1700 514 1754 Dens
541 1697 794 1753 mundum
829 1696 1018 1752 fecisse
1059 1696 1126 1748 ab
1156 1695 1222 1749 iis
1249 1695 1559 1764 putabatur.
1596 1695 1665 1749 At
1695 1695 1738 1749 si
1769 1708 1946 1758 omne,

2048 521 2429 575 constitutione
2459 523 2638 575 umndi
2661 523 2920 576 rationem
2947 524 3167 577 reddere
3190 526 3476 592 desiderat,
3503 533 3618 584 suis

2046 612 2372 681 sequacibus
2396 612 2578 683 eligat,
2615 614 2740 682 quid
2763 616 3018 679 suadeat;
3052 631 3149 670 nos
3182 627 3360 672 autem
3401 631 3617 676 uestrae

2047 705 2471 760 ratiocinationis
2505 704 2607 758 iter
2637 714 2932 769 teneamus,
2957 715 3011 759 et
3039 709 3291 775 quoniam
3335 724 3616 778 propemo-

2046 793 2174 846 dum
2216 793 2358 847 inter
2397 808 2496 848 nos
2526 801 2608 848 est
2634 795 2937 848 confectum
2982 796 3047 859 ³³,
3091 799 3268 850 omnia
3299 813 3364 852 ex
3403 799 3532 861 Deo.
3561 813 3619 855 et

2048 883 2214 936 Deum
2243 882 2296 936 in
2323 884 2573 937 omnibus
2608 899 2745 946 esse,
2777 893 2831 938 et
2861 900 2963 939 non
2997 886 3210 941 aliunde
3243 889 3340 942 nisi
3389 905 3454 943 ex
3501 892 3616 958 ipso

2047 973 2190 1027 facta
2217 988 2358 1036 esse,
2390 976 2642 1044 quoniam
2673 991 2739 1029 ex
2767 977 2883 1045 ipso
2910 986 2966 1031 et
2987 993 3084 1047 per
3113 979 3284 1048 ipsum
3315 991 3369 1034 et
3413 982 3464 1033 iu
3502 983 3617 1052 ipso

2049 1063 2187 1119 facta
2217 1074 2343 1119 sunt
2371 1067 2567 1126 omnia.
2598 1067 2865 1136 quomodo
2893 1070 3279 1140 quadripertita
3320 1074 3483 1129 to‘ius
3522 1090 3618 1130 na-

2051 1162 2202 1208 turae
2252 1155 2506 1210 discretio
2559 1155 2669 1211 Deo
2711 1159 3028 1224 conveniat,
3071 1159 3226 1230 plane
3275 1177 3338 1217 ac
3383 1165 3617 1220 ltrcviter

2049 1242 2385 1311 recapitules,
2410 1242 2608 1314 ﬂagito.

2117 1334 2205 1387 23.
2239 1333 2295 1386 la
2331 1334 2777 1403 disputationibus
2815 1352 3062 1408 namque,
3090 1349 3144 1394 et
3170 1341 3402 1396 maxime
3428 1343 3494 1398 de
3523 1343 3617 1399 ob-

2051 1424 2224 1477 scuris
2249 1424 2409 1479 rebus
2434 1425 2478 1456 ¹⁰
2508 1426 2731 1480 multum
2753 1428 2894 1483 valet
2921 1433 3360 1502 ἀνακεφαλαίωσις,
3393 1436 3494 1488 hoc
3513 1446 3616 1501 e—t,

2054 1515 2451 1584 recapitulatio;
2507 1518 2744 1572 breviter
2809 1521 2951 1576 enim
3011 1537 3300 1595 aperteque
3346 1531 3615 1596 praedicta

2050 1607 2230 1662 omnia
2264 1607 2316 1662 iu
2366 1610 2678 1665 memoriam
2724 1621 2961 1679 revocat,
2998 1617 3299 1684 mentisque
3345 1619 3619 1675 obtutibus

2051 1704 2268 1760 cuncta,
2299 1710 2436 1764 quae
2463 1706 2578 1750 acta
2601 1707 2748 1764 sunt,
2781 1699 2939 1754 simul
2976 1702 3257 1758 manifesta
3286 1717 3430 1759 sunt.
3475 1707 3613 1761 Mm.

372 1791 513 1859 quod
550 1797 653 1853 est,
684 1796 773 1843 aut
821 1786 981 1850 Deus,
1011 1792 1102 1839 aut
1153 1794 1399 1840 creatura
1430 1793 1534 1849 est,
1565 1793 1619 1838 et
1673 1799 1828 1838 nemo
1859 1798 1947 1838 sa-
1979 1795 2022 1854 Β
2050 1783 2126 1838 De
2147 1785 2276 1849 Deo,
2295 1795 2355 1840 ut
2380 1785 2592 1856 Opinor,
2623 1788 2762 1844 inter
2793 1805 2892 1844 nos
2919 1803 3264 1856 convenerat,
3291 1797 3433 1864 quod
3459 1798 3621 1852 totius

374 1895 501 1933 num
533 1879 554 1911 ⁸
585 1878 796 1947 sapiens
843 1875 1186 1930 aestimarit"
1237 1875 1493 1930 mundum
1557 1874 1623 1928 de
1670 1873 1952 1943 negatione

377 1971 469 2024 Dei
499 1979 552 2024 et
577 1978 860 2038 creaturae
905 1967 1129 2030 factum,
1153 1965 1475 2034 relinquitur
1504 1964 1614 2019 sola
1647 1965 1736 2021 illa
1787 1979 1950 2032 nega-

377 2064 454 2117 tio
481 2061 547 2115 ad
576 2074 796 2118 causam
829 2056 1012 2116 mundi
1047 2055 1294 2118 faciendi,
1326 2070 1464 2125 quae
1491 2054 1758 2110 ablatione
1787 2052 1950 2109 totius

376 2161 680 2216 creaturae,
713 2163 872 2219 super
898 2163 1080 2213 omne,
1117 2147 1259 2217 quod
1295 2145 1490 2201 dicitur
1532 2154 1587 2198 et
1614 2143 1947 2214 intelligitur,

376 2247 547 2300 Deum
574 2241 838 2307 exaltans,
871 2239 1005 2295 nihil
1033 2255 1240 2304 eorum,
1272 2251 1410 2306 quae
1437 2245 1563 2291 sunt
1589 2243 1644 2290 et
1669 2249 1808 2303 quae
1837 2249 1947 2288 non

376 2344 525 2400 sunt,
551 2349 672 2388 eum
709 2346 830 2388 esse
879 2331 1212 2402 pronuntiat.
1259 2329 1354 2384 Est
1379 2329 1522 2383 enim
1557 2327 1850 2380 maximum
1883 2327 1949 2380 de

376 2424 479 2479 hac
506 2422 714 2481 ratione
734 2429 1129 2493 argumentum.
1163 2419 1223 2475 Si
1251 2420 1355 2474 duo
1384 2417 1646 2488 quaedam
1673 2417 1951 2472 suntDeus

375 2523 432 2569 et
483 2523 753 2577 creatura,
807 2519 898 2566 aut
954 2510 1018 2565 ab
1061 2523 1166 2564 uno
1234 2509 1499 2579 principio
1557 2516 1702 2573 sunt,
1751 2522 1814 2563 ac
1856 2523 1954 2577 per

376 2605 480 2658 hoc
501 2604 737 2673 ejusdem
761 2612 983 2656 naturae
998 2631 1066 2640 -—
1083 2617 1188 2655 non
1204 2601 1345 2656 enim
1364 2615 1428 2660 ex
1446 2601 1708 2674 principio
1732 2616 1838 2658 uno
1853 2616 1950 2660 ua-

379 2702 604 2748 scuntnr
628 2689 900 2745 contraria
934 2690 1226 2744 secundum
1252 2699 1532 2753 naturam;
1587 2688 1669 2743 sui
1720 2702 1952 2756 namque

379 2798 432 2849 pi
447 2779 623 2848 incipii
639 2787 886 2832 naturam
903 2777 1258 2831 attrahunt—
1272 2784 1362 2829 aut
1377 2792 1472 2846 per
1493 2791 1550 2830 se
1569 2775 1674 2830 duo
1692 2775 1949 2845 principia

379 2881 502 2926 sant
527 2872 742 2930 sibimet
765 2870 786 2901 ⁸
817 2869 1062 2928 adversa.
1089 2867 1222 2924 Nam
1251 2868 1392 2922 sicut
1437 2867 1806 2922 substantialia
1844 2880 1950 2920 non

379 2973 502 3015 sunt
525 2961 649 3026 duo,
682 2960 773 3017 sed
804 2973 990 3018 unum.
1025 2957 1083 3012 Si
1103 2966 1278 3012 autem
1321 2957 1462 3014 Deus
1489 2968 1542 3012 et
1569 2967 1812 3013 creatura
1843 2971 1948 3013 non

377 3066 502 3110 sunt
523 3056 647 3119 duo,
679 3055 770 3110 sed
801 3069 962 3107 unmn
995 3061 1049 3107 et
1078 3068 1276 3117 unum;
1311 3061 1403 3109 aut
1434 3050 1678 3120 aequalia
1711 3057 1853 3114 sunt,
1896 3057 1953 3102 et

2049 1873 2416 1930 universitatis
2437 1877 2686 1932 conditae
2726 1879 3045 1949 principium
3078 1882 3165 1946 sit,
3198 1891 3252 1936 et
3282 1885 3537 1947 medium,
3566 1896 3621 1941 et

2050 1964 2192 2030 linis,
2218 1981 2321 2020 non
2350 1968 2492 2037 quod
2535 1969 2678 2024 aliud
2722 1971 2771 2026 ei
2818 1971 2888 2025 sit
2923 1988 3044 2028 esse
3089 1975 3424 2046 principium,
3473 1979 3619 2034 aliud

2051 2054 2308 2120 medium,
2341 2054 2484 2110 aliud
2523 2055 2674 2123 linis;
2721 2059 2854 2114 haec
2891 2062 3035 2114 enim
3065 2064 3164 2117 tria
3213 2065 3264 2118 in
3315 2067 3429 2137 ipso
3454 2084 3619 2122 uiitun

2051 2157 2206 2214 sunt;
2237 2150 2329 2204 sed
2368 2150 2510 2220 quod
2562 2151 2891 2223 theologicae
2917 2158 3383 2226 contemplationis
3425 2161 3618 2231 triplex

2051 2245 2230 2292 motus
2253 2237 2341 2291 sit.
2379 2238 2548 2293 Aliter
2583 2239 2728 2294 enim
2758 2251 3003 2297 movetur
3045 2245 3341 2300 intellectus
3382 2250 3494 2302 sive
3515 2251 3623 2303 iuu-

2051 2339 2262 2389 manus,
2292 2326 2406 2380 sive
2435 2325 2728 2397 angelicus,
2760 2330 3108 2386 considerans
3149 2335 3468 2406 principium
3497 2353 3621 2392 om-

2050 2415 2197 2472 nium
2222 2417 2388 2472 Deum
2412 2431 2560 2486 esse;
2590 2420 2744 2476 aliter
2769 2435 3099 2493 cognoscens
3119 2427 3294 2480 omnia
3323 2429 3375 2480 in
3403 2429 3543 2498 ipso,
3571 2441 3623 2484 et

2052 2524 2150 2580 per
2175 2511 2347 2581 ipsum
2377 2526 2519 2576 esse,
2561 2513 2723 2568 veluti
2757 2515 2808 2568 in
2839 2516 3066 2584 quadam
3104 2519 3421 2582 medietate;
3468 2522 3626 2576 aliter

2051 2601 2446 2672 contemplatur
2472 2602 2630 2657 tinem
2667 2604 2906 2658 omnium
2956 2605 3008 2660 in
3050 2607 3157 2662 Deo
3187 2623 3324 2672 esse,
3352 2620 3406 2664 et
3432 2611 3621 2677 Deum,

2050 2708 2211 2762 quem
2239 2695 2418 2748 omnia
2436 2705 2709 2766 appetunt,
2725 2708 2777 2752 et
2805 2699 2856 2752 in
2879 2715 2984 2768 quo
3007 2701 3304 2769 quiescunt,
3334 2713 3388 2758 et
3411 2705 3621 2759 vivunt.

2051 2781 2148 2837 Cui
2176 2784 2354 2837 sensui
2385 2783 2528 2838 lavet
2556 2797 2774 2841 sanctus
2794 2788 3119 2858 Augustinus
3145 2791 3196 2844 iu
3214 2792 3402 2847 libro"
3432 2805 3622 2851 octavo

2053 2873 2119 2928 de
2137 2873 2365 2928 Civitate
2395 2875 2510 2939 Dei,
2533 2878 2689 2930 tertio
2715 2880 2965 2947 capitulo,
2993 2883 3057 2936 dc
3071 2882 3290 2940 Socrate
3305 2886 3630 2960 phil050pho

2052 2965 2334 3036 disputans
2360 2985 2372 3020 :
2416 2965 2658 3032 Nolebat,
2689 2971 2882 3040 inquit,
2917 2974 3208 3030 immundos
3241 2985 3459 3035 terrenis
3482 2985 3625 3052 cupi-

2053 3053 2302 3108 ditatibus
2329 3057 2530 3108 animos
2551 3073 2660 3110 sese
2693 3062 2964 3114 extendere
2985 3063 3037 3116 in
3060 3065 3232 3118 divina
3251 3072 3627 3139 conari,quaa-

379 3148 578 3203 nullum
609 3164 673 3201 ex
703 3146 891 3200 altero.
924 3144 981 3198 Si
1011 3144 1153 3199 enim
1175 3143 1383 3207 duo,cx
1413 3159 1518 3197 uno
1548 3142 1693 3196 nasci
1725 3156 1941 3196 necesse
1968 3143 2011 3204 C
2043 3147 2314 3215 doquidem
2358 3149 2420 3199 ab
2451 3149 2515 3201 iis
2557 3166 2742 3203 causas
2795 3169 2964 3205 rerum
3007 3155 3204 3208 videbat
3241 3160 3464 3227 εηφιίνί,
3498 3179 3627 3229 qu",

377 3249 480 3292 est.
515 3237 570 3291 Si
598 3247 775 3290 autem
809 3235 948 3289 Deus
987 3249 1050 3286 ex
1098 3233 1263 3299 nullo,
1299 3242 1544 3288 creatura
1576 3247 1700 3285 vero
1723 3246 1788 3286 ex
1827 3231 1952 3296 Deo,

378 3333 486 3386 erit
517 3347 680 3388 unum,
712 3346 776 3386 ex
806 3330 975 3384 altero
1016 3336 1070 3380 ct
1124 3343 1228 3381 non
1279 3335 1406 3381 sunt
1430 3329 1450 3359 ’
1480 3325 1751 3394 aequalia;
1791 3340 1955 3380 animi

383 3437 613 3490 namque
638 3421 703 3475 ab
734 3419 941 3488 aequali
969 3418 1068 3474 sibi
1093 3432 1199 3473 uno
1227 3431 1330 3471 non
1362 3416 1612 3486 gignitur.
1639 3416 1708 3468 At
1737 3415 1780 3469 si
1805 3430 1956 3468 crea-

383 3527 500 3568 tura
526 3529 590 3568 cx
617 3513 724 3567 Deo
747 3513 868 3574 erit,
899 3511 1004 3568 erit
1053 3511 1190 3564 Deus
1219 3525 1404 3575 causa,
1435 3517 1678 3564 creatura
1710 3516 1886 3561 autem
1913 3507 1954 3542 ιθ

377 3606 618 3660 ilict-tus.
669 3602 725 3656 Si
760 3610 935 3655 autem
985 3601 1056 3653 nil
1100 3599 1241 3654 aliud
1277 3601 1317 3635 υ
1350 3607 1431 3654 est
1483 3598 1727 3659 elfectus,
1781 3596 1879 3650 nisi
1914 3599 1955 3630 ¹³

380 3712 540 3750 causa
565 3694 726 3757 facta,
763 3692 1020 3760 sequitur,
1053 3691 1218 3745 Deum
1248 3704 1462 3744 causam
1507 3688 1550 3721 ⁸³
1583 3689 1635 3743 in
1678 3687 1956 3742 eﬂectilitts

380 3809 406 3840 s
449 3789 492 3839 is
521 3785 668 3849 tieri;
701 3800 802 3838 non
829 3783 969 3836 enim
992 3797 1054 3837 ex
1091 3796 1251 3836 causa
1288 3780 1337 3834 in
1362 3778 1582 3834 eﬂectus
1609 3795 1735 3832 suos
1761 3793 1953 3846 proce-

380 3877 475 3937 «λι,
512 3876 652 3945 quod
683 3889 713 3927 a
746 3873 823 3927 sui
868 3882 1054 3925 natura
1088 3871 1316 3925 alienum
1347 3870 1438 3932 sit,
1468 3870 1732 3939 siquidem
1779 3869 1828 3921 ia
1860 3883 1952 3921 ca-

378 3966 644 4028 lorem,et
684 3963 737 4020 in
770 3961 813 3992 “
840 3960 1012 4018 lucem
1057 3961 1129 4016 nil
1160 3959 1301 4016 aliud
1349 3960 1450 4014 nisi
1504 3959 1615 4028 ipsa
1665 3958 1744 4011 vis
1799 3957 1952 4026 ignea

379 4055 610 4123 erumpit
673 4052 729 4109 Si
777 4061 953 4108 autem
987 4051 1108 4120 quis
1136 4049 1352 4113 dixerit,
1386 4065 1548 4103 unum
1584 4047 1806 4117 aequale
1851 4047 1950 4100 sibi

379 4161 540 4198 unum
570 4143 779 4214 gignit;
829 4157 947 4197 nam
979 4150 1034 4193 et
1075 4139 1215 4195 Deus
1262 4139 1435 4199 Pater,
1467 4137 1592 4191 dum
1644 4127 1951 4199 sit-unum,

377 4235 600 4304 aequale
627 4235 723 4288 sibi
754 4248 942 4297 unum,
971 4227 1638 4298 Deum“Filium,gignit:
1667 4235 1955 4296 cognoscat

377 4341 436 4378 se
465 4325 686 4378 nimium
713 4337 915 4376 errare.
950 4320 1169 4374 Summa
1213 4318 1474 4386 siquidem
1507 4326 1798 4385 sanctaque
1829 4314 1953 4368 'l‘ri.

379 4418 522 4471 nitas
552 4431 654 4468 non
685 4421 768 4468 est
805 4427 967 4467 unum
1012 4420 1065 4465 et
1091 4426 1254 4465 unum
1281 4419 1337 4463 et
1370 4419 1559 4473 unum,
1602 4409 1694 4462 sed
1725 4407 1949 4477 simplex

2057 3237 2252 3299 primas
2298 3246 2450 3306 atque
2476 3254 2704 3291 summas
2746 3257 2847 3292 non
2895 3241 2994 3294 nisi
3027 3243 3078 3294 in
3109 3246 3260 3297 unius
3279 3257 3325 3298 et
3365 3246 3409 3277 ⁸³
3434 3253 3627 3302 summi

2059 3325 2153 3379 Dei
2175 3327 2437 3379 voluntate
2463 3344 2573 3380 esse
2596 3329 2853 3383 credebat.
2887 3329 3036 3384 Unde
3066 3343 3111 3385 et
3138 3333 3184 3364 ⁸³
3219 3352 3318 3388 non
3359 3354 3448 3388 eas
3473 3352 3626 3407 puta-

2057 3417 2166 3482 bat,
2190 3418 2289 3472 nisi
2318 3420 2566 3472 mundata
2592 3433 2760 3476 mente
2797 3439 2944 3492 posse
2978 3429 3356 3494 comprehendi.
3399 3429 3470 3482 Et
3512 3435 3628 3486 ideo

2053 3510 2355 3578 purgandae
2389 3511 2534 3564 bonis
2579 3513 2806 3566 moribus
2847 3516 2977 3567 vitae
3021 3521 3251 3570 censebat
3297 3522 3626 3587 instandum,

2055 3607 2108 3649 ut
2122 3598 2520 3665 deprimentibus
2537 3599 2833 3654 libidinibus
2849 3617 3156 3661 exoneratus
3170 3611 3309 3662 anim
3319 3630 3373 3663 κδ
3391 3617 3629 3668 naturali

2054 3687 2223 3755 rigore
2243 3690 2298 3741 in
2323 3699 2532 3743 aeterna
2559 3707 2613 3744 se
2649 3692 2926 3759 attolleret,
2950 3707 3290 3766 naturamque
3331 3704 3628 3772 incorporei

2052 3788 2098 3830 et
2133 3779 2566 3834 incommutabilis
2599 3781 2832 3849 luminis,
2863 3786 2949 3837 ubi
2978 3803 3166 3840 causae
3189 3792 3416 3843 onmium
3454 3795 3630 3862 ﬁcta-

2054 3885 2168 3922 rum
2197 3879 2504 3922 naturarum
2535 3871 2790 3924 stabiliter
2836 3875 3028 3937 vivunt,
3071 3877 3440 3945 intelligentiae
3485 3887 3630 3951 pari.

2053 3970 2156 4013 tate
2207 3963 2538 4029 conspiceret.
2587 3963 2726 4018 DISC.
2763 3965 3022 4034 Perplane
3044 3970 3089 4008 8‘
3123 3984 3470 4036 convenerat,
3503 3978 3629 4044 quia

2055 4051 2191 4104 ratio
2219 4054 2498 4121 approbat.
2551 4054 2687 4110 ΜΑδ.
2737 4056 2871 4110 Dum
2912 4073 3038 4128 ergo
3087 4061 3151 4114 de
3197 4063 3377 4116 divina
3431 4079 3630 4121 natura

2053 4157 2184 4212 pure
2237 4145 2600 4213 p:rcipimus,
2656 4149 2795 4216 quod
2855 4150 3095 4204 omnium
3167 4153 3488 4223 print-ip‘uzu
3564 4160 3628 4214 sit

2051 4245 2107 4289 et
2151 4251 2358 4299 causa;
2429 4247 2512 4291 est
2573 4240 2715 4292 enim
2769 4238 3033 4313 ἄναρχος,
3088 4253 3141 4296 et
3187 4248 3454 4310 ἀναίτιος,
3530 4251 3632 4304 hoc

2047 4331 2154 4386 est,
2195 4324 2312 4378 sine
2355 4325 2636 4394 principio,
2683 4337 2737 4381 et
2781 4329 2898 4382 sine
2944 4345 3127 4395 causa,
3169 4334 3431 4404 siquidem
3497 4340 3632 4393 nih‘l

2053 4416 2346 4486 praecedit,
2381 4418 2521 4486 quod
2571 4419 2618 4472 ei
2663 4419 2926 4488 principii,
2970 4423 3051 4475 vel
3083 4439 3276 4478 causae
3320 4432 3626 4498 proportio-

378 4515 433 4561 et
463 4506 794 4560 individuum
836 4519 1000 4557 unum
1031 4503 1089 4561 in,
1139 4502 1311 4556 tribus
1354 4500 1798 4570 inseparabilibus
1825 4500 1950 4554 sub-
1983 4490 2028 4547 ί)
2055 4521 2176 4559 nem
2202 4506 2460 4569 obtineat,
2491 4507 2601 4575 ipsa
2635 4523 2761 4561 vero
2801 4512 3061 4574 omnium,
3108 4490 3334 4583 quorum
3363 4490 3534 4575 causa
3583 4528 3635 4572 οι

379 4597 618 4659 Stantiis,
664 4603 716 4650 et
750 4594 878 4649 illud
929 4609 1090 4648 unum
1146 4592 1418 4661 multiplex
1461 4593 1659 4645 virtute
1698 4598 1798 4654 est,
1844 4605 1949 4644 non

379 4702 626 4752 numero,
656 4695 708 4741 et
736 4701 840 4740 non
861 4685 1078 4755 aliquod
1097 4685 1138 4717 ³⁸
1163 4701 1323 4738 unum
1347 4692 1448 4747 est,
1468 4684 1562 4738 sed
1582 4682 1955 4737 universaliter

378 4789 434 4834 et
463 4779 667 4832 inlinitc
693 4793 875 4840 unum,
903 4785 954 4829 et
982 4791 1142 4845 super
1169 4790 1326 4829 omne
1350 4789 1533 4838 unum,
1560 4772 1701 4842 quod
1741 4772 1844 4827 dici
1871 4772 1950 4826 vel

380 4868 600 4938 intelligi
629 4877 825 4936 potest,
867 4882 1004 4920 unus
1028 4865 1071 4898 ⁸⁷
1111 4879 1237 4933 ergo
1278 4864 1345 4917 ab
1373 4878 1496 4926 uno,
1529 4877 1633 4914 non
1686 4876 1847 4915 unum
1887 4860 1954 4914 ab

382 4979 508 5026 uno,
535 4961 698 5016 Filius
715 4978 744 5014 a
764 4961 936 5014 Patre.
966 4959 1068 5012 Sed
1091 4966 1277 5012 contra
1291 4955 1460 5018 eos“,
1483 4953 1572 5022 qui
1596 4953 1722 5007 talia
1737 4955 1953 5022 dogma-

381 5060 568 5122 tizant,
601 5073 740 5112 nunc
764 5055 917 5110 nobis
943 5069 1122 5108 sermo
1153 5068 1256 5105 non
1289 5061 1402 5115 est;
1437 5050 1539 5103 hoc
1583 5057 1787 5102 tantmn
1834 5063 1954 5115 pro-

379 5152 678 5220 posuimus,
719 5159 980 5220 quantum
1031 5147 1172 5199 vires
1213 5143 1568 5212 suppetebant
1608 5140 1950 5208 investigare,

379 5241 508 5311 quid
537 5255 601 5295 eo
651 5240 886 5302 nomine,
923 5235 1064 5305 quod
1115 5243 1199 5288 est
1249 5231 1494 5293 nihilum,
1547 5230 1611 5283 de
1658 5245 1762 5299 quo
1815 5228 1954 5281 Deus

2057 4598 2376 4667 principium
2417 4605 2518 4660 cst,
2548 4607 2789 4651 naturam
2835 4611 2985 4655 creat
3013 4619 3026 4654 :
3074 4619 3176 4656 nou
3210 4604 3484 4661 immerito
3513 4625 3635 4664 eam

2057 4687 2284 4740 dicimus
2316 4687 2629 4740 creatricem
2655 4696 2924 4754 naturam,
2954 4701 3006 4744 et
3032 4708 3134 4746 non
3167 4704 3404 4748 creatam
3431 4714 3446 4762 ;
3483 4709 3640 4752 creat

2059 4790 2308 4845 namque,
2353 4785 2407 4828 et
2449 4791 2477 4828 a
2525 4774 2671 4829 nullo
2698 4779 2872 4832 creari
2923 4781 3144 4849 patitur.
3200 4782 3444 4838 Eandem
3481 4802 3637 4847 vero,

2057 4865 2292 4918 divinam
2320 4865 2526 4920 scilicet
2554 4875 2828 4932 naturam,
2853 4869 3012 4944 linem
3047 4871 3282 4924 onmium
3311 4887 3458 4937 esse,
3491 4875 3638 4929 ultra

2059 4968 2217 5022 quem
2251 4954 2405 5016 nihil,
2431 4963 2487 5007 et
2516 4953 2567 5007 in
2593 4971 2699 5024 quo
2728 4956 2905 5009 omnia
2934 4958 3278 5012 aeternalitcr
3302 4959 3637 5028 subsistunt,

2058 5057 2112 5101 et
2127 5048 2497 5101 universalitcr
2517 5047 2658 5102 Dctts
2679 5057 2823 5113 sunt,
2848 5061 3249 5119 cognoscentes,
3273 5068 3450 5122 neque
3477 5071 3641 5111 crea-

2059 5144 2190 5199 tam,
2219 5153 2390 5205 neque
2426 5137 2744 5191 creatricem
2771 5138 2873 5192 rite
2900 5154 3185 5204 vocamus;
3244 5157 3344 5196 non
3383 5153 3637 5198 creatam

2059 5229 2295 5296 quidem,
2314 5227 2434 5296 quia
2465 5241 2494 5280 a
2521 5227 2664 5282 nullo
2681 5237 2914 5296 creatur,
2941 5247 3111 5300 neque
3137 5233 3483 5299 creatricem,
3508 5235 3639 5306 quia

1639 5341 1894 5394 VAIHAE
1955 5341 2352 5396 LEC'I‘IONES.

961 5439 982 5470 ¹
1030 5436 1104 5489 vel
1125 5451 1232 5489 om.
1254 5434 1318 5486 A.

907 5510 928 5540 ⁸
953 5507 993 5560 Α
1027 5506 1241 5559 sibimet
1261 5512 1398 5554 sunt.

971 5576 1013 5608 ¹³
1041 5590 1251 5628 causam
1292 5587 1400 5623 om.
1431 5571 1496 5623 Α.

957 5644 999 5674 ¹⁹
1029 5645 1068 5696 Α
1102 5642 1390 5711 confectum
1437 5651 1531 5694 est.

374 5461 395 5488 θ’
476 5443 537 5498 2C
570 5443 887 5496 ridebantur.

381 5514 403 5547 ⁷
436 5514 475 5564 Δ
503 5511 809 5564 aestimarit.

383 5594 522 5634 tura.
598 5583 640 5614 "
677 5579 716 5631 Α
771 5595 892 5630 non.

386 5665 508 5700 uno.
586 5649 698 5698 "A
743 5646 878 5699 illos.

376 5718 431 5773 ,τ’
462 5715 502 5768 Α
541 5714 718 5766 Planc.

1392 5432 1412 5463 ³
1444 5432 1547 5486 Pro
1579 5429 1863 5496 privatione
1897 5429 1992 5482 Dei
2019 5430 2061 5482 Α
2086 5431 2357 5496 privativa.

1491 5504 1511 5534 θ
1545 5500 1646 5552 Pro
1693 5507 1746 5549 ιιι
1790 5515 1889 5552 non
1927 5509 2044 5550 sunt
2074 5499 2114 5550 A
2149 5515 2249 5551 non
2299 5517 2435 5553 rara.

1600 5568 1644 5606 ι*
1684 5569 1737 5618 in
1779 5583 1885 5620 om.
1936 5568 1996 5618 (ἶ.

1631 5635 1675 5668 ¹⁰
1703 5636 1748 5690 Α
1783 5638 1928 5689 rebus
1960 5635 2208 5690 obscuris.

2437 5430 2456 5461 "
2477 5433 2519 5487 Α
2541 5432 2678 5486 Deus
2705 5443 2798 5487 est.

2514 5502 2555 5533 ¹⁰
2591 5503 2631 5554 Α
2682 5519 2818 5555 vero.

2094 5569 2139 5599 ’³
2171 5585 2328 5620 unum
2379 5569 2544 5622 Deum
2579 5588 2688 5624 om.
2719 5572 2780 5624 C.

2303 5639 2343 5667 ²¹
2379 5637 2510 5692 libro
2564 5657 2671 5693 om.
2716 5641 2778 5696 C.

2877 5435 2898 5465 ⁸
2924 5446 3012 5487 aut
3056 5452 3162 5489 om.
3182 5436 3241 5489 C.
3319 5437 3340 5468 ⁶
3369 5437 3409 5488 Α
3441 5453 3640 5492 sanus.

2895 5507 2933 5538 “
2971 5505 3073 5558 l‘ro
3112 5505 3184 5558 nil
3231 5505 3375 5557 aliud
3420 5506 3460 5558 Α
3484 5523 3643 5560 crea-

2855 5572 3212 5646 t‘f‘Ahnltqttt’tl.
3287 5577 3326 5610 ⁸⁷
3376 5573 3512 5642 conj
3527 5616 3540 5627 ο
3555 5615 3572 5637 ν
3587 5575 3645 5646 γε

2883 5643 2925 5673 ¹²
2956 5643 2996 5696 ι]
3046 5660 3126 5695 ac.
3227 5646 3274 5684 ει
3303 5655 3350 5696 et
3399 5660 3512 5699 o'n.
3567 5645 3638 5699 Δ.
