3912 6154
295 375 384 421 σ’θει

1137 364 1223 422 ΒΕ
1261 361 1607 421 θινιειοκιῖ
1646 362 1998 420 ΝεκτιίιΑΕ.
2039 394 2106 404 -
2143 362 2343 418 LIBER
2382 361 2703 420 TERTIUS.

3443 365 3548 424 690

294 484 376 554 jan
404 484 601 543 desinit
632 497 830 540 crcarc.
857 481 1106 536 omnibus
1148 496 1200 534 In
1239 496 1365 534 suas
1409 487 1659 532 aeternas
1694 478 1857 531 ratio-
1889 486 1932 541 Α
1964 476 2089 547 quia
2136 477 2188 531 in
2235 477 2426 548 spiritu
2478 475 2705 546 apostoli
2756 474 3284 529 transformationem
3334 476 3548 534 Domini

291 589 394 644 nes,
425 592 479 629 ιιι
509 573 702 644 quibus
728 571 1022 625 actcrnitcr
1052 570 1365 633 manebunt,
1393 578 1441 621 ct
1475 576 1859 631 manent,con-

291 667 470 721 versis,
507 661 868 733 appellatione
894 673 1107 728 quoque
1136 667 1414 712 creaturae
1443 656 1733 727 significari
1764 658 1859 711 de-

288 754 593 811 sisteatibus
650 752 788 805 Deus
836 752 979 804 enim
1031 751 1208 803 omnia
1255 749 1308 801 in
1353 747 1592 802 omnibus
1635 748 1754 810 erit,
1805 755 1862 801 et

287 846 453 898 omnis
500 851 745 897 creatura
796 840 1228 902 obumbrabitur,
1284 839 1337 891 in
1390 839 1556 892 Deum
1613 837 1861 892 videlicet

286 950 559 997 conversa,
615 933 754 986 sicut
805 941 950 985 astra
1003 929 1116 984 sole
1167 930 1394 983 oriente.
1430 927 1660 984 Videsne
1706 943 1856 999 ergo,

284 1043 377 1099 qua
424 1028 634 1081 ratione
680 1040 840 1079 unam
901 1022 1237 1092 eandemque
1289 1031 1567 1085 naturam,
1624 1021 1857 1075 divinam

284 1119 526 1173 videlicet
550 1120 588 1182 ',
620 1116 772 1185 juxta
798 1114 1280 1172 considerationem
1300 1114 1547 1183 principii
1570 1129 1676 1168 non
1705 1127 1861 1167 crea-

284 1220 379 1264 tam
413 1249 430 1273 ,
479 1211 573 1264 sed
624 1209 976 1270 creatricem,
1008 1207 1162 1277 juxta
1204 1221 1333 1261 vero
1385 1205 1505 1259 ﬁnis
1532 1206 1857 1275 speculatio-

282 1316 393 1356 nem
425 1316 524 1353 nec
580 1310 853 1362 creatam,
909 1314 1010 1353 nec
1059 1298 1379 1352 creatricem
1422 1312 1708 1366 possumus
1764 1313 1857 1368 ap-

281 1388 509 1457 pellare?
560 1388 704 1443 Dtsc.
754 1387 900 1442 Satis
948 1385 1134 1451 video,
1190 1387 1318 1456 quid
1358 1387 1482 1453 vis.
1538 1386 1663 1452 Dic,
1714 1387 1855 1457 quod

280 1490 460 1536 restat.
485 1480 623 1535 Msa.
645 1480 928 1535 Rationem
954 1479 1259 1534 medietatis
1285 1487 1491 1533 restare
1521 1477 1857 1533 solummodo

278 1571 525 1632 arbitror,
557 1586 696 1640 quae
736 1570 935 1639 duplici
986 1569 1146 1623 modo
1173 1567 1693 1638 contemplatoribus
1741 1568 1856 1623 suis

276 1661 487 1715 arridet.
522 1660 702 1714 l’rimo
744 1659 985 1731 quidem,
1018 1659 1236 1730 quando
1261 1668 1317 1715 et
1343 1661 1553 1725 creari,
1590 1669 1644 1715 ct
1666 1675 1857 1715 cacare

276 1752 598 1822 conspicitur
624 1752 802 1807 divina
833 1760 1046 1806 natura.
1076 1750 1306 1807 Creatur
1325 1752 1469 1807 enim
1499 1768 1527 1805 a
1554 1754 1728 1823 scipsa
1759 1753 1810 1805 in
1834 1754 1856 1784 ⁸

1960 568 2229 622 viderunt.
2281 568 2597 622 Vestimenta
2629 567 2774 621 enim
2807 566 2919 635 ejus
2968 568 3215 631 candida,
3259 569 3394 621 sicut
3436 570 3550 636 uir,

1966 657 2232 711 visibilem
2281 669 2629 721 creaturam,
2688 657 2741 710 in
2789 672 2929 725 qua,
2975 666 3030 710 et
3079 673 3174 725 per
3233 674 3397 728 quam
3450 661 3548 715 Dei

1967 746 2248 812 Verbum,
2280 748 2421 816 quod
2477 748 2530 801 in
2578 747 2829 801 omnibus
2875 748 3154 808 subsistit.
3206 749 3545 819 intelligitur,

1958 838 2357 907 signiﬁcabant.
2406 838 2542 891 Audi
2617 837 2929 906 Apostolum
2982 837 3298 893 dicentem:
3349 840 3544 894 Invisi-

1958 925 2083 979 bilia
2123 927 2238 996 ejus
2263 944 2295 981 a
2319 927 2578 980 creatione
2623 926 2803 979 mundi
2832 943 2924 995 per
2946 943 3006 980 ea
3027 967 3041 991 ,
3068 944 3201 997 quae
3227 929 3369 997 facta
3396 939 3544 996 sunt,

1957 1016 2217 1070 intellecta
2238 1018 2650 1087 conspiciuntur,
2671 1019 2986 1087 sempiterna
3010 1034 3213 1089 quoque
3240 1020 3354 1089 ejus
3383 1022 3547 1089 virtus

1960 1118 2012 1160 et
2043 1108 2087 1140 "
2125 1108 2424 1164 aeternitas}
2469 1109 2615 1164 Dtsc.
2666 1111 3126 1180 Quadripertitam
3164 1121 3390 1167 naturae
3429 1114 3550 1168 uni-

1958 1200 2184 1255 versalis
2203 1200 2524 1257 divisionem
2551 1217 2691 1256 nunc
2715 1201 3017 1256 clarissime
3047 1203 3221 1263 video,
3249 1213 3306 1257 et
3327 1205 3392 1258 de
3413 1204 3546 1269 Deo,

1956 1304 2011 1349 et
2038 1297 2089 1350 in
2124 1298 2234 1351 Deo
2254 1312 2377 1352 esse
2418 1297 2793 1352 indubitanter
2827 1298 3228 1368 intelligemlnm
3257 1316 3547 1371 cognosco.

1956 1384 2188 1440 Proinde
2217 1388 2366 1441 ﬁnita
2399 1388 2500 1441 hac
2521 1388 2840 1456 quaestione
2862 1388 2927 1441 de
2948 1388 3141 1453 nihilo,
3161 1399 3215 1442 et
3242 1391 3309 1443 ad
3332 1407 3547 1459 purum,

1957 1484 2017 1529 ut
2038 1477 2250 1547 opinor,
2275 1477 2528 1542 deducta,
2557 1479 2622 1532 ad
2645 1477 3134 1533 considerationem
3163 1480 3352 1534 tertiae
3381 1481 3553 1550 partis

1956 1569 2242 1625 universae
2274 1579 2519 1633 naturae,
2546 1571 2613 1625 de
2641 1585 2747 1640 qua
2782 1570 3128 1639 praedicatur
3149 1573 3321 1627 creari
3348 1572 3549 1628 solum-

1957 1660 2138 1724 modo,
2170 1672 2225 1715 et
2266 1676 2370 1715 non
2397 1676 2620 1726 creare,
2673 1660 3001 1715 redeundum
3030 1676 3150 1716 esse
3197 1678 3408 1718 censeo.
3467 1664 3547 1720 ita

1957 1752 2101 1805 enim
2126 1761 2367 1807 nostrum
2391 1753 2660 1822 promittit
2681 1752 3033 1822 propositum.
3059 1751 3316 1818 Quamvis
3335 1755 3479 1809 enim
3500 1754 3549 1788 *‘

274 1843 700 1913 primordialibus
724 1843 926 1907 causis,
961 1858 1024 1898 ac
1046 1858 1142 1914 per
1163 1843 1266 1898 hoc
1294 1843 1526 1913 seipsam
1555 1852 1725 1903 creat.
1752 1844 1853 1897 hoc
1884 1853 1929 1910 Β
1958 1840 2172 1909 quidem
2195 1841 2333 1896 aliae
2361 1844 2713 1910 quaestiones
2739 1841 3077 1897 introductae
3095 1842 3293 1903 "sunt.
3323 1843 3432 1913 ipsa
3465 1852 3549 1898 ta-

274 1942 369 1998 est,
395 1934 449 1987 in
480 1934 595 1988 suis
623 1934 962 2004 theophaniis
993 1934 1476 2005 ineipitapparere,
1505 1948 1571 1987 ex
1592 1933 1843 1988 occultis—

273 2024 417 2081 simis
447 2033 673 2079 naturae
701 2040 831 2080 suae
870 2023 1067 2080 ﬁnibus
1095 2024 1283 2079 volens
1309 2038 1612 2094 emergere,
1649 2025 1701 2077 in
1726 2023 1844 2093 qui-

275 2115 364 2170 bus
393 2122 450 2167 et
477 2115 580 2169 sibi
606 2116 703 2185 ipsi
735 2116 1025 2186 incognita,
1056 2117 1157 2171 hoc
1173 2125 1280 2180 est,
1309 2116 1362 2170 in
1389 2116 1624 2171 nullo‘se
1649 2131 1846 2187 cog::o-

273 2205 387 2271 scit,
415 2206 541 2276 quia
574 2207 781 2260 intinita
819 2217 922 2268 est,
976 2217 1030 2262 et
1079 2207 1529 2278 supernaturalis,
1570 2218 1625 2262 et
1661 2222 1847 2276 snper-

273 2295 571 2350 essenlialis
592 2296 636 2359 ³,
662 2305 717 2350 et
760 2312 924 2365 super
950 2311 1133 2360 omne,
1162 2297 1307 2364 quod
1335 2304 1513 2365 potest
1544 2295 1764 2366 intelligi
1793 2302 1849 2350 et

274 2400 368 2439 non
397 2395 597 2456 potest,
632 2389 966 2441 descendens
994 2402 1122 2440 vero
1157 2387 1208 2441 in
1239 2387 1517 2456 principiis
1547 2402 1750 2449 rerum,
1784 2403 1847 2442 ac

275 2474 426 2528 veluti
469 2475 703 2548 scipsam
731 2491 925 2530 creans
975 2476 1027 2529 in
1053 2475 1074 2506 ⁸
1119 2475 1300 2544 aliquo
1338 2476 1553 2530 inchoat
1581 2490 1720 2530 esse.
1752 2475 1849 2530 Se—

270 2567 440 2621 cundo
472 2582 624 2631 vero,
662 2567 788 2622 dum
837 2568 890 2621 in
920 2568 1178 2622 extremis
1204 2565 1486 2623 eﬂ’ectibus
1527 2568 1851 2637 primordia-

272 2653 392 2711 lium
419 2672 708 2712 causarum
738 2658 1082 2729 perspicitur,
1113 2658 1166 2712 in
1197 2659 1395 2728 quibus
1418 2661 1593 2715 creari
1617 2669 1850 2715 tantum-

268 2748 441 2810 modo,
482 2762 588 2800 non
621 2757 800 2802 autem
831 2763 1022 2804 creare
1049 2757 1197 2804 recte
1224 2750 1589 2818 praedicatur.
1623 2750 1852 2806 Creatur

269 2836 404 2891 enim
427 2838 760 2894 descendens
794 2837 848 2892 iu
877 2847 1152 2895 extremos
1175 2838 1418 2906 eﬂ‘ectus,
1449 2840 1589 2895 ultra
1618 2856 1755 2910 quos
1776 2841 1851 2896 nil

270 2937 433 2995 creat,
478 2929 706 3001 ideoque
736 2931 933 2986 dicitur
971 2932 1146 2987 creari
1192 2932 1549 2999 solummodo,
1577 2942 1635 2988 et
1674 2932 1698 2966 ⁸
1740 2946 1848 2987 non

269 3035 467 3076 creare.
500 3022 616 3078 Non
646 3024 791 3079 enim
817 3024 957 3079 ultra
994 3032 1268 3080 extremos
1300 3023 1523 3081 cti'ectus
1550 3025 1846 3088 descendit,

270 3127 369 3181 quo
405 3125 461 3169 et
484 3114 681 3176 creari.
705 3122 759 3168 et
797 3130 984 3170 creare
1024 3116 1314 3170 videretur.
1362 3115 1591 3171 Creatur
1640 3130 1770 3187 ergo
1795 3123 1852 3170 et

1947 1944 2070 1983 men
2120 1929 2472 1999 principalem
2523 1930 2806 1984 materiam
2859 1931 3022 1984 tertio
3060 1930 3196 1985 libro
3240 1932 3542 1999 praestitit;

1945 2018 2063 2087 ejus
2092 2034 2323 2091 namque
2340 2019 2512 2089 gratia
2528 2018 2836 2090 diligentius
2874 2020 3276 2091 investigandae
3299 2020 3544 2077 incidens

1945 2110 2173 2165 aliarum
2201 2112 2627 2182 propositionum
2653 2114 2859 2169 theoria
2889 2114 3090 2169 inserta
3121 2123 3225 2170 cst.

2015 2200 2105 2255 24.
2136 2200 2274 2255 Msa.
2319 2201 2486 2257 Recte
2514 2217 2736 2267 censes,
2770 2212 3091 2274 tempusque
3117 2206 3371 2275 postulat.
3421 2207 3530 2264 Sed
3604 2254 3611 2263 .

1945 2294 2094 2365 prius
2123 2295 2190 2350 de
2214 2296 2425 2350 senaria
2455 2296 2761 2366 quantitate
2785 2297 2993 2351 dierum
3017 2298 3454 2369 intelligibilium,
3485 2301 3541 2357 in

1946 2398 2051 2451 qua
2084 2386 2224 2438 Deus
2262 2398 2426 2454 opera
2458 2399 2553 2438 sua
2602 2384 2795 2439 fecisse
2840 2385 3054 2456 legitur,
3083 2387 3127 2441 si
3172 2388 3302 2457 quid
3344 2390 3546 2459 promi-

1947 2474 2138 2538 simus,
2170 2474 2395 2543 implere
2431 2474 2707 2529 debemus.
2736 2474 2984 2531 Breviter
3005 2477 3313 2543 dicendum,
3338 2481 3539 2549 partim

1947 2568 2164 2637 quidem
2219 2576 2532 2623 sanctorum
2591 2565 2808 2621 Patrum
2866 2568 3170 2623 intellectus
3216 2579 3534 2639 sequentes,

1946 2658 2146 2728 partim
2175 2657 2319 2726 quod
2349 2657 2402 2712 in
2431 2657 2613 2711 animo
2641 2658 2792 2712 venit
2814 2660 2882 2712 ab
2910 2673 2996 2723 eo,
3022 2659 3112 2728 qui
3144 2659 3413 2716 illuminat
3440 2675 3538 2717 no-

1948 2756 2091 2804 stras
2113 2748 2365 2803 tenebras
2389 2747 2453 2811 ¹⁸,
2484 2755 2538 2803 et
2558 2750 2772 2818 quaerit
2799 2750 2852 2805 in
2878 2749 3176 2821 Scripturis
3199 2753 3313 2807 suis
3346 2756 3538 2824 quaeri

1948 2847 2003 2894 et
2031 2839 2282 2905 inveniri,
2307 2854 2415 2895 non
2442 2840 2702 2896 celantes.
2732 2841 2976 2897 luiinitus
3000 2843 3266 2913 siquidem
3290 2847 3542 2902 conditor

1949 2941 2140 2982 sacrae
2190 2926 2508 2998 Scripturae
2551 2929 2605 2983 in
2652 2930 2925 2986 mentibus
2955 2934 3369 3002 prophetarum,
3420 2935 3544 3005 Spi-

1949 3017 2086 3071 ritus
2108 3026 2344 3083 sanctus,
2391 3018 2634 3075 inﬁnitos
2676 3020 2728 3074 in
2778 3035 2840 3075 ea
2889 3022 3172 3077 constituit
3213 3024 3539 3092 intellectus,

1951 3109 2181 3179 ideoque
2208 3110 2407 3166 nullius
2443 3112 2771 3182 expositoris
2810 3128 3004 3168 sensus
3048 3130 3265 3171 sensum
3318 3116 3541 3175 alterius

271 3213 413 3259 creat
451 3206 503 3259 in
535 3206 971 3276 primordialibus
996 3207 1207 3272 causis;
1241 3207 1293 3261 in
1334 3222 1519 3261 earum
1557 3221 1686 3261 vero
1720 3205 1849 3262 effe-
1873 3215 1919 3276 C
1950 3199 2158 3266 aufert,
2191 3201 2483 3257 dummodo
2510 3212 2571 3257 ut
2617 3218 2783 3259 sanae
2824 3203 2946 3259 ﬁdei
2980 3206 3387 3280 catholicaeque
3414 3224 3541 3281 pro-

269 3292 688 3358 (tibuscreatur,
704 3305 759 3349 et
779 3294 801 3324 ‘
837 3310 942 3349 non
957 3305 1124 3350 creat.
1148 3294 1254 3350 Nec
1270 3295 1563 3357 immerito,
1587 3294 1846 3364 quoniam

271 3383 320 3437 in
345 3384 471 3454 ipsis
499 3383 658 3439 tinem
683 3386 1050 3441 descensionis
1071 3402 1220 3451 suae,
1245 3388 1346 3441 hoc
1366 3394 1471 3451 est,
1495 3386 1847 3457 apparitionis

270 3489 391 3529 suae
424 3477 725 3530 constituit.
762 3477 938 3546 Atque
970 3478 1087 3532 ideo
1114 3478 1292 3531 omnis
1320 3488 1567 3533 creatura
1594 3493 1848 3548 corpora-

271 3562 351 3629 lis,
372 3574 530 3635 atque
554 3567 575 3597 "
625 3567 871 3631 visibilis,
899 3569 1254 3637 sensibusque
1282 3568 1639 3624 succumbens
1668 3578 1847 3624 estre-

271 3671 408 3710 mum
440 3657 653 3713 divinae
682 3667 907 3713 naturae
932 3659 1215 3729 vestigium
1255 3676 1361 3714 non
1393 3660 1686 3731 incongrue
1710 3661 1848 3714 solet

271 3745 322 3799 in
348 3746 637 3817 Scripturis
681 3749 959 3819 appellari,
992 3751 1134 3818 quod
1178 3752 1355 3805 omnis
1397 3751 1846 3820 eontelnplativus

270 3838 494 3903 animus,
520 3839 687 3894 veluti
715 3840 930 3909 quidam
962 3838 1509 3911 Moyses,ascendcns
1536 3842 1588 3895 in
1616 3843 1843 3897 summi-

272 3937 426 3983 tatem
483 3932 758 3995 theoriae,
807 3932 1137 4001 permittitur
1184 3933 1206 3964 ⁸
1256 3933 1552 4002 inspicere,
1595 3942 1652 3986 ct
1700 3935 1842 4003 quod

271 4020 438 4075 adhuc
467 4024 548 4077 vix
587 4039 616 4076 a
646 4024 981 4092 sapientibus
1006 4024 1203 4078 animis
1240 4033 1419 4094 potest
1444 4026 1510 4079 ad
1540 4039 1735 4094 purum
1761 4025 1845 4078 di-

270 4114 467 4179 gnosii,
496 4114 938 4186 fumigationibus
987 4122 1319 4170 terrenarum
1342 4118 1356 4133 '
1377 4117 1782 4185 phantasiarum
1820 4119 1842 4152 '

271 4204 676 4274 strepitiliusque
715 4205 760 4239 ¹⁶
803 4205 1169 4270 mutabilium,
1217 4223 1315 4262 nec
1357 4223 1463 4261 non
1518 4208 1844 4263 coruscatio—

274 4289 422 4345 nibus
473 4295 650 4349 subito
690 4295 1063 4360 nascentium,
1116 4297 1402 4367 subitoque
1447 4301 1840 4354 transeuntium

272 4376 689 4450 impedientibus.
739 4385 1192 4440 Paucissimorum
1233 4402 1496 4457 namque,
1537 4389 1768 4444 terrenis
1798 4391 1839 4421 “

272 4472 672 4541 cogitationibus
698 4476 913 4545 penitus
939 4485 1292 4540 remotorum,
1318 4478 1514 4532 virtute
1537 4489 1592 4534 et
1614 4480 1839 4535 scientia

1950 3289 2171 3346 fessioni
2199 3294 2506 3356 conveniat,
2538 3294 2679 3364 quod
2710 3296 2939 3365 quisque
2978 3296 3156 3362 dicat,
3183 3298 3297 3354 sive
3321 3299 3541 3358 aliunde

1950 3381 2244 3451 accipiens,
2270 3382 2386 3436 sive
2417 3397 2445 3436 a
2478 3384 2676 3453 seipse,
2702 3398 2732 3437 a
2762 3384 2873 3438 Deo
2902 3393 3081 3439 tamen
3114 3385 3446 3444 illuminatns
3467 3389 3535 3455 ¹⁹,

1952 3472 2248 3528 inveniens.
2268 3473 2412 3528 οπερ.
2433 3472 2699 3528 Praccede
2718 3473 2763 3504 ¹⁰
2784 3489 2890 3543 quo
2910 3476 2990 3528 vis
3008 3476 3216 3539 ordine,
3244 3492 3434 3546 meque
3456 3487 3539 3533 at-

1949 3564 2125 3618 trahe.
2175 3562 2251 3618 Te
2278 3563 2421 3618 enim
2462 3576 2675 3632 sequar.
2723 3572 2783 3617 ut
2825 3564 2870 3595 ἰ
2903 3579 3121 3620 sensum
3146 3565 3393 3628 aliorum,
3439 3583 3537 3624 seu

1950 3662 2098 3707 tuum
2128 3654 2181 3708 in
2214 3655 2409 3709 talibus
2432 3669 2773 3724 cognoscam,
2797 3664 2851 3709 et
2877 3657 3019 3725 quod
3048 3670 3174 3711 vera
3206 3659 3364 3723 ratio,
3392 3675 3535 3729 quae

1947 3745 2001 3799 in
2029 3744 2281 3800 munibus
2309 3756 2364 3799 et
2388 3746 2434 3779 "
2475 3745 2685 3815 quaerit
2726 3746 3009 3801 veritatem
3048 3756 3105 3802 et
3144 3746 3370 3813 invenit,
3401 3750 3535 3803 edo-

1946 3843 2089 3899 ceat,
2112 3835 2329 3905 eligam;
2355 3851 2459 3889 non
2482 3835 2605 3906 quia
2624 3834 2739 3904 jam
2761 3851 2986 3892 veraces
3008 3836 3312 3893 intellectus
3335 3839 3536 3893 discer-

1947 3942 2076 3983 nere
2099 3943 2128 3981 a
2157 3928 2434 3983 fallacibus
2470 3929 2692 3984 idoneus
2721 3930 2822 3983 sim
2853 3928 2919 3992 ’⁸,
2947 3930 3040 3983 sed
3080 3931 3226 3998 quod
3270 3931 3529 3985 similiora

1944 4020 2058 4074 veri
2075 4019 2124 4053 ’δ
2146 4020 2583 4075 dissimiliorihus
2604 4035 2937 4090 praeponere
2962 4020 3010 4053 "
3032 4020 3274 4074 consulta
3302 4023 3532 4076 veritate

1945 4127 2051 4167 non
2076 4121 2276 4169 temere
2290 4114 2484 4167 ausim.
2511 4111 2652 4167 Msa.
2677 4112 2902 4166 Temere
2922 4127 3135 4181 quoque
3158 4120 3213 4165 et
3234 4113 3534 4168 inconside-

1944 4212 2062 4258 rate
2115 4203 2189 4258 nil
2242 4203 2403 4258 velim
2464 4202 2784 4273 approbare.
2849 4202 3282 4256 Primordialinm
3348 4202 3531 4271 itaque

1943 4307 2233 4347 causarum
2273 4291 2563 4347 visibilium
2610 4299 2662 4346 et
2707 4291 2901 4345 invisib
2927 4291 3055 4344 lium
3087 4289 3248 4345 simul
3277 4300 3333 4345 et
3359 4292 3529 4347 semel

1942 4382 2302 4438 conditionem
2330 4382 2543 4437 divinus
2571 4382 2826 4452 prepheta
2873 4380 3086 4452 Moyses
3126 4381 3363 4436 breviter
3391 4383 3529 4438 scri-

1941 4472 2095 4536 bens,
2135 4471 2367 4527 dicendo
2396 4489 2409 4525 :
2436 4470 2501 4525 In
2523 4471 2779 4541 principio
2801 4470 2924 4539 fecit
2956 4470 3097 4524 Deus
3121 4470 3323 4524 caelum
3353 4482 3400 4525 et
3424 4483 3526 4527 ter-

269 4574 603 4633 purgatorum
618 4568 767 4628 est",
796 4568 964 4621 Deum
982 4569 1033 4623 in
1055 4569 1140 4623 his
1156 4569 1449 4624 visibililms
1467 4571 1731 4625 creaturis
1746 4586 1838 4626 co-

1950 4578 2083 4625 ram,
2115 4576 2411 4630 eorumquc
2439 4561 2704 4616 occultam
2736 4562 2787 4614 in
2818 4560 3000 4614 divino
3036 4560 3283 4624 consilio,
3330 4562 3529 4617 incom-

269 4664 527 4717 gnosccre,
549 4657 691 4708 sicut
713 4656 984 4711 Abraham
1013 4658 1317 4727 patriarcha
1343 4659 1389 4693 "
1408 4673 1474 4713 ex
1488 4660 1843 4715 conversione

271 4741 489 4797 siderum
543 4747 827 4815 cognovit,
883 4747 999 4819 lege
1051 4750 1282 4803 naturali
1327 4750 1493 4815 duce,
1566 4752 1840 4821 ceterique

273 4835 427 4886 sancti
449 4835 637 4890 Patres
658 4846 785 4891 ante
812 4837 983 4908 legem
1013 4840 1289 4908 scriptam,
1312 4848 1366 4895 ct
1397 4842 1449 4895 in
1480 4840 1616 4912 lege,
1650 4857 1838 4911 quem-

270 4921 539 4978 admodum
590 4924 769 4984 Hoses
820 4927 871 4981 in
918 4928 1055 4983 rubo
1085 4938 1142 4983 et
1184 4929 1238 4982 in
1281 4931 1481 4985 montis
1531 4933 1832 4987 cacumine.

272 5008 491 5076 Apostoli
517 5014 644 5070 dein
674 5024 796 5085 post
841 5016 1012 5087 legem
1042 5017 1143 5072 sub
1173 5018 1345 5088 gratia
1375 5034 1497 5073 cum
1533 5019 1750 5075 Christo
1780 5021 1832 5075 in

270 5112 434 5159 monte
467 5116 565 5175 per
599 5106 888 5162 invisibilia
933 5109 1088 5182 quasi
1132 5108 1363 5168 visibilia
1415 5108 1461 5142 “‘
1488 5109 1728 5179 symbols
1777 5111 1832 5165 in

268 5190 429 5250 divina
480 5198 737 5270 mysteria
779 5199 1068 5254 introducti
1108 5209 1255 5254 sunt.
1304 5199 1415 5256 lloc
1459 5210 1640 5256 autem
1686 5201 1829 5268 dico,

1943 4652 2470 4722 prehensibilemque
2516 4649 2999 4722 magnificentiam.
3058 4653 3210 4720 prius
3259 4668 3422 4723 quam
3474 4656 3526 4710 iu

1939 4742 2146 4798 formas
2173 4744 2492 4815 speciesque
2522 4742 2868 4812 prniluercnt,
2896 4743 3070 4796 inanis
3100 4753 3273 4798 terrae
3297 4753 3351 4799 et
3374 4745 3421 4776 "
3442 4763 3528 4800 ra-

1938 4853 2090 4901 euae,
2124 4846 2218 4892 aut
2238 4836 2509 4891 inrisibilis
2530 4847 2578 4890 et
2610 4837 3011 4905 incompositae,
3041 4837 3368 4892 tenebrarum
3391 4854 3523 4908 quo-

1936 4943 2043 4998 quo
2072 4944 2228 4998 super
2255 4928 2499 4998 abyssum
2529 4927 2808 4983 vocabulis
2846 4927 3184 4998 signiﬁcans,
3222 4930 3526 4987 inchoatio-

1936 5040 2058 5080 nem
2083 5040 2298 5096 quoque
2325 5026 2715 5095 procreationis
2733 5028 3204 5097 praecomlitarum
3234 5041 3521 5085 causarum

1933 5118 1988 5172 in
2040 5117 2263 5173 ell'ectus
2307 5133 2435 5173 suos
2479 5118 2839 5188 appellatione
2897 5121 3131 5192 Spiritus
3181 5123 3271 5190 qui
3316 5120 3521 5190 fovebat

1935 5224 2127 5278 aquas,
2148 5209 2231 5263 vel
2256 5208 2521 5279 ferebatur
2548 5225 2706 5277 super
2724 5227 2910 5281 aquas,
2932 5212 3232 5275 insinuans,
3254 5209 3320 5263 ad
3340 5207 3522 5279 mysti-

1556 5335 1811 5394 VARIAE
1849 5337 2251 5395 LECTIONES.

270 5471 285 5540 ξ
312 5467 533 5524 Ascilicet
563 5471 813 5525 divinant.
884 5472 1018 5527 ἐἰη
1036 5471 1209 5540 seipsa
1236 5489 1267 5524 a
1293 5470 1553 5539 primord.

270 5534 348 5611 fet
366 5555 468 5593 om.
501 5542 565 5595 A.
641 5543 661 5573 ⁷
693 5544 732 5594 Α
762 5552 831 5595 et.
907 5542 929 5573 ⁸
958 5543 996 5595 Α
1022 5534 1377 5611 permittatur.
1455 5541 1476 5572 ’
1508 5541 1550 5593 Α

271 5604 314 5632 ’⁸
336 5612 612 5683 estnunc.
672 5612 716 5644 ¹³
741 5604 1045 5683 patriarcha
1074 5629 1184 5665 (illi.
1211 5613 1273 5664 A.

270 5692 307 5753 ξε,
324 5693 367 5753 tt.
390 5679 451 5753 L.
524 5682 564 5713 ⁵⁷
590 5681 627 5733 Λ
660 5679 986 5736 introductae
1012 5684 1358 5753 quaestiones.

271 5744 362 5798 ’Ἃ
385 5747 470 5801 :1".
544 5753 586 5782 ²²
613 5763 790 5806 ctmu.
819 5753 884 5806 Λ.
962 5744 1078 5805 ⁸³’Ᾱ
1112 5769 1243 5807 sum.
1321 5752 1364 5782 “
1410 5752 1454 5806 Α
1493 5769 1623 5806 rere.

1631 5470 1706 5525 3A
1734 5471 2193 5541 superaeternalis.

1580 5541 1979 5610 phantasiarum
2028 5553 2376 5597 terrenarum.

1355 5611 1397 5641 ’δ
1424 5611 1834 5694 ηεινῄινὶδίρὲιὶα
1856 5613 2097 5694 sytubola
2129 5613 2432 5694 (invisibilia
2458 5613 2608 5694 quasi
2641 5610 2779 5694 oui.)

1437 5683 1479 5711 “
1502 5682 1543 5735 A
1584 5682 1820 5735 tenebras
1855 5693 2083 5735 nostras.

1703 5752 1747 5781 ’³
1769 5754 1809 5808 Α
1848 5768 2152 5823 uroponcrc.

2268 5474 2288 5503 ‘
2314 5474 2356 5528 C
2374 5475 2598 5542 seipsant
2619 5488 2809 5528 creans
2822 5472 3042 5542 seipsatn
3066 5471 3140 5542 in.
3217 5470 3238 5501 ⁸
3252 5477 3301 5521 et
3320 5483 3429 5542 om.
3447 5468 3513 5523 Α.

2456 5538 2500 5575 δ’
2540 5545 2581 5595 Α
2608 5538 2926 5612 strepitibus.
3008 5540 3046 5571 “
3086 5538 3128 5591 A
3170 5539 3512 5608 terrenisque.

2458 5613 2608 5661 animi
2641 5610 2779 5661 mihi
2856 5608 2898 5639 ³⁸
2932 5619 2978 5660 et
3008 5624 3115 5661 om.
3157 5610 3217 5661 (ἶ.
3296 5608 3339 5640 ¹⁶
3375 5608 3510 5661 enim

2162 5681 2204 5720 ιθ
2233 5682 2271 5733 Λ
2305 5675 2632 5736 illuntinatus
2658 5675 2830 5733 tamen
2873 5695 2901 5730 a
2939 5677 3064 5732 Deo.
3144 5679 3186 5707 ²⁰
3207 5678 3253 5734 Δ
3282 5675 3530 5733 Procede.

2229 5752 2275 5783 ¹⁶
2296 5752 2480 5806 Λ-αηι.
