3912 6154
322 315 421 369 691

1711 308 1829 369 10A
1840 310 1995 366 NNIS
2031 309 2227 367 SCO'I'I

3482 309 3585 364 69:!

323 443 441 482 cam
463 425 660 481 senarii
688 425 896 480 numeri
926 424 1175 479 virtutem
1201 422 1576 495 esplicandam
1604 422 1903 488 descendit,
1934 427 1979 486 Α
2009 422 2229 501 ponitur
2262 420 2580 477 obscuritati
2628 430 2915 476 creaturae
2941 438 3037 491 per
3062 437 3121 478 se
3153 421 3326 493 ipsam
3350 424 3589 479 conside»

325 519 574 588 inquiens
606 536 618 571 :
647 516 712 570 Et
738 517 871 571 dixit
900 513 1216 569 Deus:b'iat
1242 514 1354 579 lux,
1377 525 1424 568 et
1449 514 1591 585 facta
1616 524 1691 569 est
1712 513 1823 571 ius.
1851 514 1907 568 In

326 612 413 665 liis
436 619 617 664 autem
644 608 822 661 verbis
851 607 1126 675 multiplex
1158 615 1471 661 sanctorum
1500 604 1719 660 Patrum
1751 603 1908 660 intel-

324 703 495 758 lectus
522 700 807 769 reperitur.
866 698 1104 766 Quorum
1147 698 1239 752 alii
1276 697 1492 769 quidem
1526 696 1821 768 angelicae.
1851 704 1908 749 et

322 791 698 849 intellectualis
730 791 979 845 caelestis
1017 791 1288 846 essrntiae
1329 790 1658 845 creationem
1708 789 1760 843 in
1805 788 1907 843 hoc

318 883 439 939 loco
484 896 669 937 sacrae
729 880 1045 952 Scripturae
1104 879 1461 948 significatam
1518 894 1638 935 esse
1701 879 1904 934 discer-

316 984 482 1040 nunt;
510 972 601 1027 alii
644 987 772 1027 vero
817 971 1045 1026 visibilis
1098 969 1255 1038 hujus
1301 970 1436 1025 lucis
1480 979 1750 1031 naturam,
1802 969 1907 1023 hoc

316 1074 433 1127 est,
482 1065 657 1132 ignem
712 1061 1313 1131 incompreliensibilcin
1359 1061 1566 1126 adhuc,
1620 1068 1675 1114 et
1712 1059 1903 1114 invisi-

316 1155 479 1209 liiiem
551 1162 791 1208 creatum
825 1151 873 1220 ³,
940 1167 1081 1223 quae
1139 1153 1159 1184 ²
1215 1152 1553 1223 postmodum
1622 1150 1787 1207 veluti
1848 1152 1903 1205 in

319 1244 435 1298 suis
485 1242 506 1274 ³
549 1242 785 1298 fontibus
846 1257 1164 1313 emergens,
1236 1243 1290 1296 in
1347 1242 1668 1310 corporibus
1724 1239 1905 1295 aethe-

320 1333 429 1385 rcis
469 1330 700 1396 refulsit,
741 1348 804 1386 ac
854 1332 1018 1386 veluti
1072 1332 1246 1401 spatia
1277 1332 1317 1400 _‘
1359 1333 1520 1386 trium
1560 1331 1769 1386 dierum
1816 1345 1904 1386 oe~

315 1424 463 1479 culto
497 1434 675 1480 meatu
712 1426 968 1495 abyssum
1005 1425 1306 1496 superliciei
1333 1435 1512 1479 terrae
1542 1424 1802 1493 undique,
1840 1432 1903 1477 ut

316 1519 490 1578 aiunt,
522 1515 856 1585 superfusam
882 1515 1159 1569 lnstrando
1178 1516 1401 1586 peregit.
1428 1515 1580 1581 Quod
1610 1524 1789 1569 autem
1822 1513 1904 1566 In-

313 1607 395 1662 cis
450 1606 709 1661 vocabulo
757 1607 910 1676 ignea
958 1615 1171 1670 natura,
1209 1607 1384 1659 ailme
1411 1605 1696 1659 invisibilis
1722 1613 1777 1659 et
1802 1619 1898 1658 oc-

314 1696 479 1761 culta,
503 1696 766 1767 appellata
794 1697 883 1761 sit,
912 1697 1039 1750 nulli
1067 1696 1261 1750 mirum
1292 1696 1661 1760 debelvideri,
1695 1710 1897 1764 cogno-

2016 523 2187 568 ratae.
2214 513 2444 583 Ideoque
2465 513 2754 582 appellavit
2797 515 2937 568 Dens
2961 513 3129 568 lucem
3162 516 3323 577 diem,
3344 515 3591 584 splendo-

2013 617 2126 656 rem
2174 600 2424 655 videlicet
2466 600 2512 631 ”
2549 601 2852 656 divinarum
2883 603 3173 667 rationum,
3207 604 3445 657 tenebras
3476 619 3590 671 vero

2012 702 2236 758 noctem,
2263 692 2367 746 lioc
2399 700 2502 757 est,
2535 693 2908 746 obscuriorcm
2941 693 2993 746 in
3030 708 3090 747 se
3114 693 3228 762 ipsa
3257 691 3590 747 creatae'na-

2012 788 2166 835 turae
2210 781 2468 850 speciem.
2517 781 2669 848 Quod
2711 792 2891 836 autem
2921 783 3191 852 sequitur,
3218 782 3520 854 factumque
3548 784 3591 814 ¹⁵

2009 882 2083 925 est
2116 888 2317 942 vespere
2339 881 2387 926 et
2421 888 2576 926 mane
2595 873 2706 926 dies
2735 889 2887 935 unus,
2920 872 3080 927 liuent
3117 883 3369 943 peractae
3397 888 3590 943 opera-

2011 963 2194 1027 tionis,
2238 972 2292 1017 et
2323 963 2721 1019 inchoationem
2754 965 3028 1033 sequentis
3051 964 3360 1032 signiﬁcare
3384 965 3589 1019 volunt.

2010 1053 2163 1108 Mane
2183 1054 2351 1117 enim,
2380 1053 2433 1108 id
2455 1063 2560 1118 est,
2588 1054 2860 1111 inchoatio
2881 1056 3158 1125 sequentis
3179 1057 3513 1126 Operationis
3536 1058 3595 1107 li.

2010 1146 2095 1200 nis
2111 1156 2195 1201 est
2219 1146 2615 1216 praecedentis,
2642 1157 2690 1201 et
2710 1148 3086 1217 praecedentis
3102 1148 3366 1203 terminus
3381 1148 3595 1203 initium

2007 1245 2092 1292 est
2128 1238 2423 1306 sequentis.
2456 1236 2691 1306 Ideoque
2720 1238 2837 1292 dies
2866 1253 3004 1292 unus
3027 1239 3112 1291 vel
3156 1239 3365 1307 primus
3410 1238 3595 1293 finitur

2008 1344 2256 1399 vespere,
2290 1328 2445 1399 cujus
2487 1343 2668 1393 mane,
2695 1327 2798 1383 hoc
2825 1336 2930 1393 est,
2965 1328 3181 1382 initium
3210 1328 3265 1383 in
3298 1327 3436 1382 lucis
3461 1343 3592 1381 con-

2009 1419 2214 1475 ditione
2270 1426 2657 1489 praeceSserat.
2690 1417 2837 1473 Haec
2863 1418 3100 1474 breviter
3130 1418 3277 1473 dicta
3308 1417 3352 1449 ¹⁸
3381 1418 3450 1472 ab
3474 1416 3597 1472 aliis

2007 1509 2339 1577 accepimus.
2911 1552 2927 1569 ,

2074 1600 2165 1653 25.
2193 1598 2303 1653 Nos
2339 1608 2520 1654 autem
2547 1599 2976 1669 primordialium
3007 1615 3294 1655 causarum
3331 1598 3597 1655 conditio—

2005 1706 2151 1754 nem,
2196 1691 2312 1746 sive
2360 1691 2678 1757 visibilium,
2728 1692 2842 1746 sive
2873 1692 3245 1756 invisibiliutn,
3292 1691 3344 1745 in
3384 1690 3595 1744 factura

313 1788 506 1851 scenti,
557 1803 766 1842 Sacram
817 1787 1150 1857 Scripturaiu
1201 1803 1489 1841 causarum
1526 1786 1744 1840 nomine
1764 1785 1895 1841 ell'e-
1927 1773 1969 1831 Β
1998 1782 2132 1835 caeli
2179 1791 2234 1837 et
2278 1790 2458 1836 terrae
2508 1783 2561 1836 in
2611 1783 2901 1853 principio,
2923 1797 3220 1851 earumque
3271 1782 3325 1836 in
3368 1781 3597 1837 effectus

312 1889 457 1944 ctus,
494 1888 548 1934 et
599 1878 885 1935 cifectumn
916 1895 1109 1933 causas
1129 1878 1403 1949 appellare
1429 1878 1625 1933 solere.
1661 1876 1900 1932 Ell'ectus

313 1978 495 2025 autem
544 1971 733 2039 igneae
781 1981 1010 2025 naturae
1040 1971 1131 2025 lux
1169 1979 1274 2025 est.
1304 1970 1462 2040 Ignea
1490 1970 1655 2040 igitur
1679 1977 1894 2034 natura,

314 2065 366 2117 in
412 2064 709 2133 primordio
761 2077 939 2117 rerum
989 2063 1228 2127 condita,
1254 2061 1631 2116 nominelncis
1656 2069 1898 2130 postmo-

312 2155 438 2205 dum
463 2154 531 2207 ab
558 2168 621 2206 ea
646 2167 1022 2222 processurae.
1055 2162 1110 2207 et
1132 2152 1310 2205 adhuc
1340 2152 1393 2205 in
1414 2165 1479 2205 ea
1516 2150 1757 2215 latentis,
1788 2164 1895 2203 non

313 2244 608 2314 incongrue
652 2242 912 2312 appellata
945 2252 1050 2306 est,
1087 2244 1336 2312 quamvis
1365 2242 1584 2312 quidam
1612 2242 1633 2273 ⁸
1672 2241 1901 2310 primiti-

312 2347 433 2386 vam
476 2334 650 2387 lucem
714 2331 931 2387 fulsisse
980 2333 1237 2385 continuo
1284 2332 1649 2396 arbitrentur;
1705 2338 1894 2384 contra

316 2440 455 2491 quos
503 2423 639 2478 satis
685 2439 714 2477 a
767 2431 954 2476 sancto
1007 2422 1308 2492 Augustino
1345 2430 1428 2477 est
1462 2430 1642 2475 actum
1674 2420 1714 2474 ‘.
1742 2421 1893 2487 Quod

311 2523 494 2566 autem
517 2513 762 2581 sequitur
787 2530 799 2565 :
820 2511 888 2566 Et
916 2511 1042 2565 vidit
1070 2513 1089 2543 "
1114 2511 1255 2565 Deus
1282 2510 1472 2575 lucem,
1494 2511 1633 2582 quod
1647 2522 1775 2564 esset
1800 2512 1893 2563 bo-

311 2623 404 2669 na,
435 2616 483 2657 et
521 2605 693 2658 divisit
731 2604 898 2658 lucem
930 2623 963 2657 a
996 2605 1252 2669 tenebris,
1303 2603 1682 2674 appellavitque
1723 2602 1893 2657 lucem

309 2698 444 2749 diem
469 2706 514 2750 ct
538 2695 774 2749 tenebras
798 2707 999 2750 noctem
1017 2735 1032 2760 ,
1059 2706 1105 2749 et
1129 2694 1303 2763 [actus
1324 2705 1397 2749 est
1419 2711 1627 2765 vespere
1660 2705 1707 2749 et
1740 2710 1894 2749 mane

308 2790 419 2841 dies
444 2804 599 2850 unus,
648 2789 714 2842 de
741 2788 972 2857 simplici
1004 2789 1160 2842 laude
1190 2803 1486 2858 corporeae
1532 2788 1692 2853 lucis,
1717 2789 1892 2858 deque

310 2876 694 2947 temporalibus
741 2877 1060 2942 intervallis,
1117 2878 1313 2947 quibus
1354 2879 1498 2933 circa
1530 2879 1777 2934 tellurem
1798 2878 1887 2933 lux

307 2975 363 3020 et
395 2967 583 3022 umbra
620 2967 1022 3023 vicissitudines
1051 2983 1180 3023 suas
1218 2977 1506 3039 peragunt,
1544 2969 1745 3024 dictum
1768 2982 1892 3025 esse

307 3059 639 3125 existimant,
687 3059 780 3129 qui
835 3068 1083 3114 naturam
1124 3058 1261 3114 lucis
1290 3075 1585 3130 corporeae
1614 3058 1885 3114 conditam

2001 1888 2128 1927 Suos
2171 1873 2547 1941 processioncs
2594 1873 2648 1927 in
2681 1873 2767 1928 bis
2798 1874 2978 1936 verbis
3009 1889 3199 1928 sacrae
3235 1874 3587 1943 Scripturae:

2003 1963 2125 2018 Fiat
2176 1966 2269 2019 tua:
2321 1974 2376 2020 et
2410 1965 2634 2036 reliqua,
2686 1966 2930 2022 volentes
2958 1967 3288 2038 intelligere,
3336 1968 3587 2031 dicimus,

1997 2058 2275 2112 creatione.
2320 2054 2453 2113 lucis
2493 2060 2891 2126 processiouem
2928 2059 3358 2129 primordialium
3386 2074 3586 2114 causa-

1999 2163 2119 2202 rum
2173 2149 2226 2202 in
2273 2164 2400 2204 suos
2451 2148 2673 2204 effectus
2721 2148 3038 2219 significari.
3072 2148 3206 2203 Nam
3237 2149 3282 2203 si
3311 2150 3456 2219 ipsas
3474 2149 3590 2221 pri-

1999 2238 2290 2294 mordiales
2336 2254 2531 2294 causas
2554 2279 2568 2303 ,
2611 2249 2834 2309 propter
2882 2239 3591 2309 incomprelicnsibiiitatem

1998 2334 2231 2381 naturae
2274 2342 2423 2393 suae,
2478 2326 2920 2398 incognitamque
2954 2329 3101 2382 omni
3132 2327 3430 2383 intellectui
3461 2327 3589 2383 alti-

1999 2418 2264 2482 tudinem,
2317 2418 2659 2473 tenebrarum
2712 2418 2966 2489 caligine,
3000 2419 3100 2473 ltoc
3137 2427 3247 2485 est,
3288 2418 3594 2489 profundae

1997 2510 2335 2581 ignorantiae
2360 2510 2626 2565 densitate
2652 2508 2963 2578 superfusus
2998 2509 3278 2580 Scriptura
3315 2510 3590 2581 perhibet,

1996 2602 2385 2657 cunrdicitur:
2415 2600 2485 2655 Et
2511 2600 2752 2655 tenebrae
2785 2610 2934 2654 erant
2964 2618 3122 2670 super
3150 2601 3393 2671 abyssum
3416 2639 3431 2665 ,
3458 2600 3590 2671 quid

1996 2691 2213 2754 mirum,
2261 2693 2309 2747 si
2336 2692 2631 2748 declaratio
2669 2709 2857 2748 earum
2882 2696 2925 2731 ιτ
2957 2695 3009 2747 in
3040 2693 3322 2749 effectibus
3350 2695 3466 2749 suis
3490 2708 3592 2764 per

1994 2781 2199 2839 formas
2219 2792 2274 2838 et
2291 2785 2499 2854 species
2520 2786 2655 2840 lucis
2680 2786 2897 2839 nomine
2912 2787 3318 2855 praedicaretur
3341 2801 3438 2855 per
3452 2785 3588 2839 hoc:

1998 2877 2063 2932 Et
2085 2879 2219 2932 dicit
2243 2879 2382 2934 Dens
2397 2896 2416 2934 :
2433 2878 2558 2932 Fiat
2581 2878 2695 2941 luat,
2715 2887 2763 2932 et
2784 2878 2924 2948 facta
2941 2888 3015 2931 est
3039 2876 3149 2931 lux.
3174 2876 3349 2930 Veluti
3365 2878 3491 2946 quis
3511 2877 3592 2931 di-

1992 2978 2164 3034 ceret,
2210 2970 2584 3039 primordiales
2631 2984 2847 3030 causas,
2888 2969 2940 3023 in
2968 2985 3028 3023 sc
3053 2969 3185 3038 ipsis
3222 2969 3266 2999 ‘3
3315 2967 3590 3039 inconspi-

1995 3075 2148 3125 cnas,
2201 3075 2525 3131 omnemque
2583 3060 2914 3115 intellectum
2970 3061 3389 3122 obumbrantes,
3420 3059 3593 3129 jussit

307 3148 474 3202 fuisse
523 3149 545 3179 ⁸
586 3128 943 3215 arbitrantur,
972 3150 1189 3219 quando
1241 3128 1444 3204 dictum
1493 3158 1621 3206 est:
1659 3149 1727 3202 Et
1752 3149 1890 3204 dixit
1920 3128 1964 3189 (ἶ
1999 3153 2142 3207 Deus
2186 3152 2239 3206 in
2279 3128 2485 3206 fortnas
2509 3152 2846 3222 perspicuas,
2872 3152 3190 3221 speciesque
3219 3128 3592 3221 intelligibilos

310 3238 446 3292 Deus
468 3252 486 3289 :
520 3236 642 3292 Fiat
674 3238 787 3303 lux,
810 3250 859 3293 et
889 3240 1031 3309 facta
1051 3251 1125 3294 est
1155 3240 1268 3295 lux.
1292 3240 1426 3295 Nam
1461 3241 1587 3311 quia
1623 3239 1677 3295 in
1703 3241 1890 3311 aequi-

305 3330 487 3384 noctio
513 3329 717 3383 vernali
741 3330 916 3399 prima
944 3330 1126 3384 mundi
1159 3331 1400 3385 conditio
1429 3331 1669 3386 creditur
1696 3330 1885 3396 fuisse,

305 3422 361 3476 in
417 3436 525 3490 quo
568 3419 650 3474 sol
701 3420 893 3489 aequis
945 3421 1137 3490 spatiis
1177 3430 1231 3476 et
1274 3436 1436 3491 supra
1482 3430 1682 3476 terram
1713 3430 1769 3476 et
1788 3421 1888 3475 sub

305 3523 452 3568 terra
496 3512 517 3544 ‘
569 3524 834 3576 moratur,
880 3528 954 3566 xu
1022 3513 1276 3568 videlicet
1324 3514 1474 3568 horis
1518 3514 1890 3582 aequinoctia-

304 3606 467 3671 libus,
492 3614 776 3674 propterea
807 3612 998 3673 pntant
1022 3604 1225 3658 dictum
1259 3619 1379 3659 esse
1403 3622 1416 3657 :
1436 3603 1649 3675 .Disistt
1683 3604 1820 3658 Deus
1845 3603 1887 3635 ¹⁶

304 3696 471 3749 lucem
500 3690 537 3748 is
566 3694 810 3748 tenebris.
835 3695 910 3748 Ac
933 3694 977 3747 si
1005 3702 1192 3762 aperte
1214 3694 1506 3759 diceretur,
1538 3703 1705 3748 totum
1729 3694 1891 3749 unius

306 3787 412 3843 diei
451 3786 709 3855 spatium,
731 3784 873 3855 quod
900 3801 1026 3839 xxiv
1067 3784 1216 3839 horis
1238 3786 1535 3855 peragitur,
1567 3799 1738 3854 aequa
1765 3800 1889 3855 par-

305 3880 496 3937 titione
523 3879 664 3933 inter
688 3879 830 3933 diem
862 3877 1044 3931 divisit
1066 3886 1122 3932 et
1143 3887 1379 3932 noctem.
1408 3876 1508 3944 Qui
1538 3877 1580 3907 “
1613 3892 1739 3931 vero
1762 3892 1890 3931 con-

300 3971 567 4024 ditionem
611 3967 887 4038 angclicae
937 3975 1163 4021 naturae
1199 3967 1473 4021 creatione
1523 3966 1658 4023 lucis
1685 3966 1890 4036 signifi-

300 4070 484 4116 catam
530 4061 729 4116 rectius
784 4067 1086 4124 autumant,
1136 4067 1381 4114 sanctum
1422 4058 1890 4130 Augustinnmse-

299 4164 553 4224 quentes,
590 4153 912 4208 divisionem
956 4154 998 4185 “'
1051 4153 1185 4209 lucis
1214 4169 1244 4207 a
1289 4155 1524 4209 tenebris
1546 4164 1638 4208 aut
1686 4155 1893 4209 discre-

302 4245 509 4299 tionem
548 4244 796 4299 informis
831 4245 1091 4300 materiae
1116 4253 1172 4300 et
1204 4244 1466 4302 formatae
1494 4255 1782 4302 creauirae
1810 4247 1891 4300 in-

302 4335 572 4406 telligunt,
600 4346 659 4389 ut
687 4336 905 4389 nomine
936 4335 1072 4389 lucis
1097 4335 1361 4404 perfectio
1385 4334 1616 4401 formae,
1642 4337 1890 4391 tenebra-

302 4440 424 4478 rum
452 4440 582 4479 vero
604 4424 954 4480 informitatis
980 4423 1230 4480 confusio
1249 4424 1566 4495 accipiatur,
1599 4433 1693 4478 aut
1713 4424 1885 4493 dupli-

308 4532 424 4570 cem
455 4517 769 4572 caelestium
803 4517 1165 4571 essentiarum
1198 4517 1481 4572 tlicoriam.
1519 4515 1694 4572 Aliter
1730 4532 1886 4571 nam-

300 4620 415 4676 que
449 4607 826 4661 consideratur
857 4617 1116 4662 creatura
1144 4608 1199 4662 in
1233 4608 1535 4663 rationibus
1560 4608 1674 4664 suis
1706 4619 1885 4664 aeter-

308 4696 395 4750 nis
426 4695 478 4748 in
519 4694 652 4760 Deo,
692 4698 996 4751 secundum
1023 4711 1161 4766 quas
1186 4698 1402 4753 condita
1432 4708 1538 4765 est,
1569 4708 1631 4754 et
1657 4701 1814 4756 aliter
1832 4699 1886 4755 in

300 4800 367 4842 se
397 4784 514 4855 ipsa
537 4785 637 4841 sub
675 4787 806 4851 Deo,
839 4787 893 4840 in
914 4797 1174 4857 quantum
1203 4797 1454 4845 creatura
1490 4798 1594 4845 est.
1621 4790 1689 4844 Et
1714 4793 1889 4859 prima

296 4877 521 4948 quidem
564 4877 929 4932 consideratio
973 4878 1111 4935 lucis
1152 4880 1438 4945 vocabulo,
1485 4880 1720 4936 secunda
1758 4898 1890 4937 vero

306 4967 653 5023 tenebrarum
681 4968 1040 5038 significatur.
1086 4971 1158 5028 Ut
1201 4971 1346 5027 enim
1377 4970 1469 5026 lux
1498 4973 1773 5041 praecedit
1813 4983 1890 5029 te-

302 5060 505 5118 nebras
540 5059 582 5092 ¹³
627 5061 910 5131 dignitate,
959 5064 1034 5118 ita
1073 5063 1294 5119 claritas
1321 5072 1663 5119 aeternarum
1718 5065 1887 5119 ratio-

303 5165 455 5217 num,
481 5152 780 5206 sccundum
804 5167 940 5222 quas
965 5153 1141 5208 omnis
1160 5160 1409 5209 creatura
1432 5151 1577 5209 facta
1605 5163 1711 5220 est,
1734 5170 1890 5226 prae-

1991 3254 2048 3299 et
2087 3244 2369 3301 sensibiles
2421 3244 2462 3279 ι’
2518 3243 2811 3298 visibilium
2860 3250 2915 3298 et
2962 3242 3317 3298 invisibilium
3343 3242 3588 3313 prodire.

1993 3336 2109 3392 Non
2160 3337 2305 3391 enim
2346 3335 2495 3391 solus
2540 3335 2704 3401 Dens,
2729 3349 2914 3389 verum
2942 3335 3105 3389 etiam
3128 3334 3370 3388 omnium
3405 3347 3591 3387 rerum

1991 3426 2254 3498 principia
2302 3427 2647 3482 tenebrarum
2704 3426 2988 3489 vocabulo,
3040 3435 3176 3481 teste
3205 3424 3264 3480 S.
3298 3424 3588 3496 Dionysio,

1991 3520 2230 3575 solent"
2259 3519 2312 3572 in
2336 3518 2565 3588 eloquiis
2605 3517 2866 3587 appellari
2892 3527 3120 3587 propter
3168 3516 3592 3584 incomprehen-

1989 3611 2200 3666 sibilem
2251 3611 2607 3665 infinitatem:
2639 3609 2915 3679 processio
2949 3624 3077 3663 vero
3099 3607 3218 3674 ejus
3239 3620 3337 3676 per
3380 3606 3593 3677 princi-

1989 3703 2077 3775 pia
2133 3704 2188 3756 in
2245 3711 2528 3757 creaturas
2570 3700 2812 3755 visibiles
2862 3709 2918 3755 et
2967 3699 3286 3765 invisibiles,
3312 3713 3447 3754 suas
3466 3699 3594 3753 dico

1993 3792 2368 3861 threplianias,
2418 3790 2686 3845 claritatis
2731 3789 2951 3843 nomine
3004 3790 3204 3844 meruit
3251 3787 3591 3858 signiﬁcari;

1989 3882 2043 3935 in
2066 3883 2195 3952 ipsis
2225 3884 2368 3937 enim
2392 3882 2623 3951 quodam
2655 3882 2814 3936 modo
2844 3882 3048 3949 patitur
3077 3880 3322 3949 intelligi,
3347 3881 3444 3949 qui
3471 3896 3593 3936 omo

1990 3988 2112 4027 nem
2160 3981 2381 4042 superat
2431 3971 2784 4026 intellectum.
2850 3969 2976 4025 Fiat
3024 3986 3154 4041 ergo
3229 3971 3357 4036 lux,
3409 3972 3595 4041 inquit

1990 4062 2152 4128 Dens,
2177 4062 2283 4116 hoc
2306 4069 2413 4126 est,
2448 4061 2744 4130 procedant
2769 4061 3147 4130 primordiales
3172 4076 3376 4130 causae
3409 4077 3480 4117 ex
3508 4062 3595 4120 itt-

1989 4153 2570 4223 comprehensibilibus
2615 4163 2841 4208 naturae
2872 4169 3006 4208 suae
3035 4122 3263 4210 secretis
3294 4155 3350 4209 in
3377 4154 3593 4213 formas

1989 4264 2057 4304 ac
2080 4250 2123 4281 “
2149 4248 2360 4318 species
2386 4249 2926 4319 compreliensibiles,
2960 4248 3437 4316 intelleelibnsqne
3461 4262 3593 4302 con-

1992 4338 2365 4408 templantium
2394 4353 2453 4393 se
2480 4336 2815 4402 manifestas,
2845 4336 2908 4391 Et
2942 4338 3084 4407 facta
3107 4347 3181 4392 est
3223 4334 3337 4400 luat,
3364 4336 3485 4390 Deo
3513 4335 3595 4390 vi-

1990 4428 2184 4483 delicet
2203 4427 2436 4492 volente,
2464 4435 2521 4482 et
2547 4428 2782 4491 dicente,
2815 4427 3123 4482 obscuritas
3151 4424 3593 4495 primordialinm

1989 4532 2275 4573 causarum
2316 4517 2368 4571 in
2400 4516 2603 4571 formas
2627 4531 2692 4572 ac
2717 4517 2928 4587 species
2968 4517 3232 4586 processit
3270 4523 3501 4584 apertas
3523 4514 3592 4568 π’.

1986 4610 2058 4664 Et
2078 4610 2251 4665 divisit
2276 4609 2416 4664 Deus
2439 4609 2608 4665 lucent
2630 4610 2677 4642 ³³
2697 4628 2730 4664 a
2755 4610 2999 4675 tenebris,
3028 4610 3133 4664 hoc
3158 4619 3264 4671 cst,
3279 4607 3593 4677 segregavit

1991 4701 2238 4754 notitiam
2276 4698 2562 4756 ell‘ectuum
2591 4699 2661 4754 ab
2688 4699 3025 4755 obscuritate
3057 4713 3282 4754 suarum
3307 4696 3592 4767 principa-

1995 4791 2125 4845 lium
2154 4803 2464 4845 causarum.
2496 4788 2704 4845 Divisio
2733 4790 2932 4860 quippe
2958 4789 3097 4844 lucis
3149 4805 3179 4843 a
3230 4787 3479 4843 tenebris
3506 4794 3595 4842 est

1993 4881 2250 4936 discretio
2295 4895 2476 4935 rerum
2523 4894 2620 4950 per
2659 4878 2864 4935 formas
2906 4895 2972 4934 ac
2999 4877 3049 4910 “
3077 4878 3287 4948 species
3313 4892 3589 4947 apparen-

1994 4973 2131 5027 tium
2156 4986 2186 5025 a
2218 4971 2498 5040 principiis
2523 4970 2654 5033 suis,
2705 4970 2758 5025 in
2804 4971 3003 5039 quibus
3046 4984 3263 5024 omnem
3323 4975 3593 5037 superant

1994 5063 2345 5118 intellectum.
2380 5063 2613 5131 Ideoque
2641 5062 2941 5133 praedixit:
2972 5062 3042 5116 Et
3069 5062 3193 5116 vidit
3215 5059 3358 5115 Dens
3387 5059 3594 5122 luent,

1992 5157 2115 5228 quia
2157 5166 2285 5211 esset
2304 5156 2460 5222 bona,
2493 5157 2595 5211 hoc
2624 5165 2726 5222 est,
2750 5155 2954 5227 placuit
2981 5154 3112 5220 Deo,
3136 5151 3429 5224 originales
3456 5166 3594 5208 can-

1596 5357 1846 5413 VARIAE
1883 5357 2283 5415 LECTIONES.

374 5515 397 5549 ³
424 5514 466 5571 C
497 5523 745 5568 creatam.
821 5513 841 5543 ²
865 5512 956 5566 Sic
979 5510 1051 5576 C;
1081 5510 1123 5582 Α
1169 5512 1280 5582 qui.
1370 5509 1390 5542 ³
1412 5510 1453 5564 Α
1483 5511 1583 5564 Itis.

308 5583 332 5612 "
360 5587 401 5638 Α
427 5600 555 5638 esse.
633 5582 654 5615 ⁸
676 5582 717 5636 Α
748 5582 936 5650 aequis
961 5581 1150 5650 spatiis
1179 5596 1338 5649 supra
1368 5591 1415 5633 et
1454 5582 1632 5634 subtra
1659 5592 1853 5635 terrm»
1904 5594 2145 5636 moratur
2169 5621 2183 5635 .

308 5656 432 5704 mini
461 5653 765 5704 dirisianem
794 5663 1080 5704 smnmtes.
1156 5652 1198 5682 ¹³
1222 5653 1263 5704 Α
1292 5651 1529 5704 tenebris.
1630 5652 1673 5683 "’
1709 5653 1748 5703 Λ
1782 5651 1995 5704 scilicet.
2075 5654 2115 5683 "
2159 5657 2175 5702 t

1782 5665 1995 5704 srtttrer.

312 5724 357 5754 ⁶⁴⁴
378 5725 420 5777 Α
457 5724 616 5787 ipsas.
693 5721 732 5752 "
763 5723 805 5775 Α
830 5720 1213 5790 scnsibilrsque.
1289 5723 1333 5752 ’θ
1354 5721 1512 5789 linatj;
1546 5721 1632 5776 AC
1662 5721 1813 5777 solet.
1894 5722 1937 5755 “
1962 5721 2005 5775 Α
2036 5732 2103 5775 rt.

304 5656 432 5708 mini
461 5653 765 5706 divisionem
794 5663 1080 5720 scqttt'ltft’s.
1156 5652 1198 5682 ¹³
1222 5653 1263 5705 Α
1292 5651 1529 5704 tenebris.

48 6034 305 6100 ’Ἴ

1660 5511 1681 5543 ⁸
1705 5512 1797 5567 Sic
1820 5512 1944 5578 AC;
1983 5512 2019 5566 ἴ.
2046 5513 2255 5582 spat'o?
2326 5512 2347 5544 ⁸
2381 5513 2417 5564 Α
2446 5514 2673 5582 quidem.
2746 5514 2769 5545 ‘
2824 5514 2860 5565 Α
2900 5526 3075 5567 artum
3104 5523 3200 5565 est.

3274 5514 3295 5546 '
3326 5511 3366 5567 Α
3419 5515 3587 5568 ridet.

3157 5584 3198 5615 "
3226 5584 3262 5637 Α
3297 5580 3356 5638 S.
3389 5589 3587 5651 Augu-

3197 5655 3237 5685 ¹⁷
3269 5654 3309 5709 C
3341 5652 3585 5708 illurn-rs.

3199 5764 3210 5775 .
3246 5724 3307 5777 Α.
3387 5722 3428 5752 ³⁸
3461 5726 3505 5777 Δ
3528 5737 3585 5775 et

2263 5583 2303 5612 ¹⁰
2346 5581 2484 5636 Deus
2515 5599 2625 5636 om.
2656 5587 2719 5636 Α.
2798 5585 2837 5614 ¹¹
2864 5585 2904 5636 Λ
2931 5588 3076 5653 quia.

2075 5654 2115 5683 "
2159 5654 2199 5702 t‘.
2223 5652 2541 5719 ίὶττιιςειιυδι.
2650 5656 2693 5683 ³⁵
2722 5655 2862 5706 a'irta
2894 5652 3003 5707 om.
3056 5656 3116 5708 .-\.

2192 5724 2233 5753 ”
2265 5724 2350 5776 Sic
2378 5724 2417 5773 (ζ
2445 5738 2457 5783 ;
2486 5726 2521 5775 ,ι
2556 5737 2754 5790 aperta.
2832 5725 2883 5753 ⁷⁸³
2915 5728 3079 5778 Iuram
3103 5740 3210 5776 unt.
3246 5724 3307 5777 Α.
