3912 6154
222 349 309 402 633

1043 357 1131 413 DE
1172 357 1511 417 DiVlSlONE
1549 357 1900 418 NATURAE.
1941 395 2010 408 ι-
2048 364 2250 422 LIBER
2291 368 2611 426 TERTIUS.

3341 373 3444 426 (illi

219 481 314 530 sas,
345 473 462 519 ante
510 478 724 520 onmem
776 477 1082 524 creaturam
1115 471 1252 525 ultra
1295 487 1510 527 omnem
1553 473 1764 530 intelle-
1794 482 1838 537 Α
1870 479 1961 534 alii
1994 488 2162 535 totum
2195 483 2430 552 spatium
2457 484 2596 538 ultra
2619 483 2820 547 lunam,
2849 483 2936 537 ubi
2964 483 3296 553 planetarum
3326 499 3446 537 cor-

219 565 344 609 ctuttt
361 554 615 617 conditas,
635 556 996 613 intellectibns
1017 559 1129 614 sive
1158 561 1428 624 immanis,
1458 561 1572 617 sive
1600 577 1764 632 ange—

217 644 456 698 licisluce
494 649 726 714 quadam
757 647 1144 719 intelligentiae
1185 651 1496 721 superfusas
1539 651 1764 706 manife-

215 737 346 789 stari.
378 736 762 808 Appellaritque
809 739 978 794 lucent
1015 743 1169 804 diem,
1201 754 1248 797 et
1271 744 1506 798 tenebras
1539 754 1759 809 noctem,

215 828 299 880 lzuc
347 837 456 892 est,
502 830 995 900 contemplantibus
1032 833 1227 888 animis
1281 836 1551 906 praestitit
1591 835 1762 888 matti-

213 921 521 975 t‘cstationem
573 923 863 978 visibilium
909 935 962 979 et
1016 927 1358 981 invisibilium
1412 942 1505 996 per
1561 927 1763 982 formas

209 1021 255 1063 et
296 1012 494 1082 species
535 1014 677 1068 dicm
743 1017 1012 1086 appellare
1037 1057 1054 1082 ,
1113 1033 1297 1071 eorum
1356 1034 1484 1073 vero
1523 1017 1574 1071 in
1615 1018 1768 1086 priu-

209 1102 346 1174 cipiis
401 1106 515 1160 suis
575 1107 1169 1178 incomprehensibilem
1235 1109 1569 1164 altitudinem
1640 1126 1762 1164 em-

209 1197 350 1265 niqtte
399 1198 617 1252 condito
678 1199 970 1254 intellectui
1030 1201 1355 1270 incognitam
1413 1216 1607 1254 vocare
1667 1215 1765 1252 no—

207 1296 344 1340 ctein.
383 1286 709 1358 Factumque
762 1301 838 1343 est
884 1305 1086 1359 rapere
1137 1303 1186 1346 et
1233 1306 1404 1357 tuaac,
1448 1291 1559 1346 dies
1603 1299 1761 1354 unus.

204 1374 431 1443 Quamvis
455 1381 598 1433 enim
628 1381 770 1435 inter
810 1383 1190 1436 obscuritatem
1225 1396 1528 1446 causarum,
1569 1392 1625 1438 et
1653 1383 1761 1438 cla-

206 1467 389 1520 ritatem
421 1468 710 1524 eﬂ'eetuum
737 1472 928 1526 divisio
951 1473 1274 1543 intelligatur
1296 1490 1360 1529 ne
1389 1476 1404 1506 ⁸
1435 1475 1760 1540 differentia,

205 1573 320 1611 unus
347 1568 525 1614 tamen
558 1561 809 1630 idemque
833 1563 950 1616 dies
995 1572 1099 1628 est,
1140 1565 1240 1618 hoc
1265 1576 1366 1628 est,
1408 1577 1546 1619 unus
1571 1579 1757 1621 eorum

203 1649 498 1705 intellectus.
549 1651 663 1707 Non
700 1655 844 1707 enim
893 1656 993 1710 alia
1042 1667 1291 1712 creatura
1340 1659 1657 1730 intelligitur
1706 1663 1757 1716 in

201 1742 355 1794 causis
379 1741 546 1806 facta,
579 1744 682 1797 alia
718 1745 768 1798 in
794 1744 1074 1802 etfeetibus
1095 1760 1380 1803 causarum
1405 1751 1636 1814 condita,
1664 1753 1757 1807 sed

1868 585 1996 643 pora
2039 582 2092 630 et
2119 589 2309 630 cursus
2345 589 2463 630 esse
2489 574 2782 630 creduntur
2809 575 2873 638 ",
2907 589 3029 628 cum
3061 575 3177 644 ipso
3203 583 3446 628 extremo

1865 663 2069 718 ambitu
2094 665 2355 730 siderum,
2388 663 2477 720 alii
2511 675 2680 720 totum
2703 665 2880 728 inane,
2907 666 3046 735 quod
3069 667 3210 719 circa
3242 674 3441 719 terram

1863 753 2117 817 volvitur,
2148 754 2251 808 hoc
2279 764 2360 810 est
2382 771 2526 817 aera,
2552 763 2604 808 et
2630 757 2875 820 aethera,
2897 754 3445 822 sublimissimamque

1865 845 2151 912 sphaeram
2209 859 2318 898 uno
2368 827 2628 900 vocabulo
2685 845 3004 900 ﬁrmamenti
3060 842 3442 914 comprehendi

1863 944 2163 989 autumant.
2210 935 2323 989 Non
2353 937 2493 991 enim
2519 937 2679 1002 alibi,
2710 945 2768 990 ut
2793 937 2962 1000 aiunt,
2997 936 3192 1006 legitur
3227 935 3272 968 ¹⁸
3301 935 3444 990 aeris

1863 1036 1919 1082 et
1940 1027 2174 1082 aetheris
2199 1029 2242 1060 "'
2271 1030 2526 1084 conditio.
2576 1029 2754 1096 Quare
2783 1039 2960 1084 autem
2991 1031 3082 1083 tali
3108 1029 3321 1084 nomine
3345 1044 3440 1084 vo-

1863 1129 2038 1184 eatur,
2072 1129 2232 1190 prout
2261 1120 2546 1190 unicuique
2577 1121 2746 1174 visum
2788 1127 2886 1183 est,
2928 1121 2998 1174 ita
3033 1119 3311 1188 exposuit;
3352 1119 3442 1174 alii

1862 1211 2078 1278 quidem
2109 1219 2330 1279 propter
2354 1211 2396 1243 ¹⁸
2429 1212 2874 1264 sustentationem
2898 1211 3234 1280 superiorum
3278 1225 3442 1280 aqua-

1863 1316 1980 1355 rum
2011 1302 2077 1366 ",
2110 1301 2271 1356 veluti
2303 1317 2464 1371 sumo
2496 1301 2620 1356 illud
2653 1302 2962 1371 corporales
2988 1319 3156 1372 aquae
3185 1303 3324 1367 sint;
3352 1301 3440 1356 alii

1861 1392 1984 1460 quia
2037 1393 2232 1446 choros
2283 1392 2519 1446 siderum
2569 1387 2915 1453 sustineat”,
2969 1392 3130 1445 veluti
3178 1390 3440 1461 quaedam

1861 1484 2159 1552 ponderosa
2196 1493 2459 1552 corpora;
2513 1482 2603 1536 alii
2629 1482 2752 1551 quia
2789 1491 2956 1544 totum
2992 1481 3254 1534 visibilem
3287 1493 3446 1532 mun-

1861 1576 1985 1629 dum
2013 1576 2150 1630 intra
2179 1590 2238 1630 se
2269 1577 2542 1628 contineat
2573 1591 2637 1629 ac
2666 1575 2841 1628 ﬁrmet
2875 1573 2938 1627 ".
2974 1573 3082 1627 Nec
3111 1575 3322 1637 desunt,
3351 1570 3440 1639 qui

1860 1667 2089 1735 spatium
2112 1665 2523 1736 corpulentioris
2548 1665 2707 1733 hujus
2733 1665 2874 1720 aeris
2897 1680 2962 1719 eo
2991 1664 3204 1718 nomine
3229 1661 3445 1732 proprie

1859 1757 2041 1810 vocari
2073 1756 2276 1819 volunt,
2301 1772 2364 1811 eo
2385 1758 2525 1825 quod
2549 1758 2739 1820 nubes,
2763 1757 2988 1824 pluvias,
3016 1756 3234 1817 imbres,
3269 1754 3438 1818 nives,

200 1849 286 1886 una
324 1837 618 1908 eademque
658 1840 711 1894 in
748 1843 1046 1898 rationibus
1070 1847 1325 1909 aeternis,
1359 1846 1521 1902 veluti
1552 1850 1600 1901 in
1627 1849 1752 1918 qui-
1786 1837 1827 1893 Β
1854 1848 2472 1917 grandines,'omneque,
2515 1847 2655 1916 quod
2685 1862 2750 1900 ex
2791 1845 3018 1899 terrenis
3055 1845 3342 1913 vaporibus
3385 1843 3437 1898 in

200 1925 394 1981 busdam
427 1931 669 1985 tenebris
708 1935 1107 1989 secretissimae
1134 1936 1456 2006 sapientiae,
1502 1942 1756 2010 omnique

201 2013 447 2072 intellectu
499 2030 739 2076 remotae
781 2021 920 2077 facta
941 2027 985 2088 ',
1015 2033 1067 2078 et
1107 2025 1158 2078 in
1208 2029 1639 2094 processioni‘uus
1670 2049 1755 2086 ra-

199 2104 375 2160 tionum
400 2109 421 2140 ³
454 2110 509 2162 in
539 2109 763 2166 eﬂectus
785 2113 1146 2171 intellectibus
1187 2119 1568 2184 succumbens,
1593 2121 1753 2177 veluti

195 2195 239 2254 ia
258 2202 473 2268 quadam
499 2202 586 2255 die
608 2204 880 2271 perfectae
923 2208 1144 2261 notitiae
1169 2209 1532 2265 manifestata.
1560 2210 1705 2268 llaec
1733 2212 1755 2244 ⁸

195 2295 346 2342 autem
381 2290 449 2345 de
475 2293 732 2361 operibus
761 2297 918 2364 primi
967 2297 1318 2367 intelliglbilis
1344 2300 1446 2354 diei
1491 2317 1752 2372 congrua,

195 2387 236 2432 ut
261 2382 457 2449 opinor,
491 2384 966 2456 intelligentiarum
999 2391 1504 2460 promrtionalltate
1547 2391 1749 2461 addidi,

196 2485 281 2526 non
300 2484 353 2527 ut
397 2491 579 2530 meum
608 2493 846 2544 sensum,
875 2481 1039 2535 veluti
1062 2481 1085 2514 '
1109 2498 1173 2537 ex
1199 2498 1286 2538 me
1312 2483 1426 2552 ipso
1454 2493 1749 2556 repertum,

192 2563 388 2620 aliorum
413 2569 782 2625 intellectibus
802 2572 959 2626 velim
984 2573 1278 2644 praeferre,
1303 2578 1444 2645 quod
1467 2577 1626 2642 absit,
1657 2579 1752 2632 sed

195 2658 538 2722 considerans,
582 2663 725 2716 veris
749 2665 1296 2734 eontemplationibus
1325 2682 1429 2721 non
1462 2667 1749 2723 admodum

192 2748 448 2813 resistere,
503 2753 1042 2826 primordialiumque
1091 2773 1378 2814 causarum
1435 2761 1487 2814 in
1527 2757 1750 2817 elfectus

188 2841 334 2894 suos‘
381 2843 810 2912 profusionibns,
851 2849 916 2902 de
955 2851 1149 2918 quibus
1179 2868 1317 2905 nunc
1344 2852 1573 2923 agimus,
1615 2869 1747 2907 con-

189 2933 365 2988 venire.
417 2935 568 2991 Disc.
622 2938 694 2992 De
751 2941 1003 3008 operibus
1056 2957 1149 2996 sex
1195 2944 1490 3013 primorum
1539 2944 1747 2998 dierum

187 3026 409 3088 quoniam
436 3027 591 3082 multi
623 3039 678 3083 et
708 3046 918 3099 graece,
946 3040 999 3087 et
1029 3033 1193 3088 latine
1225 3033 1390 3087 multa
1423 3047 1741 3105 exposuere,

189 3113 394 3170 breviter
447 3125 504 3171 et
565 3119 838 3174 succincte
887 3137 1030 3175 nunc
1086 3122 1466 3192 disputandum
1523 3134 1625 3180 est.
1676 3125 1744 3180 Et

1857 1953 1922 1992 eo
1949 1939 2210 1999 nascitur,
2242 1938 2393 1992 lirma
2424 1939 2650 2007 quadam
2673 1938 2720 1968 ³³
2755 1951 2884 1992 suae
2910 1945 3135 1990 naturae
3159 1934 3442 2005 corpulen-

1859 2031 1928 2083 tia
1954 2027 1998 2060 “
2033 2030 2312 2091 sustineat,
2351 2036 2606 2097 quantum
2635 2029 2900 2082 sustinere
2929 2035 3126 2094 potest,
3171 2041 3236 2079 ac
3276 2024 3438 2078 veluti

1857 2127 2029 2174 totum
2076 2132 2139 2174 es
2186 2128 2339 2188 parte
2384 2128 2561 2173 cetera
2605 2117 2775 2188 spatia
2809 2117 3024 2171 levioris
3065 2125 3119 2170 et
3146 2116 3441 2184 superioris

1855 2209 2080 2264 visibilis
2126 2219 2351 2262 naturae
2391 2210 2461 2264 ab
2500 2223 2566 2264 co
2601 2208 2936 2263 denominari
2960 2205 3024 2260 “.
3081 2207 3282 2262 Horum
3315 2221 3442 2262 vero

1853 2302 1976 2370 quis
2017 2301 2216 2356 rectius
2255 2301 2536 2372 intelligat,
2570 2302 2859 2372 legentium
2890 2299 3116 2356 arbitrio
3147 2301 3441 2365 diiudican-

1854 2391 1981 2445 dum
2019 2391 2320 2444 committo.
2376 2390 2502 2444 Mihi
2540 2401 2720 2444 autem
2767 2391 2944 2460 graeci
2993 2391 3258 2457 nominis,
3294 2390 3436 2458 quod

1852 2490 1936 2536 est
1961 2485 2245 2557 στερέωμα,
2261 2482 2597 2537 considerata
2627 2481 2847 2545 virtute,
2879 2481 2984 2535 tale
3010 2481 3325 2535 vocabulum
3359 2482 3440 2534 vi-

1853 2576 2008 2631 detur
2035 2577 2297 2631 meruisse
2316 2591 2400 2640 eo,
2429 2575 2570 2646 quod
2595 2575 2646 2628 in
2677 2591 2741 2630 eo
2772 2576 2936 2630 totius
2963 2573 3260 2642 corporalis
3289 2587 3440 2627 crea-

1854 2676 2007 2723 turae
2047 2667 2183 2722 situs
2211 2676 2316 2722 stet
2341 2683 2403 2722 ac
2441 2668 2777 2721 terminetur.
2816 2667 2966 2722 Ultra
2996 2681 3226 2734 namque
3260 2661 3441 2719 ﬁrma-

1851 2769 2091 2815 mentum
2123 2759 2197 2813 nil
2225 2755 2498 2823 sensibile,
2539 2758 2619 2812 vel
2650 2773 2992 2827 corporeum,
3024 2757 3107 2810 vel
3132 2756 3322 2821 locale,
3355 2754 3440 2810 vel

1852 2849 2149 2918 temporale
2172 2850 2219 2880 "
2251 2849 2570 2917 intelligitur
2589 2862 2726 2902 esse.
2753 2847 3003 2901 Omnium
3028 2847 3288 2915 siquidem
3313 2845 3442 2899 visi-

1849 2939 2033 2993 bilium
2067 2938 2188 2992 linis
2217 2940 2266 2991 in
2291 2939 2406 3007 ipso
2422 2939 2468 2968 "
2491 2937 2754 2990 ﬁrmatur.
2789 2939 3047 3011 Στερᾶωμα
3073 2938 3215 2990 enim
3245 2935 3434 2990 dicitur

1849 3032 1998 3100 quasi
2025 3032 2210 3104 στερεά
2235 3027 2342 3101 ἅμα
2360 3028 2425 3092 ’⁷,
2452 3027 2550 3081 hoc
2570 3036 2671 3089 est,
2696 3026 2861 3080 solida
2882 3026 3037 3080 sin‘mi
3059 3041 3072 3078 :
3104 3026 3154 3078 in
3181 3026 3294 3094 ipso
3314 3026 3436 3093 qui-

1849 3121 1969 3174 dem
2004 3120 2183 3173 omnia
2218 3118 2408 3178 solida,
2460 3119 2558 3170 hoc
2589 3126 2669 3169 est
2700 3115 3000 3184 corporalia
3052 3115 3210 3169 sinml
3244 3115 3435 3170 termi-

188 3204 308 3268 quod
344 3207 406 3261 de
446 3208 622 3278 prima
653 3209 772 3264 luce
817 3227 844 3263 a
893 3221 943 3264 te
973 3190 1306 3278 dictuuiest,
1351 3216 1561 3269 videtur
1609 3218 1739 3271 mihi
1772 3190 1814 3248 Ο
1847 3223 2064 3276 nantur,
2090 3221 2143 3266 et
2169 3219 2334 3265 stant.
2371 3209 2446 3263 De
2472 3195 2626 3278 aquis
2651 3218 2827 3262 autem
2853 3249 2867 3272 ,
2899 3209 2949 3262 in
2977 3223 3205 3276 quarunt
3245 3208 3290 3240 "
3320 3224 3434 3262 meo

188 3293 417 3350 sntiicere.
467 3299 596 3353 Sive
636 3301 819 3353 enim'
864 3302 1224 3357 conditionem
1256 3303 1414 3372 hujus
1457 3305 1590 3359 lucis
1618 3321 1742 3360 cor-

186 3399 352 3450 porcae
378 3390 810 3444 substantialiter
841 3393 892 3445 in
925 3395 1068 3461 igne,
1102 3401 1158 3448 ttt
1200 3394 1256 3448 S.
1287 3395 1480 3448 Basilio
1509 3397 1738 3461 videtur,

188 3475 279 3530 sive
303 3480 614 3536 caelestium
662 3483 922 3538 virtutum
965 3487 1341 3540 formationem
1366 3489 1410 3552 ⁸,
1440 3497 1498 3540 ιιι
1540 3487 1597 3542 S.
1630 3489 1741 3542 Au-

188 3571 389 3634 gustino,
445 3574 565 3628 sive
615 3575 1040 3643 primordialinm
1083 3591 1370 3630 causarum
1422 3577 1473 3630 in
1517 3577 1742 3632 el'fectus

186 3668 291 3711 suos
333 3662 638 3728 generalem
681 3667 1080 3731 processioncm
1121 3667 1464 3735 signiﬁect’,
1502 3667 1744 3736 qualem-

184 3760 368 3817 cunque
421 3753 616 3808 ltorum
668 3755 1032 3810 inlciieclttttm
1085 3758 1206 3826 quis
1262 3759 1586 3824 obtinuerit,
1633 3771 1740 3814 non

182 3845 316 3906 longe
342 3857 369 3894 a
391 3845 622 3899 veritate
653 3847 890 3901 distabit.

235 3931 316 3984 26.
348 3931 481 3989 Mite.
508 3935 872 3993 Transeamus
894 3939 1057 4009 igitur
1077 3941 1117 3971 ¹⁶
1143 3941 1210 3993 ad
1238 3943 1456 3997 secundi
1482 3942 1587 3997 diei
1612 3957 1742 3998 con-

181 4018 533 4078 siderationem
557 4026 620 4076 “.
650 4029 726 4080 Ac
757 4028 906 4096 prius
937 4029 1219 4084 dicendum
1250 4032 1315 4096 ”,
1346 4033 1488 4101 quod
1515 4033 1579 4087 de
1612 4033 1740 4087 alie.

181 4109 355 4174 geticis
373 4113 736 4170 intellectibus
756 4118 1037 4172 muralium
1068 4119 1568 4190 interpretationum
1594 4121 1736 4175 nulla

181 4211 302 4254 nunc
327 4204 478 4258 nobis
501 4206 729 4260 intentio
752 4216 854 4271 est,
890 4209 986 4263 sed
1026 4210 1091 4265 de
1122 4211 1234 4265 sola
1267 4225 1442 4265 rerum
1470 4211 1735 4266 factarum

179 4291 422 4348 creatione
457 4297 752 4350 secundum
789 4295 1066 4352 historiam
1096 4313 1264 4368 pauca
1319 4301 1585 4357 disserere
1627 4304 1736 4358 Deo

179 4377 293 4433 duce
314 4397 591 4438 conamur.
639 4387 786 4440 DISC.
829 4385 940 4442 Nec
984 4390 1087 4444 bec
1112 4403 1342 4458 quaero;
1371 4391 1503 4446 satis
1529 4393 1671 4445 enim
1702 4404 1733 4446 a

181 4475 360 4530 strictis
383 4474 636 4532 Patribus
663 4478 731 4532 de
761 4479 946 4534 talium
979 4481 1230 4552 allegoria
1255 4491 1562 4538 estactum.
1590 4483 1727 4538 Msa.

180 4559 300 4616 Dixit
318 4582 519 4636 quoque
542 4567 711 4624 Deus:
736 4569 864 4624 Fiat
884 4571 1267 4638 ﬁrmamentum
1299 4575 1351 4626 in
1378 4573 1546 4629 medio
1568 4591 1733 4642 aqua-

181 4669 292 4718 mat,
335 4671 381 4712 et
417 4660 621 4712 dividat
649 4678 811 4733 aquas
839 4662 904 4716 ab
947 4664 1116 4733 aquis,
1169 4673 1217 4717 et
1245 4664 1365 4732 fecit
1388 4663 1528 4717 Deus
1553 4663 1734 4731 ﬁrma-

177 4759 398 4803 mentum.
425 4752 501 4807 De
526 4753 570 4783 ¹⁸
601 4754 942 4810 iinnamento
959 4769 1147 4810 omnes
1169 4755 1493 4810 unanimiter
1511 4769 1737 4812 Consen-

177 4833 313 4902 tiunt,
338 4841 479 4910 quod
517 4856 621 4898 non
647 4845 789 4899 aliud
813 4857 878 4901 eo
909 4847 1144 4909 nomine,
1176 4847 1275 4900 nisi
1311 4847 1354 4878 “
1395 4847 1497 4901 hoc
1525 4847 1733 4900 cachnn

172 4925 359 4985 Visibile
406 4931 763 5003 signiﬁcatur.
826 4936 930 4990 Alii
997 4947 1173 4991 tamen
1239 4947 1538 4992 extremam
1589 4938 1732 4991 illam

171 5016 434 5079 535mm
483 5025 790 5090 volubilem,
837 5027 1072 5096 undique
1118 5036 1285 5081 totum
1317 5028 1572 5082 mundum
1615 5043 1732 5080 amo

169 5101 408 5178 hiantem,
454 5115 742 5190 eborisque
787 5126 1058 5174 astrorum
1104 5127 1350 5172 ornatam
1374 5119 1726 5183 solummodo,

1845 3303 1932 3358 dio
1973 3303 2372 3364 ﬁrmamentum
2417 3300 2530 3354 ﬁeri
2565 3299 2704 3353 Deus
2729 3299 2882 3360 dixit,
2908 3313 3013 3351 non
3061 3298 3196 3352 satis
3224 3299 3437 3368 reperio

1843 3395 1968 3464 quid
1984 3395 2292 3457 dicam,non
2311 3393 2452 3463 quod
2469 3407 2553 3446 me
2570 3391 2937 3458 latuerit,quid
2955 3389 3105 3444 multi
3124 3401 3434 3446 sanctorum

1842 3483 2064 3538 Patrum
2095 3485 2160 3539 de
2189 3484 2320 3554 ipsis
2349 3492 2633 3538 senserunt
2653 3481 2720 3535 ¹⁹.
2745 3481 2976 3536 Sanctus
3001 3480 3262 3551 siquidem
3286 3483 3436 3536 Basi-

1842 3575 1947 3630 lius
1973 3577 2024 3629 in
2047 3577 2312 3630 Esemero
2333 3575 2378 3606 '°
2405 3589 2503 3630 suo
2525 3573 2659 3628 velle
2683 3573 2910 3636 videtur,
2937 3590 3096 3644 aquas
3123 3572 3242 3628 illas
3260 3575 3439 3644 abyssi

1843 3667 2052 3719 nomine
2072 3675 2301 3728 vocatas,
2326 3665 2553 3735 undique
2577 3663 2714 3716 circa
2742 3672 2933 3716 terram
2957 3663 3200 3732 iii/fusas,
3225 3664 3440 3717 rarissi~

1841 3771 2078 3826 masque,
2100 3773 2162 3809 ac
2181 3755 2222 3786 "
2249 3756 2602 3818 tenuissimas,
2627 3771 2783 3821 super
2802 3771 2931 3822 quas
2951 3756 3095 3826 prius
3121 3766 3266 3808 erant
3293 3764 3440 3808 tene--

1842 3846 1988 3908 brae,
2027 3861 2089 3896 ac
2125 3843 2170 3875 ³²
2201 3844 2386 3897 deinde
2423 3842 2652 3913 Spiritus
2683 3843 2778 3898 Dei
2823 3845 3262 3914 superferebatur,
3297 3853 3343 3897 et
3375 3844 3436 3896 ira

1841 3933 2026 4003 quibus
2063 3934 2325 4003 primitira
2352 3933 2463 3996 lux,
2493 3932 2650 3986 veluti
2696 3935 2852 3985 trium
2883 3935 3083 3986 dierum
3111 3933 3311 4001 spatiis,
3337 3948 3430 4001 gy-

1843 4040 1967 4078 raas
2016 4025 2293 4095 informem
2333 4026 2505 4078 adhuc
2550 4035 2809 4078 terrenam
2855 4024 3040 4077 molem
3091 4024 3438 4093 resplenduit,

1841 4116 2186 4186 deuatasque
2209 4116 2254 4147 ³³
2300 4117 2450 4170 tertia
2491 4117 2614 4179 die,
2680 4124 2728 4168 et
2775 4125 3113 4184 congregatas
3155 4115 3207 4168 in
3251 4113 3432 4167 locum

1843 4223 2026 4270 unum,
2053 4217 2107 4260 ut
2140 4215 2410 4277 appareret
2433 4207 2585 4259 arida
2621 4207 2675 4258 in
2704 4206 2800 4260 ltoc
2821 4205 2934 4259 loco
2963 4203 3269 4274 signiﬁcari,
3297 4212 3346 4256 et
3373 4203 3436 4256 in.

1840 4311 2022 4351 earum
2067 4298 2240 4351 medio
2282 4297 2448 4351 Deum
2481 4297 2674 4351 dixisse
2708 4298 3096 4366 ﬁrmamentum
3143 4295 3276 4363 fieri.
3326 4294 3434 4350 Cui?

1839 4389 2061 4442 omnino
2089 4387 2271 4441 sensui
2305 4387 2364 4441 S.
2397 4388 2726 4458 Augustinus
2754 4388 2801 4420 “
2843 4386 3164 4457 refragatur,
3210 4399 3308 4442 nec
3339 4393 3424 4440 ta-

1843 4491 1964 4530 men
1991 4477 2038 4508 ³⁸
2067 4477 2135 4531 de
2166 4477 2293 4546 ipsis
2319 4478 2492 4546 aquis,
2522 4473 2661 4532 intra
2692 4491 2827 4547 quas
2854 4478 2996 4531 Deus
3028 4477 3423 4532 ﬁrmamentum

1765 4547 1813 4606 D
1839 4565 1990 4631 fecit,
2030 4568 2161 4622 satis
2199 4567 2465 4621 rationem
2492 4568 2741 4622 reddidit.
2773 4569 3016 4623 Aliorum
3049 4585 3281 4641 namque
3308 4571 3422 4640 opi-

1840 4659 2034 4712 niones
2080 4657 2446 4723 iotroducens,
2490 4659 2618 4728 quid
2658 4659 2769 4728 ipse
2815 4659 3098 4720 intellexit,
3133 4675 3235 4730 qua
3267 4675 3423 4716 occa-

1839 4749 1990 4803 sione
2017 4749 2225 4817 ignoro,
2277 4762 2381 4803 non
2411 4749 2640 4818 aperuit.
2683 4750 2791 4805 Eos
2819 4759 3000 4805 autem
3033 4752 3230 4806 ceteris
3267 4768 3423 4822 prae~

1839 4843 2012 4912 ponit,
2039 4843 2127 4910 qui
2159 4842 2330 4911 spatia
2358 4842 2518 4910 hujus
2559 4843 2720 4905 aeris,
2753 4857 2891 4913 quae
2920 4853 3044 4897 sunt
3071 4845 3212 4898 inter
3254 4857 3426 4911 aquas

1839 4936 2099 5000 marinas,
2129 4945 2184 4989 et
2208 4935 2447 4989 fluviales
2480 4935 2618 4989 infra
2654 4954 2712 4990 se
2737 4938 2956 5004 positas,
2987 4949 3040 4991 et
3072 4938 3190 4991 illas
3229 4939 3279 4992 in
3319 4954 3413 4991 nuo

1835 5025 1991 5079 bibus
2031 5041 2188 5096 supra
2216 5040 2273 5080 se
2300 5039 2610 5096 suspensas,
2641 5028 2964 5082 ﬁrmamenti
2996 5031 3211 5084 nomine
3243 5027 3423 5089 vocari

1835 5119 2185 5173 contendunt.
2217 5118 2425 5173 Nullius
2471 5120 2650 5191 itaque
2695 5137 2858 5176 sensu
2897 5122 3148 5187 refutatu,
3196 5123 3322 5196 quid
3352 5120 3428 5182 de

1435 5265 1688 5325 VAlllAE
1728 5270 2109 5326 LECTlONES

189 5369 308 5448 “_A
336 5384 416 5448 et._
483 5375 710 5448 ’VSicC;
740 5379 778 5431 Α
812 5378 1005 5448 factae.
1083 5381 1104 5410 ³
1145 5382 1186 5436 Α
1232 5383 1466 5435 rationis.

167 5435 199 5486 (ἶ
215 5454 227 5498 ξ
243 5440 282 5494 Α
305 5444 613 5500 caelestium
637 5435 875 5502 virtutem
894 5450 1130 5518 informa
1147 5435 1345 5504 carum.

166 5521 247 5559 ὕπ’.
323 5512 368 5544 ⁸⁸
388 5515 430 5565 (Σ
457 5513 536 5566 In.
621 5517 664 5548 ¹’δ
685 5518 727 5566 Α
749 5536 924 5566 altrim.
991 5519 1226 5566 “Curti”
1247 5522 1282 5566 Α
1309 5540 1345 5566 s't

235 5547 247 5559 ο
323 5533 430 5565 "l1
457 5533 536 5568 ιιι.

169 5592 225 5625 ns
251 5591 295 5656 et
328 5584 516 5636 nerisa
560 5588 601 5616 "‘
629 5589 669 5638 Α
698 5584 919 5656 praeter.

166 5662 215 5694 σι·
262 5647 490 5713 ﬁrment.
579 5658 624 5688 ”
651 5647 908 5712 C'tamclt.

168 5713 199 5785 ξ’
231 5720 353 5785 tinnj
436 5724 518 5774 At:
544 5735 858 5783 creemus.

169 5780 202 5810 δ’
231 5788 270 5842 Ᾱ
300 5780 368 5844 εί·
449 5792 493 5823 ³¹
532 5814 589 5851 ac
631 5780 836 5852 utin—Ii;

1001 5659 1047 5690 ’³
1068 5660 1109 5714 C
1135 5659 1456 5729 corpuleuta.

1425 5399 1466 5434 κ.
1546 5381 1567 5412 ⁵
1596 5381 1636 5436 C
1687 5381 1734 5434 11
1741 5400 1817 5436 oc.

1423 5451 1442 5482 ³
1473 5451 1513 5504 C
1538 5453 1817 5504 sianilicat.

1538 5464 1818 5505 stam/teat.

637 5457 875 5502 virtutem
894 5457 1130 5518 informa
1147 5468 1345 5504 carum.
1423 5457 1442 5482 ⁵
1473 5457 1513 5504 C
1538 5457 1765 5519 signi/ica

621 5517 664 5602 ¹ξ
685 5518 727 5571 Α
749 5536 924 5588 quam.
991 5519 1037 5602 [ξ
1049 5521 1227 5602 (ξυιῇη
1244 5522 1283 5574 Α
1309 5523 1544 5584 credunt,
1631 5523 1765 5574 credi

1899 5457 1940 5484 ¹⁰
1964 5457 2002 5506 Α
2024 5471 2166 5524 ergo.
2247 5459 2285 5490 "
2303 5458 2342 5514 C
2364 5461 2732 5516 canditionem.
2811 5462 2854 5493 “
2874 5461 2963 5516 Sic
2977 5464 3046 5518 (ἒς
3073 5465 3110 5514 Α
3132 5463 3418 5523 dicendum

1851 5539 1954 5602 ur.”
2000 5525 2043 5602 “_
2062 5529 2102 5580 ti
2126 5526 2239 5602 Non
2261 5531 2403 5584 enim
2427 5530 2552 5584 alibi
2573 5530 2784 5602 tegitur,
2805 5542 2859 5602 ut
2877 5533 3054 5602 aimit.
3116 5531 3156 5561 ¹⁷
3180 5535 3221 5585 Α
3245 5533 3418 5587 ηριήεη

999 5590 1043 5662 ξθλ
1130 5608 1387 5662 aquarum
1417 5593 1766 5662 superiorum.

1001 5659 1047 5690 ’³
1068 5660 1109 5714 C
1135 5659 1456 5729 corpuleuta.
1480 5659 1486 5660 ί
1531 5659 1576 5693 ³⁸
1597 5660 1637 5716 C
1672 5663 2027 5717 determinari.

935 5729 1044 5782 "A
1079 5734 1226 5784 nauis
1277 5747 1418 5784 vero.
1467 5747 1688 5784 nuarum
1737 5731 1810 5782 in.
1885 5734 1930 5763 ’³
1955 5733 2027 5784 C.

1007 5747 1044 5782 Α
1079 5747 1226 5782 "(IIIIS
1277 5747 1418 5782 vero.
1467 5747 1688 5782 nuarum
1737 5747 1810 5782 ιη.

939 5748 1044 5782 "i1
1079 5748 1226 5798 aquis
1277 5748 1418 5790 vero,
1467 5748 1688 5797 quorum
1737 5748 1765 5782 tt

915 5801 1023 5852 ⁵·³Λ
1080 5801 1344 5854 άεηδαιαε.
1417 5801 1528 5855 ³³Α
1578 5800 1675 5854 Cui
1711 5816 1765 5856 οι·

1887 5748 1930 5763 ’⁸⁷
1955 5748 1994 5785 ιι
2025 5751 2315 5795 sensurum,
2349 5748 2439 5789 soni
2478 5754 2618 5788 rort‘.
2666 5759 2679 5786 μ

1851 5821 1928 5859 uio
1971 5809 2221 5860 sententia
2271 5809 2330 5864 δ.
2384 5807 2679 5876 Αεεσκδίέηὶ.

2431 5389 2452 5420 ⁸
2481 5390 2520 5443 Α
2573 5393 2672 5446 Itis.

2247 5459 2285 5490 "
2303 5458 2342 5514 C
2364 5461 2732 5516 canditionem.

2750 5395 2771 5425 "
2808 5395 2945 5446 enim
2998 5405 3105 5445 om.
3141 5392 3203 5446 Α.
3282 5393 3424 5448 "Sin

2811 5462 2854 5493 “
2874 5461 2963 5516 Sic
2977 5464 3046 5518 (ἒς
3073 5465 3110 5514 Α
3132 5463 3423 5523 dicendum

1897 5384 1916 5414 ⁸
1947 5384 2100 5438 veluti
2149 5401 2258 5441 om.
2289 5388 2352 5440 A.

1899 5454 1940 5484 ¹⁰
1964 5456 2002 5506 Α
2024 5471 2166 5524 ergo.

2968 5602 3007 5631 ²¹
3032 5601 3072 5653 Λ
3119 5605 3419 5659 (emineant

2102 5667 2150 5697 "
2183 5667 2222 5719 Α
2281 5669 2356 5721 rel
2413 5669 2694 5734 teutporale
2744 5667 2822 5723 rel
2851 5669 3032 5722 locale.
3110 5672 3156 5702 ⁸⁵
3180 5673 3220 5726 Α
3253 5675 3302 5728 iu
3334 5690 3411 5730 ro.

1885 5734 1930 5763 ’³
1955 5733 1994 5785 C
2025 5751 2315 5795 sensurum,
2349 5740 2439 5789 soni
2478 5733 2618 5788 rort‘.
2666 5743 2936 5791 srns't‘int.
3014 5741 3056 5770 ³⁰
3089 5741 3126 5794 Λ
3157 5747 3413 5799 (ξιγιηιὶιιε.

2757 5810 2799 5838 ³⁵
2823 5810 2863 5862 Α
2907 5823 3046 5866 tunc.

1842 5593 1885 5623 ²⁰
1916 5593 2092 5661 Cotti,
2129 5597 2168 5649 Α
2192 5609 2512 5662 sustentant,
2558 5600 2598 5654 C
2623 5593 2887 5654 iustiuuit.
