  <div class='ocr_page' id='page_1' title='image "/cluster/home/n/w/nwhite01/storage/ocr_20150623/122/hvd.32044054759840/385.png"; bbox 0 0 3912 6154; ppageno 0'>
   <div class='ocr_carea' id='block_1_1' title="bbox 441 335 545 399">
    <p class='ocr_par' dir='ltr' id='par_1_1' title="bbox 441 335 545 399">
     <span class='ocr_line' id='line_1_1' title="bbox 441 335 545 399; baseline 0.019 -2"><span class='ocrx_word' id='word_1_1' title='bbox 441 335 545 399; x_wconf 72' lang='lat'><strong>693</strong></span> 
     </span>
    </p>
   </div>
   <div class='ocr_carea' id='block_1_2' title="bbox 1780 350 2298 410">
    <p class='ocr_par' dir='ltr' id='par_1_2' title="bbox 1780 350 2298 410">
     <span class='ocr_line' id='line_1_2' title="bbox 1780 350 2298 410; baseline 0 -2"><span class='ocrx_word' id='word_1_2' title='bbox 1780 350 2063 410; x_wconf 67' lang='lat' dir='ltr'><strong>JOANNIS</strong></span> <span class='ocrx_word' id='word_1_3' title='bbox 2105 352 2298 410; x_wconf 73' lang='lat' dir='ltr'><strong>SCOTI</strong></span> 
     </span>
    </p>
   </div>
   <div class='ocr_carea' id='block_1_3' title="bbox 3587 362 3686 424">
    <p class='ocr_par' dir='ltr' id='par_1_3' title="bbox 3587 362 3686 424">
     <span class='ocr_line' id='line_1_3' title="bbox 3587 362 3686 424; baseline 0.02 -1"><span class='ocrx_word' id='word_1_4' title='bbox 3587 362 3686 424; x_wconf 63' lang='grc' dir='ltr'><strong>ΘΜ</strong></span> 
     </span>
    </p>
   </div>
   <div class='ocr_carea' id='block_1_4' title="bbox 442 435 3693 540">
    <p class='ocr_par' dir='ltr' id='par_1_4' title="bbox 442 435 3693 540">
     <span class='ocr_line' id='line_1_4' title="bbox 442 435 3693 540; baseline 0.008 -32"><span class='ocrx_word' id='word_1_5' title='bbox 442 457 572 527; x_wconf 77' lang='lat' dir='ltr'><strong>ipsis</strong></span> <span class='ocrx_word' id='word_1_6' title='bbox 593 457 609 487; x_wconf 82' lang='grc'>¹</span> <span class='ocrx_word' id='word_1_7' title='bbox 661 435 815 528; x_wconf 84' lang='lat' dir='ltr'><strong>aquis</strong></span> <span class='ocrx_word' id='word_1_8' title='bbox 857 458 1144 522; x_wconf 77' lang='lat' dir='ltr'><strong>senserim,</strong></span> <span class='ocrx_word' id='word_1_9' title='bbox 1193 459 1397 529; x_wconf 80' lang='lat' dir='ltr'><strong>paucis,</strong></span> <span class='ocrx_word' id='word_1_10' title='bbox 1451 460 1494 514; x_wconf 91' lang='lat' dir='ltr'><strong>si</strong></span> <span class='ocrx_word' id='word_1_11' title='bbox 1533 460 1683 526; x_wconf 74' lang='lat' dir='ltr'><strong>libet,</strong></span> <span class='ocrx_word' id='word_1_12' title='bbox 1714 463 2011 517; x_wconf 91' lang='lat' dir='ltr'><strong>rationibus</strong></span> <span class='ocrx_word' id='word_1_13' title='bbox 2042 477 2086 533; x_wconf 68' lang='grc' dir='ltr'>Α</span> <span class='ocrx_word' id='word_1_14' title='bbox 2116 464 2332 518; x_wconf 88' lang='lat' dir='ltr'><strong>nomine</strong></span> <span class='ocrx_word' id='word_1_15' title='bbox 2352 463 2604 534; x_wconf 82' lang='lat' dir='ltr'><strong>appellari</strong></span> <span class='ocrx_word' id='word_1_16' title='bbox 2626 465 2765 522; x_wconf 89' lang='lat' dir='ltr'><strong>ratio</strong></span> <span class='ocrx_word' id='word_1_17' title='bbox 2783 467 3382 540; x_wconf 77' lang='lat' dir='ltr'><strong>edocet.Exipsisenim</strong></span> <span class='ocrx_word' id='word_1_18' title='bbox 3397 475 3693 534; x_wconf 81' lang='lat' dir='ltr'><strong>omniaele-</strong></span> 
     </span>
    </p>
   </div>
   <div class='ocr_carea' id='block_1_5' title="bbox 443 547 2015 618">
    <p class='ocr_par' dir='ltr' id='par_1_5' title="bbox 443 547 2015 618">
     <span class='ocr_line' id='line_1_5' title="bbox 443 547 2015 618; baseline 0.006 -19"><span class='ocrx_word' id='word_1_19' title='bbox 443 547 744 616; x_wconf 61' lang='lat' dir='ltr'><strong>explicabo.</strong></span> <span class='ocrx_word' id='word_1_20' title='bbox 796 547 940 602; x_wconf 83' lang='lat' dir='ltr'><strong>Dtsc.</strong></span> <span class='ocrx_word' id='word_1_21' title='bbox 980 547 1132 602; x_wconf 85' lang='lat' dir='ltr'><strong>Libet</strong></span> <span class='ocrx_word' id='word_1_22' title='bbox 1170 549 1407 618; x_wconf 88' lang='lat' dir='ltr'><strong>quidem,</strong></span> <span class='ocrx_word' id='word_1_23' title='bbox 1439 552 1543 605; x_wconf 81' lang='lat' dir='ltr'><strong>ac’</strong></span> <span class='ocrx_word' id='word_1_24' title='bbox 1586 551 1738 607; x_wconf 61' lang='lat' dir='ltr'><strong>valde</strong></span> <span class='ocrx_word' id='word_1_25' title='bbox 1766 569 2015 609; x_wconf 83' lang='lat' dir='ltr'><strong>necessa-</strong></span> 
     </span>
    </p>
   </div>
   <div class='ocr_carea' id='block_1_6' title="bbox 444 633 2018 711">
    <p class='ocr_par' dir='ltr' id='par_1_6' title="bbox 444 633 2018 711">
     <span class='ocr_line' id='line_1_6' title="bbox 444 633 2018 711; baseline 0.006 -23"><span class='ocrx_word' id='word_1_26' title='bbox 444 637 581 688; x_wconf 84' lang='lat' dir='ltr'><strong>rium</strong></span> <span class='ocrx_word' id='word_1_27' title='bbox 613 644 692 689; x_wconf 91' lang='lat' dir='ltr'><strong>est</strong></span> <span class='ocrx_word' id='word_1_28' title='bbox 714 633 754 687; x_wconf 79' lang='grc'><strong>³.</strong></span> <span class='ocrx_word' id='word_1_29' title='bbox 810 635 882 688; x_wconf 90' lang='lat' dir='ltr'><strong>De</strong></span> <span class='ocrx_word' id='word_1_30' title='bbox 916 636 1015 690; x_wconf 91' lang='lat' dir='ltr'><strong>hac</strong></span> <span class='ocrx_word' id='word_1_31' title='bbox 1063 638 1204 691; x_wconf 89' lang='lat' dir='ltr'><strong>enim</strong></span> <span class='ocrx_word' id='word_1_32' title='bbox 1238 637 1259 668; x_wconf 70' lang='grc' dir='ltr'>δ</span> <span class='ocrx_word' id='word_1_33' title='bbox 1288 640 1603 707; x_wconf 90' lang='lat' dir='ltr'><strong>quaestione</strong></span> <span class='ocrx_word' id='word_1_34' title='bbox 1632 642 1830 706; x_wconf 88' lang='lat' dir='ltr'><strong>adhuc,</strong></span> <span class='ocrx_word' id='word_1_35' title='bbox 1876 642 2018 711; x_wconf 91' lang='lat' dir='ltr'><strong>quod</strong></span> 
     </span>
    </p>
   </div>
   <div class='ocr_carea' id='block_1_7' title="bbox 444 726 2019 792">
    <p class='ocr_par' dir='ltr' id='par_1_7' title="bbox 444 726 2019 792">
     <span class='ocr_line' id='line_1_7' title="bbox 444 726 2019 792; baseline 0.008 -15"><span class='ocrx_word' id='word_1_36' title='bbox 444 726 570 778; x_wconf 84' lang='lat' dir='ltr'><strong>mihi</strong></span> <span class='ocrx_word' id='word_1_37' title='bbox 596 726 1034 792; x_wconf 50' lang='lat' dir='ltr'><strong>satiavidcretur,</strong></span> <span class='ocrx_word' id='word_1_38' title='bbox 1063 744 1091 782; x_wconf 94' lang='lat' dir='ltr'><strong>a</strong></span> <span class='ocrx_word' id='word_1_39' title='bbox 1123 729 1269 783; x_wconf 89' lang='lat' dir='ltr'><strong>nullo</strong></span> <span class='ocrx_word' id='word_1_40' title='bbox 1291 738 1375 785; x_wconf 89' lang='lat' dir='ltr'><strong>est</strong></span> <span class='ocrx_word' id='word_1_41' title='bbox 1398 746 1635 786; x_wconf 85' lang='lat' dir='ltr'><strong>suasum.</strong></span> <span class='ocrx_word' id='word_1_42' title='bbox 1669 732 1806 787; x_wconf 74' lang='lat' dir='ltr'><strong>MAG.</strong></span> <span class='ocrx_word' id='word_1_43' title='bbox 1832 733 2019 790; x_wconf 84' lang='lat' dir='ltr'><strong>Totius</strong></span> 
     </span>
    </p>
   </div>
   <div class='ocr_carea' id='block_1_8' title="bbox 442 816 2019 880">
    <p class='ocr_par' dir='ltr' id='par_1_8' title="bbox 442 816 2019 880">
     <span class='ocr_line' id='line_1_8' title="bbox 442 816 2019 880; baseline 0.008 -13"><span class='ocrx_word' id='word_1_44' title='bbox 442 816 621 880; x_wconf 64' lang='lat' dir='ltr'><strong>itaque</strong></span> <span class='ocrx_word' id='word_1_45' title='bbox 662 817 912 871; x_wconf 81' lang='lat' dir='ltr'><strong>conditae</strong></span> <span class='ocrx_word' id='word_1_46' title='bbox 959 826 1186 872; x_wconf 89' lang='lat' dir='ltr'><strong>naturae</strong></span> <span class='ocrx_word' id='word_1_47' title='bbox 1236 820 1430 874; x_wconf 91' lang='lat' dir='ltr'><strong>trinam</strong></span> <span class='ocrx_word' id='word_1_48' title='bbox 1482 822 1868 877; x_wconf 81' lang='lat' dir='ltr'><strong>dimensioncm</strong></span> <span class='ocrx_word' id='word_1_49' title='bbox 1898 839 2019 879; x_wconf 88' lang='lat' dir='ltr'><strong>esse</strong></span> 
     </span>
    </p>
   </div>
   <div class='ocr_carea' id='block_1_9' title="bbox 441 904 2018 978">
    <p class='ocr_par' dir='ltr' id='par_1_9' title="bbox 441 904 2018 978">
     <span class='ocr_line' id='line_1_9' title="bbox 441 904 2018 978; baseline 0.007 -21"><span class='ocrx_word' id='word_1_50' title='bbox 441 904 690 958; x_wconf 76' lang='lat' dir='ltr'><strong>arbitror.</strong></span> <span class='ocrx_word' id='word_1_51' title='bbox 746 905 918 961; x_wconf 89' lang='lat' dir='ltr'><strong>Omne</strong></span> <span class='ocrx_word' id='word_1_52' title='bbox 964 908 1130 973; x_wconf 87' lang='lat' dir='ltr'><strong>enim,</strong></span> <span class='ocrx_word' id='word_1_53' title='bbox 1162 911 1302 978; x_wconf 89' lang='lat' dir='ltr'><strong>quod</strong></span> <span class='ocrx_word' id='word_1_54' title='bbox 1344 920 1583 966; x_wconf 88' lang='lat' dir='ltr'><strong>creatum</strong></span> <span class='ocrx_word' id='word_1_55' title='bbox 1630 922 1711 967; x_wconf 90' lang='lat' dir='ltr'><strong>est</strong></span> <span class='ocrx_word' id='word_1_56' title='bbox 1752 914 1803 978; x_wconf 84' lang='grc'><strong>⁸,</strong></span> <span class='ocrx_word' id='word_1_57' title='bbox 1850 923 1945 968; x_wconf 91' lang='lat' dir='ltr'><strong>aut</strong></span> <span class='ocrx_word' id='word_1_58' title='bbox 1997 914 2018 946; x_wconf 76' lang='grc'>⁸</span> 
     </span>
    </p>
   </div>
   <div class='ocr_carea' id='block_1_10' title="bbox 416 995 2015 1075">
    <p class='ocr_par' dir='ltr' id='par_1_10' title="bbox 416 995 2015 1075">
     <span class='ocr_line' id='line_1_10' title="bbox 416 995 2015 1075; baseline 0.011 -31"><span class='ocrx_word' id='word_1_59' title='bbox 416 995 659 1049; x_wconf 80' lang='lat' dir='ltr'><strong>omnino</strong></span> <span class='ocrx_word' id='word_1_60' title='bbox 745 1011 941 1068; x_wconf 83' lang='lat' dir='ltr'><strong>corpus</strong></span> <span class='ocrx_word' id='word_1_61' title='bbox 1019 1008 1104 1053; x_wconf 87' lang='lat' dir='ltr'><strong>est</strong></span> <span class='ocrx_word' id='word_1_62' title='bbox 1162 1001 1223 1064; x_wconf 87' lang='grc'><strong>⁷,</strong></span> <span class='ocrx_word' id='word_1_63' title='bbox 1286 1001 1420 1055; x_wconf 71' lang='lat' dir='ltr'><strong>aut8</strong></span> <span class='ocrx_word' id='word_1_64' title='bbox 1480 1004 1699 1059; x_wconf 89' lang='lat' dir='ltr'><strong>omnino</strong></span> <span class='ocrx_word' id='word_1_65' title='bbox 1754 1005 2015 1075; x_wconf 80' lang='lat' dir='ltr'><strong>spiritus,</strong></span> 
     </span>
    </p>
   </div>
   <div class='ocr_carea' id='block_1_11' title="bbox 438 1086 2020 1168">
    <p class='ocr_par' dir='ltr' id='par_1_11' title="bbox 438 1086 2020 1168">
     <span class='ocr_line' id='line_1_11' title="bbox 438 1086 2020 1168; baseline 0.01 -31"><span class='ocrx_word' id='word_1_66' title='bbox 438 1095 529 1138; x_wconf 89' lang='lat' dir='ltr'><strong>aut</strong></span> <span class='ocrx_word' id='word_1_67' title='bbox 599 1086 814 1156; x_wconf 90' lang='lat' dir='ltr'><strong>aliquod</strong></span> <span class='ocrx_word' id='word_1_68' title='bbox 862 1090 1138 1156; x_wconf 90' lang='lat' dir='ltr'><strong>medium,</strong></span> <span class='ocrx_word' id='word_1_69' title='bbox 1194 1093 1335 1161; x_wconf 85' lang='lat' dir='ltr'><strong>quod</strong></span> <span class='ocrx_word' id='word_1_70' title='bbox 1390 1109 1491 1148; x_wconf 90' lang='lat' dir='ltr'><strong>nec</strong></span> <span class='ocrx_word' id='word_1_71' title='bbox 1541 1095 1762 1151; x_wconf 90' lang='lat' dir='ltr'><strong>omnino</strong></span> <span class='ocrx_word' id='word_1_72' title='bbox 1822 1113 2020 1168; x_wconf 89' lang='lat' dir='ltr'><strong>corpus</strong></span> 
     </span>
    </p>
   </div>
   <div class='ocr_carea' id='block_1_12' title="bbox 434 1176 2017 1256">
    <p class='ocr_par' dir='ltr' id='par_1_12' title="bbox 434 1176 2017 1256">
     <span class='ocr_line' id='line_1_12' title="bbox 434 1176 2017 1256; baseline 0.01 -27"><span class='ocrx_word' id='word_1_73' title='bbox 434 1185 518 1229; x_wconf 78' lang='lat' dir='ltr'><strong>est</strong></span> <span class='ocrx_word' id='word_1_74' title='bbox 562 1176 608 1241; x_wconf 83' lang='lat'><strong>’,</strong></span> <span class='ocrx_word' id='word_1_75' title='bbox 659 1193 758 1233; x_wconf 91' lang='lat' dir='ltr'><strong>nec</strong></span> <span class='ocrx_word' id='word_1_76' title='bbox 797 1181 1018 1236; x_wconf 89' lang='lat' dir='ltr'><strong>omnino</strong></span> <span class='ocrx_word' id='word_1_77' title='bbox 1048 1183 1289 1252; x_wconf 88' lang='lat' dir='ltr'><strong>spiritus,</strong></span> <span class='ocrx_word' id='word_1_78' title='bbox 1335 1187 1427 1240; x_wconf 89' lang='lat' dir='ltr'><strong>sed</strong></span> <span class='ocrx_word' id='word_1_79' title='bbox 1473 1188 1706 1256; x_wconf 87' lang='lat' dir='ltr'><strong>quadam</strong></span> <span class='ocrx_word' id='word_1_80' title='bbox 1761 1190 2017 1245; x_wconf 86' lang='lat' dir='ltr'><strong>medieta-</strong></span> 
     </span>
    </p>
   </div>
   <div class='ocr_carea' id='block_1_13' title="bbox 436 1270 2019 1349">
    <p class='ocr_par' dir='ltr' id='par_1_13' title="bbox 436 1270 2019 1349">
     <span class='ocr_line' id='line_1_13' title="bbox 436 1270 2019 1349; baseline 0.01 -27"><span class='ocrx_word' id='word_1_81' title='bbox 436 1270 525 1333; x_wconf 88' lang='lat' dir='ltr'><strong>tis,</strong></span> <span class='ocrx_word' id='word_1_82' title='bbox 555 1278 609 1324; x_wconf 89' lang='lat' dir='ltr'><strong>et</strong></span> <span class='ocrx_word' id='word_1_83' title='bbox 630 1273 1031 1328; x_wconf 81' lang='lat' dir='ltr'><strong>extremitatum</strong></span> <span class='ocrx_word' id='word_1_84' title='bbox 1060 1276 1288 1343; x_wconf 82' lang='lat' dir='ltr'><strong>ratione,</strong></span> <span class='ocrx_word' id='word_1_85' title='bbox 1317 1287 1373 1333; x_wconf 90' lang='lat' dir='ltr'><strong>et</strong></span> <span class='ocrx_word' id='word_1_86' title='bbox 1393 1279 1661 1349; x_wconf 79' lang='lat' dir='ltr'><strong>spirituali</strong></span> <span class='ocrx_word' id='word_1_87' title='bbox 1683 1283 1903 1337; x_wconf 91' lang='lat' dir='ltr'><strong>omnino</strong></span> <span class='ocrx_word' id='word_1_88' title='bbox 1923 1299 2019 1339; x_wconf 79' lang='lat' dir='ltr'><strong>na-</strong></span> 
     </span>
    </p>
   </div>
   <div class='ocr_carea' id='block_1_14' title="bbox 435 1363 2020 1444">
    <p class='ocr_par' dir='ltr' id='par_1_14' title="bbox 435 1363 2020 1444">
     <span class='ocr_line' id='line_1_14' title="bbox 435 1363 2020 1444; baseline 0.013 -32"><span class='ocrx_word' id='word_1_89' title='bbox 435 1369 588 1427; x_wconf 86' lang='lat' dir='ltr'><strong>tura,</strong></span> <span class='ocrx_word' id='word_1_90' title='bbox 640 1363 798 1417; x_wconf 81' lang='lat' dir='ltr'><strong>veluti</strong></span> <span class='ocrx_word' id='word_1_91' title='bbox 866 1379 930 1420; x_wconf 82' lang='lat' dir='ltr'><strong>ex</strong></span> <span class='ocrx_word' id='word_1_92' title='bbox 993 1381 1097 1421; x_wconf 90' lang='lat' dir='ltr'><strong>una</strong></span> <span class='ocrx_word' id='word_1_93' title='bbox 1151 1370 1495 1426; x_wconf 77' lang='lat' dir='ltr'><strong>extremitate</strong></span> <span class='ocrx_word' id='word_1_94' title='bbox 1550 1381 1604 1428; x_wconf 92' lang='lat' dir='ltr'><strong>et</strong></span> <span class='ocrx_word' id='word_1_95' title='bbox 1654 1374 1937 1444; x_wconf 88' lang='lat' dir='ltr'><strong>superiori.</strong></span> <span class='ocrx_word' id='word_1_96' title='bbox 1964 1384 2020 1432; x_wconf 89' lang='lat' dir='ltr'><strong>et</strong></span> 
     </span>
    </p>
   </div>
   <div class='ocr_carea' id='block_1_15' title="bbox 432 1453 2016 1533">
    <p class='ocr_par' dir='ltr' id='par_1_15' title="bbox 432 1453 2016 1533">
     <span class='ocr_line' id='line_1_15' title="bbox 432 1453 2016 1533; baseline 0.011 -28"><span class='ocrx_word' id='word_1_97' title='bbox 432 1466 498 1506; x_wconf 77' lang='lat' dir='ltr'><strong>cx</strong></span> <span class='ocrx_word' id='word_1_98' title='bbox 557 1453 745 1518; x_wconf 85' lang='lat' dir='ltr'><strong>altera,</strong></span> <span class='ocrx_word' id='word_1_99' title='bbox 797 1455 900 1510; x_wconf 90' lang='lat' dir='ltr'><strong>hoc</strong></span> <span class='ocrx_word' id='word_1_100' title='bbox 946 1465 1181 1533; x_wconf 80' lang='lat' dir='ltr'><strong>est,_ex</strong></span> <span class='ocrx_word' id='word_1_101' title='bbox 1218 1460 1439 1516; x_wconf 91' lang='lat' dir='ltr'><strong>omnino</strong></span> <span class='ocrx_word' id='word_1_102' title='bbox 1479 1478 1738 1533; x_wconf 90' lang='lat' dir='ltr'><strong>corporea</strong></span> <span class='ocrx_word' id='word_1_103' title='bbox 1771 1474 1827 1520; x_wconf 89' lang='lat' dir='ltr'><strong>et</strong></span> <span class='ocrx_word' id='word_1_104' title='bbox 1878 1464 2016 1523; x_wconf 80' lang='lat' dir='ltr'><strong>infe-</strong></span> 
     </span>
    </p>
   </div>
   <div class='ocr_carea' id='block_1_16' title="bbox 436 1529 2018 1627">
    <p class='ocr_par' dir='ltr' id='par_1_16' title="bbox 436 1529 2018 1627">
     <span class='ocr_line' id='line_1_16' title="bbox 436 1529 2018 1627; baseline 0.011 -33"><span class='ocrx_word' id='word_1_105' title='bbox 436 1542 562 1596; x_wconf 83' lang='grc' dir='ltr'>ι·ἰοι·ι</span> <span class='ocrx_word' id='word_1_106' title='bbox 597 1543 639 1574; x_wconf 84' lang='grc'>¹⁰</span> <span class='ocrx_word' id='word_1_107' title='bbox 671 1529 1143 1615; x_wconf 62' lang='grc' dir='ltr'>ρηῳοιοιὶοιιιιιίιὶτ</span> <span class='ocrx_word' id='word_1_108' title='bbox 1179 1550 1229 1604; x_wconf 92' lang='lat' dir='ltr'><strong>in</strong></span> <span class='ocrx_word' id='word_1_109' title='bbox 1260 1566 1319 1606; x_wconf 90' lang='lat' dir='ltr'><strong>se</strong></span> <span class='ocrx_word' id='word_1_110' title='bbox 1358 1553 1547 1622; x_wconf 85' lang='lat' dir='ltr'><strong>recipit</strong></span> <span class='ocrx_word' id='word_1_111' title='bbox 1567 1529 1590 1617; x_wconf 58' lang='grc' dir='ltr'><em>ξ</em></span> <span class='ocrx_word' id='word_1_112' title='bbox 1621 1556 1777 1627; x_wconf 48' lang='lat' dir='ltr'><strong>unde.</strong></span> <span class='ocrx_word' id='word_1_113' title='bbox 1802 1558 2018 1625; x_wconf 86' lang='lat' dir='ltr'><strong>proprie</strong></span> 
     </span>
    </p>
   </div>
   <div class='ocr_carea' id='block_1_17' title="bbox 431 1637 2019 1703">
    <p class='ocr_par' dir='ltr' id='par_1_17' title="bbox 431 1637 2019 1703">
     <span class='ocr_line' id='line_1_17' title="bbox 431 1637 2019 1703; baseline 0.012 -19"><span class='ocrx_word' id='word_1_114' title='bbox 431 1645 478 1685; x_wconf 83' lang='lat' dir='ltr'><strong>ct</strong></span> <span class='ocrx_word' id='word_1_115' title='bbox 499 1637 1363 1697; x_wconf 74' lang='lat' dir='ltr'><strong>coanaturalitercxtremitatibus</strong></span> <span class='ocrx_word' id='word_1_116' title='bbox 1376 1644 1487 1699; x_wconf 88' lang='lat' dir='ltr'><strong>suis</strong></span> <span class='ocrx_word' id='word_1_117' title='bbox 1508 1644 1771 1701; x_wconf 82' lang='lat' dir='ltr'><strong>subsistit.</strong></span> <span class='ocrx_word' id='word_1_118' title='bbox 1786 1645 2019 1703; x_wconf 85' lang='lat' dir='ltr'><strong>Proinde</strong></span> 
     </span>
    </p>
   </div>
   <div class='ocr_carea' id='block_1_18' title="bbox 431 1725 2019 1809">
    <p class='ocr_par' dir='ltr' id='par_1_18' title="bbox 431 1725 2019 1809">
     <span class='ocr_line' id='line_1_18' title="bbox 431 1725 2019 1809; baseline 0.012 -32"><span class='ocrx_word' id='word_1_119' title='bbox 431 1726 473 1778; x_wconf 82' lang='lat' dir='ltr'><strong>si</strong></span> <span class='ocrx_word' id='word_1_120' title='bbox 502 1725 621 1794; x_wconf 88' lang='lat' dir='ltr'><strong>quis</strong></span> <span class='ocrx_word' id='word_1_121' title='bbox 655 1727 889 1783; x_wconf 83' lang='lat' dir='ltr'><strong>intentus</strong></span> <span class='ocrx_word' id='word_1_122' title='bbox 917 1729 957 1761; x_wconf 84' lang='lat'>“</span> <span class='ocrx_word' id='word_1_123' title='bbox 983 1733 1296 1801; x_wconf 75' lang='lat' dir='ltr'><strong>inspexerit,</strong></span> <span class='ocrx_word' id='word_1_124' title='bbox 1326 1734 1378 1788; x_wconf 93' lang='lat' dir='ltr'><strong>in</strong></span> <span class='ocrx_word' id='word_1_125' title='bbox 1402 1735 1503 1791; x_wconf 90' lang='lat' dir='ltr'><strong>hac</strong></span> <span class='ocrx_word' id='word_1_126' title='bbox 1534 1737 1764 1791; x_wconf 88' lang='lat' dir='ltr'><strong>ternaria</strong></span> <span class='ocrx_word' id='word_1_127' title='bbox 1790 1754 2019 1809; x_wconf 89' lang='lat' dir='ltr'><strong>propor-</strong></span> 
     </span>
    </p>
   </div>
   <div class='ocr_carea' id='block_1_19' title="bbox 432 1817 2023 1901">
    <p class='ocr_par' dir='ltr' id='par_1_19' title="bbox 432 1817 2023 1901">
     <span class='ocr_line' id='line_1_19' title="bbox 432 1817 2023 1901; baseline 0.013 -35"><span class='ocrx_word' id='word_1_128' title='bbox 432 1817 731 1870; x_wconf 87' lang='lat' dir='ltr'><strong>tiuualitatc</strong></span> <span class='ocrx_word' id='word_1_129' title='bbox 748 1818 887 1873; x_wconf 87' lang='lat' dir='ltr'><strong>hunc</strong></span> <span class='ocrx_word' id='word_1_130' title='bbox 901 1824 1153 1876; x_wconf 78' lang='lat' dir='ltr'><strong>mundum</strong></span> <span class='ocrx_word' id='word_1_131' title='bbox 1170 1825 1522 1880; x_wconf 82' lang='lat' dir='ltr'><strong>constitutum</strong></span> <span class='ocrx_word' id='word_1_132' title='bbox 1546 1827 1823 1901; x_wconf 81' lang='lat' dir='ltr'><strong>intelliget.</strong></span> <span class='ocrx_word' id='word_1_133' title='bbox 1842 1829 2023 1901; x_wconf 82' lang='lat' dir='ltr'><strong>Siqui-</strong></span> 
     </span>
    </p>
   </div>
   <div class='ocr_carea' id='block_1_20' title="bbox 431 1908 2006 1989">
    <p class='ocr_par' dir='ltr' id='par_1_20' title="bbox 431 1908 2006 1989">
     <span class='ocr_line' id='line_1_20' title="bbox 431 1908 2006 1989; baseline 0.013 -33"><span class='ocrx_word' id='word_1_134' title='bbox 431 1909 554 1960; x_wconf 78' lang='lat' dir='ltr'><strong>dem</strong></span> <span class='ocrx_word' id='word_1_135' title='bbox 582 1908 631 1961; x_wconf 90' lang='lat' dir='ltr'><strong>in</strong></span> <span class='ocrx_word' id='word_1_136' title='bbox 659 1918 918 1977; x_wconf 88' lang='lat' dir='ltr'><strong>quantum</strong></span> <span class='ocrx_word' id='word_1_137' title='bbox 950 1912 1002 1966; x_wconf 90' lang='lat' dir='ltr'><strong>in</strong></span> <span class='ocrx_word' id='word_1_138' title='bbox 1031 1914 1328 1971; x_wconf 80' lang='lat' dir='ltr'><strong>rationibus</strong></span> <span class='ocrx_word' id='word_1_139' title='bbox 1360 1918 1491 1984; x_wconf 89' lang='lat' dir='ltr'><strong>snis,</strong></span> <span class='ocrx_word' id='word_1_140' title='bbox 1521 1918 1574 1973; x_wconf 90' lang='lat' dir='ltr'><strong>in</strong></span> <span class='ocrx_word' id='word_1_141' title='bbox 1603 1921 1797 1989; x_wconf 84' lang='lat' dir='ltr'><strong>quibus</strong></span> <span class='ocrx_word' id='word_1_142' title='bbox 1827 1931 2006 1976; x_wconf 88' lang='lat' dir='ltr'><strong>aeter-</strong></span> 
     </span>
    </p>
   </div>
   <div class='ocr_carea' id='block_1_21' title="bbox 431 1998 2004 2077">
    <p class='ocr_par' dir='ltr' id='par_1_21' title="bbox 431 1998 2004 2077">
     <span class='ocr_line' id='line_1_21' title="bbox 431 1998 2004 2077; baseline 0.011 -27"><span class='ocrx_word' id='word_1_143' title='bbox 431 1998 626 2052; x_wconf 67' lang='lat' dir='ltr'><strong>nzzlltcr</strong></span> <span class='ocrx_word' id='word_1_144' title='bbox 645 2002 688 2030; x_wconf 79' lang='lat'>”</span> <span class='ocrx_word' id='word_1_145' title='bbox 715 2011 762 2055; x_wconf 87' lang='lat' dir='ltr'><strong>et</strong></span> <span class='ocrx_word' id='word_1_146' title='bbox 796 2004 1121 2059; x_wconf 83' lang='lat' dir='ltr'><strong>constitutus</strong></span> <span class='ocrx_word' id='word_1_147' title='bbox 1148 2018 1251 2069; x_wconf 84' lang='lat' dir='ltr'><strong>est,</strong></span> <span class='ocrx_word' id='word_1_148' title='bbox 1280 2010 1712 2066; x_wconf 87' lang='lat' dir='ltr'><strong>ctessentialiter</strong></span> <span class='ocrx_word' id='word_1_149' title='bbox 1733 2012 2004 2077; x_wconf 85' lang='lat' dir='ltr'><strong>subsistit,</strong></span> 
     </span>
    </p>
   </div>
   <div class='ocr_carea' id='block_1_22' title="bbox 429 2094 2006 2171">
    <p class='ocr_par' dir='ltr' id='par_1_22' title="bbox 429 2094 2006 2171">
     <span class='ocr_line' id='line_1_22' title="bbox 429 2094 2006 2171; baseline 0.012 -28"><span class='ocrx_word' id='word_1_150' title='bbox 429 2094 824 2160; x_wconf 72' lang='lat' dir='ltr'><strong>t‘ttllsitiel‘alllt‘,</strong></span> <span class='ocrx_word' id='word_1_151' title='bbox 886 2113 992 2152; x_wconf 90' lang='lat' dir='ltr'><strong>non</strong></span> <span class='ocrx_word' id='word_1_152' title='bbox 1019 2099 1191 2153; x_wconf 88' lang='lat' dir='ltr'><strong>solum</strong></span> <span class='ocrx_word' id='word_1_153' title='bbox 1246 2103 1563 2171; x_wconf 86' lang='lat' dir='ltr'><strong>spiritualis,</strong></span> <span class='ocrx_word' id='word_1_154' title='bbox 1614 2121 1800 2161; x_wconf 85' lang='lat' dir='ltr'><strong>verum</strong></span> <span class='ocrx_word' id='word_1_155' title='bbox 1842 2108 2006 2162; x_wconf 90' lang='lat' dir='ltr'><strong>etiam</strong></span> 
     </span>
    </p>
   </div>
   <div class='ocr_carea' id='block_1_23' title="bbox 427 2185 2008 2269">
    <p class='ocr_par' dir='ltr' id='par_1_23' title="bbox 427 2185 2008 2269">
     <span class='ocr_line' id='line_1_23' title="bbox 427 2185 2008 2269; baseline 0.013 -33"><span class='ocrx_word' id='word_1_156' title='bbox 427 2185 648 2240; x_wconf 83' lang='lat' dir='ltr'><strong>omnino</strong></span> <span class='ocrx_word' id='word_1_157' title='bbox 685 2188 905 2260; x_wconf 76' lang='lat' dir='ltr'><strong>spiritus</strong></span> <span class='ocrx_word' id='word_1_158' title='bbox 933 2193 1295 2262; x_wconf 81' lang='lat' dir='ltr'><strong>cognoscitur.</strong></span> <span class='ocrx_word' id='word_1_159' title='bbox 1346 2193 1514 2251; x_wconf 85' lang='lat' dir='ltr'><strong>Nemo</strong></span> <span class='ocrx_word' id='word_1_160' title='bbox 1544 2197 1688 2252; x_wconf 89' lang='lat' dir='ltr'><strong>enim</strong></span> <span class='ocrx_word' id='word_1_161' title='bbox 1716 2208 1863 2254; x_wconf 85' lang='lat' dir='ltr'><strong>recte</strong></span> <span class='ocrx_word' id='word_1_162' title='bbox 1886 2200 2008 2269; x_wconf 81' lang='lat' dir='ltr'><strong>phi—</strong></span> 
     </span>
    </p>
   </div>
   <div class='ocr_carea' id='block_1_24' title="bbox 428 2275 2008 2363">
    <p class='ocr_par' dir='ltr' id='par_1_24' title="bbox 428 2275 2008 2363">
     <span class='ocr_line' id='line_1_24' title="bbox 428 2275 2008 2363; baseline 0.015 -36"><span class='ocrx_word' id='word_1_163' title='bbox 428 2275 824 2347; x_wconf 89' lang='lat' dir='ltr'><strong>losophantium</strong></span> <span class='ocrx_word' id='word_1_164' title='bbox 857 2284 1091 2339; x_wconf 87' lang='lat' dir='ltr'><strong>rationes</strong></span> <span class='ocrx_word' id='word_1_165' title='bbox 1111 2301 1401 2355; x_wconf 81' lang='lat' dir='ltr'><strong>corporeae</strong></span> <span class='ocrx_word' id='word_1_166' title='bbox 1424 2299 1649 2348; x_wconf 83' lang='lat' dir='ltr'><strong>naturae</strong></span> <span class='ocrx_word' id='word_1_167' title='bbox 1674 2293 2008 2363; x_wconf 77' lang='lat' dir='ltr'><strong>Spirituales,</strong></span> 
     </span>
    </p>
   </div>
   <div class='ocr_carea' id='block_1_25' title="bbox 430 2366 2010 2447">
    <p class='ocr_par' dir='ltr' id='par_1_25' title="bbox 430 2366 2010 2447">
     <span class='ocr_line' id='line_1_25' title="bbox 430 2366 2010 2447; baseline 0.016 -29"><span class='ocrx_word' id='word_1_168' title='bbox 430 2366 535 2421; x_wconf 89' lang='lat' dir='ltr'><strong>imo</strong></span> <span class='ocrx_word' id='word_1_169' title='bbox 562 2369 724 2423; x_wconf 87' lang='lat' dir='ltr'><strong>etiam</strong></span> <span class='ocrx_word' id='word_1_170' title='bbox 751 2372 972 2440; x_wconf 51' lang='lat' dir='ltr'><strong>spiritus</strong></span> <span class='ocrx_word' id='word_1_171' title='bbox 1006 2389 1127 2430; x_wconf 92' lang='lat' dir='ltr'><strong>esse</strong></span> <span class='ocrx_word' id='word_1_172' title='bbox 1157 2378 1361 2447; x_wconf 77' lang='lat' dir='ltr'><strong>negarit</strong></span> <span class='ocrx_word' id='word_1_173' title='bbox 1383 2397 1397 2445; x_wconf 89' lang='lat'><strong>;</strong></span> <span class='ocrx_word' id='word_1_174' title='bbox 1416 2381 1540 2436; x_wconf 91' lang='lat' dir='ltr'><strong>dum</strong></span> <span class='ocrx_word' id='word_1_175' title='bbox 1565 2399 1692 2439; x_wconf 86' lang='lat' dir='ltr'><strong>vero</strong></span> <span class='ocrx_word' id='word_1_176' title='bbox 1735 2397 2010 2444; x_wconf 75' lang='lat' dir='ltr'><strong>extreme</strong></span> 
     </span>
    </p>
   </div>
   <div class='ocr_carea' id='block_1_26' title="bbox 429 2458 2006 2544">
    <p class='ocr_par' dir='ltr' id='par_1_26' title="bbox 429 2458 2006 2544">
     <span class='ocr_line' id='line_1_26' title="bbox 429 2458 2006 2544; baseline 0.014 -33"><span class='ocrx_word' id='word_1_177' title='bbox 429 2458 597 2527; x_wconf 84' lang='lat' dir='ltr'><strong>ipsius</strong></span> <span class='ocrx_word' id='word_1_178' title='bbox 626 2461 877 2518; x_wconf 83' lang='lat' dir='ltr'><strong>deorsum</strong></span> <span class='ocrx_word' id='word_1_179' title='bbox 907 2481 1096 2520; x_wconf 80' lang='lat' dir='ltr'><strong>versus</strong></span> <span class='ocrx_word' id='word_1_180' title='bbox 1129 2467 1490 2539; x_wconf 89' lang='lat' dir='ltr'><strong>inspiciuntur</strong></span> <span class='ocrx_word' id='word_1_181' title='bbox 1511 2485 1715 2544; x_wconf 86' lang='lat' dir='ltr'><strong>partes,</strong></span> <span class='ocrx_word' id='word_1_182' title='bbox 1749 2477 1853 2532; x_wconf 91' lang='lat' dir='ltr'><strong>hoc</strong></span> <span class='ocrx_word' id='word_1_183' title='bbox 1900 2489 2006 2544; x_wconf 86' lang='lat' dir='ltr'><strong>est,</strong></span> 
     </span>
    </p>
   </div>
   <div class='ocr_carea' id='block_1_27' title="bbox 425 2551 2007 2639">
    <p class='ocr_par' dir='ltr' id='par_1_27' title="bbox 425 2551 2007 2639">
     <span class='ocr_line' id='line_1_27' title="bbox 425 2551 2007 2639; baseline 0.015 -37"><span class='ocrx_word' id='word_1_184' title='bbox 425 2551 603 2604; x_wconf 84' lang='lat' dir='ltr'><strong>omnia</strong></span> <span class='ocrx_word' id='word_1_185' title='bbox 633 2552 731 2606; x_wconf 87' lang='lat' dir='ltr'><strong>ista</strong></span> <span class='ocrx_word' id='word_1_186' title='bbox 764 2569 985 2624; x_wconf 90' lang='lat' dir='ltr'><strong>corpora</strong></span> <span class='ocrx_word' id='word_1_187' title='bbox 1014 2572 1080 2612; x_wconf 80' lang='lat' dir='ltr'><strong>ex</strong></span> <span class='ocrx_word' id='word_1_188' title='bbox 1096 2560 1369 2617; x_wconf 78' lang='lat' dir='ltr'><strong>catholicis</strong></span> <span class='ocrx_word' id='word_1_189' title='bbox 1390 2563 1668 2621; x_wconf 90' lang='lat' dir='ltr'><strong>elementis</strong></span> <span class='ocrx_word' id='word_1_190' title='bbox 1690 2571 2007 2639; x_wconf 89' lang='lat' dir='ltr'><strong>composita,</strong></span> 
     </span>
    </p>
   </div>
   <div class='ocr_carea' id='block_1_28' title="bbox 426 2643 2013 2730">
    <p class='ocr_par' dir='ltr' id='par_1_28' title="bbox 426 2643 2013 2730">
     <span class='ocr_line' id='line_1_28' title="bbox 426 2643 2013 2730; baseline 0.014 -36"><span class='ocrx_word' id='word_1_191' title='bbox 426 2643 661 2698; x_wconf 66' lang='lat' dir='ltr'><strong>tttaxime</strong></span> <span class='ocrx_word' id='word_1_192' title='bbox 686 2646 849 2699; x_wconf 85' lang='lat' dir='ltr'><strong>etiam</strong></span> <span class='ocrx_word' id='word_1_193' title='bbox 882 2656 1118 2712; x_wconf 88' lang='lat' dir='ltr'><strong>terrena,</strong></span> <span class='ocrx_word' id='word_1_194' title='bbox 1146 2662 1199 2706; x_wconf 90' lang='lat' dir='ltr'><strong>et</strong></span> <span class='ocrx_word' id='word_1_195' title='bbox 1248 2655 1517 2722; x_wconf 82' lang='lat' dir='ltr'><strong>aquatica,</strong></span> <span class='ocrx_word' id='word_1_196' title='bbox 1547 2673 1685 2727; x_wconf 88' lang='lat' dir='ltr'><strong>quae</strong></span> <span class='ocrx_word' id='word_1_197' title='bbox 1707 2668 1759 2714; x_wconf 91' lang='lat' dir='ltr'><strong>et</strong></span> <span class='ocrx_word' id='word_1_198' title='bbox 1788 2676 2013 2730; x_wconf 82' lang='lat' dir='ltr'><strong>genera-</strong></span> 
     </span>
    </p>
   </div>
   <div class='ocr_carea' id='block_1_29' title="bbox 428 2731 2020 2810">
    <p class='ocr_par' dir='ltr' id='par_1_29' title="bbox 428 2731 2020 2810">
     <span class='ocr_line' id='line_1_29' title="bbox 428 2731 2020 2810; baseline 0.014 -25"><span class='ocrx_word' id='word_1_199' title='bbox 428 2731 577 2793; x_wconf 84' lang='lat' dir='ltr'><strong>ticni,</strong></span> <span class='ocrx_word' id='word_1_200' title='bbox 602 2742 657 2787; x_wconf 91' lang='lat' dir='ltr'><strong>et</strong></span> <span class='ocrx_word' id='word_1_201' title='bbox 686 2738 1018 2806; x_wconf 75' lang='lat' dir='ltr'><strong>COI&#39;I‘ttpliOlli</strong></span> <span class='ocrx_word' id='word_1_202' title='bbox 1068 2739 1298 2796; x_wconf 79' lang='lat' dir='ltr'><strong>obnoxia</strong></span> <span class='ocrx_word' id='word_1_203' title='bbox 1343 2755 1488 2810; x_wconf 89' lang='lat' dir='ltr'><strong>sunt,</strong></span> <span class='ocrx_word' id='word_1_204' title='bbox 1516 2748 1648 2803; x_wconf 90' lang='lat' dir='ltr'><strong>nihil</strong></span> <span class='ocrx_word' id='word_1_205' title='bbox 1693 2749 1835 2804; x_wconf 83' lang='lat' dir='ltr'><strong>aliud</strong></span> <span class='ocrx_word' id='word_1_206' title='bbox 1862 2752 1912 2806; x_wconf 90' lang='lat' dir='ltr'><strong>in</strong></span> <span class='ocrx_word' id='word_1_207' title='bbox 1945 2753 2020 2810; x_wconf 84' lang='lat' dir='ltr'><strong>iis</strong></span> 
     </span>
    </p>
   </div>
   <div class='ocr_carea' id='block_1_30' title="bbox 427 2823 2009 2912">
    <p class='ocr_par' dir='ltr' id='par_1_30' title="bbox 427 2823 2009 2912">
     <span class='ocr_line' id='line_1_30' title="bbox 427 2823 2009 2912; baseline 0.013 -32"><span class='ocrx_word' id='word_1_208' title='bbox 427 2823 698 2881; x_wconf 74' lang='lat' dir='ltr'><strong>invenitur</strong></span> <span class='ocrx_word' id='word_1_209' title='bbox 725 2829 766 2859; x_wconf 80' lang='grc'><strong>⁸³</strong></span> <span class='ocrx_word' id='word_1_210' title='bbox 798 2840 1008 2897; x_wconf 82' lang='lat' dir='ltr'><strong>praeter</strong></span> <span class='ocrx_word' id='word_1_211' title='bbox 1032 2849 1225 2904; x_wconf 90' lang='lat' dir='ltr'><strong>corpus</strong></span> <span class='ocrx_word' id='word_1_212' title='bbox 1251 2838 1470 2893; x_wconf 91' lang='lat' dir='ltr'><strong>omnino</strong></span> <span class='ocrx_word' id='word_1_213' title='bbox 1507 2849 1561 2895; x_wconf 90' lang='lat' dir='ltr'><strong>et</strong></span> <span class='ocrx_word' id='word_1_214' title='bbox 1584 2841 1626 2873; x_wconf 71' lang='lat'><em>“</em></span> <span class='ocrx_word' id='word_1_215' title='bbox 1669 2857 2009 2912; x_wconf 82' lang='lat' dir='ltr'><strong>corporeum.</strong></span> 
     </span>
    </p>
   </div>
   <div class='ocr_carea' id='block_1_31' title="bbox 427 2919 2011 2994">
    <p class='ocr_par' dir='ltr' id='par_1_31' title="bbox 427 2919 2011 2994">
     <span class='ocr_line' id='line_1_31' title="bbox 427 2919 2011 2994; baseline 0.015 -24"><span class='ocrx_word' id='word_1_216' title='bbox 427 2919 497 2971; x_wconf 83' lang='lat' dir='ltr'><strong>At</strong></span> <span class='ocrx_word' id='word_1_217' title='bbox 519 2920 562 2973; x_wconf 85' lang='lat' dir='ltr'><strong>si</strong></span> <span class='ocrx_word' id='word_1_218' title='bbox 600 2921 721 2990; x_wconf 85' lang='lat' dir='ltr'><strong>quis</strong></span> <span class='ocrx_word' id='word_1_219' title='bbox 751 2923 1070 2994; x_wconf 74' lang='lat' dir='ltr'><strong>simplicium</strong></span> <span class='ocrx_word' id='word_1_220' title='bbox 1114 2927 1505 2987; x_wconf 89' lang='lat' dir='ltr'><strong>elementorum</strong></span> <span class='ocrx_word' id='word_1_221' title='bbox 1534 2943 1779 2991; x_wconf 89' lang='lat' dir='ltr'><strong>naturam</strong></span> <span class='ocrx_word' id='word_1_222' title='bbox 1799 2937 2011 2994; x_wconf 84' lang='lat' dir='ltr'><strong>intuea-</strong></span> 
     </span>
    </p>
   </div>
   <div class='ocr_carea' id='block_1_32' title="bbox 429 3011 2016 3093">
    <p class='ocr_par' dir='ltr' id='par_1_32' title="bbox 429 3011 2016 3093">
     <span class='ocr_line' id='line_1_32' title="bbox 429 3011 2016 3093; baseline 0.013 -31"><span class='ocrx_word' id='word_1_223' title='bbox 429 3020 533 3074; x_wconf 73' lang='lat' dir='ltr'><strong>tztr,</strong></span> <span class='ocrx_word' id='word_1_224' title='bbox 568 3011 684 3067; x_wconf 80' lang='lat' dir='ltr'><strong>lucc</strong></span> <span class='ocrx_word' id='word_1_225' title='bbox 724 3013 923 3069; x_wconf 81' lang='lat' dir='ltr'><strong>clarius</strong></span> <span class='ocrx_word' id='word_1_226' title='bbox 951 3018 1218 3086; x_wconf 85' lang='lat' dir='ltr'><strong>quandam</strong></span> <span class='ocrx_word' id='word_1_227' title='bbox 1255 3023 1769 3093; x_wconf 83' lang='lat' dir='ltr'><strong>proportiouahilem</strong></span> <span class='ocrx_word' id='word_1_228' title='bbox 1817 3028 2016 3082; x_wconf 75' lang='lat' dir='ltr'><strong>medie.</strong></span> 
     </span>
    </p>
   </div>
   <div class='ocr_carea' id='block_1_33' title="bbox 428 3102 2015 3185">
    <p class='ocr_par' dir='ltr' id='par_1_33' title="bbox 428 3102 2015 3185">
     <span class='ocr_line' id='line_1_33' title="bbox 428 3102 2015 3185; baseline 0.012 -33"><span class='ocrx_word' id='word_1_229' title='bbox 428 3110 589 3155; x_wconf 75' lang='lat' dir='ltr'><strong>tatem</strong></span> <span class='ocrx_word' id='word_1_230' title='bbox 615 3102 867 3165; x_wconf 79' lang='lat' dir='ltr'><strong>inveniet,</strong></span> <span class='ocrx_word' id='word_1_231' title='bbox 887 3120 989 3174; x_wconf 89' lang='lat' dir='ltr'><strong>qua</strong></span> <span class='ocrx_word' id='word_1_232' title='bbox 1017 3107 1060 3138; x_wconf 78' lang='grc'>⁸⁸</span> <span class='ocrx_word' id='word_1_233' title='bbox 1088 3123 1187 3162; x_wconf 89' lang='lat' dir='ltr'><strong>nec</strong></span> <span class='ocrx_word' id='word_1_234' title='bbox 1212 3110 1432 3166; x_wconf 89' lang='lat' dir='ltr'><strong>omnino</strong></span> <span class='ocrx_word' id='word_1_235' title='bbox 1445 3128 1639 3183; x_wconf 89' lang='lat' dir='ltr'><strong>corpus</strong></span> <span class='ocrx_word' id='word_1_236' title='bbox 1654 3123 1800 3179; x_wconf 87' lang='lat' dir='ltr'><strong>sunt,</strong></span> <span class='ocrx_word' id='word_1_237' title='bbox 1824 3131 2015 3185; x_wconf 88' lang='lat' dir='ltr'><strong>quam-</strong></span> 
     </span>
    </p>
   </div>
   <div class='ocr_carea' id='block_1_34' title="bbox 2118 556 3691 643">
    <p class='ocr_par' dir='ltr' id='par_1_34' title="bbox 2118 556 3691 643">
     <span class='ocr_line' id='line_1_34' title="bbox 2118 556 3691 643; baseline 0.012 -35"><span class='ocrx_word' id='word_1_238' title='bbox 2118 565 2318 619; x_wconf 86' lang='lat' dir='ltr'><strong>mcnta,</strong></span> <span class='ocrx_word' id='word_1_239' title='bbox 2356 556 2471 612; x_wconf 85' lang='lat' dir='ltr'><strong>sive</strong></span> <span class='ocrx_word' id='word_1_240' title='bbox 2510 558 2771 629; x_wconf 86' lang='lat' dir='ltr'><strong>simplicia</strong></span> <span class='ocrx_word' id='word_1_241' title='bbox 2800 561 2914 617; x_wconf 91' lang='lat' dir='ltr'><strong>sive</strong></span> <span class='ocrx_word' id='word_1_242' title='bbox 2940 566 3261 634; x_wconf 88' lang='lat' dir='ltr'><strong>composita,</strong></span> <span class='ocrx_word' id='word_1_243' title='bbox 3290 567 3452 623; x_wconf 87' lang='lat' dir='ltr'><strong>veluti</strong></span> <span class='ocrx_word' id='word_1_244' title='bbox 3485 587 3550 626; x_wconf 78' lang='lat' dir='ltr'><strong>ex</strong></span> <span class='ocrx_word' id='word_1_245' title='bbox 3577 572 3691 643; x_wconf 83' lang='lat' dir='ltr'><strong>qui-</strong></span> 
     </span>
    </p>
   </div>
   <div class='ocr_carea' id='block_1_35' title="bbox 2117 644 3687 732">
    <p class='ocr_par' dir='ltr' id='par_1_35' title="bbox 2117 644 3687 732">
     <span class='ocr_line' id='line_1_35' title="bbox 2117 644 3687 732; baseline 0.012 -34"><span class='ocrx_word' id='word_1_246' title='bbox 2117 644 2340 698; x_wconf 87' lang='lat' dir='ltr'><strong>busdam</strong></span> <span class='ocrx_word' id='word_1_247' title='bbox 2377 647 2587 716; x_wconf 74' lang='lat' dir='ltr'><strong>magnis</strong></span> <span class='ocrx_word' id='word_1_248' title='bbox 2618 648 2858 705; x_wconf 82' lang='lat' dir='ltr'><strong>fontibus</strong></span> <span class='ocrx_word' id='word_1_249' title='bbox 2891 650 3152 719; x_wconf 77' lang='lat' dir='ltr'><strong>deﬂuunt,</strong></span> <span class='ocrx_word' id='word_1_250' title='bbox 3187 655 3416 726; x_wconf 82' lang='lat' dir='ltr'><strong>indeque</strong></span> <span class='ocrx_word' id='word_1_251' title='bbox 3444 658 3687 732; x_wconf 80' lang='lat' dir='ltr'><strong>intelligi-</strong></span> 
     </span>
    </p>
   </div>
   <div class='ocr_carea' id='block_1_36' title="bbox 2116 732 3689 809">
    <p class='ocr_par' dir='ltr' id='par_1_36' title="bbox 2116 732 3689 809">
     <span class='ocr_line' id='line_1_36' title="bbox 2116 732 3689 809; baseline 0.015 -25"><span class='ocrx_word' id='word_1_252' title='bbox 2116 732 2209 797; x_wconf 84' lang='lat' dir='ltr'><strong>bili</strong></span> <span class='ocrx_word' id='word_1_253' title='bbox 2240 736 2474 803; x_wconf 90' lang='lat' dir='ltr'><strong>quadam</strong></span> <span class='ocrx_word' id='word_1_254' title='bbox 2504 735 2703 792; x_wconf 87' lang='lat' dir='ltr'><strong>virtute</strong></span> <span class='ocrx_word' id='word_1_255' title='bbox 2743 738 2916 809; x_wconf 78' lang='lat' dir='ltr'><strong>rigata</strong></span> <span class='ocrx_word' id='word_1_256' title='bbox 2957 742 3425 800; x_wconf 84' lang='lat' dir='ltr'><strong>administrantur.</strong></span> <span class='ocrx_word' id='word_1_257' title='bbox 3462 747 3569 804; x_wconf 83' lang='lat' dir='ltr'><strong>Nec</strong></span> <span class='ocrx_word' id='word_1_258' title='bbox 3594 750 3689 807; x_wconf 82' lang='lat' dir='ltr'><strong>hoc</strong></span> 
     </span>
    </p>
   </div>
   <div class='ocr_carea' id='block_1_37' title="bbox 2117 822 3689 907">
    <p class='ocr_par' dir='ltr' id='par_1_37' title="bbox 2117 822 3689 907">
     <span class='ocr_line' id='line_1_37' title="bbox 2117 822 3689 907; baseline 0.013 -31"><span class='ocrx_word' id='word_1_259' title='bbox 2117 822 2238 877; x_wconf 86' lang='lat' dir='ltr'><strong>silet</strong></span> <span class='ocrx_word' id='word_1_260' title='bbox 2252 822 2528 894; x_wconf 85' lang='lat' dir='ltr'><strong>Scriptura</strong></span> <span class='ocrx_word' id='word_1_261' title='bbox 2553 827 2793 884; x_wconf 87' lang='lat' dir='ltr'><strong>clamans</strong></span> <span class='ocrx_word' id='word_1_262' title='bbox 2811 845 2825 883; x_wconf 90' lang='lat'><strong>:</strong></span> <span class='ocrx_word' id='word_1_263' title='bbox 2848 830 2916 884; x_wconf 85' lang='lat' dir='ltr'><strong>Et</strong></span> <span class='ocrx_word' id='word_1_264' title='bbox 2936 849 3123 902; x_wconf 84' lang='lat' dir='ltr'><strong>aquae,</strong></span> <span class='ocrx_word' id='word_1_265' title='bbox 3141 851 3276 904; x_wconf 84' lang='lat' dir='ltr'><strong>quae</strong></span> <span class='ocrx_word' id='word_1_266' title='bbox 3293 854 3452 907; x_wconf 80' lang='lat' dir='ltr'><strong>super</strong></span> <span class='ocrx_word' id='word_1_267' title='bbox 3470 841 3689 896; x_wconf 78' lang='lat' dir='ltr'><strong>caelos“</strong></span> 
     </span>
    </p>
   </div>
   <div class='ocr_carea' id='block_1_38' title="bbox 2115 913 3691 988">
    <p class='ocr_par' dir='ltr' id='par_1_38' title="bbox 2115 913 3691 988">
     <span class='ocr_line' id='line_1_38' title="bbox 2115 913 3691 988; baseline 0.015 -23"><span class='ocrx_word' id='word_1_268' title='bbox 2115 923 2256 977; x_wconf 82' lang='lat' dir='ltr'><strong>sunt,</strong></span> <span class='ocrx_word' id='word_1_269' title='bbox 2273 913 2485 970; x_wconf 82' lang='lat' dir='ltr'><strong>laudent</strong></span> <span class='ocrx_word' id='word_1_270' title='bbox 2499 916 2546 947; x_wconf 82' lang='lat'>“</span> <span class='ocrx_word' id='word_1_271' title='bbox 2559 933 2745 972; x_wconf 82' lang='lat' dir='ltr'><strong>nomen</strong></span> <span class='ocrx_word' id='word_1_272' title='bbox 2762 919 2877 975; x_wconf 78' lang='lat' dir='ltr'><strong>Dei.</strong></span> <span class='ocrx_word' id='word_1_273' title='bbox 2895 920 3153 987; x_wconf 81' lang='lat' dir='ltr'><strong>Quamvis</strong></span> <span class='ocrx_word' id='word_1_274' title='bbox 3176 926 3321 979; x_wconf 85' lang='lat' dir='ltr'><strong>enim</strong></span> <span class='ocrx_word' id='word_1_275' title='bbox 3335 927 3438 982; x_wconf 90' lang='lat' dir='ltr'><strong>hoc</strong></span> <span class='ocrx_word' id='word_1_276' title='bbox 3450 929 3518 983; x_wconf 89' lang='lat' dir='ltr'><strong>de</strong></span> <span class='ocrx_word' id='word_1_277' title='bbox 3531 934 3691 988; x_wconf 56' lang='lat' dir='ltr'><strong>caete-</strong></span> 
     </span>
    </p>
   </div>
   <div class='ocr_carea' id='block_1_39' title="bbox 2116 1001 3685 1083">
    <p class='ocr_par' dir='ltr' id='par_1_39' title="bbox 2116 1001 3685 1083">
     <span class='ocr_line' id='line_1_39' title="bbox 2116 1001 3685 1083; baseline 0.013 -26"><span class='ocrx_word' id='word_1_278' title='bbox 2116 1001 2288 1057; x_wconf 89' lang='lat' dir='ltr'><strong>stibus</strong></span> <span class='ocrx_word' id='word_1_279' title='bbox 2315 1003 2602 1061; x_wconf 79' lang='lat' dir='ltr'><strong>virtutibus</strong></span> <span class='ocrx_word' id='word_1_280' title='bbox 2626 1008 2748 1077; x_wconf 87' lang='lat' dir='ltr'><strong>quis</strong></span> <span class='ocrx_word' id='word_1_281' title='bbox 2778 1009 3061 1082; x_wconf 75' lang='lat' dir='ltr'><strong>intelligat,</strong></span> <span class='ocrx_word' id='word_1_282' title='bbox 3082 1016 3364 1083; x_wconf 87' lang='lat' dir='ltr'><strong>praedicto</strong></span> <span class='ocrx_word' id='word_1_283' title='bbox 3391 1021 3573 1074; x_wconf 86' lang='lat' dir='ltr'><strong>sensui</strong></span> <span class='ocrx_word' id='word_1_284' title='bbox 3592 1038 3685 1077; x_wconf 91' lang='lat' dir='ltr'><strong>non</strong></span> 
     </span>
    </p>
   </div>
   <div class='ocr_carea' id='block_1_40' title="bbox 2116 1096 3684 1182">
    <p class='ocr_par' dir='ltr' id='par_1_40' title="bbox 2116 1096 3684 1182">
     <span class='ocr_line' id='line_1_40' title="bbox 2116 1096 3684 1182; baseline 0.012 -33"><span class='ocrx_word' id='word_1_285' title='bbox 2116 1105 2397 1166; x_wconf 80' lang='lat' dir='ltr'><strong>repugnat,</strong></span> <span class='ocrx_word' id='word_1_286' title='bbox 2414 1096 2541 1152; x_wconf 89' lang='lat' dir='ltr'><strong>dum</strong></span> <span class='ocrx_word' id='word_1_287' title='bbox 2564 1098 2635 1152; x_wconf 87' lang='lat' dir='ltr'><strong>sit</strong></span> <span class='ocrx_word' id='word_1_288' title='bbox 2663 1100 2965 1158; x_wconf 79' lang='lat' dir='ltr'><strong>divinorum</strong></span> <span class='ocrx_word' id='word_1_289' title='bbox 2992 1105 3328 1175; x_wconf 90' lang='lat' dir='ltr'><strong>eloquiorum</strong></span> <span class='ocrx_word' id='word_1_290' title='bbox 3352 1111 3397 1142; x_wconf 84' lang='lat'><strong><em>“</em></strong></span> <span class='ocrx_word' id='word_1_291' title='bbox 3425 1111 3684 1182; x_wconf 70' lang='lat' dir='ltr'><strong>multiplex</strong></span> 
     </span>
    </p>
   </div>
   <div class='ocr_carea' id='block_1_41' title="bbox 2117 1185 3686 1267">
    <p class='ocr_par' dir='ltr' id='par_1_41' title="bbox 2117 1185 3686 1267">
     <span class='ocr_line' id='line_1_41' title="bbox 2117 1185 3686 1267; baseline 0.013 -28"><span class='ocrx_word' id='word_1_292' title='bbox 2117 1185 2511 1263; x_wconf 82' lang='lat' dir='ltr'><strong>interpretatio.</strong></span> <span class='ocrx_word' id='word_1_293' title='bbox 2545 1189 2780 1249; x_wconf 88' lang='lat' dir='ltr'><strong>Proinde</strong></span> <span class='ocrx_word' id='word_1_294' title='bbox 2806 1195 2997 1251; x_wconf 89' lang='lat' dir='ltr'><strong>harum</strong></span> <span class='ocrx_word' id='word_1_295' title='bbox 3030 1212 3292 1267; x_wconf 88' lang='lat' dir='ltr'><strong>aquarum</strong></span> <span class='ocrx_word' id='word_1_296' title='bbox 3326 1200 3379 1256; x_wconf 90' lang='lat' dir='ltr'><strong>in</strong></span> <span class='ocrx_word' id='word_1_297' title='bbox 3404 1202 3582 1257; x_wconf 88' lang='lat' dir='ltr'><strong>medio</strong></span> <span class='ocrx_word' id='word_1_298' title='bbox 3617 1205 3686 1259; x_wconf 89' lang='lat' dir='ltr'><strong>di-</strong></span> 
     </span>
    </p>
   </div>
   <div class='ocr_carea' id='block_1_42' title="bbox 2117 1276 3683 1360">
    <p class='ocr_par' dir='ltr' id='par_1_42' title="bbox 2117 1276 3683 1360">
     <span class='ocr_line' id='line_1_42' title="bbox 2117 1276 3683 1360; baseline 0.009 -25"><span class='ocrx_word' id='word_1_299' title='bbox 2117 1277 2197 1335; x_wconf 76' lang='lat' dir='ltr'><strong>xit</strong></span> <span class='ocrx_word' id='word_1_300' title='bbox 2226 1276 2366 1333; x_wconf 90' lang='lat' dir='ltr'><strong>Deus</strong></span> <span class='ocrx_word' id='word_1_301' title='bbox 2395 1278 2513 1335; x_wconf 84' lang='lat' dir='ltr'><strong>ﬁeri</strong></span> <span class='ocrx_word' id='word_1_302' title='bbox 2540 1280 2964 1351; x_wconf 75' lang='lat' dir='ltr'><strong>firmamentum,</strong></span> <span class='ocrx_word' id='word_1_303' title='bbox 2993 1287 3097 1343; x_wconf 90' lang='lat' dir='ltr'><strong>hoc</strong></span> <span class='ocrx_word' id='word_1_304' title='bbox 3124 1297 3210 1345; x_wconf 91' lang='lat' dir='ltr'><strong>est</strong></span> <span class='ocrx_word' id='word_1_305' title='bbox 3236 1291 3561 1360; x_wconf 89' lang='lat' dir='ltr'><strong>simplicium</strong></span> <span class='ocrx_word' id='word_1_306' title='bbox 3587 1294 3683 1349; x_wconf 85' lang='lat' dir='ltr'><strong>elc-</strong></span> 
     </span>
    </p>
   </div>
   <div class='ocr_carea' id='block_1_43' title="bbox 2116 1379 3684 1455">
    <p class='ocr_par' dir='ltr' id='par_1_43' title="bbox 2116 1379 3684 1455">
     <span class='ocr_line' id='line_1_43' title="bbox 2116 1379 3684 1455; baseline 0.011 -32"><span class='ocrx_word' id='word_1_307' title='bbox 2116 1379 2420 1424; x_wconf 87' lang='lat' dir='ltr'><strong>mentorum</strong></span> <span class='ocrx_word' id='word_1_308' title='bbox 2449 1380 2719 1438; x_wconf 90' lang='lat' dir='ltr'><strong>naturam,</strong></span> <span class='ocrx_word' id='word_1_309' title='bbox 2747 1392 2886 1446; x_wconf 87' lang='lat' dir='ltr'><strong>quae</strong></span> <span class='ocrx_word' id='word_1_310' title='bbox 2913 1389 3175 1448; x_wconf 90' lang='lat' dir='ltr'><strong>quantum</strong></span> <span class='ocrx_word' id='word_1_311' title='bbox 3215 1382 3450 1439; x_wconf 78' lang='lat' dir='ltr'><strong>visibilia</strong></span> <span class='ocrx_word' id='word_1_312' title='bbox 3481 1401 3684 1455; x_wconf 87' lang='lat' dir='ltr'><strong>corpora</strong></span> 
     </span>
    </p>
   </div>
   <div class='ocr_carea' id='block_1_44' title="bbox 2116 1462 3685 1529">
    <p class='ocr_par' dir='ltr' id='par_1_44' title="bbox 2116 1462 3685 1529">
     <span class='ocr_line' id='line_1_44' title="bbox 2116 1462 3685 1529; baseline 0.012 -19"><span class='ocrx_word' id='word_1_313' title='bbox 2116 1470 2356 1529; x_wconf 86' lang='lat' dir='ltr'><strong>superat,</strong></span> <span class='ocrx_word' id='word_1_314' title='bbox 2386 1468 2595 1516; x_wconf 90' lang='lat' dir='ltr'><strong>tantum</strong></span> <span class='ocrx_word' id='word_1_315' title='bbox 2618 1463 2686 1517; x_wconf 90' lang='lat' dir='ltr'><strong>ab</strong></span> <span class='ocrx_word' id='word_1_316' title='bbox 2708 1462 3065 1523; x_wconf 88' lang='lat' dir='ltr'><strong>invisibilibus</strong></span> <span class='ocrx_word' id='word_1_317' title='bbox 3076 1484 3263 1525; x_wconf 91' lang='lat' dir='ltr'><strong>eorum</strong></span> <span class='ocrx_word' id='word_1_318' title='bbox 3288 1473 3585 1528; x_wconf 87' lang='lat' dir='ltr'><strong>rationibus</strong></span> <span class='ocrx_word' id='word_1_319' title='bbox 3607 1489 3685 1529; x_wconf 85' lang='lat' dir='ltr'><strong>su-</strong></span> 
     </span>
    </p>
   </div>
   <div class='ocr_carea' id='block_1_45' title="bbox 2117 1560 3684 1633">
    <p class='ocr_par' dir='ltr' id='par_1_45' title="bbox 2117 1560 3684 1633">
     <span class='ocr_line' id='line_1_45' title="bbox 2117 1560 3684 1633; baseline 0.011 -30"><span class='ocrx_word' id='word_1_320' title='bbox 2117 1560 2356 1620; x_wconf 86' lang='lat' dir='ltr'><strong>peratur,</strong></span> <span class='ocrx_word' id='word_1_321' title='bbox 2385 1562 2753 1625; x_wconf 81' lang='lat' dir='ltr'><strong>quantumque</strong></span> <span class='ocrx_word' id='word_1_322' title='bbox 2773 1572 2803 1611; x_wconf 87' lang='lat' dir='ltr'><strong>a</strong></span> <span class='ocrx_word' id='word_1_323' title='bbox 2829 1561 3198 1629; x_wconf 85' lang='lat' dir='ltr'><strong>superioribus</strong></span> <span class='ocrx_word' id='word_1_324' title='bbox 3218 1564 3468 1633; x_wconf 88' lang='lat' dir='ltr'><strong>suscipit,</strong></span> <span class='ocrx_word' id='word_1_325' title='bbox 3502 1574 3684 1621; x_wconf 87' lang='lat' dir='ltr'><strong>tantum</strong></span> 
     </span>
    </p>
   </div>
   <div class='ocr_carea' id='block_1_46' title="bbox 2118 1640 3685 1718">
    <p class='ocr_par' dir='ltr' id='par_1_46' title="bbox 2118 1640 3685 1718">
     <span class='ocr_line' id='line_1_46' title="bbox 2118 1640 3685 1718; baseline 0.012 -24"><span class='ocrx_word' id='word_1_326' title='bbox 2118 1640 2463 1700; x_wconf 77' lang='lat' dir='ltr'><strong>inferioribus</strong></span> <span class='ocrx_word' id='word_1_327' title='bbox 2491 1646 2797 1712; x_wconf 85' lang='lat' dir='ltr'><strong>distribuit;</strong></span> <span class='ocrx_word' id='word_1_328' title='bbox 2826 1660 3082 1718; x_wconf 87' lang='lat' dir='ltr'><strong>quantum</strong></span> <span class='ocrx_word' id='word_1_329' title='bbox 3112 1669 3240 1709; x_wconf 87' lang='lat' dir='ltr'><strong>vero</strong></span> <span class='ocrx_word' id='word_1_330' title='bbox 3266 1655 3333 1709; x_wconf 88' lang='lat' dir='ltr'><strong>ab</strong></span> <span class='ocrx_word' id='word_1_331' title='bbox 3356 1655 3685 1713; x_wconf 64' lang='lat' dir='ltr'><strong>inferioribus</strong></span> 
     </span>
    </p>
   </div>
   <div class='ocr_carea' id='block_1_47' title="bbox 2117 1730 3686 1804">
    <p class='ocr_par' dir='ltr' id='par_1_47' title="bbox 2117 1730 3686 1804">
     <span class='ocr_line' id='line_1_47' title="bbox 2117 1730 3686 1804; baseline 0.011 -21"><span class='ocrx_word' id='word_1_332' title='bbox 2117 1730 2349 1799; x_wconf 84' lang='lat' dir='ltr'><strong>recipit,</strong></span> <span class='ocrx_word' id='word_1_333' title='bbox 2390 1739 2596 1788; x_wconf 85' lang='lat' dir='ltr'><strong>tantum</strong></span> <span class='ocrx_word' id='word_1_334' title='bbox 2636 1736 3003 1804; x_wconf 89' lang='lat' dir='ltr'><strong>superioribus</strong></span> <span class='ocrx_word' id='word_1_335' title='bbox 3041 1743 3310 1804; x_wconf 85' lang='lat' dir='ltr'><strong>restituit,</strong></span> <span class='ocrx_word' id='word_1_336' title='bbox 3351 1744 3591 1800; x_wconf 79' lang='lat' dir='ltr'><strong>referens</strong></span> <span class='ocrx_word' id='word_1_337' title='bbox 3628 1747 3686 1802; x_wconf 86' lang='lat' dir='ltr'><strong>iis</strong></span> 
     </span>
    </p>
   </div>
   <div class='ocr_carea' id='block_1_48' title="bbox 2056 1822 3687 1904">
    <p class='ocr_par' dir='ltr' id='par_1_48' title="bbox 2056 1822 3687 1904">
     <span class='ocr_line' id='line_1_48' title="bbox 2056 1822 3687 1904; baseline 0.014 -34"><span class='ocrx_word' id='word_1_338' title='bbox 2056 1825 2097 1886; x_wconf 74' lang='grc' dir='ltr'><strong>Β</strong></span> <span class='ocrx_word' id='word_1_339' title='bbox 2124 1832 2284 1873; x_wconf 89' lang='lat' dir='ltr'><strong>omne</strong></span> <span class='ocrx_word' id='word_1_340' title='bbox 2307 1822 2449 1890; x_wconf 86' lang='lat' dir='ltr'><strong>quod</strong></span> <span class='ocrx_word' id='word_1_341' title='bbox 2475 1823 2625 1879; x_wconf 89' lang='lat' dir='ltr'><strong>abiis</strong></span> <span class='ocrx_word' id='word_1_342' title='bbox 2639 1825 2877 1881; x_wconf 79' lang='lat' dir='ltr'><strong>deﬂuxit.</strong></span> <span class='ocrx_word' id='word_1_343' title='bbox 2893 1828 3064 1894; x_wconf 78' lang='lat' dir='ltr'><strong>Quam</strong></span> <span class='ocrx_word' id='word_1_344' title='bbox 3092 1834 3408 1903; x_wconf 88' lang='lat' dir='ltr'><strong>prophetico</strong></span> <span class='ocrx_word' id='word_1_345' title='bbox 3429 1837 3687 1904; x_wconf 83' lang='lat' dir='ltr'><strong>spiritale-</strong></span> 
     </span>
    </p>
   </div>
   <div class='ocr_carea' id='block_1_49' title="bbox 2113 1908 3684 1999">
    <p class='ocr_par' dir='ltr' id='par_1_49' title="bbox 2113 1908 3684 1999">
     <span class='ocr_line' id='line_1_49' title="bbox 2113 1908 3684 1999; baseline 0.015 -38"><span class='ocrx_word' id='word_1_346' title='bbox 2113 1908 2338 1979; x_wconf 81' lang='lat' dir='ltr'><strong>gislator</strong></span> <span class='ocrx_word' id='word_1_347' title='bbox 2363 1912 2670 1972; x_wconf 90' lang='lat' dir='ltr'><strong>admonitus</strong></span> <span class='ocrx_word' id='word_1_348' title='bbox 2690 1916 3084 1976; x_wconf 77' lang='lat' dir='ltr'><strong>ﬁrmamentum</strong></span> <span class='ocrx_word' id='word_1_349' title='bbox 3111 1924 3419 1993; x_wconf 83' lang='lat' dir='ltr'><strong>appellavit.</strong></span> <span class='ocrx_word' id='word_1_350' title='bbox 3434 1927 3684 1999; x_wconf 80' lang='lat' dir='ltr'><strong>Abyssutn</strong></span> 
     </span>
    </p>
   </div>
   <div class='ocr_carea' id='block_1_50' title="bbox 2114 2001 3681 2085">
    <p class='ocr_par' dir='ltr' id='par_1_50' title="bbox 2114 2001 3681 2085">
     <span class='ocr_line' id='line_1_50' title="bbox 2114 2001 3681 2085; baseline 0.014 -34"><span class='ocrx_word' id='word_1_351' title='bbox 2114 2012 2345 2068; x_wconf 88' lang='lat' dir='ltr'><strong>namque</strong></span> <span class='ocrx_word' id='word_1_352' title='bbox 2361 2001 2772 2075; x_wconf 82' lang='lat' dir='ltr'><strong>intelligibilium</strong></span> <span class='ocrx_word' id='word_1_353' title='bbox 2791 2010 3057 2065; x_wconf 87' lang='lat' dir='ltr'><strong>rationum</strong></span> <span class='ocrx_word' id='word_1_354' title='bbox 3078 2012 3125 2043; x_wconf 77' lang='lat'>&quot;</span> <span class='ocrx_word' id='word_1_355' title='bbox 3141 2028 3304 2084; x_wconf 84' lang='lat' dir='ltr'><strong>super</strong></span> <span class='ocrx_word' id='word_1_356' title='bbox 3328 2032 3385 2070; x_wconf 77' lang='lat' dir='ltr'><strong>se</strong></span> <span class='ocrx_word' id='word_1_357' title='bbox 3405 2018 3681 2085; x_wconf 79' lang='lat' dir='ltr'><strong>positarum</strong></span> 
     </span>
    </p>
   </div>
   <div class='ocr_carea' id='block_1_51' title="bbox 2114 2088 3683 2171">
    <p class='ocr_par' dir='ltr' id='par_1_51' title="bbox 2114 2088 3683 2171">
     <span class='ocr_line' id='line_1_51' title="bbox 2114 2088 3683 2171; baseline 0.013 -28"><span class='ocrx_word' id='word_1_358' title='bbox 2114 2088 2269 2144; x_wconf 85' lang='lat' dir='ltr'><strong>ﬁrma</strong></span> <span class='ocrx_word' id='word_1_359' title='bbox 2295 2101 2352 2146; x_wconf 90' lang='lat' dir='ltr'><strong>et</strong></span> <span class='ocrx_word' id='word_1_360' title='bbox 2380 2092 2717 2165; x_wconf 87' lang='lat' dir='ltr'><strong>inseparabili</strong></span> <span class='ocrx_word' id='word_1_361' title='bbox 2749 2114 2844 2154; x_wconf 88' lang='lat' dir='ltr'><strong>sua</strong></span> <span class='ocrx_word' id='word_1_362' title='bbox 2857 2100 3200 2170; x_wconf 88' lang='lat' dir='ltr'><strong>simplicitate</strong></span> <span class='ocrx_word' id='word_1_363' title='bbox 3223 2104 3372 2159; x_wconf 79' lang='lat' dir='ltr'><strong>fulcit</strong></span> <span class='ocrx_word' id='word_1_364' title='bbox 3398 2107 3477 2171; x_wconf 73' lang='grc' dir='ltr'><strong>υς</strong></span> <span class='ocrx_word' id='word_1_365' title='bbox 3505 2107 3683 2163; x_wconf 74' lang='lat' dir='ltr'><strong>ﬂuxum</strong></span> 
     </span>
    </p>
   </div>
   <div class='ocr_carea' id='block_1_52' title="bbox 2113 2188 3683 2264">
    <p class='ocr_par' dir='ltr' id='par_1_52' title="bbox 2113 2188 3683 2264">
     <span class='ocr_line' id='line_1_52' title="bbox 2113 2188 3683 2264; baseline 0.011 -24"><span class='ocrx_word' id='word_1_366' title='bbox 2113 2201 2245 2242; x_wconf 90' lang='lat' dir='ltr'><strong>vero</strong></span> <span class='ocrx_word' id='word_1_367' title='bbox 2261 2188 2598 2246; x_wconf 83' lang='lat' dir='ltr'><strong>mutabilium</strong></span> <span class='ocrx_word' id='word_1_368' title='bbox 2612 2208 2920 2264; x_wconf 87' lang='lat' dir='ltr'><strong>corporum,</strong></span> <span class='ocrx_word' id='word_1_369' title='bbox 2935 2206 2989 2251; x_wconf 90' lang='lat' dir='ltr'><strong>ct</strong></span> <span class='ocrx_word' id='word_1_370' title='bbox 3004 2198 3395 2254; x_wconf 77' lang='lat' dir='ltr'><strong>maximearida</strong></span> <span class='ocrx_word' id='word_1_371' title='bbox 3417 2211 3472 2256; x_wconf 92' lang='lat' dir='ltr'><strong>et</strong></span> <span class='ocrx_word' id='word_1_372' title='bbox 3485 2201 3683 2257; x_wconf 77' lang='lat' dir='ltr'><strong>humida</strong></span> 
     </span>
    </p>
   </div>
   <div class='ocr_carea' id='block_1_53' title="bbox 2115 2275 3684 2355">
    <p class='ocr_par' dir='ltr' id='par_1_53' title="bbox 2115 2275 3684 2355">
     <span class='ocr_line' id='line_1_53' title="bbox 2115 2275 3684 2355; baseline 0.012 -29"><span class='ocrx_word' id='word_1_373' title='bbox 2115 2275 2379 2345; x_wconf 88' lang='lat' dir='ltr'><strong>qualitate</strong></span> <span class='ocrx_word' id='word_1_374' title='bbox 2399 2281 2842 2349; x_wconf 84' lang='lat' dir='ltr'><strong>compositorum,</strong></span> <span class='ocrx_word' id='word_1_375' title='bbox 2873 2284 2997 2339; x_wconf 88' lang='lat' dir='ltr'><strong>dum</strong></span> <span class='ocrx_word' id='word_1_376' title='bbox 3025 2287 3305 2355; x_wconf 81' lang='lat' dir='ltr'><strong>temporali</strong></span> <span class='ocrx_word' id='word_1_377' title='bbox 3335 2289 3684 2345; x_wconf 84' lang='lat' dir='ltr'><strong>vicissitudine</strong></span> 
     </span>
    </p>
   </div>
   <div class='ocr_carea' id='block_1_54' title="bbox 2116 2367 3684 2444">
    <p class='ocr_par' dir='ltr' id='par_1_54' title="bbox 2116 2367 3684 2444">
     <span class='ocr_line' id='line_1_54' title="bbox 2116 2367 3684 2444; baseline 0.01 -25"><span class='ocrx_word' id='word_1_378' title='bbox 2116 2367 2480 2435; x_wconf 85' lang='lat' dir='ltr'><strong>resolvuntur,</strong></span> <span class='ocrx_word' id='word_1_379' title='bbox 2507 2369 2559 2424; x_wconf 90' lang='lat' dir='ltr'><strong>in</strong></span> <span class='ocrx_word' id='word_1_380' title='bbox 2588 2372 2819 2442; x_wconf 84' lang='lat' dir='ltr'><strong>seipsam</strong></span> <span class='ocrx_word' id='word_1_381' title='bbox 2848 2375 3275 2444; x_wconf 88' lang='lat' dir='ltr'><strong>retrahit,inque</strong></span> <span class='ocrx_word' id='word_1_382' title='bbox 3294 2392 3391 2431; x_wconf 82' lang='lat' dir='ltr'><strong>sua</strong></span> <span class='ocrx_word' id='word_1_383' title='bbox 3413 2378 3684 2434; x_wconf 68' lang='lat' dir='ltr'><strong>universali</strong></span> 
     </span>
    </p>
   </div>
   <div class='ocr_carea' id='block_1_55' title="bbox 2115 2456 3682 2541">
    <p class='ocr_par' dir='ltr' id='par_1_55' title="bbox 2115 2456 3682 2541">
     <span class='ocr_line' id='line_1_55' title="bbox 2115 2456 3682 2541; baseline 0.007 -30"><span class='ocrx_word' id='word_1_384' title='bbox 2115 2456 2404 2524; x_wconf 82' lang='lat' dir='ltr'><strong>soliditate,</strong></span> <span class='ocrx_word' id='word_1_385' title='bbox 2434 2476 2504 2516; x_wconf 90' lang='lat' dir='ltr'><strong>ne</strong></span> <span class='ocrx_word' id='word_1_386' title='bbox 2530 2471 2780 2531; x_wconf 86' lang='lat' dir='ltr'><strong>pereant,</strong></span> <span class='ocrx_word' id='word_1_387' title='bbox 2804 2465 3058 2520; x_wconf 87' lang='lat' dir='ltr'><strong>custodit.</strong></span> <span class='ocrx_word' id='word_1_388' title='bbox 3092 2466 3273 2538; x_wconf 78' lang='lat' dir='ltr'><strong>Neque</strong></span> <span class='ocrx_word' id='word_1_389' title='bbox 3305 2469 3409 2523; x_wconf 90' lang='lat' dir='ltr'><strong>hoc</strong></span> <span class='ocrx_word' id='word_1_390' title='bbox 3432 2470 3682 2541; x_wconf 74' lang='lat' dir='ltr'><strong>ignorant,</strong></span> 
     </span>
    </p>
   </div>
   <div class='ocr_carea' id='block_1_56' title="bbox 2116 2550 3682 2623">
    <p class='ocr_par' dir='ltr' id='par_1_56' title="bbox 2116 2550 3682 2623">
     <span class='ocr_line' id='line_1_56' title="bbox 2116 2550 3682 2623; baseline 0.008 -23"><span class='ocrx_word' id='word_1_391' title='bbox 2116 2550 2207 2617; x_wconf 90' lang='lat' dir='ltr'><strong>qui</strong></span> <span class='ocrx_word' id='word_1_392' title='bbox 2238 2550 2609 2622; x_wconf 82' lang='lat' dir='ltr'><strong>philosophiae</strong></span> <span class='ocrx_word' id='word_1_393' title='bbox 2637 2555 2829 2610; x_wconf 91' lang='lat' dir='ltr'><strong>studiis</strong></span> <span class='ocrx_word' id='word_1_394' title='bbox 2852 2556 3066 2623; x_wconf 91' lang='lat' dir='ltr'><strong>imbuti,</strong></span> <span class='ocrx_word' id='word_1_395' title='bbox 3093 2560 3516 2616; x_wconf 64' lang='lat' dir='ltr'><strong>transfusio-rem</strong></span> <span class='ocrx_word' id='word_1_396' title='bbox 3541 2570 3682 2615; x_wconf 82' lang='lat' dir='ltr'><strong>natu-</strong></span> 
     </span>
    </p>
   </div>
   <div class='ocr_carea' id='block_1_57' title="bbox 2119 2642 3683 2721">
    <p class='ocr_par' dir='ltr' id='par_1_57' title="bbox 2119 2642 3683 2721">
     <span class='ocr_line' id='line_1_57' title="bbox 2119 2642 3683 2721; baseline 0.007 -27"><span class='ocrx_word' id='word_1_397' title='bbox 2119 2655 2299 2694; x_wconf 84' lang='lat' dir='ltr'><strong>rarum</strong></span> <span class='ocrx_word' id='word_1_398' title='bbox 2333 2642 2385 2695; x_wconf 92' lang='lat' dir='ltr'><strong>in</strong></span> <span class='ocrx_word' id='word_1_399' title='bbox 2440 2658 2500 2697; x_wconf 91' lang='lat' dir='ltr'><strong>se</strong></span> <span class='ocrx_word' id='word_1_400' title='bbox 2543 2644 2688 2714; x_wconf 90' lang='lat' dir='ltr'><strong>ipsas</strong></span> <span class='ocrx_word' id='word_1_401' title='bbox 2739 2656 3071 2716; x_wconf 85' lang='lat' dir='ltr'><strong>cognoscunt</strong></span> <span class='ocrx_word' id='word_1_402' title='bbox 3114 2648 3179 2702; x_wconf 79' lang='grc' dir='ltr'><strong>³ο.</strong></span> <span class='ocrx_word' id='word_1_403' title='bbox 3229 2648 3436 2705; x_wconf 86' lang='lat' dir='ltr'><strong>Causae</strong></span> <span class='ocrx_word' id='word_1_404' title='bbox 3484 2652 3683 2721; x_wconf 85' lang='lat' dir='ltr'><strong>quidem</strong></span> 
     </span>
    </p>
   </div>
   <div class='ocr_carea' id='block_1_58' title="bbox 2119 2733 3684 2811">
    <p class='ocr_par' dir='ltr' id='par_1_58' title="bbox 2119 2733 3684 2811">
     <span class='ocr_line' id='line_1_58' title="bbox 2119 2733 3684 2811; baseline 0.006 -23"><span class='ocrx_word' id='word_1_405' title='bbox 2119 2733 2260 2788; x_wconf 88' lang='lat' dir='ltr'><strong>enim</strong></span> <span class='ocrx_word' id='word_1_406' title='bbox 2278 2733 2322 2763; x_wconf 80' lang='grc'><strong>³¹</strong></span> <span class='ocrx_word' id='word_1_407' title='bbox 2345 2740 2397 2793; x_wconf 94' lang='lat' dir='ltr'><strong>in</strong></span> <span class='ocrx_word' id='word_1_408' title='bbox 2422 2738 2710 2803; x_wconf 84' lang='lat' dir='ltr'><strong>elementa,</strong></span> <span class='ocrx_word' id='word_1_409' title='bbox 2737 2739 3001 2794; x_wconf 87' lang='lat' dir='ltr'><strong>elementa</strong></span> <span class='ocrx_word' id='word_1_410' title='bbox 3023 2741 3074 2798; x_wconf 91' lang='lat' dir='ltr'><strong>in</strong></span> <span class='ocrx_word' id='word_1_411' title='bbox 3086 2756 3318 2811; x_wconf 88' lang='lat' dir='ltr'><strong>corpora</strong></span> <span class='ocrx_word' id='word_1_412' title='bbox 3349 2744 3684 2806; x_wconf 87' lang='lat' dir='ltr'><strong>descendunt,</strong></span> 
     </span>
    </p>
   </div>
   <div class='ocr_carea' id='block_1_59' title="bbox 2120 2832 3684 2901">
    <p class='ocr_par' dir='ltr' id='par_1_59' title="bbox 2120 2832 3684 2901">
     <span class='ocr_line' id='line_1_59' title="bbox 2120 2832 3684 2901; baseline 0.001 -13"><span class='ocrx_word' id='word_1_413' title='bbox 2120 2832 2293 2888; x_wconf 89' lang='lat' dir='ltr'><strong>soluta</strong></span> <span class='ocrx_word' id='word_1_414' title='bbox 2322 2846 2547 2901; x_wconf 87' lang='lat' dir='ltr'><strong>corpora</strong></span> <span class='ocrx_word' id='word_1_415' title='bbox 2573 2846 2670 2901; x_wconf 90' lang='lat' dir='ltr'><strong>per</strong></span> <span class='ocrx_word' id='word_1_416' title='bbox 2698 2832 2964 2886; x_wconf 85' lang='lat' dir='ltr'><strong>elementa</strong></span> <span class='ocrx_word' id='word_1_417' title='bbox 2988 2833 3039 2886; x_wconf 92' lang='lat' dir='ltr'><strong>in</strong></span> <span class='ocrx_word' id='word_1_418' title='bbox 3071 2848 3262 2891; x_wconf 87' lang='lat' dir='ltr'><strong>causas</strong></span> <span class='ocrx_word' id='word_1_419' title='bbox 3286 2849 3412 2889; x_wconf 87' lang='lat' dir='ltr'><strong>suas</strong></span> <span class='ocrx_word' id='word_1_420' title='bbox 3432 2836 3684 2900; x_wconf 88' lang='lat' dir='ltr'><strong>resiliunt,</strong></span> 
     </span>
    </p>
   </div>
   <div class='ocr_carea' id='block_1_60' title="bbox 2123 2923 3688 2994">
    <p class='ocr_par' dir='ltr' id='par_1_60' title="bbox 2123 2923 3688 2994">
     <span class='ocr_line' id='line_1_60' title="bbox 2123 2923 3688 2994; baseline -0.001 -15"><span class='ocrx_word' id='word_1_421' title='bbox 2123 2926 2234 2994; x_wconf 87' lang='lat' dir='ltr'><strong>ipsa</strong></span> <span class='ocrx_word' id='word_1_422' title='bbox 2264 2925 2426 2979; x_wconf 87' lang='lat' dir='ltr'><strong>etiam</strong></span> <span class='ocrx_word' id='word_1_423' title='bbox 2453 2938 2680 2993; x_wconf 87' lang='lat' dir='ltr'><strong>corpora</strong></span> <span class='ocrx_word' id='word_1_424' title='bbox 2702 2923 2755 2977; x_wconf 89' lang='lat' dir='ltr'><strong>in</strong></span> <span class='ocrx_word' id='word_1_425' title='bbox 2787 2938 2846 2979; x_wconf 88' lang='lat' dir='ltr'><strong>se</strong></span> <span class='ocrx_word' id='word_1_426' title='bbox 2873 2924 3098 2979; x_wconf 84' lang='lat' dir='ltr'><strong>invicem</strong></span> <span class='ocrx_word' id='word_1_427' title='bbox 3132 2934 3434 2980; x_wconf 83' lang='lat' dir='ltr'><strong>transeunt.</strong></span> <span class='ocrx_word' id='word_1_428' title='bbox 3461 2926 3519 2981; x_wconf 87' lang='lat' dir='ltr'><strong>In</strong></span> <span class='ocrx_word' id='word_1_429' title='bbox 3562 2926 3688 2980; x_wconf 87' lang='lat' dir='ltr'><strong>dilu-</strong></span> 
     </span>
    </p>
   </div>
   <div class='ocr_carea' id='block_1_61' title="bbox 2122 3014 3686 3085">
    <p class='ocr_par' dir='ltr' id='par_1_61' title="bbox 2122 3014 3686 3085">
     <span class='ocr_line' id='line_1_61' title="bbox 2122 3014 3686 3085; baseline 0.001 -17"><span class='ocrx_word' id='word_1_430' title='bbox 2122 3017 2207 3072; x_wconf 85' lang='lat' dir='ltr'><strong>vio</strong></span> <span class='ocrx_word' id='word_1_431' title='bbox 2236 3032 2331 3071; x_wconf 88' lang='lat' dir='ltr'><strong>aer</strong></span> <span class='ocrx_word' id='word_1_432' title='bbox 2375 3030 2563 3072; x_wconf 88' lang='lat' dir='ltr'><strong>versus</strong></span> <span class='ocrx_word' id='word_1_433' title='bbox 2610 3023 2692 3068; x_wconf 86' lang='lat' dir='ltr'><strong>est</strong></span> <span class='ocrx_word' id='word_1_434' title='bbox 2723 3014 2775 3068; x_wconf 93' lang='lat' dir='ltr'><strong>in</strong></span> <span class='ocrx_word' id='word_1_435' title='bbox 2805 3030 3021 3084; x_wconf 84' lang='lat' dir='ltr'><strong>aquam,</strong></span> <span class='ocrx_word' id='word_1_436' title='bbox 3064 3014 3368 3085; x_wconf 88' lang='lat' dir='ltr'><strong>iterumque</strong></span> <span class='ocrx_word' id='word_1_437' title='bbox 3389 3016 3434 3047; x_wconf 84' lang='grc'><strong>⁸¹</strong></span> <span class='ocrx_word' id='word_1_438' title='bbox 3485 3032 3686 3072; x_wconf 70' lang='lat' dir='ltr'><strong>reversa</strong></span> 
     </span>
    </p>
   </div>
   <div class='ocr_carea' id='block_1_62' title="bbox 2121 3103 3686 3177">
    <p class='ocr_par' dir='ltr' id='par_1_62' title="bbox 2121 3103 3686 3177">
     <span class='ocr_line' id='line_1_62' title="bbox 2121 3103 3686 3177; baseline -0.003 -15"><span class='ocrx_word' id='word_1_439' title='bbox 2121 3115 2205 3162; x_wconf 91' lang='lat' dir='ltr'><strong>est</strong></span> <span class='ocrx_word' id='word_1_440' title='bbox 2234 3122 2372 3177; x_wconf 88' lang='lat' dir='ltr'><strong>aqua</strong></span> <span class='ocrx_word' id='word_1_441' title='bbox 2401 3106 2454 3160; x_wconf 90' lang='lat' dir='ltr'><strong>in</strong></span> <span class='ocrx_word' id='word_1_442' title='bbox 2480 3120 2625 3159; x_wconf 88' lang='lat' dir='ltr'><strong>aera.</strong></span> <span class='ocrx_word' id='word_1_443' title='bbox 2658 3105 2806 3160; x_wconf 83' lang='lat' dir='ltr'><strong>Dixit</strong></span> <span class='ocrx_word' id='word_1_444' title='bbox 2835 3105 3017 3173; x_wconf 90' lang='lat' dir='ltr'><strong>itaque</strong></span> <span class='ocrx_word' id='word_1_445' title='bbox 3037 3104 3176 3159; x_wconf 83' lang='lat' dir='ltr'><strong>Deus</strong></span> <span class='ocrx_word' id='word_1_446' title='bbox 3207 3123 3220 3158; x_wconf 92' lang='lat'>:</span> <span class='ocrx_word' id='word_1_447' title='bbox 3251 3103 3378 3159; x_wconf 85' lang='lat' dir='ltr'><strong>Fiat</strong></span> <span class='ocrx_word' id='word_1_448' title='bbox 3401 3106 3686 3175; x_wconf 70' lang='lat' dir='ltr'><strong>firmamen-</strong></span> 
     </span>
    </p>
   </div>
   <div class='ocr_carea' id='block_1_63' title="bbox 427 3191 2012 3273">
    <p class='ocr_par' dir='ltr' id='par_1_63' title="bbox 427 3191 2012 3273">
     <span class='ocr_line' id='line_1_63' title="bbox 427 3191 2012 3273; baseline 0.012 -31"><span class='ocrx_word' id='word_1_449' title='bbox 427 3191 508 3244; x_wconf 78' lang='lat' dir='ltr'><strong>vis</strong></span> <span class='ocrx_word' id='word_1_450' title='bbox 532 3192 574 3223; x_wconf 75' lang='lat'>&quot;</span> <span class='ocrx_word' id='word_1_451' title='bbox 600 3210 785 3248; x_wconf 84' lang='lat' dir='ltr'><strong>eorum</strong></span> <span class='ocrx_word' id='word_1_452' title='bbox 820 3198 1163 3265; x_wconf 81' lang='lat' dir='ltr'><strong>corruptione</strong></span> <span class='ocrx_word' id='word_1_453' title='bbox 1181 3201 1443 3255; x_wconf 86' lang='lat' dir='ltr'><strong>naturalia</strong></span> <span class='ocrx_word' id='word_1_454' title='bbox 1463 3218 1689 3273; x_wconf 88' lang='lat' dir='ltr'><strong>corpora</strong></span> <span class='ocrx_word' id='word_1_455' title='bbox 1714 3207 2012 3262; x_wconf 89' lang='lat' dir='ltr'><strong>subsistant</strong></span> 
     </span>
    </p>
   </div>
   <div class='ocr_carea' id='block_1_64' title="bbox 2116 3191 3681 3273">
    <p class='ocr_par' dir='ltr' id='par_1_64' title="bbox 2116 3194 3681 3265">
     <span class='ocr_line' id='line_1_64' title="bbox 2116 3194 3681 3265; baseline -0.003 -14"><span class='ocrx_word' id='word_1_456' title='bbox 2116 3208 2227 3251; x_wconf 85' lang='lat' dir='ltr'><strong>tum</strong></span> <span class='ocrx_word' id='word_1_457' title='bbox 2252 3197 2306 3250; x_wconf 88' lang='lat' dir='ltr'><strong>in</strong></span> <span class='ocrx_word' id='word_1_458' title='bbox 2359 3197 2530 3249; x_wconf 80' lang='lat' dir='ltr'><strong>med&#39;o</strong></span> <span class='ocrx_word' id='word_1_459' title='bbox 2568 3211 2849 3265; x_wconf 84' lang='lat' dir='ltr'><strong>aquarum,</strong></span> <span class='ocrx_word' id='word_1_460' title='bbox 2888 3195 2990 3248; x_wconf 90' lang='lat' dir='ltr'><strong>hoc</strong></span> <span class='ocrx_word' id='word_1_461' title='bbox 3020 3205 3122 3259; x_wconf 69' lang='lat' dir='ltr'><strong>e59,</strong></span> <span class='ocrx_word' id='word_1_462' title='bbox 3169 3194 3262 3249; x_wconf 82' lang='lat' dir='ltr'><strong>ﬂat</strong></span> <span class='ocrx_word' id='word_1_463' title='bbox 3297 3195 3541 3250; x_wconf 84' lang='lat' dir='ltr'><strong>soliditas</strong></span> <span class='ocrx_word' id='word_1_464' title='bbox 3563 3197 3681 3249; x_wconf 83' lang='lat' dir='ltr'><strong>sim-</strong></span> 
     </span>
    </p>
   </div>
   <div class='ocr_carea' id='block_1_65' title="bbox 425 3282 2001 3366">
    <p class='ocr_par' dir='ltr' id='par_1_65' title="bbox 425 3282 2001 3366">
     <span class='ocr_line' id='line_1_65' title="bbox 425 3282 2001 3366; baseline 0.013 -33"><span class='ocrx_word' id='word_1_465' title='bbox 425 3298 488 3334; x_wconf 42' lang='grc' dir='ltr'>(ιι</span> <span class='ocrx_word' id='word_1_466' title='bbox 520 3282 563 3314; x_wconf 74' lang='grc' dir='ltr'><strong>¹τ</strong></span> <span class='ocrx_word' id='word_1_467' title='bbox 590 3283 731 3338; x_wconf 87' lang='lat' dir='ltr'><strong>coitu</strong></span> <span class='ocrx_word' id='word_1_468' title='bbox 764 3300 862 3339; x_wconf 90' lang='lat' dir='ltr'><strong>nec</strong></span> <span class='ocrx_word' id='word_1_469' title='bbox 897 3288 1116 3341; x_wconf 87' lang='lat' dir='ltr'><strong>omnino</strong></span> <span class='ocrx_word' id='word_1_470' title='bbox 1159 3304 1450 3358; x_wconf 89' lang='lat' dir='ltr'><strong>corporeae</strong></span> <span class='ocrx_word' id='word_1_471' title='bbox 1475 3304 1701 3350; x_wconf 88' lang='lat' dir='ltr'><strong>naturae</strong></span> <span class='ocrx_word' id='word_1_472' title='bbox 1737 3299 2001 3366; x_wconf 74' lang='lat' dir='ltr'><strong>expertia,</strong></span> 
     </span>
    </p>
   </div>
   <div class='ocr_carea' id='block_1_66' title="bbox 427 3371 2004 3448">
    <p class='ocr_par' dir='ltr' id='par_1_66' title="bbox 427 3371 2004 3448">
     <span class='ocr_line' id='line_1_66' title="bbox 427 3371 2004 3448; baseline 0.013 -28"><span class='ocrx_word' id='word_1_473' title='bbox 427 3371 553 3422; x_wconf 64' lang='lat' dir='ltr'><strong>«tum</strong></span> <span class='ocrx_word' id='word_1_474' title='bbox 582 3372 648 3424; x_wconf 89' lang='lat' dir='ltr'><strong>ab</strong></span> <span class='ocrx_word' id='word_1_475' title='bbox 670 3372 748 3427; x_wconf 90' lang='lat' dir='ltr'><strong>eis</strong></span> <span class='ocrx_word' id='word_1_476' title='bbox 773 3375 951 3429; x_wconf 89' lang='lat' dir='ltr'><strong>omnia</strong></span> <span class='ocrx_word' id='word_1_477' title='bbox 989 3392 1217 3448; x_wconf 90' lang='lat' dir='ltr'><strong>corpora</strong></span> <span class='ocrx_word' id='word_1_478' title='bbox 1243 3379 1530 3448; x_wconf 85' lang='lat' dir='ltr'><strong>proﬂuant,</strong></span> <span class='ocrx_word' id='word_1_479' title='bbox 1564 3393 1618 3438; x_wconf 88' lang='lat' dir='ltr'><strong>et</strong></span> <span class='ocrx_word' id='word_1_480' title='bbox 1644 3385 1695 3439; x_wconf 91' lang='lat' dir='ltr'><strong>in</strong></span> <span class='ocrx_word' id='word_1_481' title='bbox 1719 3400 1783 3440; x_wconf 89' lang='lat' dir='ltr'><strong>ca</strong></span> <span class='ocrx_word' id='word_1_482' title='bbox 1811 3388 2004 3442; x_wconf 89' lang='lat' dir='ltr'><strong>iterum</strong></span> 
     </span>
    </p>
   </div>
   <div class='ocr_carea' id='block_1_67' title="bbox 430 3459 2009 3546">
    <p class='ocr_par' dir='ltr' id='par_1_67' title="bbox 430 3459 2009 3546">
     <span class='ocr_line' id='line_1_67' title="bbox 430 3459 2009 3546; baseline 0.013 -35"><span class='ocrx_word' id='word_1_483' title='bbox 430 3459 795 3515; x_wconf 68' lang='lat' dir='ltr'><strong>resolvantur:</strong></span> <span class='ocrx_word' id='word_1_484' title='bbox 838 3472 893 3517; x_wconf 89' lang='lat' dir='ltr'><strong>et</strong></span> <span class='ocrx_word' id='word_1_485' title='bbox 919 3464 1109 3520; x_wconf 87' lang='lat' dir='ltr'><strong>iterum</strong></span> <span class='ocrx_word' id='word_1_486' title='bbox 1132 3467 1360 3524; x_wconf 86' lang='lat' dir='ltr'><strong>alterum</strong></span> <span class='ocrx_word' id='word_1_487' title='bbox 1387 3471 1430 3503; x_wconf 84' lang='grc'><strong>¹⁸</strong></span> <span class='ocrx_word' id='word_1_488' title='bbox 1446 3472 1864 3544; x_wconf 86' lang='lat' dir='ltr'><strong>alterisuperiori</strong></span> <span class='ocrx_word' id='word_1_489' title='bbox 1889 3476 2009 3546; x_wconf 90' lang='lat' dir='ltr'><strong>qui-</strong></span> 
     </span>
    </p>
   </div>
   <div class='ocr_carea' id='block_1_68' title="bbox 425 3551 2009 3638">
    <p class='ocr_par' dir='ltr' id='par_1_68' title="bbox 425 3551 2009 3638">
     <span class='ocr_line' id='line_1_68' title="bbox 425 3551 2009 3638; baseline 0.015 -37"><span class='ocrx_word' id='word_1_490' title='bbox 425 3551 546 3606; x_wconf 78' lang='lat' dir='ltr'><strong>dem</strong></span> <span class='ocrx_word' id='word_1_491' title='bbox 573 3554 913 3610; x_wconf 80' lang='lat' dir='ltr'><strong>extremitate</strong></span> <span class='ocrx_word' id='word_1_492' title='bbox 960 3570 1268 3627; x_wconf 88' lang='lat' dir='ltr'><strong>comparata</strong></span> <span class='ocrx_word' id='word_1_493' title='bbox 1292 3562 1356 3626; x_wconf 68' lang='grc' dir='ltr'>ιν,</span> <span class='ocrx_word' id='word_1_494' title='bbox 1376 3579 1476 3619; x_wconf 91' lang='lat' dir='ltr'><strong>nec</strong></span> <span class='ocrx_word' id='word_1_495' title='bbox 1518 3565 1739 3621; x_wconf 90' lang='lat' dir='ltr'><strong>omnino</strong></span> <span class='ocrx_word' id='word_1_496' title='bbox 1786 3569 2009 3638; x_wconf 88' lang='lat' dir='ltr'><strong>spiritus</strong></span> 
     </span>
    </p>
   </div>
   <div class='ocr_carea' id='block_1_69' title="bbox 425 3644 2050 3722">
    <p class='ocr_par' dir='ltr' id='par_1_69' title="bbox 425 3644 2050 3722">
     <span class='ocr_line' id='line_1_69' title="bbox 425 3644 2050 3722; baseline 0.013 -28"><span class='ocrx_word' id='word_1_497' title='bbox 425 3651 573 3707; x_wconf 87' lang='lat' dir='ltr'><strong>sunt,</strong></span> <span class='ocrx_word' id='word_1_498' title='bbox 605 3644 860 3712; x_wconf 89' lang='lat' dir='ltr'><strong>quoniam</strong></span> <span class='ocrx_word' id='word_1_499' title='bbox 892 3663 995 3701; x_wconf 93' lang='lat' dir='ltr'><strong>non</strong></span> <span class='ocrx_word' id='word_1_500' title='bbox 1022 3651 1242 3704; x_wconf 89' lang='lat' dir='ltr'><strong>omnino</strong></span> <span class='ocrx_word' id='word_1_501' title='bbox 1273 3667 1531 3722; x_wconf 85' lang='lat' dir='ltr'><strong>corporea</strong></span> <span class='ocrx_word' id='word_1_502' title='bbox 1549 3658 1891 3714; x_wconf 77' lang='lat' dir='ltr'><strong>extremitate</strong></span> <span class='ocrx_word' id='word_1_503' title='bbox 1915 3661 2010 3714; x_wconf 88' lang='lat' dir='ltr'><strong>ab-</strong></span> <span class='ocrx_word' id='word_1_504' title='bbox 2046 3687 2050 3692; x_wconf 91' lang='lat'><strong>-</strong></span> 
     </span>
    </p>
   </div>
   <div class='ocr_carea' id='block_1_70' title="bbox 426 3734 2011 3812">
    <p class='ocr_par' dir='ltr' id='par_1_70' title="bbox 426 3734 2011 3812">
     <span class='ocr_line' id='line_1_70' title="bbox 426 3734 2011 3812; baseline 0.011 -25"><span class='ocrx_word' id='word_1_505' title='bbox 426 3734 623 3809; x_wconf 37' lang='lat' dir='ltr'><strong>soluja,</strong></span> <span class='ocrx_word' id='word_1_506' title='bbox 653 3752 682 3789; x_wconf 95' lang='lat' dir='ltr'><strong>n</strong></span> <span class='ocrx_word' id='word_1_507' title='bbox 720 3750 751 3789; x_wconf 92' lang='lat' dir='ltr'><strong>c</strong></span> <span class='ocrx_word' id='word_1_508' title='bbox 775 3737 995 3791; x_wconf 90' lang='lat' dir='ltr'><strong>omnino</strong></span> <span class='ocrx_word' id='word_1_509' title='bbox 1022 3754 1125 3793; x_wconf 92' lang='lat' dir='ltr'><strong>non</strong></span> <span class='ocrx_word' id='word_1_510' title='bbox 1148 3741 1386 3811; x_wconf 83' lang='lat' dir='ltr'><strong>spiritus,</strong></span> <span class='ocrx_word' id='word_1_511' title='bbox 1416 3746 1669 3812; x_wconf 89' lang='lat' dir='ltr'><strong>quoniam</strong></span> <span class='ocrx_word' id='word_1_512' title='bbox 1691 3747 1736 3779; x_wconf 83' lang='grc'><strong>¹⁰</strong></span> <span class='ocrx_word' id='word_1_513' title='bbox 1755 3764 1821 3803; x_wconf 85' lang='lat' dir='ltr'><strong>ex</strong></span> <span class='ocrx_word' id='word_1_514' title='bbox 1846 3749 2011 3804; x_wconf 88' lang='lat' dir='ltr'><strong>ratio-</strong></span> 
     </span>
    </p>
   </div>
   <div class='ocr_carea' id='block_1_71' title="bbox 432 3825 2011 3897">
    <p class='ocr_par' dir='ltr' id='par_1_71' title="bbox 432 3825 2011 3897">
     <span class='ocr_line' id='line_1_71' title="bbox 432 3825 2011 3897; baseline 0.01 -20"><span class='ocrx_word' id='word_1_515' title='bbox 432 3825 590 3879; x_wconf 88' lang='lat' dir='ltr'><strong>nibus</strong></span> <span class='ocrx_word' id='word_1_516' title='bbox 620 3827 838 3880; x_wconf 89' lang='lat' dir='ltr'><strong>omnino</strong></span> <span class='ocrx_word' id='word_1_517' title='bbox 860 3829 1226 3897; x_wconf 88' lang='lat' dir='ltr'><strong>spiritualibus</strong></span> <span class='ocrx_word' id='word_1_518' title='bbox 1272 3833 1649 3891; x_wconf 88' lang='lat' dir='ltr'><strong>subsistentiae</strong></span> <span class='ocrx_word' id='word_1_519' title='bbox 1678 3852 1807 3893; x_wconf 89' lang='lat' dir='ltr'><strong>suae</strong></span> <span class='ocrx_word' id='word_1_520' title='bbox 1849 3854 2011 3895; x_wconf 82' lang='lat' dir='ltr'><strong>occa-</strong></span> 
     </span>
    </p>
   </div>
   <div class='ocr_carea' id='block_1_72' title="bbox 427 3914 2014 3997">
    <p class='ocr_par' dir='ltr' id='par_1_72' title="bbox 427 3914 2014 3997">
     <span class='ocr_line' id='line_1_72' title="bbox 427 3914 2014 3997; baseline 0.011 -31"><span class='ocrx_word' id='word_1_521' title='bbox 427 3914 610 3971; x_wconf 74' lang='lat' dir='ltr'><strong>sioncs</strong></span> <span class='ocrx_word' id='word_1_522' title='bbox 630 3916 895 3986; x_wconf 87' lang='lat' dir='ltr'><strong>accipiant</strong></span> <span class='ocrx_word' id='word_1_523' title='bbox 927 3920 993 3971; x_wconf 84' lang='grc'><strong>²¹.</strong></span> <span class='ocrx_word' id='word_1_524' title='bbox 1027 3918 1140 3975; x_wconf 83' lang='grc' dir='ltr'>Νοιι</span> <span class='ocrx_word' id='word_1_525' title='bbox 1180 3921 1623 3981; x_wconf 87' lang='lat' dir='ltr'><strong>irrationabiliter</strong></span> <span class='ocrx_word' id='word_1_526' title='bbox 1644 3929 1827 3997; x_wconf 87' lang='lat' dir='ltr'><strong>itaque</strong></span> <span class='ocrx_word' id='word_1_527' title='bbox 1873 3929 2014 3991; x_wconf 81' lang='lat' dir='ltr'><strong>dixi.-</strong></span> 
     </span>
    </p>
   </div>
   <div class='ocr_carea' id='block_1_73' title="bbox 433 4007 2012 4085">
    <p class='ocr_par' dir='ltr' id='par_1_73' title="bbox 433 4007 2012 4085">
     <span class='ocr_line' id='line_1_73' title="bbox 433 4007 2012 4085; baseline 0.011 -27"><span class='ocrx_word' id='word_1_528' title='bbox 433 4022 572 4071; x_wconf 67' lang='lat' dir='ltr'><strong>nrus,</strong></span> <span class='ocrx_word' id='word_1_529' title='bbox 613 4007 755 4062; x_wconf 89' lang='lat' dir='ltr'><strong>hunc</strong></span> <span class='ocrx_word' id='word_1_530' title='bbox 786 4010 1040 4065; x_wconf 87' lang='lat' dir='ltr'><strong>mundum</strong></span> <span class='ocrx_word' id='word_1_531' title='bbox 1089 4014 1462 4071; x_wconf 77' lang='lat' dir='ltr'><strong>extremitates</strong></span> <span class='ocrx_word' id='word_1_532' title='bbox 1495 4018 1756 4085; x_wconf 88' lang='lat' dir='ltr'><strong>quasdam</strong></span> <span class='ocrx_word' id='word_1_533' title='bbox 1784 4034 1812 4072; x_wconf 90' lang='lat' dir='ltr'><strong>a</strong></span> <span class='ocrx_word' id='word_1_534' title='bbox 1843 4035 1903 4075; x_wconf 88' lang='lat' dir='ltr'><strong>se</strong></span> <span class='ocrx_word' id='word_1_535' title='bbox 1932 4020 2012 4075; x_wconf 86' lang='lat' dir='ltr'><strong>in-</strong></span> 
     </span>
    </p>
   </div>
   <div class='ocr_carea' id='block_1_74' title="bbox 428 4097 2012 4185">
    <p class='ocr_par' dir='ltr' id='par_1_74' title="bbox 428 4097 2012 4185">
     <span class='ocr_line' id='line_1_74' title="bbox 428 4097 2012 4185; baseline 0.011 -37"><span class='ocrx_word' id='word_1_536' title='bbox 428 4097 597 4152; x_wconf 74' lang='lat' dir='ltr'><strong>vicem</strong></span> <span class='ocrx_word' id='word_1_537' title='bbox 624 4099 836 4167; x_wconf 86' lang='lat' dir='ltr'><strong>pcnitns</strong></span> <span class='ocrx_word' id='word_1_538' title='bbox 862 4101 1139 4167; x_wconf 89' lang='lat' dir='ltr'><strong>discretas,</strong></span> <span class='ocrx_word' id='word_1_539' title='bbox 1168 4106 1574 4185; x_wconf 83' lang='lat' dir='ltr'><strong>etmedictates,</strong></span> <span class='ocrx_word' id='word_1_540' title='bbox 1600 4109 1651 4163; x_wconf 92' lang='lat' dir='ltr'><strong>in</strong></span> <span class='ocrx_word' id='word_1_541' title='bbox 1676 4110 1870 4178; x_wconf 86' lang='lat' dir='ltr'><strong>quibus</strong></span> <span class='ocrx_word' id='word_1_542' title='bbox 1893 4111 2012 4166; x_wconf 89' lang='lat' dir='ltr'><strong>uni-</strong></span> 
     </span>
    </p>
   </div>
   <div class='ocr_carea' id='block_1_75' title="bbox 426 4188 2008 4272">
    <p class='ocr_par' dir='ltr' id='par_1_75' title="bbox 426 4188 2008 4272">
     <span class='ocr_line' id='line_1_75' title="bbox 426 4188 2008 4272; baseline 0.009 -31"><span class='ocrx_word' id='word_1_543' title='bbox 426 4188 700 4244; x_wconf 76' lang='lat' dir='ltr'><strong>vcrsitatis</strong></span> <span class='ocrx_word' id='word_1_544' title='bbox 741 4190 909 4259; x_wconf 80' lang='lat' dir='ltr'><strong>ips&#39;us</strong></span> <span class='ocrx_word' id='word_1_545' title='bbox 938 4192 983 4223; x_wconf 83' lang='grc'>²¹</span> <span class='ocrx_word' id='word_1_546' title='bbox 1027 4208 1252 4251; x_wconf 87' lang='lat' dir='ltr'><strong>concors</strong></span> <span class='ocrx_word' id='word_1_547' title='bbox 1301 4196 1578 4254; x_wconf 88' lang='lat' dir='ltr'><strong>harmonia</strong></span> <span class='ocrx_word' id='word_1_548' title='bbox 1623 4199 2008 4272; x_wconf 73' lang='lat' dir='ltr'><strong>coniungitur,</strong></span> 
     </span>
    </p>
   </div>
   <div class='ocr_carea' id='block_1_76' title="bbox 424 4278 2012 4362">
    <p class='ocr_par' dir='ltr' id='par_1_76' title="bbox 424 4278 2012 4362">
     <span class='ocr_line' id='line_1_76' title="bbox 424 4278 2012 4362; baseline 0.011 -33"><span class='ocrx_word' id='word_1_549' title='bbox 424 4278 719 4345; x_wconf 38' lang='lat' dir='ltr'><strong>p‘tssidere.</strong></span> <span class='ocrx_word' id='word_1_550' title='bbox 738 4279 1008 4337; x_wconf 84' lang='lat' dir='ltr'><strong>Ponamus</strong></span> <span class='ocrx_word' id='word_1_551' title='bbox 1031 4282 1195 4353; x_wconf 82' lang='lat' dir='ltr'><strong>igitur</strong></span> <span class='ocrx_word' id='word_1_552' title='bbox 1211 4284 1493 4342; x_wconf 82' lang='lat' dir='ltr'><strong>inferiores</strong></span> <span class='ocrx_word' id='word_1_553' title='bbox 1511 4287 1669 4358; x_wconf 87' lang='lat' dir='ltr'><strong>hujus</strong></span> <span class='ocrx_word' id='word_1_554' title='bbox 1687 4291 1867 4346; x_wconf 89' lang='lat' dir='ltr'><strong>mundi</strong></span> <span class='ocrx_word' id='word_1_555' title='bbox 1886 4308 2012 4362; x_wconf 87' lang='lat' dir='ltr'><strong>par-</strong></span> 
     </span>
    </p>
   </div>
   <div class='ocr_carea' id='block_1_77' title="bbox 425 4369 2009 4450">
    <p class='ocr_par' dir='ltr' id='par_1_77' title="bbox 425 4369 2009 4450">
     <span class='ocr_line' id='line_1_77' title="bbox 425 4369 2009 4450; baseline 0.013 -31"><span class='ocrx_word' id='word_1_556' title='bbox 425 4376 507 4423; x_wconf 72' lang='lat' dir='ltr'><strong>trs</strong></span> <span class='ocrx_word' id='word_1_557' title='bbox 529 4369 688 4424; x_wconf 88' lang='lat' dir='ltr'><strong>veluti</strong></span> <span class='ocrx_word' id='word_1_558' title='bbox 711 4370 994 4428; x_wconf 82' lang='lat' dir='ltr'><strong>inferiores</strong></span> <span class='ocrx_word' id='word_1_559' title='bbox 1008 4389 1194 4443; x_wconf 88' lang='lat' dir='ltr'><strong>aquas.</strong></span> <span class='ocrx_word' id='word_1_560' title='bbox 1219 4376 1327 4433; x_wconf 87' lang='lat' dir='ltr'><strong>Nec</strong></span> <span class='ocrx_word' id='word_1_561' title='bbox 1351 4379 1644 4447; x_wconf 88' lang='lat' dir='ltr'><strong>immerito,</strong></span> <span class='ocrx_word' id='word_1_562' title='bbox 1664 4383 1790 4437; x_wconf 88' lang='lat' dir='ltr'><strong>dum</strong></span> <span class='ocrx_word' id='word_1_563' title='bbox 1814 4392 2009 4450; x_wconf 89' lang='lat' dir='ltr'><strong>totum,</strong></span> 
     </span>
    </p>
   </div>
   <div class='ocr_carea' id='block_1_78' title="bbox 425 4461 2011 4546">
    <p class='ocr_par' dir='ltr' id='par_1_78' title="bbox 425 4461 2011 4546">
     <span class='ocr_line' id='line_1_78' title="bbox 425 4461 2011 4546; baseline 0.013 -37"><span class='ocrx_word' id='word_1_564' title='bbox 425 4461 566 4527; x_wconf 80' lang='lat' dir='ltr'><strong>quod</strong></span> <span class='ocrx_word' id='word_1_565' title='bbox 603 4462 653 4515; x_wconf 93' lang='lat' dir='ltr'><strong>in</strong></span> <span class='ocrx_word' id='word_1_566' title='bbox 680 4463 779 4518; x_wconf 89' lang='lat' dir='ltr'><strong>hoc</strong></span> <span class='ocrx_word' id='word_1_567' title='bbox 815 4466 1015 4520; x_wconf 83' lang='lat' dir='ltr'><strong>mundo</strong></span> <span class='ocrx_word' id='word_1_568' title='bbox 1051 4469 1325 4535; x_wconf 88' lang='lat' dir='ltr'><strong>nascitur,</strong></span> <span class='ocrx_word' id='word_1_569' title='bbox 1367 4472 1591 4528; x_wconf 87' lang='lat' dir='ltr'><strong>humore</strong></span> <span class='ocrx_word' id='word_1_570' title='bbox 1616 4476 1812 4530; x_wconf 84' lang='lat' dir='ltr'><strong>crescit</strong></span> <span class='ocrx_word' id='word_1_571' title='bbox 1850 4486 2011 4546; x_wconf 89' lang='lat' dir='ltr'><strong>atque</strong></span> 
     </span>
    </p>
   </div>
   <div class='ocr_carea' id='block_1_79' title="bbox 2109 3283 3681 3357">
    <p class='ocr_par' dir='ltr' id='par_1_79' title="bbox 2109 3283 3681 3357">
     <span class='ocr_line' id='line_1_79' title="bbox 2109 3283 3681 3357; baseline -0.003 -18"><span class='ocrx_word' id='word_1_572' title='bbox 2109 3285 2330 3357; x_wconf 87' lang='lat' dir='ltr'><strong>plicinm</strong></span> <span class='ocrx_word' id='word_1_573' title='bbox 2361 3284 2750 3340; x_wconf 88' lang='lat' dir='ltr'><strong>elementorum</strong></span> <span class='ocrx_word' id='word_1_574' title='bbox 2780 3283 2921 3338; x_wconf 90' lang='lat' dir='ltr'><strong>inter</strong></span> <span class='ocrx_word' id='word_1_575' title='bbox 2952 3283 3375 3352; x_wconf 82' lang='lat' dir='ltr'><strong>profunditatem</strong></span> <span class='ocrx_word' id='word_1_576' title='bbox 3432 3286 3681 3337; x_wconf 86' lang='lat' dir='ltr'><strong>rationum</strong></span> 
     </span>
    </p>
   </div>
   <div class='ocr_carea' id='block_1_80' title="bbox 2109 3372 3684 3443">
    <p class='ocr_par' dir='ltr' id='par_1_80' title="bbox 2109 3372 3684 3443">
     <span class='ocr_line' id='line_1_80' title="bbox 2109 3372 3684 3443; baseline -0.004 -12"><span class='ocrx_word' id='word_1_577' title='bbox 2109 3392 2352 3443; x_wconf 91' lang='lat' dir='ltr'><strong>suarum,</strong></span> <span class='ocrx_word' id='word_1_578' title='bbox 2379 3385 2434 3430; x_wconf 89' lang='lat' dir='ltr'><strong>et</strong></span> <span class='ocrx_word' id='word_1_579' title='bbox 2479 3374 2791 3430; x_wconf 90' lang='lat' dir='ltr'><strong>mutabilem</strong></span> <span class='ocrx_word' id='word_1_580' title='bbox 2838 3372 3040 3427; x_wconf 83' lang='lat' dir='ltr'><strong>ﬂuxum</strong></span> <span class='ocrx_word' id='word_1_581' title='bbox 3087 3388 3377 3442; x_wconf 87' lang='lat' dir='ltr'><strong>corporum</strong></span> <span class='ocrx_word' id='word_1_582' title='bbox 3404 3374 3684 3428; x_wconf 85' lang='lat' dir='ltr'><strong>eorundem</strong></span> 
     </span>
    </p>
   </div>
   <div class='ocr_carea' id='block_1_81' title="bbox 2109 3466 3682 3536">
    <p class='ocr_par' dir='ltr' id='par_1_81' title="bbox 2109 3466 3682 3536">
     <span class='ocr_line' id='line_1_81' title="bbox 2109 3466 3682 3536; baseline -0.003 -13"><span class='ocrx_word' id='word_1_583' title='bbox 2109 3483 2376 3523; x_wconf 88' lang='lat' dir='ltr'><strong>concursu</strong></span> <span class='ocrx_word' id='word_1_584' title='bbox 2424 3467 2865 3536; x_wconf 90' lang='lat' dir='ltr'><strong>compositorum,</strong></span> <span class='ocrx_word' id='word_1_585' title='bbox 2903 3475 2950 3520; x_wconf 88' lang='lat' dir='ltr'><strong>et</strong></span> <span class='ocrx_word' id='word_1_586' title='bbox 2989 3466 3189 3520; x_wconf 77' lang='lat' dir='ltr'><strong>diridat</strong></span> <span class='ocrx_word' id='word_1_587' title='bbox 3232 3483 3396 3536; x_wconf 83' lang='lat' dir='ltr'><strong>aquas</strong></span> <span class='ocrx_word' id='word_1_588' title='bbox 3434 3467 3498 3518; x_wconf 81' lang='lat' dir='ltr'><strong>ab</strong></span> <span class='ocrx_word' id='word_1_589' title='bbox 3524 3466 3682 3534; x_wconf 79' lang='lat' dir='ltr'><strong>aquis,</strong></span> 
     </span>
    </p>
   </div>
   <div class='ocr_carea' id='block_1_82' title="bbox 2111 3553 3686 3626">
    <p class='ocr_par' dir='ltr' id='par_1_82' title="bbox 2111 3553 3686 3626">
     <span class='ocr_line' id='line_1_82' title="bbox 2111 3553 3686 3626; baseline -0.003 -15"><span class='ocrx_word' id='word_1_590' title='bbox 2111 3557 2212 3613; x_wconf 91' lang='lat' dir='ltr'><strong>hoc</strong></span> <span class='ocrx_word' id='word_1_591' title='bbox 2226 3566 2334 3624; x_wconf 89' lang='lat' dir='ltr'><strong>est,</strong></span> <span class='ocrx_word' id='word_1_592' title='bbox 2357 3572 2581 3626; x_wconf 89' lang='lat' dir='ltr'><strong>corpora</strong></span> <span class='ocrx_word' id='word_1_593' title='bbox 2606 3555 2923 3624; x_wconf 89' lang='lat' dir='ltr'><strong>composita,</strong></span> <span class='ocrx_word' id='word_1_594' title='bbox 2942 3553 3073 3609; x_wconf 90' lang='lat' dir='ltr'><strong>locis</strong></span> <span class='ocrx_word' id='word_1_595' title='bbox 3089 3554 3352 3624; x_wconf 88' lang='lat' dir='ltr'><strong>dispersa,</strong></span> <span class='ocrx_word' id='word_1_596' title='bbox 3368 3554 3686 3623; x_wconf 84' lang='lat' dir='ltr'><strong>temporibus</strong></span> 
     </span>
    </p>
   </div>
   <div class='ocr_carea' id='block_1_83' title="bbox 2109 3644 3686 3721">
    <p class='ocr_par' dir='ltr' id='par_1_83' title="bbox 2109 3644 3686 3721">
     <span class='ocr_line' id='line_1_83' title="bbox 2109 3644 3686 3721; baseline -0.003 -18"><span class='ocrx_word' id='word_1_597' title='bbox 2109 3650 2409 3714; x_wconf 88' lang='lat' dir='ltr'><strong>mutabilia,</strong></span> <span class='ocrx_word' id='word_1_598' title='bbox 2452 3648 2789 3721; x_wconf 78' lang='lat' dir='ltr'><strong>generationi</strong></span> <span class='ocrx_word' id='word_1_599' title='bbox 2817 3658 2870 3702; x_wconf 90' lang='lat' dir='ltr'><strong>et</strong></span> <span class='ocrx_word' id='word_1_600' title='bbox 2917 3646 3249 3716; x_wconf 90' lang='lat' dir='ltr'><strong>corruptioni</strong></span> <span class='ocrx_word' id='word_1_601' title='bbox 3286 3646 3567 3702; x_wconf 75' lang='lat' dir='ltr'><strong>distributa</strong></span> <span class='ocrx_word' id='word_1_602' title='bbox 3588 3644 3686 3699; x_wconf 85' lang='lat' dir='ltr'><strong>dis-</strong></span> 
     </span>
    </p>
   </div>
   <div class='ocr_carea' id='block_1_84' title="bbox 2110 3738 3687 3812">
    <p class='ocr_par' dir='ltr' id='par_1_84' title="bbox 2110 3738 3687 3812">
     <span class='ocr_line' id='line_1_84' title="bbox 2110 3738 3687 3812; baseline -0.006 -14"><span class='ocrx_word' id='word_1_603' title='bbox 2110 3751 2295 3798; x_wconf 91' lang='lat' dir='ltr'><strong>cernat</strong></span> <span class='ocrx_word' id='word_1_604' title='bbox 2319 3758 2348 3796; x_wconf 89' lang='lat' dir='ltr'><strong>a</strong></span> <span class='ocrx_word' id='word_1_605' title='bbox 2371 3742 2706 3812; x_wconf 86' lang='lat' dir='ltr'><strong>simplicibus</strong></span> <span class='ocrx_word' id='word_1_606' title='bbox 2726 3738 3278 3796; x_wconf 85' lang='lat' dir='ltr'><strong>rationibuslocorum</strong></span> <span class='ocrx_word' id='word_1_607' title='bbox 3296 3747 3687 3807; x_wconf 81' lang='lat' dir='ltr'><strong>temporumque</strong></span> 
     </span>
    </p>
   </div>
   <div class='ocr_carea' id='block_1_85' title="bbox 2112 3828 3686 3903">
    <p class='ocr_par' dir='ltr' id='par_1_85' title="bbox 2112 3828 3686 3903">
     <span class='ocr_line' id='line_1_85' title="bbox 2112 3828 3686 3903; baseline -0.004 -16"><span class='ocrx_word' id='word_1_608' title='bbox 2112 3834 2378 3889; x_wconf 74' lang='lat' dir='ltr'><strong>varietate</strong></span> <span class='ocrx_word' id='word_1_609' title='bbox 2398 3833 2725 3896; x_wconf 88' lang='lat' dir='ltr'><strong>carentibus,</strong></span> <span class='ocrx_word' id='word_1_610' title='bbox 2750 3832 3095 3903; x_wconf 79' lang='lat' dir='ltr'><strong>generatione</strong></span> <span class='ocrx_word' id='word_1_611' title='bbox 3116 3839 3171 3883; x_wconf 90' lang='lat' dir='ltr'><strong>et</strong></span> <span class='ocrx_word' id='word_1_612' title='bbox 3192 3831 3537 3899; x_wconf 86' lang='lat' dir='ltr'><strong>corruptione</strong></span> <span class='ocrx_word' id='word_1_613' title='bbox 3564 3828 3686 3881; x_wconf 80' lang='lat' dir='ltr'><strong>libe-</strong></span> 
     </span>
    </p>
   </div>
   <div class='ocr_carea' id='block_1_86' title="bbox 2112 3919 3686 3993">
    <p class='ocr_par' dir='ltr' id='par_1_86' title="bbox 2112 3919 3686 3993">
     <span class='ocr_line' id='line_1_86' title="bbox 2112 3919 3686 3993; baseline -0.004 -16"><span class='ocrx_word' id='word_1_614' title='bbox 2112 3923 2210 3989; x_wconf 86' lang='lat' dir='ltr'><strong>ris,</strong></span> <span class='ocrx_word' id='word_1_615' title='bbox 2236 3923 2553 3978; x_wconf 87' lang='lat' dir='ltr'><strong>immutabili</strong></span> <span class='ocrx_word' id='word_1_616' title='bbox 2577 3924 2693 3993; x_wconf 81' lang='lat' dir='ltr'><strong>lege</strong></span> <span class='ocrx_word' id='word_1_617' title='bbox 2732 3920 2985 3977; x_wconf 84' lang='lat' dir='ltr'><strong>stabilitis</strong></span> <span class='ocrx_word' id='word_1_618' title='bbox 3023 3920 3090 3974; x_wconf 84' lang='grc'><strong>³³.</strong></span> <span class='ocrx_word' id='word_1_619' title='bbox 3122 3919 3266 3973; x_wconf 89' lang='lat' dir='ltr'><strong>Inter</strong></span> <span class='ocrx_word' id='word_1_620' title='bbox 3301 3919 3686 3989; x_wconf 79' lang='lat' dir='ltr'><strong>simplicitatem</strong></span> 
     </span>
    </p>
   </div>
   <div class='ocr_carea' id='block_1_87' title="bbox 2112 4008 3684 4071">
    <p class='ocr_par' dir='ltr' id='par_1_87' title="bbox 2112 4008 3684 4071">
     <span class='ocr_line' id='line_1_87' title="bbox 2112 4008 3684 4071; baseline -0.006 -1"><span class='ocrx_word' id='word_1_621' title='bbox 2112 4024 2290 4071; x_wconf 90' lang='lat' dir='ltr'><strong>autem</strong></span> <span class='ocrx_word' id='word_1_622' title='bbox 2321 4030 2607 4071; x_wconf 88' lang='lat' dir='ltr'><strong>causarum</strong></span> <span class='ocrx_word' id='word_1_623' title='bbox 2640 4023 2696 4068; x_wconf 90' lang='lat' dir='ltr'><strong>ct</strong></span> <span class='ocrx_word' id='word_1_624' title='bbox 2721 4013 3106 4068; x_wconf 89' lang='lat' dir='ltr'><strong>elementorum</strong></span> <span class='ocrx_word' id='word_1_625' title='bbox 3134 4008 3255 4063; x_wconf 84' lang='lat' dir='ltr'><strong>talis</strong></span> <span class='ocrx_word' id='word_1_626' title='bbox 3269 4019 3352 4064; x_wconf 88' lang='lat' dir='ltr'><strong>est</strong></span> <span class='ocrx_word' id='word_1_627' title='bbox 3376 4008 3684 4069; x_wconf 81' lang='lat' dir='ltr'><strong>diﬂ‘erentia,</strong></span> 
     </span>
    </p>
   </div>
   <div class='ocr_carea' id='block_1_88' title="bbox 2111 4101 3687 4177">
    <p class='ocr_par' dir='ltr' id='par_1_88' title="bbox 2111 4101 3687 4177">
     <span class='ocr_line' id='line_1_88' title="bbox 2111 4101 3687 4177; baseline -0.005 -16"><span class='ocrx_word' id='word_1_628' title='bbox 2111 4108 2251 4177; x_wconf 91' lang='lat' dir='ltr'><strong>quod</strong></span> <span class='ocrx_word' id='word_1_629' title='bbox 2273 4107 2358 4162; x_wconf 88' lang='lat' dir='ltr'><strong>illa</strong></span> <span class='ocrx_word' id='word_1_630' title='bbox 2380 4122 2666 4163; x_wconf 89' lang='lat' dir='ltr'><strong>causarum</strong></span> <span class='ocrx_word' id='word_1_631' title='bbox 2689 4105 2905 4174; x_wconf 88' lang='lat' dir='ltr'><strong>quidem</strong></span> <span class='ocrx_word' id='word_1_632' title='bbox 2919 4104 3121 4172; x_wconf 88' lang='lat' dir='ltr'><strong>absque</strong></span> <span class='ocrx_word' id='word_1_633' title='bbox 3156 4101 3393 4155; x_wconf 89' lang='lat' dir='ltr'><strong>locorum</strong></span> <span class='ocrx_word' id='word_1_634' title='bbox 3415 4109 3469 4156; x_wconf 90' lang='lat' dir='ltr'><strong>et</strong></span> <span class='ocrx_word' id='word_1_635' title='bbox 3497 4111 3687 4169; x_wconf 87' lang='lat' dir='ltr'><strong>tempo-</strong></span> 
     </span>
    </p>
   </div>
   <div class='ocr_carea' id='block_1_89' title="bbox 2111 4189 3689 4266">
    <p class='ocr_par' dir='ltr' id='par_1_89' title="bbox 2111 4189 3689 4266">
     <span class='ocr_line' id='line_1_89' title="bbox 2111 4189 3689 4266; baseline -0.006 -14"><span class='ocrx_word' id='word_1_636' title='bbox 2111 4214 2229 4252; x_wconf 89' lang='lat' dir='ltr'><strong>rum</strong></span> <span class='ocrx_word' id='word_1_637' title='bbox 2259 4206 2447 4252; x_wconf 88' lang='lat' dir='ltr'><strong>natura</strong></span> <span class='ocrx_word' id='word_1_638' title='bbox 2471 4196 2799 4266; x_wconf 82' lang='lat' dir='ltr'><strong>intelligitur,</strong></span> <span class='ocrx_word' id='word_1_639' title='bbox 2826 4196 2926 4250; x_wconf 88' lang='lat' dir='ltr'><strong>ista</strong></span> <span class='ocrx_word' id='word_1_640' title='bbox 2953 4192 2999 4225; x_wconf 59' lang='lat'><strong>3‘</strong></span> <span class='ocrx_word' id='word_1_641' title='bbox 3024 4206 3150 4246; x_wconf 87' lang='lat' dir='ltr'><strong>vero</strong></span> <span class='ocrx_word' id='word_1_642' title='bbox 3172 4189 3309 4246; x_wconf 78' lang='lat' dir='ltr'><strong>locis</strong></span> <span class='ocrx_word' id='word_1_643' title='bbox 3348 4191 3689 4260; x_wconf 83' lang='lat' dir='ltr'><strong>temporibus-</strong></span> 
     </span>
    </p>
   </div>
   <div class='ocr_carea' id='block_1_90' title="bbox 2110 4278 3685 4356">
    <p class='ocr_par' dir='ltr' id='par_1_90' title="bbox 2110 4278 3685 4356">
     <span class='ocr_line' id='line_1_90' title="bbox 2110 4278 3685 4356; baseline -0.005 -17"><span class='ocrx_word' id='word_1_644' title='bbox 2110 4301 2215 4356; x_wconf 88' lang='lat' dir='ltr'><strong>que</strong></span> <span class='ocrx_word' id='word_1_645' title='bbox 2242 4301 2429 4340; x_wconf 90' lang='lat' dir='ltr'><strong>carere</strong></span> <span class='ocrx_word' id='word_1_646' title='bbox 2452 4301 2554 4340; x_wconf 91' lang='lat' dir='ltr'><strong>non</strong></span> <span class='ocrx_word' id='word_1_647' title='bbox 2578 4294 2788 4354; x_wconf 88' lang='lat' dir='ltr'><strong>potest;</strong></span> <span class='ocrx_word' id='word_1_648' title='bbox 2820 4286 2870 4340; x_wconf 92' lang='lat' dir='ltr'><strong>in</strong></span> <span class='ocrx_word' id='word_1_649' title='bbox 2889 4286 2970 4342; x_wconf 91' lang='lat' dir='ltr'><strong>eis</strong></span> <span class='ocrx_word' id='word_1_650' title='bbox 2982 4287 3124 4340; x_wconf 88' lang='lat' dir='ltr'><strong>enim</strong></span> <span class='ocrx_word' id='word_1_651' title='bbox 3149 4286 3473 4345; x_wconf 87' lang='lat' dir='ltr'><strong>continetur,</strong></span> <span class='ocrx_word' id='word_1_652' title='bbox 3486 4291 3538 4336; x_wconf 92' lang='lat' dir='ltr'><strong>et</strong></span> <span class='ocrx_word' id='word_1_653' title='bbox 3551 4278 3685 4349; x_wconf 82' lang='lat' dir='ltr'><strong>quod</strong></span> 
     </span>
    </p>
   </div>
   <div class='ocr_carea' id='block_1_91' title="bbox 2112 4370 3684 4444">
    <p class='ocr_par' dir='ltr' id='par_1_91' title="bbox 2112 4370 3684 4444">
     <span class='ocr_line' id='line_1_91' title="bbox 2112 4370 3684 4444; baseline -0.006 -14"><span class='ocrx_word' id='word_1_654' title='bbox 2112 4375 2200 4430; x_wconf 87' lang='lat' dir='ltr'><strong>illa</strong></span> <span class='ocrx_word' id='word_1_655' title='bbox 2227 4376 2477 4431; x_wconf 91' lang='lat' dir='ltr'><strong>omnibus</strong></span> <span class='ocrx_word' id='word_1_656' title='bbox 2506 4376 2876 4430; x_wconf 88' lang='lat' dir='ltr'><strong>accidentibus</strong></span> <span class='ocrx_word' id='word_1_657' title='bbox 2910 4377 3153 4431; x_wconf 88' lang='lat' dir='ltr'><strong>absoluta</strong></span> <span class='ocrx_word' id='word_1_658' title='bbox 3204 4389 3418 4444; x_wconf 86' lang='lat' dir='ltr'><strong>semper</strong></span> <span class='ocrx_word' id='word_1_659' title='bbox 3469 4372 3557 4432; x_wconf 73' lang='lat' dir='ltr'><strong>Sit,</strong></span> <span class='ocrx_word' id='word_1_660' title='bbox 3588 4370 3684 4422; x_wconf 77' lang='lat' dir='ltr'><strong>ista</strong></span> 
     </span>
    </p>
   </div>
   <div class='ocr_carea' id='block_1_92' title="bbox 2111 4462 3686 4540">
    <p class='ocr_par' dir='ltr' id='par_1_92' title="bbox 2111 4462 3686 4540">
     <span class='ocr_line' id='line_1_92' title="bbox 2111 4462 3686 4540; baseline -0.006 -15"><span class='ocrx_word' id='word_1_661' title='bbox 2111 4472 2397 4540; x_wconf 74' lang='lat' dir='ltr'><strong>aliquando</strong></span> <span class='ocrx_word' id='word_1_662' title='bbox 2417 4469 2715 4527; x_wconf 89' lang='lat' dir='ltr'><strong>accidentia</strong></span> <span class='ocrx_word' id='word_1_663' title='bbox 2740 4470 2952 4539; x_wconf 88' lang='lat' dir='ltr'><strong>recipit,</strong></span> <span class='ocrx_word' id='word_1_664' title='bbox 2968 4470 3259 4540; x_wconf 83' lang='lat' dir='ltr'><strong>aliquando</strong></span> <span class='ocrx_word' id='word_1_665' title='bbox 3271 4466 3512 4537; x_wconf 84' lang='lat' dir='ltr'><strong>deponit:</strong></span> <span class='ocrx_word' id='word_1_666' title='bbox 3532 4462 3686 4531; x_wconf 79' lang='lat' dir='ltr'><strong>depo-</strong></span> 
     </span>
    </p>
   </div>
   <div class='ocr_carea' id='block_1_93' title="bbox 429 4548 3684 4637">
    <p class='ocr_par' dir='ltr' id='par_1_93' title="bbox 429 4548 3684 4637">
     <span class='ocr_line' id='line_1_93' title="bbox 429 4548 3684 4637; baseline 0.002 -32"><span class='ocrx_word' id='word_1_667' title='bbox 429 4554 664 4608; x_wconf 89' lang='lat' dir='ltr'><strong>nutritur</strong></span> <span class='ocrx_word' id='word_1_668' title='bbox 690 4573 705 4620; x_wconf 87' lang='lat'><strong>;</strong></span> <span class='ocrx_word' id='word_1_669' title='bbox 733 4557 950 4612; x_wconf 87' lang='lat' dir='ltr'><strong>humida</strong></span> <span class='ocrx_word' id='word_1_670' title='bbox 977 4560 1240 4630; x_wconf 87' lang='lat' dir='ltr'><strong>siquidem</strong></span> <span class='ocrx_word' id='word_1_671' title='bbox 1263 4564 1522 4632; x_wconf 84' lang='lat' dir='ltr'><strong>qualitate</strong></span> <span class='ocrx_word' id='word_1_672' title='bbox 1543 4568 1861 4637; x_wconf 89' lang='lat' dir='ltr'><strong>corporibus</strong></span> <span class='ocrx_word' id='word_1_673' title='bbox 1885 4570 2005 4623; x_wconf 80' lang='lat' dir='ltr'><strong>sub-</strong></span> <span class='ocrx_word' id='word_1_674' title='bbox 2042 4548 2087 4606; x_wconf 81' lang='grc' dir='ltr'>υ</span> <span class='ocrx_word' id='word_1_675' title='bbox 2116 4563 2193 4617; x_wconf 91' lang='lat' dir='ltr'><strong>nit</strong></span> <span class='ocrx_word' id='word_1_676' title='bbox 2212 4563 2426 4631; x_wconf 88' lang='lat' dir='ltr'><strong>quidem</strong></span> <span class='ocrx_word' id='word_1_677' title='bbox 2464 4563 2515 4616; x_wconf 91' lang='lat' dir='ltr'><strong>in</strong></span> <span class='ocrx_word' id='word_1_678' title='bbox 2538 4561 2950 4625; x_wconf 84' lang='lat' dir='ltr'><strong>universalihus,</strong></span> <span class='ocrx_word' id='word_1_679' title='bbox 2969 4562 3020 4615; x_wconf 92' lang='lat' dir='ltr'><strong>in</strong></span> <span class='ocrx_word' id='word_1_680' title='bbox 3042 4558 3460 4630; x_wconf 81' lang='lat' dir='ltr'><strong>particularihus</strong></span> <span class='ocrx_word' id='word_1_681' title='bbox 3487 4560 3684 4622; x_wconf 73' lang='lat' dir='ltr'><strong>recup!!-</strong></span> 
     </span>
    </p>
   </div>
   <div class='ocr_carea' id='block_1_94' title="bbox 426 4644 2013 4731">
    <p class='ocr_par' dir='ltr' id='par_1_94' title="bbox 426 4644 2013 4731">
     <span class='ocr_line' id='line_1_94' title="bbox 426 4644 2013 4731; baseline 0.013 -35"><span class='ocrx_word' id='word_1_682' title='bbox 426 4644 552 4706; x_wconf 67' lang='lat' dir='ltr'><strong>ltta,</strong></span> <span class='ocrx_word' id='word_1_683' title='bbox 601 4648 803 4717; x_wconf 89' lang='lat' dir='ltr'><strong>absque</strong></span> <span class='ocrx_word' id='word_1_684' title='bbox 854 4667 1003 4706; x_wconf 87' lang='lat' dir='ltr'><strong>mora</strong></span> <span class='ocrx_word' id='word_1_685' title='bbox 1028 4655 1329 4722; x_wconf 86' lang='lat' dir='ltr'><strong>tabescunt,</strong></span> <span class='ocrx_word' id='word_1_686' title='bbox 1361 4666 1416 4712; x_wconf 91' lang='lat' dir='ltr'><strong>et</strong></span> <span class='ocrx_word' id='word_1_687' title='bbox 1441 4657 1778 4724; x_wconf 85' lang='lat' dir='ltr'><strong>decrescunt,</strong></span> <span class='ocrx_word' id='word_1_688' title='bbox 1800 4671 1854 4715; x_wconf 85' lang='lat' dir='ltr'><strong>et</strong></span> <span class='ocrx_word' id='word_1_689' title='bbox 1872 4676 2013 4731; x_wconf 88' lang='lat' dir='ltr'><strong>pene</strong></span> 
     </span>
    </p>
   </div>
   <div class='ocr_carea' id='block_1_95' title="bbox 426 4735 2011 4820">
    <p class='ocr_par' dir='ltr' id='par_1_95' title="bbox 426 4735 2011 4820">
     <span class='ocr_line' id='line_1_95' title="bbox 426 4735 2011 4820; baseline 0.012 -34"><span class='ocrx_word' id='word_1_690' title='bbox 426 4735 492 4786; x_wconf 82' lang='lat' dir='ltr'><strong>ad</strong></span> <span class='ocrx_word' id='word_1_691' title='bbox 523 4738 745 4793; x_wconf 89' lang='lat' dir='ltr'><strong>nihilum</strong></span> <span class='ocrx_word' id='word_1_692' title='bbox 773 4741 1104 4812; x_wconf 79' lang='lat' dir='ltr'><strong>rediguntur.</strong></span> <span class='ocrx_word' id='word_1_693' title='bbox 1132 4745 1264 4813; x_wconf 76' lang='lat' dir='ltr'><strong>Nam</strong></span> <span class='ocrx_word' id='word_1_694' title='bbox 1289 4756 1342 4802; x_wconf 90' lang='lat' dir='ltr'><strong>et</strong></span> <span class='ocrx_word' id='word_1_695' title='bbox 1368 4749 1616 4804; x_wconf 88' lang='lat' dir='ltr'><strong>caelestia</strong></span> <span class='ocrx_word' id='word_1_696' title='bbox 1649 4766 1874 4820; x_wconf 90' lang='lat' dir='ltr'><strong>corpora</strong></span> <span class='ocrx_word' id='word_1_697' title='bbox 1908 4751 2011 4807; x_wconf 79' lang='lat' dir='ltr'><strong>fer—</strong></span> 
     </span>
    </p>
   </div>
   <div class='ocr_carea' id='block_1_96' title="bbox 427 4828 2013 4908">
    <p class='ocr_par' dir='ltr' id='par_1_96' title="bbox 427 4828 2013 4908">
     <span class='ocr_line' id='line_1_96' title="bbox 427 4828 2013 4908; baseline 0.011 -31"><span class='ocrx_word' id='word_1_698' title='bbox 427 4828 765 4894; x_wconf 89' lang='lat' dir='ltr'><strong>ventissima,</strong></span> <span class='ocrx_word' id='word_1_699' title='bbox 792 4840 845 4887; x_wconf 91' lang='lat' dir='ltr'><strong>et</strong></span> <span class='ocrx_word' id='word_1_700' title='bbox 871 4833 1047 4903; x_wconf 79' lang='lat' dir='ltr'><strong>ignea,</strong></span> <span class='ocrx_word' id='word_1_701' title='bbox 1076 4836 1295 4891; x_wconf 87' lang='lat' dir='ltr'><strong>humida</strong></span> <span class='ocrx_word' id='word_1_702' title='bbox 1323 4847 1588 4908; x_wconf 81' lang='lat' dir='ltr'><strong>aquarum</strong></span> <span class='ocrx_word' id='word_1_703' title='bbox 1626 4849 1817 4894; x_wconf 88' lang='lat' dir='ltr'><strong>natura</strong></span> <span class='ocrx_word' id='word_1_704' title='bbox 1841 4841 2013 4894; x_wconf 88' lang='lat' dir='ltr'><strong>nutri-</strong></span> 
     </span>
    </p>
   </div>
   <div class='ocr_carea' id='block_1_97' title="bbox 426 4913 2010 4995">
    <p class='ocr_par' dir='ltr' id='par_1_97' title="bbox 426 4913 2010 4995">
     <span class='ocr_line' id='line_1_97' title="bbox 426 4913 2010 4995; baseline 0.011 -29"><span class='ocrx_word' id='word_1_705' title='bbox 426 4913 470 4966; x_wconf 91' lang='lat' dir='ltr'><strong>ri</strong></span> <span class='ocrx_word' id='word_1_706' title='bbox 502 4916 777 4985; x_wconf 88' lang='lat' dir='ltr'><strong>sapientes</strong></span> <span class='ocrx_word' id='word_1_707' title='bbox 804 4922 985 4977; x_wconf 89' lang='lat' dir='ltr'><strong>mundi</strong></span> <span class='ocrx_word' id='word_1_708' title='bbox 1010 4918 1302 4990; x_wconf 72' lang='lat' dir='ltr'><strong>aﬂirmant,</strong></span> <span class='ocrx_word' id='word_1_709' title='bbox 1326 4927 1470 4995; x_wconf 87' lang='lat' dir='ltr'><strong>quod</strong></span> <span class='ocrx_word' id='word_1_710' title='bbox 1503 4943 1602 4983; x_wconf 91' lang='lat' dir='ltr'><strong>nec</strong></span> <span class='ocrx_word' id='word_1_711' title='bbox 1648 4944 1837 4985; x_wconf 86' lang='lat' dir='ltr'><strong>sacrae</strong></span> <span class='ocrx_word' id='word_1_712' title='bbox 1861 4928 2010 4984; x_wconf 87' lang='lat' dir='ltr'><strong>Scri-</strong></span> 
     </span>
    </p>
   </div>
   <div class='ocr_carea' id='block_1_98' title="bbox 426 5007 2018 5087">
    <p class='ocr_par' dir='ltr' id='par_1_98' title="bbox 426 5007 2018 5087">
     <span class='ocr_line' id='line_1_98' title="bbox 426 5007 2018 5087; baseline 0.009 -28"><span class='ocrx_word' id='word_1_713' title='bbox 426 5014 616 5076; x_wconf 91' lang='lat' dir='ltr'><strong>pturae</strong></span> <span class='ocrx_word' id='word_1_714' title='bbox 654 5007 702 5042; x_wconf 76' lang='lat'>”</span> <span class='ocrx_word' id='word_1_715' title='bbox 745 5013 1079 5080; x_wconf 78' lang='lat' dir='ltr'><strong>expositores</strong></span> <span class='ocrx_word' id='word_1_716' title='bbox 1128 5017 1392 5087; x_wconf 77' lang='lat' dir='ltr'><strong>denegant</strong></span> <span class='ocrx_word' id='word_1_717' title='bbox 1417 5018 1483 5071; x_wconf 72' lang='lat'><strong>&quot;.</strong></span> <span class='ocrx_word' id='word_1_718' title='bbox 1533 5016 1852 5087; x_wconf 89' lang='lat' dir='ltr'><strong>Spirituales</strong></span> <span class='ocrx_word' id='word_1_719' title='bbox 1889 5033 2018 5073; x_wconf 89' lang='lat' dir='ltr'><strong>vero</strong></span> 
     </span>
    </p>
   </div>
   <div class='ocr_carea' id='block_1_99' title="bbox 423 5097 2017 5177">
    <p class='ocr_par' dir='ltr' id='par_1_99' title="bbox 423 5097 2017 5177">
     <span class='ocr_line' id='line_1_99' title="bbox 423 5097 2017 5177; baseline 0.008 -27"><span class='ocrx_word' id='word_1_720' title='bbox 423 5097 666 5152; x_wconf 85' lang='lat' dir='ltr'><strong>omnium</strong></span> <span class='ocrx_word' id='word_1_721' title='bbox 726 5100 1020 5157; x_wconf 83' lang='lat' dir='ltr'><strong>visibilium</strong></span> <span class='ocrx_word' id='word_1_722' title='bbox 1069 5106 1307 5162; x_wconf 89' lang='lat' dir='ltr'><strong>rationes</strong></span> <span class='ocrx_word' id='word_1_723' title='bbox 1364 5107 1700 5177; x_wconf 91' lang='lat' dir='ltr'><strong>superiorum</strong></span> <span class='ocrx_word' id='word_1_724' title='bbox 1754 5123 2017 5177; x_wconf 88' lang='lat' dir='ltr'><strong>aquarum</strong></span> 
     </span>
    </p>
   </div>
   <div class='ocr_carea' id='block_1_100' title="bbox 2182 4646 3684 4716">
    <p class='ocr_par' dir='ltr' id='par_1_100' title="bbox 2182 4646 3684 4716">
     <span class='ocr_line' id='line_1_100' title="bbox 2182 4646 3684 4716; baseline -0.001 -11"><span class='ocrx_word' id='word_1_725' title='bbox 2182 4651 2273 4705; x_wconf 72' lang='lat'><strong>27.</strong></span> <span class='ocrx_word' id='word_1_726' title='bbox 2304 4649 2642 4706; x_wconf 88' lang='lat' dir='ltr'><strong>Generaliter</strong></span> <span class='ocrx_word' id='word_1_727' title='bbox 2680 4660 2860 4706; x_wconf 90' lang='lat' dir='ltr'><strong>autem</strong></span> <span class='ocrx_word' id='word_1_728' title='bbox 2900 4649 2953 4704; x_wconf 89' lang='lat' dir='ltr'><strong>in</strong></span> <span class='ocrx_word' id='word_1_729' title='bbox 2983 4651 3236 4705; x_wconf 81' lang='lat' dir='ltr'><strong>omnibus</strong></span> <span class='ocrx_word' id='word_1_730' title='bbox 3275 4664 3371 4703; x_wconf 78' lang='lat' dir='ltr'><strong>sex</strong></span> <span class='ocrx_word' id='word_1_731' title='bbox 3403 4646 3684 4716; x_wconf 70' lang='lat' dir='ltr'><strong>primorum</strong></span> 
     </span>
    </p>
   </div>
   <div class='ocr_carea' id='block_1_101' title="bbox 2113 4731 3686 4812">
    <p class='ocr_par' dir='ltr' id='par_1_101' title="bbox 2113 4731 3686 4812">
     <span class='ocr_line' id='line_1_101' title="bbox 2113 4731 3686 4812; baseline -0.009 -15"><span class='ocrx_word' id='word_1_732' title='bbox 2113 4743 2322 4797; x_wconf 87' lang='lat' dir='ltr'><strong>dierum</strong></span> <span class='ocrx_word' id='word_1_733' title='bbox 2351 4743 2606 4812; x_wconf 84' lang='lat' dir='ltr'><strong>operibus</strong></span> <span class='ocrx_word' id='word_1_734' title='bbox 2644 4742 3044 4812; x_wconf 75' lang='lat' dir='ltr'><strong>intelligendum</strong></span> <span class='ocrx_word' id='word_1_735' title='bbox 3079 4748 3183 4804; x_wconf 86' lang='lat' dir='ltr'><strong>est,</strong></span> <span class='ocrx_word' id='word_1_736' title='bbox 3223 4740 3521 4805; x_wconf 86' lang='lat' dir='ltr'><strong>ubicunque</strong></span> <span class='ocrx_word' id='word_1_737' title='bbox 3550 4731 3686 4786; x_wconf 83' lang='lat' dir='ltr'><strong>Scri-</strong></span> 
     </span>
    </p>
   </div>
   <div class='ocr_carea' id='block_1_102' title="bbox 2115 4823 3687 4902">
    <p class='ocr_par' dir='ltr' id='par_1_102' title="bbox 2115 4823 3687 4902">
     <span class='ocr_line' id='line_1_102' title="bbox 2115 4823 3687 4902; baseline -0.01 -15"><span class='ocrx_word' id='word_1_738' title='bbox 2115 4841 2271 4902; x_wconf 87' lang='lat' dir='ltr'><strong>ptura</strong></span> <span class='ocrx_word' id='word_1_739' title='bbox 2297 4840 2714 4887; x_wconf 87' lang='lat' dir='ltr'><strong>commemorat:</strong></span> <span class='ocrx_word' id='word_1_740' title='bbox 2733 4830 2874 4885; x_wconf 72' lang='lat' dir='ltr'><strong>Dixit</strong></span> <span class='ocrx_word' id='word_1_741' title='bbox 2906 4830 3043 4885; x_wconf 79' lang='lat' dir='ltr'><strong>Deus</strong></span> <span class='ocrx_word' id='word_1_742' title='bbox 3066 4846 3085 4885; x_wconf 91' lang='lat'><strong><em>:</em></strong></span> <span class='ocrx_word' id='word_1_743' title='bbox 3108 4828 3232 4883; x_wconf 82' lang='lat' dir='ltr'><strong>Fiat</strong></span> <span class='ocrx_word' id='word_1_744' title='bbox 3264 4829 3381 4888; x_wconf 64' lang='lat' dir='ltr'><strong>lux,</strong></span> <span class='ocrx_word' id='word_1_745' title='bbox 3403 4827 3493 4896; x_wconf 78' lang='lat' dir='ltr'><strong>ﬁat</strong></span> <span class='ocrx_word' id='word_1_746' title='bbox 3519 4823 3687 4892; x_wconf 71' lang='lat' dir='ltr'><strong>ﬁrma-</strong></span> 
     </span>
    </p>
   </div>
   <div class='ocr_carea' id='block_1_103' title="bbox 2118 4913 3686 4991">
    <p class='ocr_par' dir='ltr' id='par_1_103' title="bbox 2118 4913 3686 4991">
     <span class='ocr_line' id='line_1_103' title="bbox 2118 4913 3686 4991; baseline -0.01 -13"><span class='ocrx_word' id='word_1_747' title='bbox 2118 4934 2341 4978; x_wconf 83' lang='lat' dir='ltr'><strong>mentum</strong></span> <span class='ocrx_word' id='word_1_748' title='bbox 2363 4963 2378 4989; x_wconf 94' lang='lat'><strong>,</strong></span> <span class='ocrx_word' id='word_1_749' title='bbox 2410 4931 2465 4977; x_wconf 92' lang='lat' dir='ltr'><strong>et</strong></span> <span class='ocrx_word' id='word_1_750' title='bbox 2489 4931 2666 4979; x_wconf 90' lang='lat' dir='ltr'><strong>cetera</strong></span> <span class='ocrx_word' id='word_1_751' title='bbox 2693 4923 2745 4977; x_wconf 93' lang='lat' dir='ltr'><strong>in</strong></span> <span class='ocrx_word' id='word_1_752' title='bbox 2773 4922 2997 4991; x_wconf 87' lang='lat' dir='ltr'><strong>reliquis</strong></span> <span class='ocrx_word' id='word_1_753' title='bbox 3033 4921 3242 4981; x_wconf 89' lang='lat' dir='ltr'><strong>diebus,</strong></span> <span class='ocrx_word' id='word_1_754' title='bbox 3271 4913 3686 4989; x_wconf 86' lang='lat' dir='ltr'><strong>primordialinm</strong></span> 
     </span>
    </p>
   </div>
   <div class='ocr_carea' id='block_1_104' title="bbox 2117 5011 3685 5084">
    <p class='ocr_par' dir='ltr' id='par_1_104' title="bbox 2117 5011 3685 5084">
     <span class='ocr_line' id='line_1_104' title="bbox 2117 5011 3685 5084; baseline -0.008 -14"><span class='ocrx_word' id='word_1_755' title='bbox 2117 5030 2404 5070; x_wconf 88' lang='lat' dir='ltr'><strong>causarum</strong></span> <span class='ocrx_word' id='word_1_756' title='bbox 2429 5013 2717 5084; x_wconf 87' lang='lat' dir='ltr'><strong>specialem</strong></span> <span class='ocrx_word' id='word_1_757' title='bbox 2740 5013 3103 5069; x_wconf 82' lang='lat' dir='ltr'><strong>conditionem</strong></span> <span class='ocrx_word' id='word_1_758' title='bbox 3133 5011 3446 5081; x_wconf 73' lang='lat' dir='ltr'><strong>significari,</strong></span> <span class='ocrx_word' id='word_1_759' title='bbox 3471 5019 3685 5077; x_wconf 82' lang='lat' dir='ltr'><strong>quarum</strong></span> 
     </span>
    </p>
   </div>
   <div class='ocr_carea' id='block_1_105' title="bbox 2117 5094 3685 5171">
    <p class='ocr_par' dir='ltr' id='par_1_105' title="bbox 2117 5094 3685 5171">
     <span class='ocr_line' id='line_1_105' title="bbox 2117 5094 3685 5171; baseline -0.008 -13"><span class='ocrx_word' id='word_1_760' title='bbox 2117 5105 2493 5161; x_wconf 89' lang='lat' dir='ltr'><strong>nuiversaliter</strong></span> <span class='ocrx_word' id='word_1_761' title='bbox 2517 5106 2722 5160; x_wconf 89' lang='lat' dir='ltr'><strong>creatio</strong></span> <span class='ocrx_word' id='word_1_762' title='bbox 2746 5104 2962 5159; x_wconf 90' lang='lat' dir='ltr'><strong>nomine</strong></span> <span class='ocrx_word' id='word_1_763' title='bbox 2986 5103 3122 5158; x_wconf 86' lang='lat' dir='ltr'><strong>caeli</strong></span> <span class='ocrx_word' id='word_1_764' title='bbox 3139 5112 3190 5157; x_wconf 90' lang='lat' dir='ltr'><strong>et</strong></span> <span class='ocrx_word' id='word_1_765' title='bbox 3206 5113 3383 5157; x_wconf 83' lang='lat' dir='ltr'><strong>terrae</strong></span> <span class='ocrx_word' id='word_1_766' title='bbox 3403 5094 3685 5171; x_wconf 80' lang='lat' dir='ltr'><strong>praemissa</strong></span> 
     </span>
    </p>
   </div>
   <div class='ocr_carea' id='block_1_106' title="bbox 1735 5212 2432 5271">
    <p class='ocr_par' dir='ltr' id='par_1_106' title="bbox 1735 5212 2432 5271">
     <span class='ocr_line' id='line_1_106' title="bbox 1735 5212 2432 5271; baseline -0.004 0"><span class='ocrx_word' id='word_1_767' title='bbox 1735 5215 1987 5271; x_wconf 82' lang='lat' dir='ltr'><strong>VAlllAE</strong></span> <span class='ocrx_word' id='word_1_768' title='bbox 2030 5212 2432 5270; x_wconf 82' lang='lat' dir='ltr'><strong>LECTIONES.</strong></span> 
     </span>
    </p>
   </div>
   <div class='ocr_carea' id='block_1_107' title="bbox 503 5317 1948 5382">
    <p class='ocr_par' dir='ltr' id='par_1_107' title="bbox 503 5317 1948 5382">
     <span class='ocr_line' id='line_1_107' title="bbox 503 5317 1948 5382; baseline 0.006 -10"><span class='ocrx_word' id='word_1_769' title='bbox 503 5319 521 5350; x_wconf 81' lang='grc'>⁸</span> <span class='ocrx_word' id='word_1_770' title='bbox 552 5318 594 5372; x_wconf 82' lang='grc' dir='ltr'>Α</span> <span class='ocrx_word' id='word_1_771' title='bbox 625 5317 727 5375; x_wconf 85' lang='lat' dir='ltr'><strong>his.</strong></span> <span class='ocrx_word' id='word_1_772' title='bbox 827 5322 848 5352; x_wconf 81' lang='grc'>²</span> <span class='ocrx_word' id='word_1_773' title='bbox 869 5320 909 5374; x_wconf 84' lang='grc' dir='ltr'>Α</span> <span class='ocrx_word' id='word_1_774' title='bbox 938 5331 1008 5376; x_wconf 81' lang='lat' dir='ltr'><strong>et.</strong></span> <span class='ocrx_word' id='word_1_775' title='bbox 1107 5322 1128 5355; x_wconf 83' lang='grc'><strong>⁸</strong></span> <span class='ocrx_word' id='word_1_776' title='bbox 1151 5333 1225 5378; x_wconf 83' lang='lat' dir='ltr'><strong>est</strong></span> <span class='ocrx_word' id='word_1_777' title='bbox 1247 5340 1355 5380; x_wconf 86' lang='lat' dir='ltr'><strong>om.</strong></span> <span class='ocrx_word' id='word_1_778' title='bbox 1386 5324 1447 5381; x_wconf 90' lang='lat' dir='ltr'><strong>C.</strong></span> <span class='ocrx_word' id='word_1_779' title='bbox 1550 5326 1571 5358; x_wconf 83' lang='grc'><strong>⁸</strong></span> <span class='ocrx_word' id='word_1_780' title='bbox 1597 5328 1731 5381; x_wconf 85' lang='lat' dir='ltr'><strong>enim</strong></span> <span class='ocrx_word' id='word_1_781' title='bbox 1755 5344 1863 5382; x_wconf 90' lang='lat' dir='ltr'><strong>om.</strong></span> <span class='ocrx_word' id='word_1_782' title='bbox 1887 5327 1948 5382; x_wconf 72' lang='grc' dir='ltr'><strong>(ἶ.</strong></span> 
     </span>
    </p>
   </div>
   <div class='ocr_carea' id='block_1_108' title="bbox 430 5391 1802 5465">
    <p class='ocr_par' dir='ltr' id='par_1_108' title="bbox 430 5391 1802 5465">
     <span class='ocr_line' id='line_1_108' title="bbox 430 5391 1802 5465; baseline 0.005 -21"><span class='ocrx_word' id='word_1_783' title='bbox 430 5404 529 5445; x_wconf 83' lang='lat' dir='ltr'><strong>nec</strong></span> <span class='ocrx_word' id='word_1_784' title='bbox 549 5399 624 5444; x_wconf 79' lang='lat' dir='ltr'><strong>est</strong></span> <span class='ocrx_word' id='word_1_785' title='bbox 654 5391 873 5465; x_wconf 56' lang='lat' dir='ltr'><strong>omnino</strong></span> <span class='ocrx_word' id='word_1_786' title='bbox 905 5408 1114 5465; x_wconf 75' lang='lat' dir='ltr'><strong>corpus.</strong></span> <span class='ocrx_word' id='word_1_787' title='bbox 1141 5400 1151 5407; x_wconf 86' lang='lat'>&#39;</span> <span class='ocrx_word' id='word_1_788' title='bbox 1193 5395 1235 5425; x_wconf 65' lang='grc' dir='ltr'><strong>ιε’</strong></span> <span class='ocrx_word' id='word_1_789' title='bbox 1261 5404 1309 5447; x_wconf 92' lang='lat' dir='ltr'><strong>et</strong></span> <span class='ocrx_word' id='word_1_790' title='bbox 1337 5395 1576 5465; x_wconf 71' lang='lat' dir='ltr'><strong>inferiori</strong></span> <span class='ocrx_word' id='word_1_791' title='bbox 1598 5412 1706 5450; x_wconf 91' lang='lat' dir='ltr'><strong>om.</strong></span> <span class='ocrx_word' id='word_1_792' title='bbox 1739 5399 1802 5451; x_wconf 66' lang='grc' dir='ltr'><strong>Α.</strong></span> 
     </span>
    </p>
   </div>
   <div class='ocr_carea' id='block_1_109' title="bbox 428 5461 1407 5533">
    <p class='ocr_par' dir='ltr' id='par_1_109' title="bbox 428 5461 1407 5533">
     <span class='ocr_line' id='line_1_109' title="bbox 428 5461 1407 5533; baseline 0.006 -23"><span class='ocrx_word' id='word_1_793' title='bbox 428 5462 585 5533; x_wconf 51' lang='grc' dir='ltr'><strong>ῃὶηοζ</strong></span> <span class='ocrx_word' id='word_1_794' title='bbox 652 5461 696 5492; x_wconf 78' lang='grc'><strong>¹⁸</strong></span> <span class='ocrx_word' id='word_1_795' title='bbox 716 5461 756 5533; x_wconf 78' lang='lat' dir='ltr'><strong>C</strong></span> <span class='ocrx_word' id='word_1_796' title='bbox 784 5462 929 5532; x_wconf 83' lang='lat' dir='ltr'><strong>quia.</strong></span> <span class='ocrx_word' id='word_1_797' title='bbox 1010 5462 1054 5495; x_wconf 80' lang='lat'><strong>“</strong></span> <span class='ocrx_word' id='word_1_798' title='bbox 1072 5462 1117 5515; x_wconf 84' lang='lat' dir='ltr'><strong>A</strong></span> <span class='ocrx_word' id='word_1_799' title='bbox 1139 5461 1407 5533; x_wconf 71' lang='lat' dir='ltr'><strong>quoniam.</strong></span> 
     </span>
    </p>
   </div>
   <div class='ocr_carea' id='block_1_110' title="bbox 427 5528 1449 5601">
    <p class='ocr_par' dir='ltr' id='par_1_110' title="bbox 427 5528 1449 5601">
     <span class='ocr_line' id='line_1_110' title="bbox 427 5528 1449 5601; baseline 0.003 -18"><span class='ocrx_word' id='word_1_800' title='bbox 427 5528 473 5601; x_wconf 58' lang='grc' dir='ltr'>Α</span> <span class='ocrx_word' id='word_1_801' title='bbox 501 5545 523 5601; x_wconf 80' lang='lat'><strong>;_</strong></span> <span class='ocrx_word' id='word_1_802' title='bbox 545 5528 586 5584; x_wconf 85' lang='lat' dir='ltr'><strong>C</strong></span> <span class='ocrx_word' id='word_1_803' title='bbox 608 5528 914 5601; x_wconf 75' lang='lat' dir='ltr'><strong>suscipiant.</strong></span> <span class='ocrx_word' id='word_1_804' title='bbox 990 5532 1035 5563; x_wconf 78' lang='lat'>“</span> <span class='ocrx_word' id='word_1_805' title='bbox 1065 5528 1226 5601; x_wconf 79' lang='lat' dir='ltr'><strong>ipsius</strong></span> <span class='ocrx_word' id='word_1_806' title='bbox 1244 5548 1353 5586; x_wconf 85' lang='lat' dir='ltr'><strong>om.</strong></span> <span class='ocrx_word' id='word_1_807' title='bbox 1386 5534 1449 5586; x_wconf 84' lang='grc' dir='ltr'><strong>Α.</strong></span> 
     </span>
    </p>
   </div>
   <div class='ocr_carea' id='block_1_111' title="bbox 425 5598 1414 5667">
    <p class='ocr_par' dir='ltr' id='par_1_111' title="bbox 425 5598 1414 5667">
     <span class='ocr_line' id='line_1_111' title="bbox 425 5598 1414 5667; baseline 0.007 -18"><span class='ocrx_word' id='word_1_808' title='bbox 425 5598 473 5628; x_wconf 77' lang='grc'><strong>⁸⁷</strong></span> <span class='ocrx_word' id='word_1_809' title='bbox 500 5599 539 5649; x_wconf 79' lang='grc' dir='ltr'><strong>Α</strong></span> <span class='ocrx_word' id='word_1_810' title='bbox 568 5598 953 5667; x_wconf 80' lang='lat' dir='ltr'><strong>mysteriorum.</strong></span> <span class='ocrx_word' id='word_1_811' title='bbox 1032 5598 1092 5632; x_wconf 74' lang='grc'><strong>¹⁴’</strong></span> <span class='ocrx_word' id='word_1_812' title='bbox 1118 5602 1159 5655; x_wconf 78' lang='grc' dir='ltr'>Α</span> <span class='ocrx_word' id='word_1_813' title='bbox 1195 5604 1414 5656; x_wconf 84' lang='lat' dir='ltr'><strong>ratione.</strong></span> 
     </span>
    </p>
   </div>
   <div class='ocr_carea' id='block_1_112' title="bbox 431 5668 1596 5739">
    <p class='ocr_par' dir='ltr' id='par_1_112' title="bbox 431 5668 1596 5739">
     <span class='ocr_line' id='line_1_112' title="bbox 431 5668 1596 5739; baseline 0.006 -17"><span class='ocrx_word' id='word_1_814' title='bbox 431 5668 450 5733; x_wconf 87' lang='lat'>(</span> <span class='ocrx_word' id='word_1_815' title='bbox 474 5696 530 5704; x_wconf 86' lang='lat'><strong>—-</strong></span> <span class='ocrx_word' id='word_1_816' title='bbox 559 5684 656 5722; x_wconf 83' lang='lat' dir='ltr'><strong>aue</strong></span> <span class='ocrx_word' id='word_1_817' title='bbox 676 5685 783 5722; x_wconf 88' lang='lat' dir='ltr'><strong>om.</strong></span> <span class='ocrx_word' id='word_1_818' title='bbox 811 5672 828 5739; x_wconf 87' lang='lat'>)</span> <span class='ocrx_word' id='word_1_819' title='bbox 854 5670 899 5700; x_wconf 83' lang='grc'><strong>³³</strong></span> <span class='ocrx_word' id='word_1_820' title='bbox 924 5670 964 5724; x_wconf 88' lang='lat' dir='ltr'>C</span> <span class='ocrx_word' id='word_1_821' title='bbox 996 5671 1278 5727; x_wconf 82' lang='lat' dir='ltr'><strong>stabilitas.</strong></span> <span class='ocrx_word' id='word_1_822' title='bbox 1351 5672 1393 5704; x_wconf 73' lang='grc'>³³</span> <span class='ocrx_word' id='word_1_823' title='bbox 1423 5673 1461 5727; x_wconf 75' lang='grc' dir='ltr'><strong>Α</strong></span> <span class='ocrx_word' id='word_1_824' title='bbox 1489 5672 1596 5729; x_wconf 76' lang='lat' dir='ltr'><strong>illa.</strong></span> 
     </span>
    </p>
   </div>
   <div class='ocr_carea' id='block_1_113' title="bbox 1486 5466 1991 5520">
    <p class='ocr_par' dir='ltr' id='par_1_113' title="bbox 1486 5466 1991 5520">
     <span class='ocr_line' id='line_1_113' title="bbox 1486 5466 1991 5520; baseline 0.008 -4"><span class='ocrx_word' id='word_1_825' title='bbox 1486 5467 1530 5496; x_wconf 83' lang='lat'><strong>&quot;</strong></span> <span class='ocrx_word' id='word_1_826' title='bbox 1554 5466 1591 5517; x_wconf 83' lang='lat' dir='ltr'><strong>A</strong></span> <span class='ocrx_word' id='word_1_827' title='bbox 1618 5467 1901 5520; x_wconf 73' lang='lat' dir='ltr'><strong>subsistunt</strong></span> <span class='ocrx_word' id='word_1_828' title='bbox 1922 5477 1991 5520; x_wconf 82' lang='lat' dir='ltr'><strong>et.</strong></span> 
     </span>
    </p>
   </div>
   <div class='ocr_carea' id='block_1_114' title="bbox 2043 5324 2383 5379">
    <p class='ocr_par' dir='ltr' id='par_1_114' title="bbox 2043 5324 2383 5379">
     <span class='ocr_line' id='line_1_114' title="bbox 2043 5324 2383 5379; baseline 0.003 -1"><span class='ocrx_word' id='word_1_829' title='bbox 2043 5325 2064 5358; x_wconf 85' lang='grc'><strong><em>⁸</em></strong></span> <span class='ocrx_word' id='word_1_830' title='bbox 2084 5324 2125 5378; x_wconf 84' lang='grc' dir='ltr'>Α</span> <span class='ocrx_word' id='word_1_831' title='bbox 2156 5335 2383 5379; x_wconf 81' lang='lat' dir='ltr'><strong>creatur.</strong></span> 
     </span>
    </p>
   </div>
   <div class='ocr_carea' id='block_1_115' title="bbox 1880 5396 2243 5450">
    <p class='ocr_par' dir='ltr' id='par_1_115' title="bbox 1880 5396 2243 5450">
     <span class='ocr_line' id='line_1_115' title="bbox 1880 5396 2243 5450; baseline -0.003 0"><span class='ocrx_word' id='word_1_832' title='bbox 1880 5399 1919 5428; x_wconf 85' lang='lat'>”</span> <span class='ocrx_word' id='word_1_833' title='bbox 1938 5396 1976 5449; x_wconf 81' lang='grc' dir='ltr'><strong>Α</strong></span> <span class='ocrx_word' id='word_1_834' title='bbox 1995 5406 2243 5450; x_wconf 83' lang='lat' dir='ltr'><strong>attentus.</strong></span> 
     </span>
    </p>
   </div>
   <div class='ocr_carea' id='block_1_116' title="bbox 2072 5465 2575 5519">
    <p class='ocr_par' dir='ltr' id='par_1_116' title="bbox 2072 5465 2575 5519">
     <span class='ocr_line' id='line_1_116' title="bbox 2072 5465 2575 5519; baseline 0 -2"><span class='ocrx_word' id='word_1_835' title='bbox 2072 5466 2114 5496; x_wconf 80' lang='grc'>¹³</span> <span class='ocrx_word' id='word_1_836' title='bbox 2131 5465 2350 5519; x_wconf 76' lang='lat' dir='ltr'><strong>alterum</strong></span> <span class='ocrx_word' id='word_1_837' title='bbox 2379 5481 2487 5519; x_wconf 89' lang='lat' dir='ltr'><strong>om.</strong></span> <span class='ocrx_word' id='word_1_838' title='bbox 2515 5465 2575 5519; x_wconf 89' lang='lat' dir='ltr'><strong>C.</strong></span> 
     </span>
    </p>
   </div>
   <div class='ocr_carea' id='block_1_117' title="bbox 1527 5535 2169 5601">
    <p class='ocr_par' dir='ltr' id='par_1_117' title="bbox 1527 5535 2169 5601">
     <span class='ocr_line' id='line_1_117' title="bbox 1527 5535 2169 5601; baseline 0.002 -16"><span class='ocrx_word' id='word_1_839' title='bbox 1527 5535 1571 5564; x_wconf 77' lang='grc'><strong>⁸³</strong></span> <span class='ocrx_word' id='word_1_840' title='bbox 1598 5535 1639 5585; x_wconf 77' lang='lat' dir='ltr'><strong>C</strong></span> <span class='ocrx_word' id='word_1_841' title='bbox 1660 5537 1947 5601; x_wconf 76' lang='lat' dir='ltr'><strong>scripturae</strong></span> <span class='ocrx_word' id='word_1_842' title='bbox 1970 5551 2169 5587; x_wconf 81' lang='lat' dir='ltr'><strong>sacrae.</strong></span> 
     </span>
    </p>
   </div>
   <div class='ocr_carea' id='block_1_118' title="bbox 1489 5603 2178 5670">
    <p class='ocr_par' dir='ltr' id='par_1_118' title="bbox 1489 5603 2178 5670">
     <span class='ocr_line' id='line_1_118' title="bbox 1489 5603 2178 5670; baseline -0.001 -15"><span class='ocrx_word' id='word_1_843' title='bbox 1489 5603 1532 5632; x_wconf 74' lang='grc'><strong>³³</strong></span> <span class='ocrx_word' id='word_1_844' title='bbox 1570 5604 1604 5656; x_wconf 67' lang='grc' dir='ltr'><strong>Α</strong></span> <span class='ocrx_word' id='word_1_845' title='bbox 1640 5604 1791 5669; x_wconf 72' lang='lat' dir='ltr'><strong>[uicit</strong></span> <span class='ocrx_word' id='word_1_846' title='bbox 1828 5605 2178 5670; x_wconf 70' lang='lat' dir='ltr'><strong>sitnpiirt&#39;late.</strong></span> 
     </span>
    </p>
   </div>
   <div class='ocr_carea' id='block_1_119' title="bbox 2855 5320 3677 5381">
    <p class='ocr_par' dir='ltr' id='par_1_119' title="bbox 2855 5320 3677 5381">
     <span class='ocr_line' id='line_1_119' title="bbox 2855 5320 3677 5381; baseline -0.009 -1"><span class='ocrx_word' id='word_1_847' title='bbox 2855 5326 2876 5357; x_wconf 94' lang='lat'>&quot;</span> <span class='ocrx_word' id='word_1_848' title='bbox 2906 5338 2980 5380; x_wconf 80' lang='lat' dir='ltr'><strong>est</strong></span> <span class='ocrx_word' id='word_1_849' title='bbox 3017 5341 3124 5381; x_wconf 88' lang='lat' dir='ltr'><strong>om.</strong></span> <span class='ocrx_word' id='word_1_850' title='bbox 3158 5324 3224 5378; x_wconf 84' lang='lat' dir='ltr'><strong>A.</strong></span> <span class='ocrx_word' id='word_1_851' title='bbox 3267 5371 3270 5374; x_wconf 86' lang='lat'><strong>.</strong></span> <span class='ocrx_word' id='word_1_852' title='bbox 3317 5323 3406 5377; x_wconf 76' lang='grc' dir='ltr'>Ἀ</span> <span class='ocrx_word' id='word_1_853' title='bbox 3438 5321 3531 5375; x_wconf 83' lang='lat' dir='ltr'><strong>rel.</strong></span> <span class='ocrx_word' id='word_1_854' title='bbox 3596 5320 3677 5373; x_wconf 70' lang='grc' dir='ltr'>Ἀ</span> 
     </span>
    </p>
   </div>
   <div class='ocr_carea' id='block_1_120' title="bbox 2324 5392 3686 5468">
    <p class='ocr_par' dir='ltr' id='par_1_120' title="bbox 2324 5392 3686 5468">
     <span class='ocr_line' id='line_1_120' title="bbox 2324 5392 3686 5468; baseline -0.007 -17"><span class='ocrx_word' id='word_1_855' title='bbox 2324 5395 2367 5430; x_wconf 80' lang='grc'>¹¹</span> <span class='ocrx_word' id='word_1_856' title='bbox 2391 5396 2430 5449; x_wconf 86' lang='grc' dir='ltr'>Α</span> <span class='ocrx_word' id='word_1_857' title='bbox 2449 5395 2810 5468; x_wconf 66' lang='lat' dir='ltr'><strong>essentiatiter.</strong></span> <span class='ocrx_word' id='word_1_858' title='bbox 2892 5396 2935 5427; x_wconf 86' lang='grc'><strong>¹³</strong></span> <span class='ocrx_word' id='word_1_859' title='bbox 2957 5398 3000 5451; x_wconf 78' lang='grc' dir='ltr'>Α</span> <span class='ocrx_word' id='word_1_860' title='bbox 3032 5396 3304 5468; x_wconf 61' lang='lat' dir='ltr'><strong>reperitur:</strong></span> <span class='ocrx_word' id='word_1_861' title='bbox 3384 5392 3427 5424; x_wconf 74' lang='lat'>”</span> <span class='ocrx_word' id='word_1_862' title='bbox 3448 5393 3487 5444; x_wconf 78' lang='grc' dir='ltr'><strong>Α</strong></span> <span class='ocrx_word' id='word_1_863' title='bbox 3515 5401 3564 5468; x_wconf 73' lang='lat' dir='ltr'><strong>r_t_</strong></span> <span class='ocrx_word' id='word_1_864' title='bbox 3579 5405 3686 5468; x_wconf 45' lang='lat' dir='ltr'><strong>ontu—</strong></span> 
     </span>
    </p>
   </div>
   <div class='ocr_carea' id='block_1_121' title="bbox 2654 5457 3686 5585">
    <p class='ocr_par' dir='ltr' id='par_1_121' title="bbox 2654 5457 3686 5585">
     <span class='ocr_line' id='line_1_121' title="bbox 2654 5457 3686 5534; baseline -0.011 -14"><span class='ocrx_word' id='word_1_865' title='bbox 2654 5465 2697 5496; x_wconf 84' lang='grc'><strong>¹⁹</strong></span> <span class='ocrx_word' id='word_1_866' title='bbox 2719 5464 2760 5519; x_wconf 92' lang='lat' dir='ltr'>C</span> <span class='ocrx_word' id='word_1_867' title='bbox 2786 5481 2896 5519; x_wconf 80' lang='lat' dir='ltr'><strong>esse</strong></span> <span class='ocrx_word' id='word_1_868' title='bbox 2914 5457 3122 5534; x_wconf 81' lang='lat' dir='ltr'><strong>parata.</strong></span> <span class='ocrx_word' id='word_1_869' title='bbox 3198 5463 3243 5493; x_wconf 83' lang='lat'><strong>”</strong></span> <span class='ocrx_word' id='word_1_870' title='bbox 3265 5463 3306 5516; x_wconf 66' lang='grc' dir='ltr'><strong>(ἶ</strong></span> <span class='ocrx_word' id='word_1_871' title='bbox 3334 5479 3450 5515; x_wconf 83' lang='lat' dir='ltr'><strong>rum</strong></span> <span class='ocrx_word' id='word_1_872' title='bbox 3524 5461 3566 5490; x_wconf 83' lang='lat'><strong>&quot;</strong></span> <span class='ocrx_word' id='word_1_873' title='bbox 3596 5457 3686 5510; x_wconf 84' lang='lat' dir='ltr'><strong>Sic</strong></span> 
     </span>
     <span class='ocr_line' id='line_1_122' title="bbox 2675 5529 3679 5585; baseline -0.009 1"><span class='ocrx_word' id='word_1_874' title='bbox 2675 5537 2722 5568; x_wconf 82' lang='lat'><strong>&quot;</strong></span> <span class='ocrx_word' id='word_1_875' title='bbox 2747 5534 2788 5585; x_wconf 85' lang='lat' dir='ltr'><strong>A</strong></span> <span class='ocrx_word' id='word_1_876' title='bbox 2815 5551 2975 5585; x_wconf 73' lang='lat' dir='ltr'><strong>supra</strong></span> <span class='ocrx_word' id='word_1_877' title='bbox 3010 5534 3229 5585; x_wconf 77' lang='lat' dir='ltr'><strong>coelum.</strong></span> <span class='ocrx_word' id='word_1_878' title='bbox 3308 5533 3353 5562; x_wconf 77' lang='lat'>“</span> <span class='ocrx_word' id='word_1_879' title='bbox 3380 5532 3418 5583; x_wconf 86' lang='lat' dir='ltr'><strong>A</strong></span> <span class='ocrx_word' id='word_1_880' title='bbox 3453 5529 3679 5582; x_wconf 83' lang='lat' dir='ltr'><strong>laudant.</strong></span> 
     </span>
    </p>
   </div>
   <div class='ocr_carea' id='block_1_122' title="bbox 2747 5534 3687 5660">
    <p class='ocr_par' dir='ltr' id='par_1_122' title="bbox 2747 5534 3687 5660">
     <span class='ocr_line' id='line_1_123' title="bbox 2747 5534 3679 5609; baseline -0.012 -21"><span class='ocrx_word' id='word_1_881' title='bbox 2747 5534 2788 5588; x_wconf 83' lang='lat' dir='ltr'><strong>A</strong></span> <span class='ocrx_word' id='word_1_882' title='bbox 2815 5551 2975 5606; x_wconf 85' lang='lat' dir='ltr'><strong>supra</strong></span> <span class='ocrx_word' id='word_1_883' title='bbox 3010 5534 3229 5587; x_wconf 76' lang='lat' dir='ltr'><strong>coelum.</strong></span> <span class='ocrx_word' id='word_1_884' title='bbox 3308 5534 3353 5562; x_wconf 80' lang='lat'>&quot;</span> <span class='ocrx_word' id='word_1_885' title='bbox 3380 5534 3418 5583; x_wconf 87' lang='lat' dir='ltr'><strong>A</strong></span> <span class='ocrx_word' id='word_1_886' title='bbox 3453 5534 3679 5609; x_wconf 74' lang='lat' dir='ltr'><strong>laudant.</strong></span> 
     </span>
     <span class='ocr_line' id='line_1_124' title="bbox 2812 5599 3687 5660; baseline -0.013 1"><span class='ocrx_word' id='word_1_887' title='bbox 2812 5604 2855 5638; x_wconf 84' lang='grc'><strong>³¹</strong></span> <span class='ocrx_word' id='word_1_888' title='bbox 2896 5605 3035 5660; x_wconf 72' lang='lat' dir='ltr'><strong>enim</strong></span> <span class='ocrx_word' id='word_1_889' title='bbox 3068 5618 3178 5658; x_wconf 88' lang='lat' dir='ltr'><strong>om.</strong></span> <span class='ocrx_word' id='word_1_890' title='bbox 3216 5602 3281 5657; x_wconf 84' lang='lat' dir='ltr'><strong>A.</strong></span> <span class='ocrx_word' id='word_1_891' title='bbox 3367 5600 3410 5634; x_wconf 67' lang='grc'><strong>³*</strong></span> <span class='ocrx_word' id='word_1_892' title='bbox 3440 5599 3479 5654; x_wconf 66' lang='grc'><strong>(3</strong></span> <span class='ocrx_word' id='word_1_893' title='bbox 3508 5610 3687 5653; x_wconf 68' lang='lat' dir='ltr'><strong>uerunt</strong></span> 
     </span>
    </p>
   </div>
   <div class='ocr_carea' id='block_1_123' title="bbox 2460 5324 2779 5380">
    <p class='ocr_par' dir='ltr' id='par_1_123' title="bbox 2460 5324 2779 5380">
     <span class='ocr_line' id='line_1_125' title="bbox 2460 5324 2779 5380; baseline 0.003 -3"><span class='ocrx_word' id='word_1_894' title='bbox 2460 5325 2481 5355; x_wconf 77' lang='grc'>⁸</span> <span class='ocrx_word' id='word_1_895' title='bbox 2502 5326 2543 5378; x_wconf 86' lang='grc' dir='ltr'>Α</span> <span class='ocrx_word' id='word_1_896' title='bbox 2575 5336 2650 5380; x_wconf 85' lang='lat' dir='ltr'><strong>est</strong></span> <span class='ocrx_word' id='word_1_897' title='bbox 2682 5324 2779 5379; x_wconf 71' lang='lat' dir='ltr'><strong>rei.</strong></span> 
     </span>
    </p>
   </div>
   <div class='ocr_carea' id='block_1_124' title="bbox 2248 5536 2601 5604">
    <p class='ocr_par' dir='ltr' id='par_1_124' title="bbox 2248 5536 2601 5604">
     <span class='ocr_line' id='line_1_126' title="bbox 2248 5536 2601 5604; baseline 0.003 -18"><span class='ocrx_word' id='word_1_898' title='bbox 2248 5536 2292 5564; x_wconf 75' lang='lat'><strong><em>&quot;‘</em></strong></span> <span class='ocrx_word' id='word_1_899' title='bbox 2322 5536 2361 5587; x_wconf 85' lang='grc' dir='ltr'><strong>Α</strong></span> <span class='ocrx_word' id='word_1_900' title='bbox 2392 5545 2601 5604; x_wconf 77' lang='lat' dir='ltr'><strong>negant.</strong></span> 
     </span>
    </p>
   </div>
   <div class='ocr_carea' id='block_1_125' title="bbox 2262 5604 2729 5675">
    <p class='ocr_par' dir='ltr' id='par_1_125' title="bbox 2262 5604 2729 5675">
     <span class='ocr_line' id='line_1_127' title="bbox 2262 5604 2729 5675; baseline 0.004 -16"><span class='ocrx_word' id='word_1_901' title='bbox 2262 5604 2305 5635; x_wconf 86' lang='grc'>³⁰</span> <span class='ocrx_word' id='word_1_902' title='bbox 2328 5605 2368 5660; x_wconf 68' lang='grc' dir='ltr'><strong>(Σ</strong></span> <span class='ocrx_word' id='word_1_903' title='bbox 2394 5615 2729 5675; x_wconf 74' lang='lat' dir='ltr'><strong>cognoscant.</strong></span> 
     </span>
    </p>
   </div>
  </div>
