3912 6154
248 258 347 329 ων

1082 276 1173 340 DE
1210 283 1555 342 nuasmxe
1591 254 1947 346 curvate.
1990 317 2059 331 ρ-
2094 287 2297 345 uer-zu
2338 288 2658 346 manus.

3397 290 3498 345 698

231 392 317 443 est
343 400 359 451 ;
389 384 692 455 ubicunque
712 400 870 441 vero:
904 383 968 441 Et
996 390 1136 460 facta
1171 402 1245 446 est
1297 394 1411 458 lux,
1434 405 1480 450 et
1508 395 1628 465 fecit
1679 396 1815 457 Dem
1846 404 1890 461 Α
1921 400 2271 469 ponderatum
2313 399 2615 455 naturalem
2651 414 2806 455 suum
2838 396 2999 455 situzu
3047 414 3151 455 non
3182 399 3376 453 sinitur
3401 402 3494 454 de.-

234 478 641 544 ﬁrmamentum,
678 490 724 531 et
766 478 963 548 factum
1013 495 1088 536 est
1121 485 1216 545 ita,
1245 486 1539 540 earundem
1590 486 1819 555 primor-

234 565 450 621 dialium
478 582 766 622 causarum
785 570 837 624 in
865 569 1090 629 eﬂ’cctus
1117 590 1244 630 suos
1266 590 1364 645 per
1386 592 1581 647 genera
1613 586 1668 631 et
1698 591 1821 645 spc-

231 657 341 713 cies
380 661 806 727 processionem.
871 660 1183 735 Voeavitque
1232 665 1376 720 Deus
1430 666 1818 735 firmamentum

232 746 453 801 caelum.
477 746 641 804 Juxta
666 765 924 807 romanae
951 752 1163 824 linguae
1192 756 1574 827 etymologiam
1607 759 1817 813 caelum

230 837 429 893 dicitur
467 854 501 893 a
537 841 745 909 pictura
793 842 1052 909 siderum,
1099 848 1254 915 quasi
1291 848 1484 902 caelati
1536 849 1731 914 instar,
1761 860 1820 905 ut

233 927 405 985 Plinio
465 931 679 1001 placet,
736 932 892 1002 juxta
951 951 1082 991 vero
1130 954 1378 1008 graecam
1433 942 1818 1011 proprietatem

228 1023 460 1097 ὠρανὸς,
494 1026 651 1093 quasi
678 1024 794 1100 ὄρος
834 1024 956 1092 ἅνω,
990 1028 1093 1083 hoc
1121 1041 1226 1091 est,
1256 1031 1393 1085 visio
1436 1032 1684 1102 desuper.
1710 1033 1819 1088 Me-

231 1110 334 1164 rito
377 1127 512 1182 ergo
561 1113 955 1170 ﬁrmamentum
1004 1118 1387 1173 universalinm
1429 1119 1817 1176 elementorum

229 1205 463 1276 οὖρα-δός,
488 1206 544 1260 id
566 1214 678 1267 est,
709 1207 914 1262 caelum
947 1209 1265 1279 appellatur,
1313 1212 1566 1281 quoniam
1603 1229 1816 1268 omnem

228 1298 589 1366 compositam
614 1314 1038 1371 corporeamque
1080 1311 1386 1357 creaturam
1416 1304 1698 1360 al.itndi::e
1723 1320 1820 1360 na-

228 1394 378 1441 turae
407 1391 802 1466 supereminet.
842 1392 1001 1451 Sunt.
1032 1394 1122 1463 qui
1150 1395 1497 1451 tenuissimas
1523 1412 1693 1464 aquas
1728 1412 1818 1450 su-

226 1492 323 1550 pra
356 1480 788 1547 lirmamentum,
824 1485 925 1540 hoc
954 1496 1035 1539 est
1060 1487 1075 1517 ⁸
1108 1529 1121 1550 ,
1154 1503 1318 1557 super
1359 1488 1555 1544 choros
1579 1488 1817 1544 siderum

226 1584 346 1628 esse
367 1582 571 1642 putant
595 1592 609 1639 ;
645 1574 737 1629 sed
768 1591 862 1631 eos
890 1575 1083 1633 refellit
1115 1588 1136 1619 i
1165 1588 1218 1633 et
1247 1580 1386 1633 ratio
1415 1580 1734 1649 ponderum,
1764 1589 1845 1652 et.

228 1663 358 1719 ordo
413 1666 836 1722 elementorum.
878 1669 983 1723 Alii
1026 1686 1152 1725 vero
1197 1671 1361 1726 veluti
1410 1671 1430 1702 ⁸
1479 1672 1817 1740 vaporahiles

1920 505 2121 555 serere,
2168 493 2435 560 gravitate
2475 491 2691 560 quidem
2732 488 3007 545 interioris
3038 490 3206 559 partis
3251 490 3502 559 superius

1918 584 2211 640 ascendere
2234 624 2248 647 ,
2278 583 2496 638 levitate
2522 598 2652 639 vero
2676 582 2972 651 superioris
2998 581 3226 636 inferius
3252 581 3502 636 inclinari

1919 691 2024 730 non
2051 675 2418 745 permittente.
2469 673 2704 728 Proinde
2742 673 3007 743 splendidi
3052 672 3252 727 coloris
3293 674 3506 726 videtur

1918 782 2057 826 esse,
2079 766 2168 834 qui
2197 763 2566 819 colormedius
2596 775 2680 818 est
2702 765 3177 835 interpaliidumct
3198 765 3418 819 rubrum
3437 764 3505 828 ⁸⁸,

1918 864 2126 927 partem
2185 853 2401 924 quidem
2448 869 2514 907 ex
2559 853 2855 922 palliditate
2901 852 3215 922 frigidornm
3265 853 3506 906 siderum

1919 960 2101 1014 supra,
2127 954 2334 1012 partem
2364 957 2491 996 vero
2518 957 2584 996 ex
2617 942 2875 995 ruhedine
2899 941 3192 996 calidorum
3219 955 3505 1010 corporum

1920 1033 2058 1088 infra
2105 1035 2157 1087 in
2207 1032 2729 1102 coatemprrantiam
2786 1032 2827 1064 ¹τ
2877 1032 2958 1086 sui
3013 1032 3313 1101 splendoris
3359 1031 3507 1086 acci-

1919 1123 2092 1193 piens.
2121 1122 2378 1176 Planetae
2407 1137 2557 1182 vero,
2585 1120 2677 1190 qui
2711 1121 2854 1174 circa
2880 1136 3000 1175 cum
3046 1120 3357 1184 volvuntur,
3391 1135 3510 1175 mu-

1921 1221 2033 1267 tant
2078 1212 2288 1266 colores
2334 1212 2629 1265 secundum
2675 1213 2990 1281 qualitatem
3031 1213 3074 1245 "
3105 1212 3421 1281 spatiorum,
3451 1211 3509 1266 in

1920 1306 2116 1375 quibus
2142 1305 2472 1368 discurrunt,
2492 1304 2677 1358 Jovem
2703 1305 2842 1367 dico,
2869 1312 2922 1358 et
2944 1304 3192 1366 Martem,
3220 1302 3509 1366 Venerem,

1920 1404 1975 1448 et
2005 1393 2323 1448 aiercnrium
2344 1434 2358 1457 ,
2391 1409 2530 1462 quae
2570 1409 2785 1463 semper
2811 1394 3047 1448 circulos
3077 1409 3203 1448 suos
3248 1395 3391 1447 circa
3420 1408 3513 1449 so-

1920 1484 2025 1540 lem
2077 1496 2360 1556 peragunt,
2392 1488 2533 1541 sicut
2577 1486 2727 1540 Plato
2757 1487 2808 1541 in
2840 1487 3063 1540 Timaeo
3092 1488 3296 1541 educet.
3336 1486 3512 1556 Atque

1923 1577 2042 1631 ideo
2070 1577 2193 1630 dum
2225 1592 2384 1645 supra
2412 1575 2583 1630 solem
2611 1585 2735 1630 sunt
2755 1617 2769 1638 ,
2791 1575 2972 1631 claros
2994 1575 3286 1630 ostendunt
3314 1575 3510 1636 vultus.

1920 1666 2046 1719 dum
2079 1682 2209 1720 vero
2240 1664 2403 1730 infra,
2440 1667 2655 1722 rubros.
2705 1666 2819 1720 Non
2866 1666 3030 1737 igitur
3058 1664 3231 1734 pallor
3275 1665 3512 1719 siderum

230 1770 423 1825 aquas,
449 1765 505 1811 et
535 1772 707 1826 paene
740 1758 1082 1828 incorporeas
1111 1777 1269 1831 supra
1295 1761 1501 1817 caelum
1534 1778 1818 1831 argumeu-
1854 1772 1895 1829 ιι
1924 1759 2068 1827 cogit
2118 1774 2214 1812 nos
2260 1758 2581 1828 intelligere,
2614 1774 2788 1827 aquae
2825 1758 3151 1812 elementum
3194 1756 3301 1809 ullo
3352 1755 3551 1810 modo-

230 1854 415 1900 tantur
429 1862 496 1899 ex
526 1847 729 1917 pallore
757 1849 1265 1907 stellarnm.Dicunt
1288 1853 1432 1907 enim
1454 1853 1497 1916 ³,
1517 1853 1697 1908 stellas
1726 1853 1819 1906 fri-

229 1936 377 2007 gidas
405 1952 558 2003 esse,
590 1947 754 2009 atque
796 1939 819 1973 '
857 1941 976 1996 ideo
1017 1942 1276 2012 pallidas;
1324 1943 1591 2014 frigiditas
1638 1953 1818 1998 autem

229 2040 334 2081 non
381 2037 498 2093 est,
543 2038 604 2083 ut
645 2030 810 2093 aiunt,
851 2032 940 2086 ubi
977 2048 1236 2103 aquarum
1282 2034 1578 2089 substantia
1624 2035 1816 2090 deest:

230 2119 413 2175 minus
445 2122 857 2180 considerantes
879 2126 1019 2194 quod
1052 2127 1266 2192 dicunt;
1296 2143 1416 2181 nam
1454 2138 1508 2183 et
1544 2129 1633 2183 ubi
1682 2128 1822 2199 ignis

233 2220 313 2265 est
353 2214 830 2280 substantialiter,
879 2218 950 2272 ibi
993 2228 1042 2272 et
1079 2218 1363 2290 frigiditas.
1395 2219 1669 2290 Siquidem
1703 2238 1825 2294 cry-

231 2302 470 2366 stallum,
497 2320 622 2358 cum
647 2306 715 2360 sit
737 2305 960 2377 frigidae
985 2317 1224 2372 naturae,
1252 2324 1439 2365 carere
1464 2319 1641 2367 tamen
1671 2312 1824 2383 ignea

232 2393 459 2457 virtute,
478 2409 624 2462 quae
650 2396 827 2449 omnia
854 2405 1098 2464 penetrat
1123 2413 1373 2468 corpora,
1406 2400 1587 2456 nullus
1609 2401 1829 2471 sapiens

236 2485 456 2537 dixerit.
491 2484 655 2555 ignea
705 2486 888 2556 itaque
910 2487 1013 2551 vis,
1058 2488 1145 2543 ubi
1193 2490 1366 2554 ardet,
1399 2491 1550 2545 calor
1579 2501 1695 2557 est;
1736 2492 1825 2546 uiti

236 2591 338 2628 non
367 2575 572 2638 ardet,
602 2574 769 2646 frigus
794 2586 905 2642 est;
939 2587 986 2633 et
1021 2594 1127 2632 non
1157 2579 1310 2634 ardet
1343 2581 1444 2634 nisi
1479 2581 1566 2634 ubi
1600 2581 1827 2635 materia

237 2668 299 2719 sit
346 2666 391 2731 ‘,
438 2667 494 2720 in
547 2682 649 2736 qua
699 2669 907 2732 ardeat,
961 2677 1017 2723 et
1061 2686 1223 2739 quam
1253 2681 1555 2727 consumat.
1595 2671 1830 2743 ileoque

237 2759 445 2813 solues
472 2760 612 2813 radii
643 2775 736 2829 per
765 2761 1016 2817 aetherea
1053 2764 1226 2833 spatia
1256 2763 1434 2820 dili'usi
1463 2781 1566 2819 non
1594 2767 1786 2821 ardent
1812 2783 1826 2829 ;

240 2849 291 2902 in
315 2850 679 2904 subtilissima
728 2853 873 2905 enim
905 2868 969 2907 ac
1005 2853 1028 2885 ⁷
1068 2854 1331 2923 spirituali
1378 2865 1565 2911 natura
1611 2858 1829 2912 ardeudi

241 2942 535 2996 materiam
559 2942 581 2974 ⁸
607 2957 710 2996 non
739 2945 1032 3013 reperiunt.
1058 2946 1453 3003 Descendentes
1493 2960 1669 3004 autem
1700 2949 1721 2980 ⁹
1766 2945 1833 3003 ad

239 3032 548 3101 eorpulenti
576 3034 719 3088 aeris
745 3036 940 3103 spatia,
974 3036 1134 3091 veluti
1173 3039 1405 3107 quadam
1443 3040 1667 3094 materia
1710 3056 1834 3110 ope-

1920 1865 2083 1918 supra
2110 1849 2320 1904 caelum
2346 1863 2484 1911 esse,
2512 1848 2637 1901 dum
2668 1849 2779 1918 ipsa
2810 1847 3077 1918 palliditas
3100 1864 3161 1900 ex
3195 1846 3394 1900 caloris
3423 1843 3518 1898 ab-

1919 1945 2091 1999 sentia
2121 1954 2398 2000 nascatur.
2432 1944 2539 1999 Sed
2582 1946 2835 2013 quoniam
2867 1944 2931 1999 de
2955 1945 3040 1999 his
3066 1944 3282 2015 longum
3310 1953 3393 1999 cst
3418 1959 3515 1999 e1-

1921 2050 2145 2104 ponere,
2195 2035 2450 2106 quicquid
2492 2035 2537 2071 ¹⁹
2579 2037 2723 2091 ratio
2752 2037 2919 2107 exigit
2949 2048 3198 2102 naturae,
3233 2040 3518 2093 redeamus

1923 2127 1988 2179 a;l
2013 2127 2369 2196 propositum.
2407 2126 2474 2180 Et
2516 2127 2716 2197 factum
2761 2140 2835 2183 est
2880 2147 3086 2199 vespere
3134 2141 3181 2185 et
3224 2148 3376 2185 manu
3403 2131 3516 2185 die:

1923 2235 2059 2273 unus
2088 2218 2155 2273 ³⁸.
2182 2219 2384 2273 Eadem
2413 2219 2789 2290 interpretatio
2815 2231 2921 2288 est,
2946 2238 3107 2291 quam
3134 2224 3253 2277 etin
3288 2224 3329 2255 "
3358 2224 3515 2293 primi

1925 2307 2026 2364 diei
2056 2309 2524 2365 consummatione
2558 2310 2604 2340 ¹¹
2633 2310 3017 2379 praediximus.
3071 2310 3327 2377 Quamvis
3373 2311 3516 2366 enim

1925 2397 2028 2452 alia
2055 2398 2439 2467 contemplatio
2463 2408 2548 2453 est
2569 2398 2929 2467 spiritualium
2963 2400 3009 2432 ”
3033 2400 3215 2454 mundi
3248 2400 3517 2454 rationum

1929 2486 1981 2539 in
2014 2486 2453 2555 prianordialibus
2481 2487 2678 2549 causis,
2710 2487 2812 2541 alia
2843 2488 2894 2541 in
2925 2488 3257 2557 simplicibus
3298 2497 3354 2542 et
3399 2490 3517 2543 uni-

1930 2578 2229 2632 versalibus
2249 2578 2546 2641 clementis,
2582 2579 2687 2632 alia
2735 2578 2788 2633 in
2832 2580 3146 2649 compositis
3172 2580 3518 2649 particulam-

1930 2668 2136 2737 busque
2166 2668 2486 2737 corporibus
2506 2708 2521 2732 ,
2554 2683 2694 2721 unus
2723 2676 2900 2722 tamen
2928 2669 3177 2737 idemque
3202 2668 3511 2723 intellectus

1932 2766 2018 2812 est
2048 2758 2211 2812 totius
2239 2758 2421 2812 mundi
2455 2757 2844 2813 universitatis.
2892 2757 2958 2812 Et
3001 2759 3135 2815 haec
3164 2760 3429 2830 expositio
3460 2761 3512 2814 in

1933 2850 2129 2903 celeris
2160 2847 2209 2879 “
2236 2849 2423 2903 diebus
2447 2847 2781 2903 observanda
2806 2859 2908 2911 est,
2942 2849 3248 2918 ubicunque
3280 2849 3520 2917 interpo.

1937 2944 2083 2997 uitur
2110 2961 2124 2995 :
2156 2942 2219 2995 Et
2251 2942 2448 3010 factum
2475 2952 2548 2996 est
2577 2959 2778 3011 vespere
2816 2952 2863 2996 et
2906 2959 3056 2996 mane
3090 2943 3198 2996 dies
3238 2959 3393 2997 unus.
3425 2943 3522 2997 Sat

1937 3035 2002 3087 de
2025 3034 2258 3089 secunda
2289 3033 2395 3096 die,
2418 3044 2680 3103 quantum
2712 3032 2949 3087 brevitas
2974 3033 3156 3104 exigit,
3181 3042 3266 3088 cst
3291 3033 3517 3088 dictum.

246 3124 473 3177 rationis
523 3123 760 3186 inventa,
794 3123 1021 3198 ﬂagrare
1050 3128 1335 3198 incipiunt,
1376 3140 1432 3185 et
1470 3131 1523 3184 in
1570 3140 1830 3201 quantum
1862 3121 1904 3184 C
1939 3125 2081 3179 Dtsc.
2116 3123 2209 3178 Sat
2241 3123 2398 3192 plane
2426 3138 2487 3177 ac
2524 3122 2846 3187 verisimile,
2878 3122 3122 3191 quamvis
3149 3124 3347 3185 multis.
3379 3140 3443 3179 ac
3472 3125 3521 3155 "

244 3216 309 3268 ad
356 3216 635 3269 crassiora
677 3232 901 3287 corpora
953 3220 1289 3288 perveniunt,
1348 3221 1399 3276 in
1459 3230 1667 3276 tantum
1727 3222 1832 3275 vim

243 3320 394 3361 suam
425 3306 671 3361 ardenlo
702 3318 959 3364 exercent
1003 3310 1056 3364 in
1098 3311 1204 3375 bis,
1251 3327 1390 3379 quae
1413 3313 1608 3368 caloris
1635 3313 1835 3367 virtute

242 3397 558 3463 salvantur,
601 3400 685 3453 vel
726 3401 768 3431 ¹⁰
814 3402 948 3456 solvi
993 3414 1236 3471 possunt.
1284 3404 1419 3458 Dum
1462 3422 1587 3460 vero
1620 3423 1833 3461 sursum

242 3499 439 3542 versus
466 3488 520 3540 in
558 3496 797 3543 extrema
835 3492 1014 3545 mundi
1049 3492 1328 3546 intervalla
1357 3495 1693 3557 tenuissima,
1725 3496 1838 3564 spi-

247 3578 548 3649 ritualique
572 3587 794 3635 naturae
823 3582 1065 3651 proxima
1094 3584 1392 3654 eriguntur.
1429 3601 1534 3639 non
1561 3586 1838 3641 invenien-

247 3678 325 3723 tes
340 3670 630 3724 materiam
655 3669 934 3739 llagrandi,
958 3672 1160 3727 nullum
1183 3673 1417 3728 calorem
1440 3676 1683 3745 gignunt,
1714 3674 1835 3728 illit-

244 3760 570 3814 minationis
594 3768 797 3814 tantum
822 3762 1189 3830 operationem
1214 3763 1576 3818 ostendentes.
1604 3763 1834 3834 “eoque

245 3850 528 3912 antherea,
558 3865 621 3903 ac
657 3850 698 3888 ι¹
727 3864 883 3918 pura.
913 3859 967 3904 et
998 3851 1299 3919 spiritualia
1331 3867 1556 3921 corpora
1579 3852 1834 3908 caelestia

244 3938 451 3994 ibidem
477 3940 768 3994 constituta
799 3941 972 3996 lucida
997 3953 1122 3997 sunt
1156 3959 1386 4015 semper,
1420 3945 1618 4000 caloris
1647 3957 1831 4001 autem

243 4029 520 4096 expertia,
562 4044 623 4081 ac
680 4046 779 4099 per
820 4032 922 4085 hoc
969 4040 1025 4085 et
1085 4031 1296 4103 frigida,
1350 4040 1404 4088 et
1450 4034 1645 4104 pallida
1713 4050 1833 4091 esse

241 4120 568 4173 creduntur.
604 4119 766 4175 Proin
790 4123 837 4175 le
873 4122 1084 4191 planeta
1115 4124 1201 4179 ille
1230 4125 1448 4180 Saturni
1494 4128 1713 4182 nomine
1739 4143 1834 4183 vo-

240 4219 402 4263 catus
422 4250 438 4273 ,
471 4211 724 4279 quoniam
741 4212 923 4267 choris
938 4214 1174 4269 siderum
1189 4214 1396 4269 vicinus
1410 4218 1574 4277 est",
1602 4216 1833 4287 pallidus

240 4311 296 4354 et
326 4302 562 4374 frigidus
613 4304 658 4335 "
701 4319 823 4359 esse
871 4305 1105 4369 dicitur;
1164 4306 1340 4362 solare
1388 4317 1566 4363 autem
1613 4324 1829 4379 corpus,

243 4390 372 4443 dum
427 4393 662 4447 medium
707 4394 892 4447 mundi
958 4396 1186 4465 spatium
1225 4397 1502 4466 possidet,
1568 4396 1863 4467 quantum’

1934 3230 2070 3282 pene
2096 3214 2344 3267 omnibus
2374 3214 2635 3284 ignotum.
2678 3212 2817 3269 MAG.
2849 3212 3102 3281 Sequitur
3132 3228 3293 3282 ergo,
3344 3224 3399 3267 ιιι
3453 3216 3537 3268 de-

1937 3305 2091 3358 tertia
2123 3304 2208 3358 die
2244 3303 2473 3358 strictim
2503 3304 2762 3359 dicamus.
2799 3305 2944 3358 Dixit
2975 3317 3148 3358 autem
3178 3306 3315 3360 Deus
3337 3323 3356 3362 :
3384 3304 3521 3361 Con-

1934 3404 2209 3463 gregeutur
2244 3409 2411 3463 aquae
2435 3410 2567 3463 quae
2586 3392 2678 3445 sub
2700 3392 2851 3446 'caelo
2883 3403 3001 3446 sunt
3032 3394 3086 3447 in
3127 3394 3302 3447 locum
3334 3411 3515 3457 unuui,

1933 3495 1981 3537 et
2002 3494 2247 3553 appareat
2265 3484 2443 3549 arida,
2467 3483 2764 3553 factumque
2784 3493 2857 3536 est
2882 3485 2976 3537 ita.
3004 3483 3080 3539 De
3100 3486 3519 3554 congregatione

1935 3592 2197 3644 aquarum
2242 3576 2294 3631 in
2342 3576 2517 3630 locum
2548 3592 2710 3629 unum
2744 3574 2923 3645 opinio
2960 3574 3044 3629 illa
3066 3616 3080 3640 ,
3113 3591 3273 3645 quam
3304 3575 3520 3645 pluritni

1934 3668 2266 3735 expositores
2291 3665 2448 3733 hujus
2487 3664 2801 3733 Scripturae
2830 3680 2858 3718 a
2897 3663 2955 3718 S.
2988 3664 3187 3720 Basilio
3218 3664 3520 3720 Caesareae

1934 3759 2110 3830 Cappa
2136 3760 2305 3814 Yociae
2331 3759 2576 3813 antistite
2603 3766 2872 3828 Sttttrplam
2898 3767 3200 3827 sequuntur
3224 3798 3239 3820 ,
3272 3758 3522 3812 omnibus

1935 3861 2057 3917 uota
2083 3859 2188 3912 est,
2215 3849 2467 3920 quoniam
2483 3848 2847 3920 cogitantibus
2874 3863 2935 3903 ea
2970 3847 3224 3902 facillima
3259 3846 3308 3881 ³⁸
3334 3863 3522 3901 oecur-

1936 3942 2037 4004 rit,
2076 3956 2213 4010 quae
2243 3939 2508 3993 infinitam
2538 3953 2821 4007 aquarum,
2863 3938 3099 4006 undique
3139 3938 3284 3991 circa
3319 3937 3514 3991 ntolczu

1936 4043 2114 4089 terrae
2158 4034 2335 4088 adhuc
2368 4031 2654 4086 informem
2704 4040 2758 4084 ct.
2807 4029 3131 4083 invisibilcm
3182 4027 3520 4090 tlill'nsarunt,

1934 4126 2106 4196 spatia
2134 4125 2279 4180 aeris
2299 4133 2352 4179 et
2376 4122 2615 4177 aetheris
2651 4122 2829 4175 adhuc
2880 4120 3241 4189 implentium,
3267 4127 3315 4171 et
3334 4118 3521 4187 prind-

1934 4218 2076 4273 tivae
2098 4215 2233 4270 lucis
2253 4213 2455 4269 ambitu
2479 4210 2894 4283 splendentium,
2937 4208 3307 4264 tenuissimam
3326 4223 3388 4261 ac
3412 4205 3527 4258 ιρι-ε

1932 4308 2011 4362 uti
2052 4305 2357 4376 vaporalem
2396 4304 2752 4375 quantitatem
2807 4301 2965 4356 tertia
3009 4300 3096 4353 die
3149 4299 3200 4352 in
3245 4312 3407 4350 unum
3441 4295 3521 4347 ie-

1935 4414 2055 4453 eum
2090 4405 2472 4468 congregatam
2505 4401 2777 4455 autumat;
2831 4392 2885 4447 in
2932 4392 3085 4461 cujus
3130 4389 3307 4444 medio
3339 4386 3521 4441 ﬁrma-

240 4480 518 4550 siquidem
539 4524 555 4544 ,
582 4492 643 4536 ut
669 4483 819 4538 aiunt
858 4484 1182 4554 philosophi,
1217 4502 1243 4538 a
1282 4496 1422 4540 terra
1456 4489 1521 4540 ad
1554 4488 1719 4541 solem
1753 4489 1833 4542 in-
1863 4490 1911 4549 Ι)
1939 4498 2179 4544 mentum
2220 4488 2420 4541 lactant
2467 4487 2632 4540 fuisse
2674 4483 2911 4541 secunda
2950 4484 3036 4539 die
3060 4484 3106 4516 "
3139 4481 3334 4545 credit,
3362 4494 3525 4550 super

240 4571 460 4625 tervalli
519 4581 627 4636 est,
675 4581 879 4626 tantum
918 4591 945 4627 a
989 4576 1100 4630 sole
1130 4576 1172 4606 "
1217 4576 1282 4629 ad
1327 4578 1522 4639 sidera,
1572 4579 1849 4653 medietag

242 4670 352 4715 tem
401 4664 673 4731 quandam
705 4665 1020 4735 intelligitur
1045 4667 1308 4722 obtinere.
1360 4668 1439 4722 Ab
1489 4668 1833 4724 inferioribus

241 4753 392 4805 enim
422 4753 629 4806 naturis
650 4754 1040 4822 corpulentiam
1072 4757 1339 4824 quandam
1368 4797 1382 4821 ,
1408 4772 1434 4809 a
1461 4757 1832 4827 superioribus

240 4854 377 4893 vero
407 4842 742 4911 spiritualem
771 4844 1121 4897 subtilitatem
1154 4845 1218 4898 ad
1248 4845 1644 4899 subsistentiam
1677 4846 1721 4878 “’
1749 4846 1829 4902 sui

239 4931 467 4999 recipit,
496 4947 560 4987 ac
589 4932 751 4987 veluti
782 4936 1089 4988 contrarias
1120 4936 1401 5005 ttlrinsq'te
1428 4936 1610 4989 munzli
1639 4937 1829 5005 partis,

238 5023 547 5091 superioris
572 5024 822 5093 videlicet
847 5034 901 5079 et
934 5024 1228 5089 inferioris,
1261 5026 1313 5080 in
1340 5042 1398 5081 se
1426 5025 1629 5097 colligit
1662 5027 1835 5095 quali-

238 5119 415 5175 tates,
463 5127 694 5182 quarum
741 5114 1089 5170 contentione
1138 5115 1298 5169 veluti
1348 5115 1579 5185 quadam
1630 5127 1835 5171 statera

1936 4579 2078 4648 quoi
2120 4579 2458 4647 superiorem
2489 4592 2750 4646 aquarum
2777 4584 2986 4646 partem
3026 4573 3280 4644 suspendi
3319 4580 3473 4653 putat
3502 4610 3519 4631 ,

1938 4668 2223 4724 inferiores
2281 4677 2459 4723 autem
2514 4667 2824 4737 praedictae
2874 4664 3057 4736 abyssi
3106 4661 3421 4719 dill'usioues
3469 4660 3520 4713 in

1936 4774 2100 4812 unmn
2150 4759 2428 4823 collectas,
2485 4760 2589 4814 hoc
2639 4766 2741 4821 est,
2791 4757 2933 4811 intra
2964 4756 3009 4787 ³⁸
3037 4754 3274 4811 conclusi
3330 4754 3374 4786 ¹⁹
3411 4752 3523 4805 suis

1936 4849 2211 4905 littoribus
2271 4850 2461 4905 oceani
2529 4849 2794 4903 ambitum
2856 4854 3246 4916 congregatas,
3312 4851 3371 4896 ut
3431 4856 3522 4909 ap-

1935 4949 2149 5010 pareret
2198 4940 2387 4998 arida.
2442 4940 2701 5008 locusque
2752 4938 2866 4993 aeri
2910 4946 2966 4991 et
3012 4936 3220 4991 aetheri
3280 4934 3517 4988 daretur.

1939 5028 2044 5083 Sed
2098 5029 2232 5083 haec
2293 5030 2513 5099 opinio,
2561 5027 2810 5083 consulta
2869 5026 3135 5091 veritate,
3195 5023 3380 5078 multis
3431 5036 3519 5073 ra-

1940 5119 2177 5173 tionibus
2228 5118 2440 5172 ridetur
2506 5117 2772 5181 titubare,
2837 5125 2893 5172 et
2950 5118 3345 5186 inconsequens
3406 5124 3526 5163 om-

1484 5245 1738 5300 VARIAE
1777 5244 2175 5302 LECTIONES.

176 5472 181 5473 ’
234 5458 448 5503 terrem.

315 5380 335 5409 ¹
394 5380 501 5434 Ai.
530 5398 579 5435 e.
654 5383 677 5414 ¹
707 5382 748 5437 C
780 5379 998 5452 refellet.
1076 5380 1096 5412 ³
1125 5380 1277 5435 veluti
1326 5396 1433 5435 om.
1460 5381 1553 5452 ίᾼ.Δ
1626 5380 1648 5411 ⁸
1678 5380 1813 5452 enim
1862 5393 1972 5433 om.
1998 5380 2103 5452 AA:
2144 5380 2238 5452 [Α
2280 5390 2346 5435 et.
2424 5380 2445 5413 ⁸
2481 5382 2525 5435 Α
2572 5382 2637 5436 sit
2666 5383 2930 5452 materia.
2974 5383 3026 5452 A"
3052 5380 3094 5434 A
3118 5390 3185 5452 et.

518 5454 541 5486 '
568 5451 610 5504 A
640 5467 777 5505 vero.
839 5447 899 5481 ’³ο
928 5452 968 5503 Α
994 5461 1104 5503 aut.
1185 5452 1224 5481 ¹¹
1253 5451 1293 5502 Α
1318 5460 1399 5520 et.
1453 5447 1511 5517 ‘1'
1535 5450 1575 5503 Δ
1596 5461 1668 5504 est
1695 5451 1911 5504 vicinus.
1940 5519 1945 5520 ν
1993 5450 2038 5483 ¹³
2066 5449 2107 5507 C
2134 5448 2272 5504 illa..
2307 5460 2531 5505 vorata..
2576 5451 2788 5505 vicina"
2815 5450 3019 5520 pallida
3045 5459 3092 5503 et
3118 5447 3331 5520 Figulo.

238 5527 459 5601 [fuit-tm
483 5519 662 5601 solem.
866 5521 1231 5601 substantiam.
1275 5590 1288 5601 ι
1310 5520 1351 5551 ¹⁶
1373 5519 1413 5574 C
1438 5516 1767 5601 rubrumque.
1849 5520 1890 5551 "
1920 5519 2039 5601 C‘in
2070 5521 2569 5601 contempe_rantia.'.
2608 5516 3081 5601 f'Agualilates.“
3109 5517 3157 5601 ’ξ
3241 5527 3518 5601 quantum.

233 5587 279 5615 "‘
312 5590 358 5643 Α
388 5590 661 5644 secundus.
735 5591 779 5623 "
805 5590 860 5659 in
887 5606 996 5645 om.
1033 5593 1098 5643 Α.
1175 5592 1219 5622 "
1262 5590 1300 5641 A
1339 5586 1854 5645 consummationem.
1931 5591 1978 5629 J’
2001 5591 2043 5644 A
2075 5586 2458 5659 contemplatio
2489 5586 2841 5653 spiritualium
2880 5591 2964 5642 sit.
3040 5588 3085 5659 ῗδ
3119 5586 3159 5642 C
3202 5588 3255 5641 in
3296 5586 3523 5644 residua

234 5659 456 5712 dictum.
540 5659 584 5689 ¹⁸
605 5662 650 5711 Α
673 5670 740 5715 et.
821 5658 865 5689 "
894 5662 934 5716 Α
962 5676 1075 5715 eam
1106 5659 1374 5729 facillime.
1451 5660 1494 5689 "
1523 5662 1561 5713 Α
1595 5661 1820 5715 secunda
1844 5660 1927 5715 die
1950 5660 2149 5734 factum
2176 5657 2354 5730 fuisse.
2430 5661 2477 5693 "
2504 5661 2548 5714 Δ
2570 5660 2724 5714 inter.
2800 5660 2843 5692 ²⁹
2874 5660 2919 5713 Α
2946 5657 3155 5714 inclusi.
