3912 6154
383 280 490 339 699

1734 278 2019 341 JOANNIS
2072 277 2269 337 SCOTl

3540 279 3654 339 τω

382 396 512 450 nino
536 438 550 462 ,
616 393 872 469 falsisque
938 394 1418 468 imaginationibus
1487 393 1774 451 resultans.
1839 395 1958 452 Non
1996 387 2037 440 Α
2071 405 2212 457 rant,
2249 395 2302 449 in
2344 410 2443 450 sua
2466 395 2686 468 propria
2713 397 2917 469 specie,
2948 405 3003 451 ct
3027 398 3354 467 quantitate,
3377 408 3430 452 ct
3460 400 3661 468 quali-

381 486 524 541 eaim
571 488 869 553 credimus,
918 485 977 541 S.
1029 487 1387 555 Augustinum
1437 495 1748 555 sequentes,
1790 500 1965 556 neque

382 581 596 636 veritati
650 582 940 637 convenire
994 581 1336 650 iudicamus,
1397 582 1590 637 molem
1652 583 1797 637 illam
1856 593 1966 638 ter-

380 683 529 723 ream
587 670 765 739 primo
817 670 1056 724 omnium
1116 671 1284 727 fuisse
1345 681 1620 735 creatam,
1677 672 1762 727 vel
1814 673 1959 728 illam

380 759 630 831 abyssum
660 761 896 831 undique
941 761 1085 818 circa
1124 777 1243 817 eam
1275 763 1293 795 ⁸
1343 762 1591 818 dill‘usam
1616 804 1632 830 ,
1663 763 1962 835 deindcque

378 853 776 908 ﬁrmamentum
849 856 902 910 in
951 857 1129 912 medio
1187 872 1448 927 aquarum
1515 856 1739 924 factum,
1770 859 1962 915 deinde

377 941 693 1000 inferiorum
743 964 1006 1018 aquarum
1061 951 1163 1005 sub
1234 951 1386 1007 caelo
1442 953 1836 1007 remanentium
1902 952 1958 1008 in

374 1047 540 1087 unum
574 1035 749 1091 locum
778 1037 1170 1104 collectionem,
1210 1055 1386 1110 neque
1423 1043 1444 1073 '
1472 1041 1638 1096 ullum
1662 1043 1853 1096 horum
1881 1042 1959 1097 lo-

371 1123 563 1180 caliter
592 1128 1023 1196 temporalitcrve
1062 1131 1204 1184 aliud
1226 1133 1584 1201 praecessisse
1609 1133 1650 1197 ⁸,
1691 1134 1957 1204 siqu'dcm

373 1214 507 1268 haec
535 1217 734 1280 omnia,
765 1226 1175 1289 ceterarumque
1216 1222 1505 1277 visibilium
1546 1239 1723 1277 rerum
1766 1233 1957 1279 natura

371 1305 532 1360 simul
561 1316 613 1361 et
642 1309 807 1363 semel
846 1310 1060 1365 condita
1096 1324 1241 1378 sunt,
1274 1315 1385 1368 suis
1420 1316 1752 1385 temporibus
1781 1326 1835 1372 ct
1877 1317 1959 1372 lo-

370 1399 451 1454 cis
477 1401 722 1455 ordinata
749 1410 803 1456 et
821 1404 1133 1470 constituta,
1166 1406 1469 1477 nulliusque
1497 1424 1682 1464 eorum
1732 1423 1959 1479 genera—

370 1488 447 1546 tio
491 1493 544 1547 in
593 1493 793 1550 formas
828 1505 884 1551 et
918 1499 1123 1566 species
1147 1540 1163 1562 ,
1200 1502 1529 1570 quantitates
1562 1511 1617 1556 et
1648 1503 1955 1574 qualitates,

370 1586 774 1653 generationem
804 1586 1438 1661 alterius'tcmporalibus
1468 1593 1691 1649 moralis
1733 1609 1958 1664 pracoc-

370 1674 626 1742 cupavit,
655 1676 748 1730 sed
780 1678 938 1732 simul
983 1696 1048 1734 ex
1095 1682 1330 1736 aeternis
1379 1684 1491 1739 suis
1538 1684 1859 1747 rationibus,
1903 1683 1955 1737 in

2067 497 2195 553 tate,
2220 488 2274 543 in
2307 489 2426 545 loco
2448 505 2568 556 suo.
2596 489 2699 545 hoc
2720 500 2827 553 est,
2874 490 3016 543 inter
3040 499 3235 544 terram
3260 499 3313 543 et
3341 507 3463 546 aera
3492 492 3658 547 hunc

2067 588 2241 633 terrae
2265 582 2576 650 proximum
2601 596 2926 649 apparuere,
2953 581 3237 636 littoribus
3262 583 3376 637 suis
3401 584 3655 643 cinctae,

2064 670 2262 739 parum
2292 671 2348 725 in
2367 672 2593 739 gremiis
2614 668 2844 732 telluris,
2866 668 3032 724 veluti
3059 669 3114 724 in
3134 670 3463 741 quibusdam
3491 674 3659 739 poris

2064 759 2244 829 magni
2265 760 2571 829 cuiuspiam
2593 762 2838 830 corporis
2854 759 3070 817 occulte
3089 762 3490 827 discurrentes,
3516 778 3652 824 our-

2063 860 2158 914 tim
2189 860 2529 930 superﬁciem
2553 864 2671 935 eius
2705 873 2889 936 aperte
2928 873 3293 936 contegentes,
3320 875 3373 923 et
3425 867 3480 922 iu
3534 868 3631 937 qui

2059 949 2162 1004 bus
2188 949 2322 1007 locis
2351 953 2627 1024 dispersae
2650 954 2884 1022 fuerant,
2915 957 3128 1027 quando
3156 974 3324 1013 unum
3363 959 3660 1029 proprium

2061 1057 2166 1097 non
2197 1044 2487 1110 habebant,
2507 1046 2557 1100 in
2588 1061 2747 1116 quem
2780 1050 3119 1119 postmodum
3152 1060 3428 1104 coartatae
3458 1050 3659 1105 termi-

2060 1148 2159 1189 nos
2183 1134 2432 1192 deﬁnitos
2451 1153 2556 1192 non
2576 1140 3061 1211 transgrediuntur.
3082 1140 3346 1208 Quattuor
3370 1143 3589 1196 etenim
3618 1140 3660 1173 "

2059 1228 2376 1298 principalia
2408 1230 2567 1300 hujus
2609 1232 2792 1286 mundi
2832 1248 3059 1303 corpora
3099 1249 3164 1287 ex
3214 1242 3476 1303 quattuor
3526 1235 3662 1288 sim-

2060 1320 2288 1388 plicibus
2343 1321 2625 1376 clementis
2652 1325 2968 1393 composita,
3012 1332 3209 1378 terram
3251 1325 3657 1393 dico,aquam,

2060 1419 2115 1464 et
2144 1410 2187 1445 "
2217 1426 2363 1478 aera,
2395 1421 2450 1467 et
2487 1413 2734 1478 aethera,
2764 1429 2887 1469 cum
2908 1413 3182 1478 omnibus,
3212 1427 3350 1483 quae
3375 1415 3431 1467 in
3463 1414 3581 1477 eis,
3605 1419 3658 1467 et

2062 1502 2127 1555 de
2157 1501 2237 1555 eis
2261 1500 2400 1555 facta
2429 1510 2578 1567 sunt,
2606 1501 2768 1557 simul
2806 1511 2860 1558 et
2893 1503 3061 1559 semel
3092 1504 3299 1572 species
3325 1519 3455 1559 suas
3491 1519 3661 1558 acce-

2060 1604 2255 1663 perunt
2286 1594 2330 1627 "
2357 1604 2411 1648 et
2435 1593 2572 1659 loca,
2603 1604 2657 1650 et
2677 1612 2951 1661 numeros,
2989 1607 3044 1651 et
3094 1606 3351 1668 tempora,
3377 1607 3437 1653 et
3482 1598 3662 1652 inter—

2061 1685 2222 1750 valla,
2248 1694 2303 1740 et
2328 1685 2680 1753 differentias,
2713 1697 2771 1742 et
2797 1688 3178 1758 proprietates,
3209 1703 3496 1744 mensuras
3519 1703 3661 1759 quo-

368 1763 564 1836 qnihus
584 1769 948 1824 essentialiter
968 1773 1265 1828 subsistunt
1286 1772 1307 1804 ἰ
1330 1774 1380 1827 in
1408 1775 1584 1830 Verbo
1615 1775 1727 1840 Dei,
1763 1792 1959 1830 unum-
1988 1755 2035 1815 Β
2062 1790 2187 1845 que,
2215 1785 2271 1830 et
2294 1778 2552 1846 pondera,
2576 1785 2630 1833 et
2649 1793 2831 1843 onme,
2859 1780 3002 1849 quod
3027 1779 3079 1832 in
3108 1779 3187 1834 eis
3209 1780 3464 1845 sentitur,
3495 1779 3590 1834 vel
3613 1777 3658 1812 ¹⁹

366 1857 617 1925 quodque
647 1861 940 1914 secundum
965 1876 1135 1931 genus
1162 1874 1216 1919 et
1248 1866 1481 1936 speciem
1551 1882 1725 1932 suam,
1764 1885 1954 1923 mune-

368 1961 566 2017 rosque
597 1949 898 2006 individuus
940 1940 1272 2021 processere.
1301 1956 1525 2011 Senaria
1578 1974 1808 2028 namque
1860 1976 1954 2016 sex

367 2036 663 2106 primorum
700 2040 909 2095 dierum
948 2044 1242 2112 quantitas,
1275 2052 1331 2099 et
1360 2045 1713 2116 intelligihilis
1737 2048 1952 2113 divisio,

367 2126 437 2182 de
462 2129 640 2183 causis
686 2132 1025 2186 conditarmn
1073 2149 1275 2197 rerum,
1307 2135 1481 2205 deque
1534 2138 1711 2206 primo
1764 2155 1953 2195 earum

366 2214 567 2287 impetu
589 2218 746 2273 simul
780 2220 831 2274 in
859 2222 1088 2291 primam
1112 2225 1296 2279 mundi
1321 2226 1476 2295 hujus
1513 2229 1953 2286 constitutionem

365 2305 701 2379 intelligitur,
728 2319 783 2365 et
810 2311 832 2344 ⁸
857 2314 997 2381 quod
1021 2313 1179 2368 simul
1207 2324 1262 2370 et
1283 2316 1487 2371 semel“
1526 2331 1555 2371 a
1586 2316 1845 2375 Creatore
1873 2319 1953 2375 fa-

364 2405 511 2451 ctum
568 2408 688 2463 est,
736 2402 935 2456 senarii
1004 2403 1212 2458 muneri
1264 2405 1594 2475 perfectione
1653 2424 1683 2461 a
1746 2408 1950 2480 Spiritu

366 2498 556 2542 sancto
577 2504 673 2558 per
695 2491 1006 2562 prophetam
1039 2494 1387 2566 distinguitur
1413 2513 1517 2554 non
1561 2509 1823 2570 tempore,
1855 2502 1951 2556 sed

365 2578 688 2651 iutelligibili
718 2584 1082 2652 distinctione,
1108 2596 1163 2641 ut
1188 2603 1281 2657 per
1303 2592 1511 2645 numeri
1535 2592 1786 2649 virtutem
1814 2594 1953 2649 divi-

365 2685 466 2724 nae
485 2674 813 2741 operationis
827 2676 1086 2743 perfectio
1107 2678 1453 2735 imlicaretur.
1475 2682 1573 2738 Hic
1599 2699 1832 2757 namque
1851 2703 1951 2741 nu-

367 2774 549 2814 merus
569 2763 681 2816 suis
701 2765 942 2831 partibus
965 2766 1233 2835 impletur,
1255 2785 1353 2825 nec
1377 2780 1543 2827 totum
1568 2784 1749 2843 partes
1764 2791 1951 2847 super-

366 2858 445 2914 at,
468 2867 566 2907 nec
594 2862 778 2924 partes
803 2863 993 2911 totum.
1022 2857 1090 2913 Ut
1118 2859 1262 2914 enim
1297 2876 1397 2916 vox
1427 2867 1701 2932 praecedit
1722 2869 1948 2925 verbum

361 2958 466 2998 non
495 2952 758 3017 tempore,
788 2950 884 3004 sed
911 2965 1101 3017 causa;
1139 2952 1206 3008 de
1243 2969 1373 3010 voce
1400 2957 1666 3028 siquidem
1724 2959 1783 3015 fit
1830 2978 1951 3018 ver-

358 3036 505 3102 hum,
530 3040 694 3097 veluti
722 3042 788 3096 de
817 3045 1046 3111 quadam
1070 3047 1295 3101 materia
1324 3047 1539 3105 informi
1560 3067 1756 3122 corpus
1784 3056 1951 3124 quod-

835 3102 847 3111 _
1412 3102 1427 3104 _
1568 3102 1754 3122 --τη
1790 3102 1924 3124 τη..

357 3124 480 3181 dam
530 3128 818 3184 formatum
850 3150 863 3185 :
896 3133 974 3188 sic
1015 3134 1082 3189 de
1110 3136 1288 3191 causis
1333 3138 1506 3194 adhuc
1549 3140 1854 3213 incognitis,
1882 3160 1943 3200 ac
1975 3102 2020 3164 Ο

356 3219 521 3275 veluti
577 3222 876 3278 visibilibus
930 3225 1118 3281 formis
1163 3230 1337 3284 adlmc
1365 3231 1386 3261 "
1418 3234 1731 3289 carentibus
1770 3237 1793 3270 ⁸
1829 3252 1943 3291 om-

359 3311 508 3365 nium
550 3329 729 3368 rerum
762 3318 1050 3372 visibilium
1093 3321 1405 3386 con.!itio’,
1440 3323 1600 3380 nullis
1643 3337 1940 3396 temporum

359 3401 551 3469 spatiis
575 3403 655 3456 vel
680 3403 918 3459 locorum
946 3406 1301 3478 interpositis,
1334 3411 1493 3465 simul
1528 3414 1578 3467 iu
1621 3414 1821 3472 formas
1844 3435 1944 3472 nu-

357 3506 644 3561 merosque
693 3494 931 3549 locorum
981 3505 1035 3551 et
1075 3506 1376 3568 temporum
1418 3504 1679 3572 producta
1735 3516 1835 3562 est.
1878 3509 1944 3563 Et

352 3582 446 3651 qui
497 3583 564 3637 de
611 3586 832 3639 materia
885 3586 1100 3642 informi
1131 3592 1386 3646 mundum
1415 3593 1559 3661 fecit,
1588 3600 1941 3666 quemadmo-

352 3671 480 3726 dum
502 3689 603 3725 non
631 3674 845 3731 aliunde
873 3679 1401 3748 accepitmateriam,
1426 3685 1492 3739 de
1518 3702 1620 3754 qua
1644 3686 1849 3745 faceret
1874 3692 1939 3757 ⁸⁸,

350 3763 445 3818 sed
470 3779 498 3815 a
538 3764 579 3795 ¹¹
613 3766 822 3835 seipso,
851 3776 906 3823 et
944 3769 996 3823 in
1045 3771 1224 3841 seipse
1265 3782 1319 3828 et
1342 3778 1549 3846 accepit
1570 3789 1624 3834 et
1674 3780 1831 3849 fecit;
1866 3784 1941 3840 ita

351 3867 528 3921 neque
575 3853 688 3909 loca
718 3866 870 3910 extra
894 3873 951 3913 se
974 3860 1260 3927 quaesivit,
1297 3862 1350 3916 in
1371 3866 1567 3935 quibus
1589 3869 1812 3937 faceret,
1846 3889 1942 3930 ne-

344 3955 451 4012 que
473 3951 710 4013 tempora
742 3949 1022 4015 spectavit,
1050 3966 1280 4020 quorum
1309 3953 1603 4013 intervallis
1628 3975 1762 4030 opus
1782 3977 1940 4018 suum

341 4044 645 4106 perageret.
679 4037 772 4092 sed
796 4038 848 4092 in
873 4040 1053 4109 seipse
1076 4044 1255 4099 omnia
1288 4044 1450 4112 fecit,
1477 4049 1569 4118 qui
1624 4050 1773 4107 locus
1822 4070 1939 4109 om-

341 4123 489 4179 nium
513 4134 618 4190 est,
648 4136 704 4181 et
729 4136 938 4197 tempus
980 4139 1303 4202 temporum,
1339 4146 1390 4192 et
1417 4139 1657 4195 scculum
1719 4145 1934 4199 seculo-

340 4228 484 4277 rum,
507 4217 597 4285 qui
627 4218 786 4272 simul
816 4229 1068 4288 operatus
1091 4234 1192 4287 est,
1211 4228 1390 4279 omnia
1414 4230 1555 4283 enim
1583 4232 1633 4285 in
1662 4245 1937 4291 momento

337 4305 479 4361 oculi
506 4306 647 4362 facta
669 4318 811 4363 sunt.
842 4310 974 4365 Nam
1006 4321 1061 4365 et
1100 4330 1183 4378 ea,
1213 4331 1352 4384 quae
1383 4333 1481 4387 per
1509 4336 1699 4375 cursus
1733 4332 1937 4394 tempo-

338 4411 458 4450 rum
512 4397 763 4453 distincta
823 4402 1224 4469 generationem
1275 4420 1641 4478 acceperunt,
1680 4422 1736 4468 ct

336 4486 513 4556 piunt,
545 4494 599 4539 et
627 4499 913 4557 acceptura
947 4500 1094 4556 sunt,
1120 4495 1279 4549 simul
1308 4506 1363 4552 et
1403 4501 1569 4556 semel
1600 4502 1652 4557 in
1682 4504 1799 4574 ipso
1852 4506 1930 4561 fa-

339 4585 429 4628 cta
460 4584 605 4639 sunt,
635 4576 687 4630 in
714 4592 823 4647 quo
850 4588 905 4633 et
949 4584 1264 4650 praeterita,
1296 4596 1351 4643 et
1401 4594 1729 4658 praesentia,
1755 4604 1810 4650 et
1848 4595 1932 4650 fu-

337 4671 455 4717 tura
482 4666 639 4720 simul
665 4675 721 4720 et
740 4669 906 4723 semel
935 4680 990 4724 et
1015 4688 1177 4728 unum
1202 4688 1326 4732 sunt
1350 4680 1413 4734 “.
1438 4679 1718 4739 Praedicta
1749 4688 1930 4757 itaque

334 4754 587 4822 opinione
616 4759 829 4827 repulsa
851 4763 1150 4829 quaeritur,
1179 4768 1365 4835 quales
1386 4786 1556 4840 aquae
1581 4777 1802 4830 erant“
1827 4754 1928 4834 sub

336 4844 506 4908 caelo,
545 4862 685 4917 quae
747 4864 1103 4924 congregatae
1153 4868 1280 4913 sunt
1327 4860 1380 4913 in
1438 4862 1609 4918 locum
1667 4883 1848 4927 unum.
1873 4880 1930 4926 et

337 4935 462 5005 quis
482 4948 566 4994 est
597 4940 747 4992 locus
774 4940 862 4996 ille
890 4944 1061 4999 unus?
1086 4945 1273 5016 Aquae
1304 4949 1571 5019 siquidem
1622 4957 1925 5017 sensibiles.

329 5042 476 5099 quae
501 5029 707 5100 vulgari
729 5035 988 5090 vocabulo
1008 5037 1173 5093 maris
1194 5039 1277 5093 vel
1294 5039 1341 5071 κ
1359 5042 1539 5111 abyssi
1562 5044 1645 5098 vel
1666 5045 1713 5081 ⁸⁸
1738 5050 1925 5102 oceani

329 5119 688 5190 appellantur,
723 5138 866 5188 mox,
896 5134 1044 5183 utcx
1084 5130 1310 5187 occultis
1353 5133 1467 5188 suis
1507 5137 1684 5191 causis
1732 5154 1930 5209 erupe-

2061 1881 2279 1921 seusum
2309 1877 2551 1938 superat,
2582 1880 2637 1923 et
2680 1870 3017 1942 intelligitur,
3055 1871 3139 1926 vel
3185 1870 3522 1926 intellectum
3576 1871 3659 1924 fu-

2052 1959 2152 2029 git.
2184 1957 2290 2014 Sed
2319 1961 2365 2015 si
2388 1962 2509 2031 quis
2542 1963 2606 2019 de
2627 1962 2822 2017 talibus
2849 1964 3101 2035 physicas
3130 1964 3425 2019 reddiderit
3474 1965 3658 2019 ratio—

2054 2064 2171 2115 nes,
2196 2051 2323 2120 quia
2349 2066 2509 2107 sensu
2556 2067 2820 2122 corporeo
2848 2054 3229 2133 comprehendi
3278 2069 3383 2109 non
3416 2061 3657 2124 possunt

2056 2140 2125 2195 ab
2153 2142 2259 2207 his,
2284 2143 2376 2212 qui
2396 2142 2734 2200 solummodo
2750 2145 3022 2200 sensibilia
3043 2143 3092 2177 ⁸⁸
3113 2146 3371 2217 cogitant,
3386 2155 3481 2200 aut
3498 2161 3655 2216 δραι

2053 2243 2233 2302 netur,
2271 2245 2527 2308 tanquam
2567 2237 2700 2293 nihil
2727 2238 2892 2304 dicat,
2924 2247 3017 2293 aut
3044 2238 3393 2309 allegorizare
3429 2240 3653 2307 putabi-

2053 2336 2141 2382 tur
2163 2327 2528 2385 nescientibus
2551 2330 2597 2362 ’ί
2637 2339 2885 2385 naturam
2914 2346 3007 2387 sex
3029 2332 3265 2387 motibus
3293 2332 3406 2387 suis
3433 2331 3653 2387 discer-

2054 2433 2208 2473 nere.
2233 2418 2464 2491 Physica
2480 2421 2748 2491 siquidem
2778 2421 3164 2477 substantiales
3189 2433 3421 2476 naturae
3475 2422 3652 2475 ratio-

2053 2525 2169 2575 nes,
2199 2509 2389 2565 Ethica
2416 2526 2546 2567 vero
2568 2512 2914 2568 rationabiles
2935 2513 3106 2582 ipsius
3125 2512 3210 2567 vel
3242 2511 3654 2568 irrationabiles

2052 2608 2230 2655 motus
2245 2600 2571 2656 considerat.
2587 2601 2733 2658 DISC.
2758 2601 3029 2669 Edissere,
3044 2619 3265 2673 quaeso,
3279 2604 3652 2674 quodcunque

2052 2690 2119 2747 de
2144 2692 2246 2747 bac
2282 2694 2599 2763 quaestione
2644 2693 2898 2749 solvenda
2944 2693 3158 2750 videtur
3185 2695 3275 2749 tibi
3321 2695 3649 2759 verisimile,

2052 2781 2434 2852 neminemque
2458 2785 2717 2848 verearis,
2745 2799 2961 2859 quoquo
2978 2785 3184 2839 modo"
3210 2784 3370 2849 ferat,
3392 2786 3511 2840 sive
3537 2802 3649 2840 non

2053 2870 2338 2942 intelligat,
2357 2873 2719 2942 quod“dicas,
2734 2874 2855 2930 luce
2876 2875 3115 2930 veritatis
3129 2875 3557 2946 repercussus”,
3577 2877 3649 2931 si~

2051 2966 2168 3020 ve"
2183 2978 2402 3037 spernat
2415 2982 2623 3023 veneno
2637 2968 2920 3024 invidiae"
2936 2978 3240 3038 corruptus,
3256 2968 3370 3023 sive
3394 2978 3649 3024 veterum

2050 3059 2363 3128 opinionum
2392 3060 2509 3116 zelo
2530 3062 2917 3117 contentiosus.
2947 3060 3085 3118 MAG.
3116 3060 3243 3117 Post
3265 3063 3646 3116 narrationem

2050 3151 2354 3206 mundanae
2382 3152 2815 3217 constitutionis,
2854 3161 3218 3209 extremarum
3270 3152 3525 3206 videlicet
3570 3153 3651 3223 ip-

2044 3242 2217 3296 sius"
2240 3243 2470 3314 partium
2495 3243 2606 3298 sive
2628 3243 2857 3297 invicem
2880 3244 3193 3313 disparium,
3213 3242 3647 3314 incorporalium

2045 3333 2167 3389 dico
2222 3336 2491 3390 rationum
2540 3336 2993 3407 simplicimnque,
3021 3337 3312 3392 secundum
3365 3352 3503 3406 quas
3554 3345 3646 3393 est

2044 3424 2280 3489 condita,
2313 3435 2370 3480 et
2393 3428 2816 3496 compositorum
2857 3442 3167 3497 corporum,
3196 3428 3537 3497 generationi
3585 3436 3646 3484 et

2041 3515 2396 3584 corruptioni,
2414 3516 2546 3571 locis
2566 3534 2776 3587 quoque
2796 3519 3233 3590 temporibusque
3253 3518 3642 3583 obnoxiorum,

2041 3620 2181 3675 quae
2205 3606 2421 3675 quidem
2444 3609 2816 3662 extremitates
2842 3604 3105 3678 aquarum
3132 3607 3393 3663 vocabulo
3414 3619 3645 3679 propter

2041 3712 2238 3752 causas
2284 3699 2592 3768 praedictas
2639 3700 2943 3771 appellatae
3005 3708 3173 3767 sunt,
3216 3701 3643 3770 medietatisque

2041 3798 2300 3859 quattuor
2318 3791 2730 3857 elementorum,
2760 3807 2899 3861 quae
2925 3792 3277 3857 ﬁrmamenti,
3298 3792 3511 3848 caelive
3538 3808 3644 3847 no-

2040 3897 2163 3938 men
2191 3891 2539 3953 acceperunt,
2566 3883 2634 3937 ad
2665 3884 3173 3955 contemplationem
3202 3882 3452 3937 infirmae
3481 3881 3637 3951 ejuso

2039 3972 2162 4027 dem
2204 3973 2396 4043 partis,
2421 3973 2661 4028 omnium
2710 3973 2918 4028 scilicet
2962 3972 3395 4044 corruptibilium
3435 3988 3641 4042 corpu.

2039 4079 2179 4129 rum,
2210 4065 2524 4135 prophetica
2564 4065 2794 4120 intentio
2839 4064 3050 4119 videtur
3078 4064 3430 4128 descendere,
3460 4063 3638 4119 veluti
3665 4093 3686 4103 -

2038 4156 2106 4209 ad
2151 4156 2367 4210 tertiam
2419 4163 2642 4208 naturae
2686 4155 2937 4210 conditae
2967 4154 3254 4209 theoriam.
3288 4152 3471 4209 l'rimo
3489 4153 3538 4186 "
3560 4154 3640 4209 si-

2036 4246 2252 4317 quidem
2280 4247 2607 4317 generalitcr
2629 4245 3059 4316 priumrdialium
3096 4261 3381 4301 causarum
3412 4246 3468 4300 in
3497 4261 3635 4301 suos

2035 4337 2260 4394 etfcctus
2287 4339 2686 4408 processionem
2714 4353 2778 4392 ex
2821 4337 3110 4408 incognitis
3158 4337 3481 4406 arcanisque
3528 4352 3637 4391 na-

1792 4416 1930 4471 θεοῖ·
1962 4445 2013 4505 υ
2041 4442 2195 4484 turae
2215 4429 2446 4495 sinibus,
2471 4429 2625 4498 quasi
2680 4429 3004 4499 quibusdam
3049 4429 3309 4492 tenebris,
3344 4427 3396 4481 iu
3448 4427 3631 4482 lucem

2035 4519 2331 4574 formarum
2357 4518 2728 4588 multiplicium
2745 4518 3079 4590 perspicuam
3104 4518 3633 4588 iutcllectibusque”

2032 4608 2530 4680 contemplantium,
2571 4610 2653 4665 vel
2678 4610 2923 4665 sensibus
2952 4608 3292 4664 manifestam
3320 4610 3626 4678 expressit;

2031 4701 2226 4755 deinde
2256 4701 2493 4755 secundo
2525 4701 2767 4755 contuitu
2804 4699 3101 4755 triformem
3150 4700 3333 4754 mundi
3361 4700 3630 4754 conditio-

2031 4808 2175 4858 nem,
2209 4793 2260 4846 in
2303 4791 2603 4846 rationibus
2617 4791 2865 4847 videlicet
2892 4801 2945 4846 et
2974 4791 3368 4849 universalihus
3386 4792 3630 4848 elemen-

2033 4885 2125 4951 tis,
2165 4884 2328 4955 inque
2364 4884 2681 4954 corporibus
2720 4883 3138 4955 particularibus
3193 4891 3356 4954 atque
3400 4899 3628 4955 compn-

2030 4977 2153 5031 sitis
2204 4974 2582 5039 considerans,
2613 4973 2680 5029 ad
2736 4975 2973 5045 ipsorum
3028 4973 3339 5030 solubilium
3396 4984 3453 5029 et
3500 4989 3626 5028 cor-

2030 5069 2360 5138 ruptibilium
2384 5082 2692 5136 corporum,
2716 5081 2854 5137 quae
2880 5065 3125 5121 infimum
3152 5066 3314 5121 totius
3333 5076 3626 5121 creaturae

2028 5159 2275 5214 obtinent
2317 5158 2526 5221 locum,
2569 5156 2988 5225 speculationem
3030 5155 3293 5226 pervenit.
3349 5153 3622 5222 Quoniam

1623 5261 1873 5321 VARIAE
1912 5266 2311 5323 LECTIONES.

404 5392 422 5424 ‘
452 5392 493 5445 A
543 5391 713 5447 illam.

331 5462 433 5515 huc
482 5477 592 5517 om.
616 5464 677 5515 (ἶ.

328 5532 526 5599 seipso.
599 5535 643 5564 "
675 5534 713 5585 A
742 5532 919 5588 futura
950 5535 1006 5589 in
1034 5549 1194 5587 unum
1226 5545 1343 5587 sunt
1370 5536 1527 5588 simul
1565 5547 1611 5591 et
1633 5532 1806 5592 semel.

328 5617 440 5656 om.
466 5604 524 5654 Α.
605 5602 1022 5657 “Aaccim’unt.
1102 5606 1145 5638 ¹⁹
1187 5603 1227 5657 Α
1261 5613 1330 5657 et.
1403 5604 1453 5638 ⁸⁸
1502 5604 1547 5657 Α
1596 5608 1804 5657 semibil

788 5393 1004 5466 "neque
1030 5410 1139 5466 om.
1189 5395 1273 5466 Aa
1354 5395 1377 5428 ³
1403 5396 1444 5449 Α
1476 5399 1802 5466 processisse.

605 5602 650 5634 “
674 5602 720 5656 Α
741 5605 1022 5673 accipiunt.

1907 5398 1930 5432 ⁸
1958 5400 2001 5454 Α
2052 5403 2297 5456 existunt.

753 5466 776 5538 ξ
807 5462 995 5538 Sic;
1039 5464 1079 5517 Α
1116 5464 1278 5520 veluti
1308 5462 1678 5538 inuisibilibus,
1704 5469 1887 5538 foratis
1918 5472 2092 5524 adhuc
2116 5471 2436 5525 carentibus.

1885 5538 1929 5570 ⁸³
1953 5551 2100 5594 erant
2127 5556 2236 5594 om.
2260 5542 2323 5594 Α.

1403 5604 1453 5638 ⁸⁸
1502 5604 1547 5660 Α
1596 5608 1859 5662 sensibilia
1899 5609 2245 5664 solummodo.

326 5670 475 5726 said.
548 5670 596 5709 ⁸⁸
630 5672 672 5724 Α
698 5688 800 5727 non
825 5670 1123 5742 percussus.
1197 5673 1247 5707 ³⁸
1272 5674 1314 5727 Α
1380 5687 1492 5730 aut.
1568 5675 1615 5713 "
1650 5677 1943 5733 Ainvidiae
1970 5694 2183 5734 veneno.
2257 5681 2303 5718 ⁸⁷
2325 5682 2369 5736 Α
2404 5670 2589 5738 illius.‘
2641 5684 2751 5738 "A
2780 5672 2918 5741 Ima.

2387 5401 2478 5457 'C
2522 5416 2602 5454 eo.
2678 5402 2951 5458 ‘Asemel
2998 5413 3045 5459 et
3097 5404 3272 5458 simul.
3358 5405 3388 5440 τ
3427 5407 3471 5461 Α
3520 5410 3629 5461 ad-

2390 5489 2436 5545 s.
2501 5471 2532 5545 _'
2568 5472 2611 5526 A
2635 5473 2879 5545 conditis.
2956 5474 3001 5508 ⁸⁸
3036 5474 3077 5545 Α
3118 5476 3332 5545 fecerat.
3414 5476 3459 5509 “
3483 5475 3527 5532 Α
3551 5496 3629 5545 αι,

2404 5543 2447 5574 ⁸⁸
2487 5541 2620 5595 Aet.
2699 5543 2744 5577 ¹⁸
2800 5543 2845 5596 Α
2882 5556 2951 5598 et.
3030 5544 3073 5574 “
3117 5532 3159 5599 Ἀ
3225 5546 3382 5599 enim.
3466 5547 3511 5580 "
3564 5532 3635 5602 (θ’

2969 5615 3015 5647 ⁶¹
3039 5613 3081 5668 Α
3107 5624 3386 5683 quomodo.
3510 5607 3556 5641 ”
3582 5608 3628 5661 Α

2353 5611 2399 5644 ’ί
2464 5613 2506 5667 C
2557 5614 2857 5685 nescientes.
2969 5613 3081 5668 “A
3107 5624 3386 5683 quomodo.
3510 5611 3530 5641 ¹

2353 5681 2568 5738 tillius.
2641 5684 2751 5738 "A
2780 5682 2918 5741 Ima.
3024 5685 3137 5739 "A
3164 5683 3530 5744 mtellcctibus.
