3912 6154
293 276 390 338 701

1149 264 1237 326 DE
1279 267 1626 325 DIVISIONE
1654 264 2011 324 NATI'R.\E.
2053 292 2124 307 -—
2154 262 2358 322 LIBER
2397 258 2725 321 TERTIUS.

3443 265 3548 323 10:!

288 391 456 460 igitur
510 385 753 442 omnium
786 397 1098 455 corporum,
1135 397 1200 437 ex
1232 391 1491 453 quattuor
1529 382 1803 451 simplicia
1829 404 1857 432 η
1902 386 1946 441 Α
1980 377 2117 432 tiens
2141 417 2157 443 ,
2206 377 2540 432 incrementa
2568 384 2625 431 et
2651 370 2976 431 detrimenta
3015 389 3113 445 per
3150 377 3479 447 quantitates
3504 386 3563 435 et

283 482 680 537 elementorum
698 478 846 533 coitu
866 476 1315 547 compositorum,
1343 491 1406 530 ex
1425 475 1676 528 maximis
1692 489 1863 544 usque

285 574 350 629 sd
379 572 608 626 minima
628 570 1085 642 pervenientiutn,
1106 567 1299 637 triplex
1319 566 1686 621 consideratio
1705 574 1786 620 est
1804 567 1819 595 ¹
1842 584 1856 621 :

280 664 447 719 aliter
470 665 615 718 enim
641 662 695 716 in
719 662 785 715 iis
812 660 1037 715 materia
1065 659 1373 728 inspicitur,
1410 660 1569 713 aliter
1597 656 1770 711 torma
1803 665 1858 710 et

279 757 525 825 species,
553 768 715 823 quae,
744 752 1005 807 materiae
1031 752 1048 783 ¹
1077 752 1311 820 adjecta,
1339 765 1499 805 omne
1523 747 1754 804 Slllidlﬂll
1775 756 1860 801 at-

276 863 391 917 que
421 846 680 901 sensibile
729 860 931 912 corpus
957 841 1151 911 ellicit;
1182 841 1458 911 siquidem
1493 840 1606 896 sola
1635 840 1655 871 ³
1691 849 1860 893 mate-

280 940 356 992 ria
384 955 583 994 carens
608 938 793 1006 specie
824 936 1030 989 nulluut
1061 950 1259 1005 corpus
1282 938 1507 1003 peragit,
1532 934 1658 1002 quia
1685 946 1783 1000 per
1800 947 1859 983 se

276 1011 536 1068 Informis
575 1018 697 1075 est,
746 1008 953 1081 adjecta
1000 1024 1129 1064 vero
1172 1011 1350 1080 specie
1390 1026 1584 1079 corpus
1635 1010 1656 1041 δ
1695 1010 1871 1078 perle-

276 1112 432 1157 ctum
462 1102 484 1133 '
519 1102 606 1165 ﬁt;
656 1102 815 1156 aliter
858 1102 1094 1157 essentia
1142 1109 1197 1155 et
1242 1102 1615 1156 substantialis
1669 1102 1865 1166 forma,

273 1211 422 1263 quae
459 1194 622 1248 veluti
676 1192 1085 1248 fundamentum
1134 1194 1407 1248 immobile
1438 1195 1721 1249 formatam
1753 1196 1867 1249 Suf-

273 1286 382 1341 fert
411 1296 467 1340 et
512 1286 749 1341 continet
775 1285 1054 1339 materiem
1080 1285 1100 1316 ⁸
1130 1303 1144 1339 :
1176 1286 1539 1339 necessarium
1567 1296 1707 1350 erat,
1740 1286 1872 1340 sub-

271 1376 591 1431 statttialem
632 1374 860 1428 formant
899 1389 964 1428 ex
1005 1374 1231 1428 materia
1283 1374 1510 1429 formata
1561 1375 1865 1429 rationabili

269 1468 526 1522 contuitu
559 1481 861 1537 segregare.
894 1465 1124 1520 Maxima
1153 1476 1332 1520 autem
1363 1482 1589 1537 corpora
1617 1468 1726 1523 dixi
1761 1477 1867 1522 ter—

270 1575 419 1624 ram,
456 1574 678 1629 aquam,
712 1573 858 1623 aera,
891 1560 1241 1627 aetheraque,
1270 1558 1610 1630 caelumque,
1651 1559 1703 1613 itt
1748 1561 1867 1628 qui-

269 1650 367 1704 bus
402 1648 819 1702 innumerabilis
871 1648 1233 1701 maximorutn
1266 1648 1286 1680 ⁷
1324 1662 1635 1718 corporum,
1666 1656 1720 1703 et
1749 1665 1863 1703 mc-

1972 470 2263 539 qualitatcs
2291 468 2502 537 recipit,
2539 468 2829 536 multisque
2858 484 2922 522 ac
2947 469 2989 502 "
3019 469 3184 524 rariis
3215 469 3560 536 dill'crentiis,

1970 577 2111 632 quae
2137 562 2476 617 extrinsecus
2510 576 2577 615 ex
2615 560 2875 630 qualitate
2915 559 3180 630 locorum,
3213 575 3419 624 aerum,
3460 562 3557 616 hn-

1972 666 2206 716 mormn,
2236 651 2479 706 ciborum
2511 650 2873 720 similiumque
2899 650 3245 705 occasionum
3287 652 3562 718 accidunt,

1970 743 2274 798 succumbit
2308 760 2321 795 :
2355 757 2530 796 nortne
2572 741 2865 795 verisimile
2894 741 3126 807 videtur,
3160 753 3445 811 rectaeque
3473 758 3566 797 πει-ο

1973 831 2104 885 ιίοηί
2129 830 2475 894 conveniens,
2502 830 2672 898 ipsam
2703 830 3120 886 mutabilitatem
3151 833 3408 887 materiae
3435 849 3558 888 cum

1971 922 2085 990 ipsa
2116 920 2286 974 forma
2335 920 2647 990 qualitativa
2673 960 2685 981 ,
2733 935 2874 990 quae
2903 921 2950 974 ei
3000 923 3301 978 adhaerens
3326 926 3558 979 eundem

1969 1020 2178 1066 aestum
2221 1011 2470 1065 assiduae
2518 1009 2883 1066 ﬂuctuatiouis
2931 1013 3283 1083 turbidaeque
3330 1017 3557 1085 patitur,

1969 1119 2229 1174 aquarum
2260 1104 2358 1159 sub
2406 1103 2556 1158 (melo
2588 1104 2911 1173 simplicium
2940 1104 3328 1160 elementorum
3360 1109 3563 1177 posita-

1969 1212 2086 1249 rum
2122 1195 2327 1265 tropico
2354 1193 2572 1250 nomine
2600 1194 2930 1266 significari?
2956 1196 3001 1227 ²⁹
3024 1195 3409 1253 Substantialis
3438 1216 3564 1253 vero

1967 1282 2141 1338 forma
2177 1284 2259 1338 vel
2289 1284 2517 1354 species,
2550 1285 2603 1338 in
2626 1285 2670 1315 “
2698 1299 2896 1356 genere
2926 1301 3022 1339 suo
3052 1286 3565 1344 incommutabiliter

1967 1377 2287 1442 subsistens,
2320 1392 2456 1446 quae
2487 1387 2533 1418 η
2564 1376 2709 1430 nullo
2754 1378 2912 1431 modo
2939 1392 3061 1431 cum
3091 1393 3319 1448 corpore
3349 1395 3415 1432 ex
3450 1397 3563 1433 mas

1970 1467 2102 1521 teria
2134 1476 2190 1521 et
2238 1467 2556 1536 qualitativa
2607 1465 2777 1520 forma
2810 1467 3111 1536 composito
3144 1470 3560 1524 mutabilitatem

1965 1558 2170 1628 patitur
2194 1558 2436 1613 "—uon
2463 1559 2606 1613 enim
2640 1573 2760 1612 cum
2779 1573 3005 1629 corpore
3025 1558 3492 1628 ineipit,quamvis
3508 1562 3563 1616 in

1966 1667 2192 1723 corpore
2222 1661 2508 1720 nascatur,L
2549 1652 2666 1706 sine
2711 1666 2818 1721 quo
2865 1667 2961 1723 per
2990 1653 3226 1724 seipsam
3272 1651 3325 1704 itt
3366 1666 3562 1721 genere

265 1742 529 1805 diorum,
573 1750 628 1794 et
675 1740 1019 1794 minimarum
1066 1739 1088 1771 ³
1126 1742 1403 1809 quantitas
1453 1740 1861 1811 multiplicatur.
1898 1736 1939 1794 Β
1968 1760 2066 1799 suo
2097 1743 2458 1799 essctttialiter
2488 1753 2808 1813 permanet,
2847 1760 3023 1814 neque
3067 1760 3189 1799 eum
3220 1761 3285 1800 eo
3315 1762 3564 1801 corrum-

266 1832 424 1900 Quae
470 1842 651 1886 tamen
694 1830 716 1862 ’
760 1831 974 1897 omnia,
1013 1832 1115 1886 hoc
1155 1840 1241 1887 est
1280 1833 1548 1898 maxima,
1582 1842 1636 1887 et
1665 1833 1863 1898 media,

264 1933 319 1979 et
346 1923 619 1987 minima,
666 1937 732 1977 ex
761 1933 1012 1991 quattuor
1051 1923 1378 1993 purissimis,
1422 1923 1861 1996 simplicissimis,

267 2017 741 2086 invisibilibusqne
785 2017 830 2047 '°
878 2032 975 2087 per
1009 2032 1068 2072 se
1105 2017 1387 2072 elementis
1435 2018 1862 2082 constituuntur,

264 2108 535 2178 quoniam
560 2108 612 2160 itt
642 2124 704 2161 ea
733 2106 1104 2172 resolvuntur;
1143 2107 1345 2163 nullum
1367 2108 1509 2165 enim
1535 2107 1860 2163 elementum

262 2218 360 2274 per
388 2217 454 2257 se
482 2216 745 2271 corporeo
785 2216 944 2255 sensu
989 2200 1292 2270 attingitur.
1343 2200 1399 2257 Si
1429 2216 1579 2272 ergo,
1612 2208 1669 2255 ut
1698 2215 1858 2270 prae-

264 2296 430 2352 dictis
445 2292 748 2349 rationibus
766 2292 1192 2348 demonstratum
1215 2300 1318 2356 est,
1343 2300 1597 2360 quattuor
1619 2290 1702 2344 illa
1727 2305 1859 2359 pura

262 2386 543 2441 elementa
580 2382 901 2437 ﬁrmamenti
933 2381 976 2413 ¹¹
1026 2380 1109 2435 vel
1155 2380 1288 2435 caeli
1337 2380 1599 2434 vocabulo
1630 2395 1662 2433 a
1706 2377 1861 2434 Scri-

263 2475 499 2546 ptura"
544 2482 768 2545 propter
810 2487 944 2527 suae
991 2481 1217 2526 naturae
1263 2471 1561 2542 simplicem
1606 2470 1858 2524 virtutem

263 2574 590 2623 meruerunt
620 2563 895 2634 appellari,
924 2563 1176 2618 nimirum
1210 2563 1389 2617 omnia
1419 2576 1645 2630 corpora
1683 2561 1751 2615 ab
1781 2561 1861 2617 eis

261 2666 313 2711 et
342 2657 453 2711 sub
479 2655 564 2708 eis
590 2652 842 2709 ineﬂ‘abili
868 2669 1053 2709 eorum
1080 2653 1222 2708 coitu
1255 2652 1567 2716 constituta,
1598 2666 1859 2721 aquarum

260 2748 361 2801 sub
388 2744 553 2800 caelo
581 2744 876 2815 positarum
913 2750 1138 2813 possunt
1184 2742 1399 2796 nomine
1449 2741 1856 2811 comprehendi.

260 2834 371 2889 ὗες
408 2833 717 2898 immerito;
764 2848 891 2885 nam
924 2847 1029 2885 non
1076 2830 1249 2886 solmn
1290 2831 1563 2885 mutabilia
1595 2841 1741 2896 sunt,
1769 2847 1864 2886 ve-

262 2943 381 2981 rum
439 2926 605 2980 etiam
637 2923 971 2994 generationi
1005 2932 1060 2977 et
1094 2922 1423 2993 corruptioni
1457 2921 1722 2993 subjecta.
1762 2922 1857 2977 Et-

259 3020 407 3072 enim
455 3017 547 3073 illa
574 3016 652 3082 ",
695 3031 834 3086 quae
872 3014 1121 3071 caelestia
1176 3015 1261 3069 vel
1305 3017 1559 3070 aetherea
1608 3017 1860 3073 dicuntur

1966 1837 2134 1906 pitur,
2166 1834 2421 1903 quoniam
2467 1835 2644 1887 onmis
2668 1832 2714 1865 “
2742 1833 2998 1895 essentia,
3029 1843 3081 1887 et
3123 1835 3314 1900 virtus,
3342 1843 3397 1889 et
3427 1850 3559 1904 0pc-

1968 1926 2110 1981 ratio
2155 1940 2277 1980 cum
2330 1924 2771 1995 corruptibilibus
2807 1933 2862 1978 et
2895 1923 3243 1979 mutabilibus
3289 1942 3391 1981 nec
3436 1941 3561 1981 cor-

1965 2016 2182 2087 rumpi,
2234 2028 2336 2069 nec
2379 2015 2578 2068 mutari
2627 2026 2850 2084 possunt
2897 2014 3128 2084 propriis
3167 2030 3298 2069 suae
3329 2025 3560 2070 naturae

1964 2108 2218 2164 subsidiis
2232 2107 2456 2162 solidata
2474 2107 2539 2170 ",
2556 2136 2624 2144 —
2639 2106 2844 2169 aridae,
2861 2106 2960 2159 hoc
2974 2114 3075 2165 est,
3108 2114 3283 2160 terrae
3300 2106 3560 2161 vocabulo

1964 2214 2069 2254 nou
2087 2198 2380 2267 incongrue
2397 2194 2696 2265 appellatur
2712 2194 2778 2247 ’⁸.
2813 2193 3199 2267 Congregentur
3225 2213 3346 2267 ergo
3368 2213 3559 2268 aquae,

1960 2305 2096 2360 quae
2142 2286 2237 2340 sub
2287 2284 2431 2340 caelo
2469 2294 2628 2349 sunt,
2676 2285 2731 2338 in
2783 2283 2953 2338 locarat
2988 2302 3175 2347 unum,
3218 2295 3267 2340 et
3308 2295 3559 2358 appareat

1962 2380 2136 2432 arida.
2174 2375 2287 2431 Nisi
2315 2376 2458 2429 enint
2488 2374 2936 2445 contetnplativns
2964 2376 3177 2431 animus
3204 2374 3552 2433 ﬂuctuantem

1964 2469 2224 2523 materiae
2268 2466 2720 2534 adltaerentisqne
2764 2465 2812 2520 ei
2862 2465 3067 2520 formae
3119 2466 3556 2533 instabilitatem,

1963 2560 2128 2615 veluti
2154 2558 2414 2629 quosdam
2444 2566 2754 2612 aestuantes
2797 2556 2992 2612 ﬂuctus
3018 2598 3032 2623 ,
3082 2558 3134 2613 in
3164 2575 3328 2613 unum
3363 2559 3555 2615 intelli-

1962 2652 2175 2723 gentiae
2202 2650 2398 2713 locum,
2421 2663 2561 2702 unus
2587 2663 2821 2720 namque
2843 2648 3153 2703 intellectus
3181 2658 3266 2703 est
3296 2649 3557 2707 materiae

1960 2752 2015 2798 et
2044 2742 2387 2797 adhaerentis
2415 2738 2459 2772 ¹¹¹
2511 2740 2559 2794 ei
2604 2737 2845 2807 formae,
2878 2740 3132 2810 quoniant
3164 2758 3327 2795 unum
3361 2758 3557 2813 corpus

1961 2831 2196 2887 eﬂlciunt
2216 2872 2231 2896 ,
2262 2833 2411 2902 prius
2442 2829 2679 2903 colligat,
2713 2828 2885 2886 forma
2917 2828 3005 2884 illa
3040 2831 3431 2897 substantialis,
3466 2848 3557 2885 na-

1962 2922 2120 2977 turali
2148 2922 2418 2975 soliditate
2450 2936 2579 2975 suae
2609 2929 2832 2975 naturae
2860 2935 3074 2991 semper
3103 2922 3330 2985 stabilis,
3360 2924 3556 2975 ntcntis

1962 3014 2133 3069 oculis
2164 3028 2425 3082 apparere
2465 3027 2569 3066 non
2602 3011 2822 3082 poterit.
2870 3012 2942 3067 Ut
2966 3013 3108 3066 enim
3143 3010 3355 3067 dill'usio
3386 3028 3555 3083 aqua-

262 3123 497 3178 corpora
527 3147 544 3172 ,
586 3085 833 3176 quamvis
883 3105 1179 3176 spiritualia
1215 3112 1270 3159 et
1308 3096 1734 3175 ineorruptibilia
1773 3106 1856 3159 vi-
1885 3102 1931 3166 C
1964 3119 2081 3158 rum
2108 3102 2314 3157 telluris
2341 3102 2686 3165 soliditatem,
2717 3117 2781 3155 ne
2809 3085 3057 3157 sensibus
3082 3104 3359 3173 corporeis
3389 3119 3554 3173 appa-

264 3199 505 3253 deantnr
535 3211 673 3262 esse,
706 3197 1011 3251 necessario
1043 3206 1220 3251 tamen
1249 3196 1326 3263 “,
1360 3198 1615 3265 quoniam
1645 3213 1739 3267 per
1766 3214 1861 3269 ge-

262 3287 610 3343 nerationem
637 3295 690 3340 et
720 3286 1161 3355 compositionem
1207 3286 1593 3341 itteltoaverunt
1624 3287 1756 3351 ﬁeri,
1793 3288 1858 3342 ad

259 3378 431 3432 ﬁnem
462 3392 597 3431 suae
630 3377 910 3431 solutionis
938 3384 994 3430 et
1024 3377 1384 3446 corruptionis
1426 3378 1759 3448 pervenient.
1798 3376 1856 3431 Si

259 3477 446 3522 autern
477 3466 732 3522 caelestia
760 3481 986 3537 corpora
1015 3467 1379 3520 necessariam
1410 3467 1492 3521 sui
1533 3467 1857 3521 solutionem

259 3568 581 3629 expectant,
614 3559 842 3612 veritate
870 3558 1081 3612 dicente
1122 3572 1137 3610 :
1176 3555 1391 3611 Caelum
1430 3566 1478 3612 et
1508 3568 1652 3611 terra
1680 3567 1855 3611 trans-

258 3650 410 3704 ibunt
438 3649 515 3715 ¹⁸;
549 3656 603 3703 et
632 3648 675 3679 ¹⁶
701 3648 985 3703 Psalmista
1014 3666 1026 3702 :
1051 3646 1220 3716 Opera
1234 3664 1483 3701 manuum
1510 3657 1719 3701 tuarum
1739 3657 1857 3702 sunt

258 3738 419 3805 caeli,
452 3738 556 3807 ipsi
579 3737 850 3806 peribunt,
879 3746 932 3792 et
960 3736 1153 3790 similia
1185 3734 1242 3790 S.
1274 3735 1585 3805 Scripturae
1617 3737 1859 3789 testimo-

259 3828 373 3894 nia,
404 3826 540 3898 quid
580 3827 646 3882 de
676 3827 875 3882 inlimis
903 3826 1083 3881 mundi
1116 3828 1432 3895 corporibus
1457 3836 1539 3880 est
1567 3826 1859 3880 aestiman-

256 3920 411 3986 dum,
447 3936 586 3991 quae
617 3920 855 3988 quotidie
882 3928 1178 3974 nascuntur
1208 3927 1367 3987 atque
1398 3918 1716 3974 solvuntur?
1754 3917 1855 3971 lta-

257 4026 368 4082 que
394 4011 447 4067 si
477 4011 531 4064 in
568 4009 715 4065 omni
750 4024 976 4079 corpore
1023 4010 1140 4065 sive
1184 4009 1428 4074 caelesti,
1468 4010 1582 4064 sive
1619 4017 1853 4073 terreno,

257 4102 376 4157 sive
407 4100 634 4170 aquatili
683 4100 949 4155 instabilis
980 4099 1262 4156 inundatio
1303 4101 1563 4155 materiae
1611 4099 1857 4155 informis

258 4194 627 4264 prospicitur;
674 4194 745 4249 ita
775 4195 918 4249 enint
948 4194 1225 4260 delinitur,
1258 4195 1483 4250 materia
1511 4205 1593 4249 est
1625 4194 1857 4249 mutabi-

259 4286 389 4341 litas
440 4301 623 4339 rerum
668 4286 1004 4340 mutabilium
1052 4303 1220 4356 capax
1257 4288 1497 4341 omnium
1532 4285 1850 4348 formarum,

258 4374 701 4444 iustabilitasque
733 4375 1007 4433 mutabilis
1053 4378 1259 4432 formae
1280 4419 1295 4444 ,
1343 4393 1448 4448 qua
1482 4378 1593 4448 ipsa
1627 4378 1850 4432 materia

1958 3205 2096 3259 reat,
2121 3196 2393 3266 cooperit:
2437 3195 2508 3249 ita
2541 3195 2971 3265 corruptibilium
3005 3210 3294 3265 corporum
3327 3197 3555 3251 mutabi-

1961 3287 2083 3342 litas
2130 3296 2185 3341 et
2223 3285 2630 3341 innumerabilis
2674 3285 3051 3354 multiplicatio
3088 3286 3431 3341 subsistentis
3472 3287 3554 3342 eis

1960 3376 2166 3433 formae
2201 3376 2547 3432 stabilitatem
2589 3375 2657 3430 ab
2689 3375 3145 3430 intellectualibns
3172 3376 3365 3442 oculis,
3395 3387 3553 3430 natu-

1958 3484 2047 3523 ras
2077 3468 2123 3499 ’⁸
2150 3484 2329 3522 rerum
2348 3466 2858 3536 contemplantibus,
2886 3466 3083 3529 aufert,
3113 3481 3178 3521 ne
3200 3482 3295 3536 per
3309 3467 3484 3537 scipsa
3502 3464 3555 3499 "

1958 3577 1988 3616 a
2038 3560 2357 3632 corporibus
2412 3560 2646 3615 discreta
2703 3560 3077 3615 consideretur
3130 3560 3433 3630 perspicua.
3486 3560 3552 3613 Et

1958 3654 2411 3724 quemadmodum
2464 3652 2841 3707 recedentibus
2882 3653 3080 3722 aquis,
3130 3651 3290 3722 inque
3339 3651 3551 3707 alveum

1958 3762 2112 3800 suum
2141 3745 2379 3815 undique
2410 3744 2637 3800 col‘ecte
2676 3743 2984 3808 cumulatis,
3014 3743 3195 3801 littora
3234 3744 3391 3817 longe
3419 3742 3552 3800 late-

1956 3848 2062 3904 que
2100 3835 2264 3896 nuda,
2296 3850 2359 3887 ac
2384 3832 2427 3865 ³ο
2469 3834 2646 3897 sicca,
2678 3834 2959 3902 solidaque
2996 3844 3310 3904 patescunt:
3356 3835 3437 3890 sic
3464 3835 3549 3890 in-

1958 3923 2254 3979 stabilitate
2283 3923 2713 3995 corruptibilium
2751 3939 2932 3977 rerum
2978 3926 3175 3979 mentis
3204 3926 3447 3979 contuitu
3479 3926 3549 3980 ab

1958 4013 2452 4084 iucorruptibilibus
2481 4013 2687 4068 naturis
2719 4028 2826 4067 uno
2853 4013 3327 4083 contemplationis
3360 4024 3549 4069 tenore

1957 4116 2237 4174 segregata
2263 4145 2278 4169 ,
2321 4119 2444 4159 mox
2495 4102 2789 4158 formarum
2835 4103 3268 4158 substantialimn
3291 4144 3306 4167 ,
3337 4112 3393 4158 et
3425 4120 3548 4174 spe-

1958 4197 2160 4250 clerum
2227 4194 2580 4249 immutabilis
2644 4193 3116 4263 pulclterritttaque
3177 4194 3421 4249 soliditas
3490 4195 3542 4248 in

1957 4285 2245 4356 generibus
2308 4284 2420 4340 suis
2490 4284 2656 4339 animi
2729 4284 3006 4340 obtutibus
3083 4286 3307 4340 arridet.
3375 4285 3541 4340 Arida

1956 4384 2135 4429 autem
2207 4374 2403 4430 dicitur
2476 4375 2908 4429 substantialium
2975 4374 3269 4430 formarum
3335 4377 3541 4432 stabili-

257 4468 580 4542 specilicata
620 4468 910 4537 formatur;
961 4471 1076 4543 ipsa
1123 4486 1354 4542 namque
1399 4479 1485 4526 est
1536 4471 1850 4539 qualitativa
1879 4453 1930 4511 Ῐ)
1960 4476 2060 4520 tas.
2110 4464 2221 4521 Nec
2269 4464 2574 4531 immerito;
2623 4467 2877 4537 quoniam
2923 4468 3062 4522 nuda
3093 4475 3148 4520 et
3184 4466 3539 4524 absolutaest

259 4563 466 4627 forma,
490 4577 629 4632 quae
652 4562 901 4632 adjuncta
932 4563 1189 4617 materiae
1211 4563 1252 4595 ¹⁷
1281 4578 1475 4633 corpus
1499 4561 1692 4630 ellicit;
1722 4579 1854 4634 qna-

259 4652 532 4707 litativam
561 4650 778 4721 quidem
809 4651 1037 4706 formam
1067 4652 1189 4708 dico
1220 4651 1385 4719 illam,
1419 4667 1557 4723 quae
1583 4668 1647 4707 ex
1677 4651 1853 4723 quali-

259 4754 376 4800 tate
407 4753 625 4813 sumpta
660 4750 715 4799 et
748 4744 1047 4814 quantitate
1090 4743 1338 4799 sensibus
1371 4744 1647 4815 corporeis
1689 4759 1854 4814 appa-

259 4843 370 4900 ret,
403 4834 773 4903 materiaeque
799 4833 1133 4888 instabilitati
1164 4834 1206 4866 "
1237 4834 1557 4900 adhaerens,
1584 4849 1707 4888 cum
1738 4834 1853 4902 ipsa

256 4936 484 4995 semper
507 4921 733 4979 ﬂuctuat
754 4962 770 4989 ,
808 4924 1208 4995 generationem
1237 4930 1292 4978 et
1316 4923 1712 4993 corruptionem
1757 4937 1854 4991 pa-

1957 4558 2196 4613 omnimn
2219 4557 2946 4628 accidentiumoperimento.
2967 4560 3154 4617 Omnis
3183 4562 3328 4617 enim
3364 4563 3539 4619 forma

1957 4657 2012 4704 et
2040 4648 2266 4718 species,
2317 4648 2368 4702 in
2407 4648 2645 4718 generali
2685 4647 3067 4719 simplicitate,
3121 4665 3225 4721 qua
3272 4653 3540 4719 subsistit,

1958 4738 2336 4803 considerata,
2386 4737 2743 4793 accidentium
2793 4753 3059 4795 concursu
3088 4739 3130 4771 "
3181 4741 3407 4797 omnino
3455 4752 3538 4797 est

1955 4826 2155 4894 libera;
2206 4842 2433 4898 corpora
2478 4842 2642 4894 vero,
2691 4828 2887 4898 quibus
2928 4829 3203 4897 subsistit,
3239 4830 3460 4886 omnino
3491 4830 3539 4862 "

1946 4919 2321 4979 accidentium
2351 4919 2572 4990 capacia
2605 4926 2750 4976 sunt.
2780 4919 2856 4975 De
2881 4917 3053 4976 forma
3076 4930 3259 4977 autem
3289 4920 3537 4977 substan-

1543 5050 1799 5108 VAlllAE
1833 5049 2236 5108 LECTIONES.
3467 5116 3477 5125 ο

331 5171 353 5204 ¹
398 5171 444 5225 Α
473 5181 547 5225 est
572 5171 947 5237 consideratio.
1022 5167 1045 5199 ‘
1081 5168 1126 5220 Α
1158 5167 1400 5220 materia.
1477 5166 1499 5198 ³
1524 5168 1568 5219 Α
1603 5166 1789 5237 eﬁlcit;
1817 5164 1930 5237 sola
1955 5165 2231 5235 siquidem.
2320 5164 2343 5195 ⁸
2365 5179 2557 5237 corpus
2605 5179 2715 5219 om.
2747 5164 2811 5218 C.
2884 5165 2924 5237 7'
2956 5164 3415 5237 perfectnmﬂom.
3463 5165 3532 5220 Α.

812 5240 831 5272 ⁷
873 5236 1062 5307 Conj.;
1094 5239 1139 5290 A
1166 5239 1458 5301 minorum;
1486 5237 1527 5290 C
1556 5236 1802 5307 aliarum.

1215 5308 1258 5337 “
1292 5307 1337 5359 Α
1370 5307 1666 5375 scripturis.

1429 5375 1473 5408 "
1496 5376 1542 5429 A
1570 5386 1641 5429 et.

255 5242 282 5276 ⁸
316 5245 363 5296 Α
426 5242 721 5295 materiam.

254 5317 428 5379 θυι).
506 5310 547 5344 ⁸⁸
582 5309 901 5379 firmamenti
933 5308 1139 5379 om.A.

261 5383 323 5416 ’ν’
343 5376 393 5436 C
423 5376 627 5450 adjecta
642 5382 884 5450 rmaterie.
966 5376 1008 5408 ¹⁸
1031 5378 1072 5430 Α
1100 5376 1351 5450 instabili.

253 5469 313 5509 ε.
374 5447 576 5503 aestum
615 5449 981 5520 [institutionis
1028 5447 1273 5520 assiduae
1323 5454 1364 5499 t.
1404 5461 1469 5520 _p.

250 5529 300 5556 ἰ
347 5527 461 5575 Pro
501 5516 634 5593 quae
674 5521 725 5593 CA
760 5531 830 5573 et.
942 5519 992 5593 ’ξ
1030 5516 1132 5593 Pro
1159 5516 1359 5585 patitur
1394 5516 1652 5593 Citium.

241 5602 288 5635 ⁸⁴
325 5600 375 5651 Δ
418 5591 523 5652 adii
544 5591 874 5658 retentisque.

264 5672 611 5720 metuentium
639 5676 913 5713 concursu.
944 5674 1053 5715 om.
1080 5657 1142 5711 (2.

951 5588 997 5621 "‘
1036 5590 1080 5639 Α
1109 5597 1375 5639 naturam.
1453 5588 1490 5618 ²¹

951 5674 1053 5709 om.
1080 5657 1142 5709 t2.
1218 5654 1263 5687 ³³
1282 5653 1323 5709 C
1349 5656 1490 5709 omni

1349 5670 1488 5710 omni
1496 5670 1604 5709 um.

1896 5236 1917 5267 ⁸
1953 5239 1994 5287 Λ
2029 5249 2385 5288 numerorum.

1746 5306 1791 5338 ¹³
1827 5304 1872 5358 Δ
1910 5303 2015 5357 Illa
2050 5305 2259 5357 etenim.

1717 5375 1764 5406 '°
1801 5377 1847 5429 Δ
1880 5384 1936 5428 ut
1972 5375 2085 5443 ipsa
2108 5373 2431 5428 mutabilitas
2483 5376 2743 5430 materiae
2774 5390 2823 5430 c.
2857 5373 2892 5429 i.
2928 5375 2964 5427 l'.
3089 5388 3142 5441 q.
3175 5388 3226 5425 e.
3260 5373 3531 5434 adhaeret,

1723 5460 1753 5482 ρ
1822 5459 1848 5482 tt
1908 5458 1940 5482 ο
2014 5458 2047 5482 n
2095 5452 2133 5482 l-
2195 5444 2411 5482 nnntinn
2471 5445 2649 5482 ιΙοΙηηι
2706 5444 2997 5482 κίηηίηιιειιιὶ
3134 5443 3176 5473 ﬂ
3227 5443 3280 5482 in
3319 5456 3427 5482 nm-
3466 5443 3500 5482 Δ

1530 5461 1581 5499 a.
1631 5460 1679 5500 s.
1723 5459 1868 5516 c.g_s.
1908 5458 1958 5498 e.
2002 5458 2067 5516 Ap.
2095 5452 2135 5496 t.
2192 5444 2411 5516 nomine
2441 5445 2650 5516 debeat
2705 5444 3030 5516 signiﬁcari?

1785 5512 1833 5544 “
1869 5514 2039 5568 omnis
2081 5528 2191 5568 om.
2230 5514 2296 5569 Α.

1453 5585 1499 5618 ²⁹
1537 5584 1653 5655 ipsa
1681 5599 1792 5642 om.
1820 5583 1889 5639 Α.

2475 5233 2496 5264 ⁸
2533 5235 2577 5287 Α
2632 5247 2776 5288 tunc.

2339 5305 2380 5334 "
2419 5303 2465 5357 Α
2505 5315 2649 5359 tunc.
2730 5305 2773 5337 ⁸³
2809 5306 2853 5359 Α
2882 5304 3141 5375 peribunt.

2878 5236 2919 5266 ¹⁰
2948 5242 2989 5287 Λ
3014 5236 3358 5288 inuisibilibus
3397 5234 3535 5303 (que

2884 5304 3141 5356 peribunt.
3221 5304 3264 5335 "
3302 5303 3343 5355 A
3386 5304 3529 5356 item.

3134 5443 3176 5473 ²¹
3227 5443 3282 5494 in
3319 5456 3428 5495 o'n.
3461 5443 3528 5497 Δ.

2409 5514 2457 5547 ³⁸
2492 5516 2718 5570 solidata
2757 5511 2864 5570 om.
2901 5514 2968 5567 Α.
3064 5511 3110 5543 ³⁸
3143 5511 3188 5564 Δ
3219 5514 3529 5581 appelletur.

1967 5582 2013 5616 ³⁵
2051 5598 2113 5638 ac
2141 5598 2252 5642 om.
2281 5584 2351 5640 Α.
2424 5584 2468 5618 ⁸⁸
2509 5599 2849 5657 operimento.
2882 5582 3065 5637 Omnis
3091 5583 3230 5636 enim
3260 5582 3434 5652 [arma
3459 5611 3525 5624 —
