3912 6154
368 250 473 305 703

1790 231 2073 295 JOANNIS
2110 230 2305 293 SCO'l‘I

3501 233 3603 295 7st

364 358 506 425 nali,
526 370 853 427 semperque
882 362 1235 423 permanente
1272 348 1309 410 '.
1343 346 1518 419 deque
1544 349 1656 418 ipsa
1684 346 1930 401 n-utabili
1957 355 2012 413 Α
2038 360 2270 414 eamque
2300 336 2755 398 inundationibus
2779 334 2895 397 suis
2916 341 3181 412 cooperit,
3214 350 3272 396 ut
3298 341 3383 397 vis
3408 343 3474 397 ad
3500 362 3601 416 pu-

360 464 426 503 ex
464 445 727 518 qualitate
773 454 828 498 et
873 443 1173 512 quantitate
1212 444 1233 473 ’
1277 441 1536 496 materiae
1577 440 1846 512 capulata,
1885 441 1940 496 in

362 535 540 603 primo
578 534 716 589 libro
753 533 905 597 satis,
957 541 1016 586 ut
1046 533 1257 601 Opinor,
1307 539 1393 586 est
1435 540 1638 586 actum.
1691 531 1758 584 Et
1799 546 1943 586 nunc

341 627 601 682 ~breviter
642 627 709 679 de
755 624 943 678 iisdem
984 624 1355 694 repetendum,
1388 637 1456 677 ne
1485 622 1592 677 ulla
1622 621 1944 691 ambiguitas

360 716 663 788 legentibus
693 715 1047 784 relinquatur.
1080 712 1463 768 Substantialis
1492 711 1666 766 forma
1693 721 1776 766 est
1803 712 1941 780 ipsa,

360 807 515 878 cuius
554 806 969 876 participatione
1001 806 1179 860 omnis
1210 805 1485 859 individua
1513 803 1722 873 species
1748 801 1946 857 forma-

362 908 468 961 tur,
509 907 564 951 et
595 908 678 951 est
708 911 812 949 una
839 896 892 950 in
920 896 1189 969 onmibus,
1223 903 1277 950 et
1305 893 1483 949 omnis
1512 893 1566 947 in
1596 907 1726 957 una,
1754 900 1809 946 et
1843 907 1944 947 nec

360 987 754 1056 multiplicatur
795 985 849 1039 in
894 985 1285 1054 multiplicatis,
1343 998 1442 1037 nec
1491 982 1755 1037 minuitur
1782 982 1833 1035 in
1862 997 1944 1036 re-

359 1076 564 1128 tractis.
617 1073 733 1128 Non
781 1074 925 1128 enim
974 1072 1144 1141 major
1192 1081 1276 1127 est
1324 1071 1346 1103 ⁸
1402 1071 1574 1125 forma
1633 1071 1740 1136 illa,
1797 1072 1942 1126 verbi

356 1163 554 1232 gratia.
602 1176 743 1234 quae
770 1161 971 1216 dicitur
999 1162 1181 1226 homo,
1210 1160 1263 1213 in
1298 1159 1509 1214 inﬁnita
1540 1161 1810 1214 humanae
1845 1176 1942 1213 na-

357 1261 510 1304 turae
550 1266 649 1321 per
688 1251 998 1307 individnas
1028 1252 1237 1321 species
1274 1251 1741 1320 multiplicatione,
1780 1266 1942 1320 quam

357 1342 410 1393 in
454 1340 545 1396 illo
590 1356 698 1395 uno
752 1350 806 1395 et
837 1343 1013 1411 primo
1056 1342 1295 1405 homine,
1345 1341 1435 1409 qni
1477 1341 1682 1409 primus
1719 1340 1741 1371 ⁸
1777 1342 1944 1411 parti-

355 1447 482 1500 ceps
527 1430 669 1486 illius
708 1432 883 1486 lactus
911 1441 1028 1498 est;
1072 1446 1172 1487 nec
1195 1433 1370 1485 minor
1396 1433 1447 1485 in
1479 1432 1568 1484 illo
1598 1444 1737 1495 erat,
1779 1448 1940 1502 quam

356 1538 408 1575 Ill
452 1530 722 1586 omnibus,
757 1537 987 1591 quorum
1017 1537 1244 1591 corpora
1272 1537 1336 1576 ex
1364 1522 1455 1574 illo
1478 1521 1940 1591 multiplicantur:

355 1614 450 1666 sed
499 1614 550 1666 in
593 1615 846 1668 omnibus
896 1629 1000 1667 una
1045 1614 1340 1682 eademque
1369 1623 1485 1677 est,
1529 1614 1661 1668 etin
1691 1614 1940 1669 omnibus

2038 451 2161 490 rum
2187 434 2231 467 "
2261 434 2530 504 dignosci,
2564 431 2695 503 quid
2727 432 2820 500 sit,
2850 432 3022 488 valeat
3053 448 3069 488 :
3108 432 3223 503 ipse
3250 444 3441 503 aquas,
3466 450 3601 505 quae

2036 529 2140 583 sub
2177 528 2327 583 caelo
2353 536 2482 582 sunt
2512 525 2712 581 divinis
2742 525 3205 580 admonitionibus
3244 526 3299 580 in
3325 541 3490 580 unum
3514 512 3602 581 ἰο-

2036 636 2161 676 cum
2180 621 2406 692 jubetur
2429 634 2781 690 congregare,
2808 628 2864 672 ut
2890 626 3148 688 appareat
3174 618 3352 683 arida,
3381 618 3480 673 hoc
3502 628 3600 683 est,

2037 722 2097 766 ut
2122 712 2333 766 occulta
2357 709 2734 766 substantialis
2757 711 2957 773 forma,
2983 711 3126 765 circa
3160 726 3321 780 quam
3352 710 3599 765 acciden-

2039 806 2175 858 tium
2205 805 2401 859 tinctus
2442 814 2786 869 enestuant,
2815 803 3271 858 intellectualibus
3298 803 3473 858 oculis
3505 819 3601 857 na-

2040 909 2192 953 turas
2220 912 2405 951 rerum
2436 894 2884 959 discernentibus
2913 895 3061 948 clare
3097 895 3394 964 perluceat.
3431 895 3503 949 De
3531 910 3596 950 eo

2036 1001 2242 1050 autem,
2265 989 2407 1058 quod
2441 990 2686 1043 omnium
2713 1004 2918 1053 rerum,
2945 1003 3084 1058 quae
3109 988 3325 1042 deliniri
3353 997 3600 1057 possunt,

2040 1091 2194 1135 tocns
2219 1079 2292 1134 sit
2317 1081 2628 1134 communis
2660 1094 2876 1145 eorum,
2904 1078 2989 1133 vel
3013 1079 3234 1149 propria
3257 1078 3528 1140 deﬁnitio,
3553 1078 3604 1132 in

2038 1171 2214 1242 primo
2243 1173 2383 1225 libro
2406 1172 2560 1238 satis,
2591 1181 2651 1225 ut
2677 1173 2893 1242 opinor,
2922 1173 3259 1242 disputatum
3289 1181 3392 1226 est.
3426 1171 3497 1225 Et
3520 1184 3608 1226 vae

2035 1267 2169 1319 cavit
2208 1262 2348 1317 Dens
2381 1264 2591 1317 aridam
2631 1273 2855 1326 terram,
2889 1263 3418 1334 congregationesque
3441 1279 3611 1333 aqua-

2037 1372 2154 1411 rum
2179 1355 2465 1425 appellavit
2491 1359 2685 1409 maria.
2726 1354 3127 1410 Vocabulorum
3156 1354 3527 1424 geminatione
3554 1355 3609 1408 in

2035 1451 2293 1515 operibus
2319 1449 2483 1501 trium
2515 1448 2950 1518 primordialium
2989 1447 3205 1501 dierum
3239 1446 3299 1510 ",
3338 1446 3392 1498 in
3433 1447 3611 1515 primo

2036 1538 2292 1595 vidi-licet
2314 1541 2607 1610 appellavit
2629 1541 2805 1594 lucem
2833 1540 2997 1601 diem,
3019 1547 3073 1593 et
3091 1537 3349 1592 tenebras
3370 1548 3610 1601 noctem,

2037 1630 2091 1684 in
2140 1632 2384 1687 secundo
2428 1632 2644 1687 vocavit
2677 1630 2820 1689 Deus
2848 1632 3255 1687 lirmamentum
3280 1630 3520 1694 caelum,
3557 1629 3610 1682 in

361 1712 468 1756 tota
497 1703 811 1772 aequaliter,
840 1703 893 1757 in
920 1704 1077 1757 nullis
1119 1703 1282 1757 ullam
1310 1703 1623 1757 varietatem
1675 1703 1756 1757 vel
1785 1699 1806 1734 ⁸
1836 1704 1944 1757 dis-
1973 1707 2019 1766 B
2049 1708 2209 1763 tertio
2248 1708 2459 1763 vocavit
2484 1709 2625 1763 Deus
2655 1709 2861 1762 aridam
2897 1719 3114 1771 terram,
3144 1709 3611 1776 congregationeso

354 1792 756 1847 similitudinem
773 1793 1053 1863 recipiens.
1078 1794 1275 1848 Eadem
1300 1794 1437 1847 ratio
1458 1802 1540 1847 est
1564 1793 1585 1824 °
1614 1795 1663 1846 in
1687 1795 1936 1849 omnibus

357 1881 802 1936 substantialibns
850 1882 1058 1947 l’ormis,
1116 1882 1169 1934 in
1215 1896 1373 1950 equo,
1408 1882 1460 1934 in
1486 1882 1638 1947 bove,
1672 1883 1722 1935 in
1761 1882 1932 1947 leone,

353 1972 658 2040 ceterisque
702 1972 1045 2035 animalibus,
1092 1971 1143 2025 in
1170 1972 1401 2026 surculis
1428 1988 1641 2041 quoque
1670 1982 1726 2026 et
1756 1973 1938 2028 herbis

355 2059 549 2114 similis
594 2059 776 2127 regula
824 2059 1144 2113 naturaliter
1185 2061 1562 2125 constituitur;
1597 2059 1767 2114 forma
1808 2076 1936 2115 vero

352 2146 464 2209 illa.
496 2150 755 2205 materiae
778 2151 1084 2205 adhaerens
1107 2150 1175 2204 ad
1204 2151 1641 2205 constitutionem
1668 2151 1931 2220 corporis,

351 2239 501 2293 Varia
530 2255 766 2309 semper,
798 2251 961 2310 atque
992 2241 1288 2307 mutabilis,
1321 2242 1485 2311 inque
1512 2241 1756 2297 diversas
1781 2242 1937 2297 diﬂ'e-

351 2330 559 2384 rentias
587 2330 878 2386 secundum
926 2332 1180 2386 accidens
1211 2331 1476 2402 dispersa.
1524 2329 1641 2385 Non
1687 2331 1832 2386 enim
1865 2346 1932 2386 ex

351 2420 688 2477 naturalibus
738 2422 918 2477 causis
962 2421 1254 2477 visibilium
1300 2421 1598 2477 formarum
1652 2421 1931 2494 multiplex

349 2508 653 2566 dill‘erentia
696 2512 943 2583 procedit
984 2512 1038 2566 in
1070 2528 1177 2567 una
1226 2512 1523 2581 eademque
1549 2512 1932 2570 sultstantiali'

349 2597 544 2665 forma,
596 2601 692 2655 sed
736 2602 1077 2656 extrinsecus
1114 2602 1313 2657 evenit.
1347 2600 1637 2657 Hominum
1667 2604 1928 2673 siquidem

349 2689 492 2745 inter
521 2705 578 2746 se
601 2690 981 2747 dissimilitudo
1008 2693 1061 2746 in
1091 2692 1263 2759 vultu,
1304 2692 1359 2747 in
1386 2692 1687 2762 quantitate
1714 2703 1771 2750 et
1801 2711 1931 2764 qna-

349 2781 501 2838 litate
545 2782 881 2853 singulorum
936 2798 1225 2854 corporum
1254 2783 1298 2852 ‘,
1353 2800 1565 2840 morum
1602 2800 1838 2856 quoque,
1876 2795 1933 2843 et

350 2874 827 2930 conversationum
878 2874 1113 2930 varietas
1161 2890 1270 2929 non
1317 2888 1386 2930 ex
1430 2876 1668 2939 humana
1712 2885 1928 2943 natura,

350 2979 489 3034 quae
538 2979 646 3019 una
695 2964 992 3034 eademque
1025 2973 1110 3020 est
1135 2964 1187 3019 in
1217 2965 1491 3029 omnibus,
1522 2965 1577 3019 in
1604 2965 1800 3036 quibus
1825 2974 1927 3032 est,

2040 1813 2145 1869 que
2165 1813 2422 1867 aquarum
2448 1798 2735 1868 appellavit
2761 1798 2951 1859 maria,
2986 1797 3253 1867 duplicem
3278 1798 3441 1851 totius
3465 1810 3621 1851 crea-

2041 1899 2190 1945 turae
2217 1890 2634 1961 speculationem
2666 1890 2955 1962 signiﬁcari
2979 1890 3237 1943 arbitror.
3280 1888 3451 1943 Aliter
3470 1889 3618 1943 enim

2038 1982 2095 2037 in
2119 1983 2322 2047 causis,
2346 1980 2502 2037 aliter
2527 1982 2581 2036 in
2605 1980 2884 2036 etl‘ectibus
2906 1996 3011 2035 una
3035 1980 3332 2049 eademque
3359 1994 3446 2034 res
3466 1979 3620 2034 theo-

2038 2069 2153 2126 riae
2201 2070 2658 2141 speculationibus
2697 2069 2998 2124 intimatur.
3048 2068 3121 2123 Et
3165 2069 3291 2123 vidit
3314 2070 3456 2122 Deus
3478 2065 3618 2139 quod

2037 2169 2167 2213 esset
2198 2158 2408 2212 bonum.
2444 2154 2594 2215 Visio
2629 2158 2720 2212 Dei
2766 2157 2930 2212 totius
2972 2156 3345 2212 universitatis
3374 2165 3460 2209 est
3486 2169 3618 2210 con-

2039 2253 2189 2306 ditio.
2216 2250 2330 2306 Non
2362 2253 2504 2307 enim
2525 2251 2668 2307 aliud
2690 2260 2773 2307 est
2795 2251 2844 2307 ei
2869 2251 3071 2315 videre,
3099 2258 3155 2304 et
3176 2248 3220 2280 υ
3244 2248 3390 2301 aliud
3417 2245 3614 2308 facere,

2039 2344 2133 2397 sed
2163 2341 2300 2395 visio
2324 2340 2466 2397 illius
2508 2341 2759 2396 voluntas
2800 2338 2918 2410 ejus
2961 2349 3063 2403 est,
3111 2347 3166 2401 et
3204 2337 3455 2392 voluntas
3494 2349 3617 2406 ope-

2039 2430 2197 2487 ratio.
2249 2426 2440 2485 Merito
2487 2439 2666 2484 autem
2713 2444 2904 2495 omne,
2936 2431 3080 2498 quod
3126 2428 3261 2481 vidit
3314 2426 3479 2491 Deus,
3528 2430 3615 2479 est

2038 2523 2267 2578 bunum.
2318 2520 2509 2576 Divina
2550 2519 2815 2590 siquidem
2846 2520 3062 2575 bonitas
3086 2518 3348 2574 bonorum
3377 2514 3615 2569 omnium

2037 2629 2201 2671 causa
2242 2621 2356 2678 est,
2410 2613 2520 2667 imo
2557 2612 2721 2667 etiam
2748 2612 2929 2667 omnia
2956 2609 3095 2667 bona
3130 2610 3246 2680 ipsa
3275 2617 3376 2664 est.
3405 2605 3616 2660 Nullum

2035 2703 2180 2759 enim
2208 2718 2305 2773 per
2338 2715 2398 2757 se
2428 2702 2625 2757 bonum
2651 2709 2753 2768 est,
2784 2703 2877 2757 sed
2901 2702 2955 2756 in
2988 2707 3249 2771 quantum
3279 2700 3483 2753 bonum
3507 2704 3615 2762 est,

2041 2794 2465 2867 participatione
2504 2793 2647 2848 illius
2690 2792 2838 2859 toni,
2890 2793 3033 2862 quod
3075 2806 3174 2862 per
3195 2805 3253 2845 se
3283 2786 3620 2845 solummodo

2034 2882 2395 2941 substantiale
2430 2883 2632 2938 bonum
2657 2893 2758 2947 est,
2793 2881 2992 2936 bonum
3015 2889 3119 2936 est.
3148 2878 3317 2933 Nemo
3350 2875 3496 2934 enim
3531 2876 3622 2931 bo-

2036 2993 2156 3043 nus,
2184 2974 2287 3031 nisi
2316 2974 2460 3030 solus
2499 2972 2663 3030 Deus.
2718 2972 2854 3029 Vidit
2878 2989 3007 3045 ergo
3037 2969 3178 3027 Deus
3202 2970 3341 3042 quod
3367 2982 3497 3025 esset
3528 2968 3620 3023 bo.

351 3070 408 3109 ct
456 3054 558 3111 sibi
605 3069 818 3124 semper
857 3054 1152 3122 simillima,
1207 3055 1518 3124 nullamque
1545 3054 1568 3086 ’
1620 3056 1935 3111 varietatem
1964 3059 2009 3120 Ο
2040 3084 2188 3132 num,
2242 3066 2347 3122 hoc
2396 3074 2501 3132 εει,
2546 3065 2681 3121 vidit
2728 3067 2964 3136 δείρειιηι
3010 3065 3064 3119 in
3113 3064 3362 3118 omnibus
3394 3063 3617 3118 bonum.

350 3151 639 3223 recipiens,
666 3153 759 3206 sed
780 3165 846 3205 ex
872 3150 977 3214 his,
1001 3164 1139 3220 quae
1160 3150 1306 3206 circa
1334 3165 1451 3203 eam
1479 3149 1520 3181 ¹⁶
1542 3149 1933 3220 intelliguntur,

350 3242 644 3315 contingit,
694 3256 761 3297 ex
801 3240 933 3295 locis
974 3240 1246 3306 videlicet,
1275 3240 1710 3310 temporibusque
1753 3240 1819 3306 “,
1865 3255 1933 3294 ex

350 3333 717 3404 generatione,
749 3340 804 3385 et
828 3329 1093 3400 qualitate
1136 3339 1192 3385 et
1225 3330 1532 3398 quantitate
1577 3329 1619 3361 "
1648 3327 1935 3385 alimonio-

355 3438 499 3487 rum,
536 3422 837 3488 regionum,
866 3434 1073 3484 aerum,
1105 3419 1158 3473 in
1182 3419 1376 3488 quibus
1404 3417 1649 3489 quisquis
1674 3417 1933 3483 nascitur,

352 3526 446 3566 seu
476 3511 730 3574 nutritur,
758 3518 811 3562 et
828 3518 886 3561 ut
906 3508 950 3539 ⁸³
968 3508 1343 3563 universaliter
1368 3509 1562 3573 dicam,
1581 3523 1646 3563 ex
1661 3509 1934 3574 omnibus,

354 3618 495 3671 quae
525 3601 672 3655 circa
718 3600 1076 3655 substantiam
1118 3594 1507 3671 intelliguntur,
1538 3609 1592 3654 et
1619 3612 1725 3654 non
1749 3599 1865 3671 ipsa
1891 3602 1934 3632 “

354 3690 653 3747 substantia
679 3699 820 3744 sunt.
850 3690 967 3759 Ipsa
988 3690 1132 3744 enim
1187 3688 1410 3760 simplex
1443 3700 1498 3745 et
1526 3687 1808 3745 uniformis
1832 3698 1934 3757 est,

358 3784 625 3855 nullisque
681 3782 1034 3838 varietatibus
1091 3797 1184 3837 seu
1240 3782 1717 3853 compositionibus
1772 3782 1938 3838 obno-

353 3876 465 3932 xia.

424 3968 515 4025 28.
557 3967 817 4039 Quisquis
847 3982 974 4040 ergo
1013 3976 1137 4024 actu
1166 3967 1395 4024 rationis
1424 3968 1627 4035 omnia,
1661 3983 1938 4040 quaecun-

351 4075 460 4130 que
500 4060 841 4116 extrinsecus
879 4060 1024 4114 circa
1058 4060 1331 4130 propriam
1367 4060 1728 4116 substantiam
1757 4061 1939 4133 singu-

357 4152 531 4207 larum
578 4151 899 4217 formarum,
948 4151 1051 4207 hoc
1086 4160 1191 4219 est,
1222 4153 1367 4208 circa
1402 4153 1708 4208 individuas
1732 4162 1788 4209 et
1818 4168 1940 4224 spe-

356 4243 680 4298 cialissimtts
735 4243 943 4313 species
996 4242 1420 4313 uniuscujusque
1472 4243 1723 4310 formae,
1786 4245 1937 4299 verbi

356 4347 541 4397 causa,
570 4331 831 4397 hominis,
856 4330 1001 4400 equi,
1035 4332 1208 4396 bovis,
1233 4332 1420 4403 piscis,
1453 4333 1709 4396 volatilis,
1742 4333 1938 4388 herba-

357 4438 499 4486 rum,
534 4421 797 4492 lignorum
830 4422 875 4453 ⁸⁸
904 4421 1276 4493 intelliguntur
1309 4422 1393 4476 vel
1433 4424 1739 4479 sentiuntur
1765 4433 1941 4479 muta-

358 4512 509 4578 bilia,
554 4512 717 4566 veluti
771 4514 1005 4582 quadam
1058 4513 1348 4567 multarum
1400 4529 1660 4584 aquarum
1709 4515 1940 4570 inunda-

362 4601 508 4654 tione
534 4616 748 4670 semper
773 4601 1110 4667 lluctuantia,
1138 4604 1207 4658 ab
1244 4603 1356 4672 ipsa
1397 4602 1587 4659 intima
1614 4604 1937 4670 substantia,

359 4692 503 4745 circa
533 4707 692 4760 quam
728 4691 1035 4760 volvuntur,
1074 4693 1201 4748 dum
1241 4696 1312 4749 sit
1357 4696 1470 4765 ipsa
1512 4696 1939 4753 ineonunutabili

359 4797 491 4836 suae
531 4791 755 4837 naturae
795 4792 982 4838 tenore
1026 4784 1287 4852 stabilita,
1349 4801 1636 4859 segregare
1679 4790 1934 4858 potuerit,

359 4875 521 4943 inque
564 4890 727 4929 unum
757 4876 932 4930 locum
972 4878 1384 4948 congregaverit
1416 4879 1476 4944 ιο,
1512 4878 1614 4933 hoc
1644 4889 1745 4945 est,
1777 4882 1934 4936 unius

357 4963 705 5035 ejusdemque
731 4966 1057 5021 deﬁnitionis
1077 4968 1281 5023 ambitu
1297 4968 1623 5024 concluserit
1645 4970 1709 5037 ",
1727 4969 1932 5035 dicens,

357 5072 542 5124 onuie,
586 5059 940 5130 quodcunque
983 5060 1128 5116 circa
1166 5061 1439 5132 propriam
1470 5063 1825 5117 substantiam
1853 5063 1937 5117 vel

358 5150 694 5222 intelligitur,
739 5151 824 5206 vel
868 5153 1119 5218 sentitur,
1167 5153 1376 5209 varium
1424 5163 1481 5209 et
1522 5153 1779 5209 mutabile
1827 5164 1935 5218 est,

2035 3159 2150 3216 Non
2183 3161 2328 3215 enim
2352 3161 2495 3216 Deus
2522 3160 2657 3214 vidit
2681 3158 2783 3213 nisi
2812 3157 3072 3226 seipsum,
3104 3154 3231 3224 quia
3259 3161 3413 3207 extra
3442 3152 3619 3223 ipsum

2036 3250 2169 3305 nihil
2198 3258 2302 3318 est,
2329 3260 2385 3305 et
2409 3265 2594 3315 omne,
2631 3247 2776 3320 quod
2806 3247 2859 3301 in
2891 3247 3007 3314 ipso
3048 3254 3156 3308 est,
3205 3243 3318 3311 ipse
3346 3251 3453 3306 est,
3490 3239 3618 3295 Silli-

2034 3340 2266 3412 plexque
2310 3342 2449 3397 visio
2495 3341 2664 3411 ipsius
2703 3348 2804 3401 est,
2858 3347 2969 3392 eta
3008 3335 3155 3390 nullo
3203 3334 3311 3389 alio
3356 3331 3620 3387 formatur

2037 3433 2153 3503 ipsa
2199 3434 2303 3489 nisi
2349 3450 2380 3487 a
2425 3432 2623 3502 seipse.
2674 3430 2739 3485 Et
2770 3430 2880 3483 ait:
2908 3425 3170 3482 Germinet
3221 3434 3360 3477 terra
3406 3423 3621 3476 herbam

2036 3524 2309 3588 virentem,
2359 3533 2407 3578 et
2450 3523 2725 3591 facientem
2765 3536 2961 3583 semen,
2991 3526 3040 3570 et
3069 3514 3269 3586 lignum
3309 3512 3621 3582 pomiferum

2039 3614 2238 3683 faciens
2286 3613 2514 3683 fructum
2557 3611 2717 3681 juxta
2768 3626 2928 3681 genus
2976 3622 3153 3672 suum,
3188 3605 3338 3674 cujus
3367 3620 3541 3657 semen
3570 3604 3622 3655 in

2037 3707 2150 3777 ipso
2173 3706 2239 3760 sit
2266 3721 2424 3775 super
2453 3714 2669 3758 terram.
2711 3701 2980 3757 Virtutem
3018 3699 3307 3755 herbarum
3328 3695 3626 3766 lignorum-

2039 3809 2145 3865 que
2203 3795 2258 3850 in
2304 3792 2748 3864 primordialdius
2810 3791 2990 3846 causis
3034 3789 3305 3845 conditam
3352 3801 3449 3855 per
3487 3785 3624 3839 haec

2036 3889 2207 3945 verba
2265 3887 2583 3959 prophetica
2633 3892 3064 3946 commemorat,
3116 3895 3256 3951 quae
3314 3879 3489 3932 virtus
3542 3876 3625 3931 vis

2039 3981 2309 4036 seminum
2337 3995 2368 4034 a
2399 3979 2602 4035 sanctis
2647 3976 2901 4032 Patribus
2945 3975 3082 4031 solet
3105 3972 3386 4044 appellari,
3420 3973 3475 4026 in
3515 3985 3621 4041 qua

2040 4071 2251 4142 species
2271 4069 2363 4124 illa
2388 4069 2618 4135 animae,
2642 4081 2780 4138 quae
2808 4066 3004 4121 dicitur
3028 4062 3285 4118 nutritiva
3305 4070 3362 4117 et
3385 4060 3624 4123 auctiva,

2042 4161 2411 4232 operationem
2458 4173 2611 4215 suam
2661 4165 2921 4221 exercet,
2974 4151 3382 4223 generationem
3430 4147 3623 4203 videli-

2041 4261 2130 4307 eet
2163 4251 2433 4308 seminum
2488 4248 2896 4314 administrans,
2950 4253 3006 4300 et
3052 4258 3193 4315 quae
3254 4240 3437 4313 genita
3497 4246 3625 4293 sunt

2045 4344 2292 4398 nutriens
2323 4381 2338 4409 ,
2414 4341 2855 4409 incrementaque
2918 4337 2999 4392 eis
3066 4350 3162 4406 per
3226 4345 3482 4388 numeros
3544 4328 3625 4384 lo-

2044 4450 2232 4491 corum
2296 4442 2355 4489 et
2423 4442 2725 4501 temporum
2803 4428 3153 4484 distribuens.
3231 4423 3302 4479 Et
3366 4420 3622 4492 quoniam

2042 4540 2203 4581 omne
2233 4565 2249 4591 ,
2322 4522 2465 4594 qttod
2526 4523 2583 4577 in
2655 4528 2852 4576 natura
2922 4532 3102 4574 rerum
3169 4513 3459 4571 visibiliter
3526 4527 3626 4581 ap-

2040 4624 2233 4686 paret,
2293 4629 2400 4669 non
2454 4612 2671 4667 aliunde
2723 4609 2828 4665 nisi
2875 4625 2943 4664 ex
2993 4606 3220 4663 occultis
3266 4602 3535 4659 naturalis
3569 4608 3623 4653 et

2040 4705 2416 4762 substantialis
2472 4701 2680 4758 formae
2737 4701 2982 4765 sinibus,
3048 4713 3210 4768 quam
3263 4694 3490 4759 aridae,
3540 4692 3620 4747 vel

2040 4804 2217 4850 terrae
2246 4794 2507 4850 vocabulo
2529 4791 2886 4864 signiﬁcatam
2910 4788 3303 4861 praediximus,
3326 4782 3623 4857 originales

2038 4902 2232 4942 causas
2270 4884 2633 4958 generationis
2662 4897 2792 4938 suae
2834 4881 3028 4951 recipit
3062 4881 3126 4943 ³⁸,
3159 4886 3445 4948 propterea
3491 4875 3624 4931 scri-

2039 4988 2189 5048 ptum
2220 4987 2307 5032 est
2326 5018 2340 5042 ,
2367 4975 2617 5047 gerntinet
2654 4982 2794 5028 terra
2825 4971 3038 5026 herbam
3067 4970 3310 5024 virentem
3336 4976 3392 5023 et
3419 4976 3620 5022 cetera.

2040 5071 2119 5123 Ac
2148 5069 2189 5123 si
2225 5077 2410 5138 aperte
2434 5067 2742 5131 diceretur,
2785 5064 2870 5118 vis
2912 5060 3187 5118 seminalis
3224 5060 3522 5114 herbarum
3573 5067 3624 5111 et

2039 5160 2330 5231 lignorum,
2359 5173 2501 5229 quae
2538 5158 2593 5212 in
2623 5155 2832 5212 intimis
2863 5153 3288 5211 substantiarum
3321 5149 3625 5205 ritualibus

1641 5290 1896 5346 VARIAE
1933 5292 2327 5350 LECTlONES.

442 5399 456 5424 '
477 5393 513 5443 Α
544 5405 811 5449 manente.

369 5461 387 5490 '
410 5462 742 5518 subttniitiali
782 5482 891 5519 om.
924 5468 983 5517 Α.

367 5547 464 5582 ηυγ
484 5534 647 5604 -_tinne
676 5546 976 5604 quantitate
1005 5544 1053 5587 et
1092 5535 1369 5604 qualitate.

359 5599 697 5656 concludere
777 5606 815 5636 “'
845 5607 915 5658 ad
934 5599 1122 5675 parum
1146 5621 1255 5659 out.
1289 5608 1352 5660 Α.

909 5396 930 5427 ³
957 5396 994 5448 Λ
1022 5396 1314 5465 quantitate
1353 5404 1400 5447 et
1437 5395 1713 5465 qualitate.

1452 5532 1493 5565 "
1526 5548 1580 5587 ut
1611 5550 1721 5590 om.
1745 5536 1810 5588 Α.

1807 5395 1828 5427 ³
1860 5396 1899 5448 Α
1918 5406 1999 5465 est
2034 5398 2225 5465 major.

1071 5464 1094 5496 ⁸
1119 5464 1159 5518 C
1187 5476 1493 5529 temporum.
1558 5463 1641 5520 ἐ
1674 5465 1875 5518 nullam
1904 5464 1923 5533 (
1956 5483 2053 5534 qua
2085 5463 2238 5535 om).
2308 5468 2351 5497 ‘°
2383 5470 2421 5519 A
2460 5467 2631 5520 illam.

1092 5535 1369 5589 qualitate.
1452 5532 1493 5565 ¹³
1526 5548 1580 5587 ut
1611 5550 1721 5589 om.
1745 5536 1810 5588 Α.
1898 5536 1937 5567 ³⁵
1974 5536 2014 5588 C
2069 5538 2190 5589 ista.
2268 5536 2310 5567 ¹⁵
2343 5542 2381 5588 Α
2433 5545 2480 5588 ει
2536 5539 2631 5589 lim

1449 5606 1489 5635 "
1516 5608 1555 5658 Λ
1590 5607 1791 5660 dierum
1817 5606 2262 5672 primordiutinm.
2324 5608 2368 5637 ²⁰
2393 5619 2437 5659 et
2465 5581 2672 5667 omrA.

2695 5398 2715 5428 ⁸
2749 5398 2786 5449 Α
2823 5407 2935 5451 ant.
3009 5396 3031 5429 ⁸
3079 5398 3121 5447 Δ
3151 5396 3348 5449 Eadem
3381 5410 3611 5450 ratione.

2720 5468 2761 5498 ”
2809 5469 2851 5520 Δ
2890 5476 2938 5519 et
2961 5466 3299 5533 temporibus.
3384 5466 3429 5497 ¹¹
3457 5472 3498 5520 Α
3526 5486 3615 5529 ε..-

2268 5536 2310 5567 ¹⁸
2343 5542 2381 5588 Α
2433 5545 2480 5588 ει
2536 5539 2829 5606 lignorum.
2917 5539 2956 5567 ‘°
2995 5541 3034 5589 Α
3068 5550 3404 5606 congregare.
3482 5539 3525 5570 π
3570 5537 3611 5589 Α

2324 5608 2368 5637 ²⁰
2393 5619 2437 5659 et
2465 5622 2575 5660 om.
2608 5611 2672 5667 Α,
2763 5610 2803 5639 ¹¹
2835 5608 2874 5660 Β
2911 5606 3122 5675 recepit.

2316 5394 2333 5426 ⁸
2369 5398 2407 5448 Α
2433 5398 2597 5461 prius.
