3912 6154
179 299 274 356 ’105

1041 289 1134 348 DE
1171 285 1514 345 mvrsroivtt
1549 285 1734 343 nam
1749 269 1908 342 ΜΕ.
1947 315 2014 322 -
2050 281 2251 338 LIBER
2293 280 2612 338 "manus.

3355 279 3460 337 736

177 408 461 470 causaliter
493 415 673 462 creata
703 414 808 471 est,
843 405 898 461 in
930 405 1132 464 formas
1163 414 1216 459 et
1246 404 1453 474 species
1482 399 1762 459 sensibiies
1799 407 1844 463 Α
1875 397 1942 454 ab
1983 397 2305 452 immutabili
2357 395 2795 454 substantialium
2839 395 3133 451 l’oriusrnm
3165 387 3457 462 scliditate,

177 519 268 574 per
294 497 700 571 generationem
731 495 1008 567 procedat.
1035 495 1184 563 Quae
1216 494 1494 565 processio
1527 492 1760 562 primor-

175 592 387 648 dialium
415 604 701 644 causarum
742 589 796 643 in
826 587 1050 643 ell'cctus
1083 602 1209 643 suos
1236 586 1587 656 sequentibus
1616 583 1766 640 Scri-

174 683 359 755 pturae
381 681 564 735 verbis
592 678 948 749 explanatur:
982 677 1046 732 Et
1069 679 1269 748 factum
1289 688 1374 731 est
1404 677 1510 738 ita,
1556 685 1603 729 et
1645 689 1770 745 pro—

175 775 287 828 tulit
316 782 458 826 terra
485 772 697 825 herbam
728 771 990 833 virentem,
1021 780 1071 824 et
1107 770 1358 840 ferentem
1399 785 1572 824 semen
1605 768 1766 837 juxta

177 882 332 936 genus
362 881 552 925 suum,
584 863 883 933 lignumque
915 862 1112 930 faciens
1164 853 1392 931 fructum
1417 902 1431 925 ,
1483 869 1528 914 et
1573 860 1767 913 habens

179 953 580 1024 unumquodque
606 969 777 1007 semen
820 953 1105 1006 secundum
1130 954 1348 1022 speciem
1381 967 1550 1005 suam.
1580 949 1768 1005 Vides-

178 1053 241 1101 ne
266 1088 280 1111 ,
313 1045 768 1116 quemadmodum
799 1044 981 1098 divina
1011 1043 1290 1112 Scriptura
1329 1057 1526 1112 genera
1559 1050 1614 1097 et
1642 1053 1765 1111 5pc-

179 1137 286 1194 cics
325 1135 772 1191 manifestissime
814 1135 1088 1190 declarat?
1141 1135 1197 1188 ln
1244 1133 1438 1204 quibus
1479 1133 1769 1189 causaliter

178 1235 230 1283 et
256 1225 601 1280 invisibiliter
632 1223 964 1288 subsistunt,
1011 1235 1365 1294 quaecunque
1412 1214 1509 1290 per
1538 1235 1766 1292 genera-

178 1318 372 1375 tionem
405 1317 457 1371 in
507 1315 899 1385 quantitatibus
927 1323 982 1370 et
1028 1313 1382 1383 qualitatibus
1424 1313 1474 1367 in
1518 1313 1766 1367 nctitiam

177 1410 534 1482 corporalium
571 1424 823 1463 sensuum
875 1415 1168 1476 erumpunt
1201 1407 1240 1459 ¹.
1272 1405 1328 1460 Si
1361 1405 1445 1459 cui
1477 1413 1655 1458 autem
1684 1404 1768 1458 vi—

176 1504 350 1566 detur,
380 1501 526 1572 quod
579 1503 679 1554 ista
707 1497 1035 1568 explanatio,
1059 1512 1222 1567 quam
1247 1497 1314 1549 de
1336 1496 1510 1550 tribus
1532 1497 1552 1526 '
1581 1495 1770 1564 primis

171 1591 363 1650 diebus
383 1593 540 1661 juxta
577 1592 719 1645 vires
749 1588 1064 1643 intentionis
1096 1595 1314 1641 nostrae
1360 1587 1381 1617 ³
1422 1586 1766 1656 protulimus,

178 1699 279 1739 non
329 1681 626 1736 secundum
684 1678 966 1733 historiam
1014 1677 1120 1738 sit,
1157 1677 1248 1730 sed
1295 1677 1594 1731 secundum
1627 1676 1770 1745 leges

1874 505 2136 559 aquarum
2166 489 2602 560 congregatione,
2634 497 2922 557 terraeque
2950 487 3290 557 apparitione
3318 485 3459 541 divi.

1875 585 1996 635 nam
2021 579 2358 651 Scripturam
2388 579 2690 634 insinuasse
2720 575 2966 632 arbitrati
2988 591 3193 632 sumus.
3221 575 3331 630 Nec
3358 577 3462 632 im-

1871 673 2085 738 merito,
2111 673 2365 742 quoniam
2391 670 2860 741 frequentissimus
2881 670 3184 724 divinorum
3220 668 3460 739 eloquioe

1875 748 1994 816 rum
2013 755 2142 817 usus
2167 768 2269 827 est,
2291 761 2580 816 visibilium
2612 777 2790 816 rerum
2813 759 3184 830 significativis
3214 760 3461 825 vocibus,

1874 851 2220 907 invisibillum
2252 867 2431 906 rerum
2477 849 2751 906 naturales
2777 851 3155 904 subsistentias
3200 849 3458 904 rationcs~

1872 959 1976 1016 que
2019 943 2088 998 ad
2134 943 2577 999 exercitationem
2621 943 2708 1013 pie
2746 943 3241 1013 pltilOSOpliantium
3289 943 3458 1014 signi-

1873 1039 2055 1094 llcare.
2089 1037 2197 1093 Nec
2227 1039 2416 1093 mirum
2444 1078 2460 1103 ,
2501 1053 2621 1092 cum
2654 1039 2969 1108 saepissime
3015 1037 3373 1107 spiritualium
3407 1047 3461 1094 et

1875 1129 2221 1186 invisibilium
2287 1147 2466 1184 rerum
2525 1131 2834 1185 nominibus
2881 1131 3188 1200 corporales
3236 1131 3462 1186 sensibi-

1874 1224 2056 1294 lcsque
2108 1229 2387 1279 assuescat
2435 1225 2680 1279 innuere.
2730 1223 2894 1292 Cujus
2943 1226 3250 1295 reciprocae
3298 1235 3462 1280 meta-

1873 1313 2075 1381 phorae
2119 1313 2246 1368 dum
2275 1323 2401 1368 sont
2433 1314 2474 1344 ’⁸
2507 1314 2674 1368 multa
2724 1313 2970 1382 exempla
2999 1323 3053 1369 et
3091 1315 3458 1370 innumerabi-

1873 1403 1966 1467 lia,
1994 1405 2263 1472 praesenti
2297 1404 2511 1474 negotio
2537 1403 2846 1465 cumulare,
2897 1404 3253 1474 omnibusque
3299 1405 3350 1459 in
3382 1404 3464 1460 di-

1873 1493 1998 1548 vina
2038 1493 2315 1564 Scriptura
2353 1493 2665 1549 exercitatis
2715 1479 3187 1556 ιιιειιιὶΐυειὶεειίιιιθ,
3243 1491 3459 1563 longum

1877 1581 2087 1637 videtur
2117 1593 2279 1652 atque
2308 1581 2351 1613 ¹⁷
2385 1567 2746 1652 superﬂuum;
2779 1580 2964 1651 paucis
2997 1590 3172 1635 tamen
3199 1581 3461 1650 exemplis

1875 1681 2109 1730 iitamnr.
2139 1675 2292 1741 Quod
2323 1685 2502 1728 uatum
2530 1684 2602 1728 est
2630 1687 2694 1728 ex
2719 1689 2894 1738 carne,
2927 1690 3050 1728 caro
3078 1683 3176 1740 est,
3205 1675 3292 1729 hic
3317 1683 3459 1729 totus

177 1771 484 1842 allegoriae,
520 1771 754 1823 intentus
792 1755 1090 1837 prospiciat
1139 1767 1160 1796 ⁸
1201 1759 1628 1835 quadriformem
1676 1781 1764 1819 so-
1801 1760 1844 1832 ιδ
1874 1769 2033 1822 homo
2060 1767 2309 1836 originali
2338 1777 2559 1836 peccato
2588 1775 2814 1821 nascens
2839 1765 3021 1821 carnis
3059 1765 3275 1822 nomine
3301 1781 3462 1822 voca-

178 1861 331 1934 phiae
360 1861 701 1916 divisionem.

240 1951 329 2008 29.
372 1952 441 2005 Et
469 1957 554 2005 est
605 1949 818 2018 quidem
869 1947 1041 2017 prima
1092 1943 1386 2020 πρακτιιὲή,
1436 1945 1644 2007 activa,
1684 1960 1768 1999 se-

180 2043 346 2098 cunda
376 2045 587 2113 φυσική,
617 2037 900 2103 naturalis,
932 2035 1092 2092 tertia
1119 2039 1361 2110 θεολογία,
1394 2043 1532 2105 quae
1563 2037 1626 2091 de
1660 2038 1767 2090 Deo

181 2134 434 2203 disputat,
483 2137 676 2199 quarta
717 2130 918 2201 λογική,
969 2127 1281 2193 rationalis,
1334 2139 1473 2197 quae
1508 2126 1764 2188 ostendit.

177 2224 367 2293 quibus
399 2220 603 2292 regulis
623 2220 688 2276 de
717 2229 1038 2289 unaquaque
1061 2220 1221 2274 trium
1241 2219 1468 2274 aliarum
1499 2220 1719 2288 sophiae
1747 2220 1768 2250 ⁸

181 2315 407 2385 partium
436 2313 840 2383 disputandum.
876 2312 1114 2378 Quarum
1158 2328 1262 2366 una
1297 2296 1546 2378 virtutes,
1571 2313 1768 2383 quibus

183 2404 591 2477 supplautantur
615 2399 764 2467 vitia,
791 2405 1116 2474 penitusque
1143 2403 1510 2470 eradicantur,
1543 2405 1767 2459 investi—

182 2504 306 2568 gat;
338 2495 506 2548 altera
530 2495 779 2548 rationes
816 2503 1152 2557 naturarum,
1193 2496 1307 2550 sive
1343 2495 1394 2549 in
1427 2496 1622 2557 causis,
1653 2496 1766 2552 sive

184 2587 232 2641 in
262 2585 585 2652 ell‘eetibus;
620 2586 775 2639 tertia
824 2586 953 2656 quid
1001 2587 1023 2617 ⁸
1072 2587 1138 2642 de
1166 2603 1272 2641 una
1309 2588 1548 2642 omnium
1582 2602 1766 2653 causa,

183 2690 317 2745 quae
339 2675 479 2730 Deus
506 2684 587 2730 est
611 2716 626 2739 ,
668 2675 757 2744 pie
788 2675 980 2729 debeat
1018 2676 1290 2731 aestimari
1315 2693 1330 2740 ;
1373 2671 1642 2747 quomodo
1670 2693 1766 2732 au-

187 2782 288 2827 tem
318 2779 372 2825 et
397 2771 590 2835 virtus,
619 2777 671 2824 et
693 2777 904 2833 natura,
938 2778 992 2822 et
1017 2769 1156 2826 Deus
1184 2769 1576 2825 rationabiliter
1604 2786 1768 2842 quae-

183 2864 347 2924 ritur,
396 2870 622 2930 quarta,
675 2869 735 2913 ut
785 2859 1050 2926 diximus,
1106 2860 1314 2924 edocet,
1373 2860 1768 2931 diligenterque

180 2955 506 3018 considerat,
533 2954 614 3007 cui
643 2952 1044 3023 praedictarum
1071 2953 1294 3024 scphiac
1320 2951 1554 3023 partium
1581 2972 1769 3012 narra-

185 3044 384 3100 tionem
407 3046 427 3075 ⁷
458 3045 766 3100 historicum
819 3047 884 3102 de
913 3046 1222 3104 conditione
1268 3062 1447 3102 rerum
1475 3047 1772 3121 adjungere

1876 1857 1990 1924 titr;
2022 1869 2074 1914 et
2103 1859 2240 1928 quod
2272 1869 2451 1911 nutum
2481 1871 2556 1912 est
2602 1874 2667 1911 ea:
2693 1857 2902 1928 spiritu,
2934 1857 3148 1927 spiritus
3191 1869 3291 1921 est,
3321 1867 3461 1912 lotus

1871 1952 2035 2005 homo
2064 1967 2130 2006 ex
2177 1949 2585 2020 regeneratione
2619 1948 2670 2003 in
2718 1947 2937 2003 ChriSto
2981 1939 3270 2004 renascens
3301 1964 3462 2004 voea-

1874 2042 2010 2096 hulo'
2027 2042 2252 2112 spiritus
2277 2040 2618 2112 exprimitur.
2643 2039 2712 2095 Et
2741 2041 2785 2095 si
2815 2041 2939 2111 quis
2964 2037 3190 2104 diserit,
3236 2057 3344 2097 non
3379 2051 3462 2097 to-

1874 2143 1956 2188 tus
1993 2135 2154 2188 homo
2179 2121 2243 2188 est
2280 2147 2445 2188 carne
2475 2133 2738 2194 nascitur,
2769 2133 2862 2187 sed
2888 2131 2998 2188 sola
3031 2133 3268 2188 hominis
3305 2149 3460 2193 caro.

1873 2227 2208 2295 respondebo
2237 2244 2250 2278 :
2287 2237 2390 2280 nun
2425 2225 2590 2296 igitur
2613 2228 2756 2280 tutus
2787 2224 2948 2280 homo
2971 2226 3036 2279 ex
3065 2225 3256 2295 spiritu
3288 2221 3453 2279 nasci-

1871 2324 1980 2378 tur,
2025 2315 2121 2369 sed
2152 2313 2264 2369 sola
2310 2316 2511 2369 anima.
2547 2315 2613 2370 Et
2646 2314 2690 2369 si
2742 2313 2815 2368 ita
2850 2307 2956 2379 esl,
2989 2299 3254 2382 sequitur,
3288 2316 3458 2386 gratia

1870 2407 2210 2476 baptismatis
2259 2406 2576 2476 corporibus
2625 2421 2730 2460 non
2791 2406 3012 2475 prodest
3058 2405 3118 2459 ’⁸.
3176 2399 3231 2460 Si
3280 2414 3458 2460 autem

1872 2508 2018 2554 totus
2045 2499 2234 2562 homo,
2284 2499 2463 2552 anima
2511 2493 2762 2553 videlicet
2805 2501 2859 2552 et
2907 2505 3129 2570 corpus,
3163 2499 3214 2552 in
3245 2497 3462 2555 Christo

1868 2589 2208 2656 renascitur,
2260 2599 2314 2644 et
2369 2587 2590 2660 spiritus
2639 2588 2893 2656 edicitur,
2949 2585 3256 2647 necessario
3317 2601 3463 2650 totus

1872 2683 2034 2738 homo
2075 2683 2127 2738 in
2156 2683 2327 2738 Adam
2369 2685 2410 2718 ‘°
2438 2680 2504 2738 ex
2537 2698 2699 2739 carne
2731 2685 2992 2751 nascitur,
3024 2693 3077 2739 et
3099 2700 3226 2741 caro
3249 2693 3350 2741 est.
3382 2683 3462 2742 Ac

1872 2776 1951 2832 sic
1983 2775 2359 2841 concluditur,
2408 2787 2464 2831 et
2505 2791 2726 2831 carnem
2778 2775 3034 2847 appellari
3074 2776 3360 2848 spiritum,
3406 2788 3460 2835 et

1874 2866 2122 2937 spiritum
2153 2882 2390 2923 carnem.
2422 2867 2660 2922 Verbum
2694 2867 2787 2922 Dei
2814 2875 3037 2922 vocatur
3079 2881 3225 2931 caro,
3257 2875 3312 2921 et
3337 2881 3461 2920 caro

1873 2943 2132 3024 verbum,
2164 2966 2219 3013 et
2269 2956 2500 3021 similia,
2549 2956 2603 3013 in
2637 2957 2831 3027 quibus
2874 2955 3034 3012 simul
3070 2967 3124 3013 et
3171 2955 3463 3029 συνεκδοχή

1875 3045 2224 3131 intelligitur,
2284 3059 2340 3106 et
2384 3053 2663 3128 μεταφορὰ.
2710 3043 2828 3106 Non
2896 3064 3024 3120 ergo
3091 3043 3461 3122 allegorizavi—

195 3139 402 3200 debeat.
443 3137 583 3191 Etsi
617 3139 722 3193 non
770 3137 984 3207 penitus
1033 3134 1403 3207 philosophiae
1428 3131 1732 3206 espers'est
1756 3179 1771 3205 ,
1799 3131 1848 3195 C
1880 3161 1998 3200 mus
2022 3145 2103 3208 ",
2150 3135 2276 3199 dom
2312 3133 2529 3198 nomine
2577 3139 2712 3197 lucis
2753 3132 2960 3212 species
3003 3136 3181 3196 rerum
3227 3131 3466 3216 viSibilcs

197 3246 298 3286 non
329 3229 485 3284 alicui
518 3228 620 3282 nisi
663 3229 915 3300 physicae
945 3228 1235 3298 eopulabit.
1263 3228 1328 3282 Et
1361 3228 1402 3282 si
1438 3229 1508 3283 ita
1539 3238 1641 3295 est,
1693 3229 1776 3285 in-

195 3331 424 3389 tueatur,
455 3323 597 3393 quod
628 3337 658 3376 a
686 3322 840 3376 nobis
868 3313 1152 3390 allegorice
1175 3317 1374 3376 dietum
1393 3324 1434 3386 ⁸,
1467 3331 1541 3388 et,
1570 3330 1627 3376 ut
1656 3323 1772 3394 opi-

199 3430 312 3480 nor,
377 3411 612 3468 inveniet
665 3411 709 3464 '.
764 3412 817 3465 lu
861 3408 1040 3481 prima
1098 3410 1365 3482 siquidem
1405 3411 1489 3466 die
1545 3413 1777 3482 primor-

199 3505 405 3562 dialium
440 3519 725 3559 causarum
751 3493 1073 3572 generaliter
1106 3503 1156 3556 in
1181 3501 1404 3558 etl‘ectns
1443 3519 1570 3559 suos
1607 3503 1778 3559 sensi-

201 3595 292 3653 bus
305 3599 385 3653 vel
413 3595 774 3652 intellectiljius
796 3591 1335 3665 comprehensibilem
1353 3589 1775 3665 processionem,

200 3690 496 3746 Conditionc
528 3688 662 3744 lucis
691 3687 1046 3760 significatam
1073 3727 1088 3753 ,
1118 3687 1370 3742 diximus.
1418 3685 1572 3755 Quod
1598 3695 1779 3740 autem

203 3779 568 3844 primordiales
598 3793 793 3833 causae
821 3771 999 3832 rerum
1030 3777 1270 3833 omnium
1303 3776 1643 3832 substantiae
1670 3775 1780 3830 sint

205 3883 254 3924 tn
280 3870 456 3925 divina
483 3867 751 3940 sapientia
783 3867 1126 3933 subStitutac,
1158 3867 1309 3921 testis
1337 3875 1419 3920 est
1463 3865 1520 3922 S.
1549 3865 1779 3920 Ambro-

201 3959 309 4017 sius
342 3961 396 4016 in
427 3959 694 4014 Exeiiiero
733 3951 850 4030 suo“,
900 3959 1084 4012 dicens
1134 3975 1146 4010 :
1206 3956 1585 4010 Animadvertit
1617 3955 1658 3986 ¹⁰
1707 3959 1784 4011 rir

202 4053 374 4122 plenus
403 4051 713 4124 prudentiae
735 4092 749 4115 ,
786 4049 990 4121 Moyses
1039 4049 1272 4104 videlicet
1322 4050 1362 4080 ¹¹
1384 4090 1398 4114 ,
1430 4050 1568 4120 quod
1610 4050 1783 4104 visibi-

201 4145 326 4200 li'tmt
350 4155 398 4200 et
427 4143 766 4198 invisibilium
795 4141 1210 4198 substantiarum
1240 4142 1467 4196 rationes
1514 4143 1554 4173 ¹²
1583 4152 1629 4196 et
1661 4159 1785 4196 cau-

192 4252 286 4290 sas
327 4253 500 4292 rerum
548 4251 691 4290 meus
739 4233 852 4289 sola
895 4234 1069 4288 divina
1104 4235 1390 4288 contineat.
1444 4231 1502 4289 In
1549 4236 1783 4292 secunda

209 4328 502 4384 triformem
533 4328 720 4383 mundi
753 4329 912 4399 hujus
946 4328 1411 4394 constitutionem,
1443 4342 1512 4383 ex
1558 4329 1785 4384 rationi-

205 4417 300 4474 bus
323 4419 570 4474 videlicet
611 4420 752 4485 suis,
788 4420 1226 4490 Simplicibusque
1257 4417 1303 4452 ⁵⁸
1337 4419 1643 4488 elementis,
1669 4438 1791 4478 cor-

1877 3246 1932 3292 et
1985 3229 2375 3306 intelligibiles,
2437 3233 2783 3288 tenebrarum
2835 3229 2963 3288 vero
3004 3229 3462 3304 significatione"

1876 3341 2070 3382 causas
2097 3312 2509 3387 substantiales,
2547 3315 2761 3378 omnem
2795 3338 3012 3377 sensum
3041 3331 3094 3376 et
3133 3320 3462 3377 intellectum

1878 3425 2217 3487 superantes,
2252 3415 2304 3468 in
2347 3402 2528 3468 mente
2550 3405 2728 3468 divina
2761 3403 3463 3476 aeternalitersubstitutus,

1879 3507 2116 3562 divinam
2170 3495 2504 3575 Scripturain
2555 3491 2858 3576 insinuasse
2895 3499 3150 3567 diximus,
3203 3503 3463 3572 aquarum

1880 3605 2100 3658 vero,et
2127 3591 2507 3650 ﬁrmamenti"
2527 3594 2578 3648 in
2608 3583 2784 3668 medio
2813 3585 3074 3670 aquarum
3097 3589 3469 3664 "syinbolicis

1882 3681 2327 3759 appellationibus
2359 3677 2519 3756 hujus
2557 3680 2740 3740 mundi
2771 3679 2996 3741 visibilis
3029 3684 3291 3760 triplicem
3338 3683 3468 3740 sub-

1882 3780 2238 3843 stilutiouem,
2267 3779 2319 3832 in
2351 3773 2529 3833 eauSis
2553 3772 2808 3832 videlicet
2841 3777 2974 3842 suls,
2993 3791 3129 3846 quas
3159 3775 3215 3831 S.
3245 3773 3470 3830 Anibrov

1881 3872 1997 3926 sius
2045 3865 2362 3925 substantias
2415 3859 2593 3924 reruni
2642 3857 2918 3924 visibilium
2967 3870 3022 3924 in
3070 3879 3239 3922 mente
3284 3865 3470 3923 divina

1883 3963 2246 4034 praet-auditas
2273 3953 2534 4033 appellat,
2562 3951 2617 4017 et
2643 3961 2696 4016 in
2733 3959 3124 4016 universalibus
3146 3959 3466 4023 elementis,

1884 4047 2026 4127 quae
2053 4055 2244 4112 Graeci
2275 4043 2539 4111 catholica
2583 4061 2824 4132 στοιχεῖα
2853 4045 3066 4117 vocant,
3091 4065 3163 4108 eo
3197 4049 3338 4121 quoii
3368 4051 3472 4108 sibi

1886 4149 2116 4204 invicem
2144 4150 2466 4207 conveniant
2512 4133 2899 4203 etcencinant.
2946 4149 3277 4218 Στοιχείωσις
3325 4143 3469 4200 enim

1886 4251 1971 4300 est
2024 4241 2375 4306 διατύπωσις,
2429 4240 2532 4297 hoc
2580 4249 2687 4306 est,
2741 4223 3099 4295 conformatio
3135 4235 3203 4290 “.
3255 4235 3471 4292 lllorum

1890 4348 2119 4402 namque
2149 4335 2416 4388 concursu
2438 4317 2619 4386 omnia
2650 4319 2878 4400 corpora
2905 4327 3139 4384 visibilia
3175 4327 3473 4382 conﬁciun-

1894 4431 1998 4478 tur.
2050 4403 2280 4493 Ideoque
2329 4421 2684 4496 Athﬁnienses
2735 4427 2985 4490 στοιχεῖα
3033 4415 3250 4474 .litteras
3295 4417 3342 4449 "
3382 4433 3474 4489 ap,

206 4509 521 4581 paribusque
536 4509 848 4580 compositis
869 4509 1186 4580 perlectam,
1210 4527 1476 4582 aquarum
1501 4513 1782 4579 vocabulo.
1815 4511 1863 4570 D
1891 4516 2115 4588 pellant,
2155 4529 2387 4584 quarum
2425 4511 2817 4584 compositione
2837 4511 2883 4541 '°
2914 4510 3194 4567 articulata
3222 4527 3327 4567 vox
3353 4527 3452 4584 per

207 4591 636 4669 ﬁrmamentiQue
666 4599 718 4653 in
746 4601 922 4656 medio
949 4615 1135 4655 earum
1163 4601 1314 4668 facti,
1333 4619 1438 4659 non
1467 4603 1784 4678 incongrue,

209 4702 265 4748 ut
297 4710 448 4759 reor,
497 4695 821 4765 descriptam
871 4697 1319 4754 existimavimus.
1369 4698 1608 4755 Tertiam
1661 4716 1788 4757 vero

211 4787 383 4841 mundi
400 4786 1106 4854 hujus”considerationem
1127 4789 1178 4843 in
1195 4791 1566 4861 segregatione
1578 4807 1788 4858 eorum,

210 4892 343 4943 quae
367 4877 417 4930 in
449 4891 516 4932 eo
543 4879 826 4932 mutabilia
851 4887 998 4946 sunt,
1025 4879 1093 4933 ab
1122 4880 1226 4943 his,
1257 4895 1394 4950 quae
1418 4891 1642 4937 naturae
1662 4899 1792 4939 suae

205 4964 456 5022 subsidiis
490 4968 783 5032 custodita,
819 4959 1332 5051 incommutabiliter
1363 4972 1414 5025 in
1455 4972 1643 5027 eodem
1671 4988 1790 5044 per-

207 5067 422 5112 manent
455 5068 598 5114 statu
629 5060 671 5090 “’
697 5060 988 5115 constituta
1012 5101 1024 5122 ,
1073 5061 1176 5116 hoc
1225 5071 1328 5127 est,
1359 5064 1412 5118 in
1463 5064 1787 5121 discretione

204 5147 441 5204 omnium
471 5149 809 5204 mutabilium
830 5149 1192 5206 accidentium
1221 5153 1525 5208 rationabili
1548 5157 1788 5210 contuitu

1896 4605 2095 4660 ﬁcitur.
2143 4605 2254 4660 Nec
2291 4603 2591 4658 .immerito.
2637 4603 2772 4657 Dum
2813 4602 2958 4658 enim
2995 4603 3202 4657 viritim
3231 4604 3474 4660 considet

1897 4706 2087 4751 rantur
2110 4713 2243 4768 pura
2265 4705 2321 4752 et
2349 4713 2380 4752 a
2403 4711 2462 4752 se
2493 4697 2724 4753 invicem
2751 4685 3053 4766 segregata,
3079 4697 3330 4752 videntur
3357 4713 3479 4755 esse

1897 4791 2202 4855 contraria;
2225 4789 2396 4862 frigus
2417 4790 2683 4860 siquidem
2706 4789 2898 4854 calori,
2928 4778 3220 4844 humiditas
3245 4783 3478 4845 siceitatl

1899 4882 2251 4948 contradicit;
2285 4883 2410 4936 dum
2436 4897 2564 4938 vero
2587 4883 2638 4937 in
2665 4897 2722 4936 se
2752 4881 2982 4938 invicem
3012 4881 3326 4948 miscentur,
3355 4898 3477 4938 oni-v

1900 4977 2047 5031 nium
2084 4991 2263 5052 rerum
2291 4975 2584 5030 visibilium
2629 4961 2914 5028 harmonia
2962 4973 3195 5043 quadam
3243 4971 3478 5029 mirabili

1893 5081 2055 5138 atque
2099 5067 2353 5122 ineﬂabili
2386 5065 2806 5137 compositiones
2835 5063 3100 5121 eﬂiciunt.
3133 5064 3212 5119 Ile
3246 5078 3478 5133 namque

1895 5175 2021 5215 vera
2068 5175 2176 5214 non
2207 5159 2595 5214 elementorum
2644 5158 3000 5218 substantiae.
3054 5157 3150 5212 sed
3189 5156 3478 5226 qualitates

1486 5270 1740 5328 VARIAE
1776 5272 2178 5330 LECTIONES.

895 5364 1106 5415 ’tribus
1151 5378 1260 5415 mn.
1316 5363 1379 5416 A.

615 5432 632 5461 ⁷
677 5432 717 5484 Α
766 5434 1196 5486 numerationem.

284 5362 300 5390 ¹
346 5358 383 5414 C
418 5370 782 5430 erumpunlur.

208 5428 231 5457 ⁸
270 5432 314 5482 Α
361 5433 513 5500 quod.

213 5500 256 5574 ’ξ
298 5504 517 5554 rationes
549 5516 656 5558 om.
688 5502 746 5555 G.
783 5572 794 5574 _
827 5503 869 5532 ⁸³
899 5505 943 5556 Α
967 5500 1286 5574 simplicibus
1315 5506 1538 5574 (—que
1582 5511 1737 5571 nun).

207 5572 340 5621 sint.
435 5574 469 5601 ”
519 5575 554 5623 Α
589 5583 658 5623 et.
758 5572 800 5614 "l
838 5574 876 5626 Α

213 5642 330 5714 de»):
420 5642 460 5670 ’θ
497 5640 536 5693 Α
572 5635 1008 5714 allegat-inritans.
1086 5644 1129 5673 ¹¹
1172 5644 1214 5695 Λ
1242 5635 1696 5714 signi/irationem.

211 5711 500 5763 literarum.
576 5713 620 5742 *ε
651 5717 688 5763 li
715 5728 940 5780 quarunt
971 5714 1131 5766 coitu.

610 5808 877 5864 Ps'lltUL
935 5806 1195 5866 CXXII.

1482 5366 1502 5394 ³
1548 5366 1595 5418 Α
1644 5367 1962 5422 intentionis
2008 5378 2248 5421 naturae.

1304 5435 1324 5463 ⁸
1380 5435 1422 5487 Α
1469 5435 1672 5491 dictum
1728 5447 1821 5490 est.

1817 5506 1858 5538 “
1897 5509 2056 5577 hujus
2095 5524 2202 5561 om.
2238 5509 2300 5561 Α.

927 5573 1150 5648 gratiam
1187 5573 1534 5648 baptismatis
1593 5578 1722 5630 nihil
1753 5573 2070 5646 corporibus
2123 5579 2310 5631 nostris
2343 5580 2603 5648 prodesse.

1771 5649 1818 5678 "
1859 5649 1898 5700 tl
1927 5648 2274 5715 ﬁrmamento.

2909 5367 2930 5397 ⁸
2977 5365 3191 5434 saphiae
3241 5378 3370 5434 om.
3408 5362 3475 5420 Α.

3156 5435 3200 5487 Α
3258 5432 3477 5489 scilicet.

3357 5503 3477 5566 ηε

2711 5578 2754 5607 ¹⁹
2804 5578 2904 5629 Pro
2956 5577 3008 5626 in
3055 5575 3224 5627 Adam
3261 5573 3303 5630 (1
3346 5591 3476 5629 eum

2353 5651 2398 5684 ’³
2434 5650 2472 5703 Α
2503 5664 2712 5702 erutum.
2790 5647 2836 5677 "
2877 5646 2915 5698 (Σ
2942 5647 3292 5714 confirmatio,
3369 5638 3482 5700 "Li

2348 5369 2368 5397 ⁵
2411 5366 2452 5420 Δ
2507 5369 2803 5437 perspiciat.

1926 5436 2010 5492 ’C
2039 5453 2141 5490 non
2183 5437 2422 5491 inveniet.
2530 5440 2570 5470 ¹⁰
2625 5436 2668 5491 Α
2706 5439 2946 5492 advertit.
3059 5437 3098 5465 “

2381 5509 2426 5539 ¹⁸
2464 5509 2724 5561 custodita
2758 5537 2826 5549 ——
2877 5515 3015 5557 statu
3057 5520 3164 5558 om.
3214 5503 3275 5561 C.

3003 5810 3079 5870 ‘13.
