3912 6154
440 231 539 287 7οἹ

1831 238 1969 298 -ΙΟΛ
1979 238 2136 300 ΝΝΙΞ
2175 240 2372 301 SCOTI

2616 213 2766 222 ν-μ-σρ-
2781 215 2820 226 η
2846 215 2857 225 σ

3587 235 3693 292 τθκ

437 349 778 403 dissentiunt.
813 347 957 415 Quas
988 347 1234 403 videlicet
1271 347 1708 418 compositiones,
1753 351 2004 420 quoniam
2035 356 2082 415 Α
2108 349 2372 422 planities,
2412 349 2492 407 nil
2504 350 2862 406 maximorum
2900 346 3201 420 pelagorum
3245 347 3628 425 magnitudinis
3651 351 3696 385 "

436 441 594 504 solvi,
623 450 677 495 et
706 440 758 494 in
789 454 874 504 ea,
906 454 1132 510 quorum
1161 441 1303 494 coitu
1331 439 1653 507 ellieiuntur,
1686 443 1861 497 redire
1886 458 2012 513 pos~

439 540 588 596 sunt,
615 544 894 598 aquarum,
931 543 1068 597 quae
1097 530 1198 583 sub
1227 529 1377 586 caelo
1403 539 1548 596 sunt,
1585 531 1846 586 vocabulo
1875 547 2006 587 con-

436 622 812 694 gruentissima
859 619 1123 688 PrOpheta
1175 619 1516 691 significavit.
1572 619 1834 688 Quoniam
1877 637 2007 677 vero

437 714 622 766 barum
657 727 833 764 rerum
859 710 1148 764 visibilium
1179 712 1454 782 corporeis
1475 713 1720 768 sensibus
1743 713 2010 781 subjecta-

437 818 554 856 rum
591 802 782 871 duplex
813 794 1103 872 speculatio
1139 813 1255 868 est;
1307 804 1466 858 aliter
1508 805 1650 859 enim
1684 805 1736 858 in
1767 805 1846 859 eis
1873 804 2009 859 sub-

427 893 601 964 jectos
627 900 682 946 et
733 892 1098 948 immutabiles
1135 894 1532 959 subsistentias,
1569 895 1765 964 quibus
1793 895 2008 964 proprie

430 985 750 1048 subsistunt,
796 985 952 1039 aliter
993 985 1316 1050 accidentia,
1363 1001 1502 1056 quae
1539 987 1724 1058 augeri
1754 997 1807 1041 et
1835 986 2005 1040 minui

429 1075 746 1146 patiuntur,
787 1074 1134 1146 instabilique
1184 1085 1330 1131 motu
1388 1093 1603 1147 semper
1649 1078 1846 1133 variari
1897 1093 2004 1134 non

428 1165 699 1231 desinunt,
731 1163 1074 1234 speculamur
1101 1167 1503 1220 :necessarium
1543 1175 1680 1233 erat,
1726 1166 2003 1222 mutabilia

426 1257 495 1312 ab
537 1256 960 1312 inmutabilibus
1004 1257 1298 1326 segregari,
1338 1257 1440 1312 hoc
1485 1266 1610 1334 est“
1635 1257 1931 1312 accidentia
1969 1273 2003 1312 a

429 1348 750 1403 substantiis
805 1345 1152 1401 intellectuali
1186 1348 1199 1376 ¹
1235 1345 1615 1415 dijudicatione
1644 1348 1911 1414 discerni,
1949 1357 2004 1403 et

429 1440 705 1495 mutabilia
753 1439 969 1512 quidem
1018 1439 1179 1493 veluti
1239 1440 1573 1494 instabilium
1613 1456 1898 1510 aquarum,
1936 1456 2002 1496 ac

426 1547 640 1602 semper
685 1530 1100 1596 ﬂuctuantium,
1160 1530 1517 1586 immutabilis
1565 1546 1717 1595 vero,
1768 1547 2002 1602 suaeque

429 1631 654 1676 naturae
695 1621 990 1676 stabilitate
1020 1621 1388 1686 subsistentia,
1427 1621 1630 1676 solidae
1659 1621 1862 1678 telluris
1894 1624 2002 1678 ari-

2109 443 2417 513 indigentes,
2445 453 2493 498 et
2517 442 2653 502 sulci
2683 443 2852 507 multi,
2881 451 2927 496 et
2952 439 3210 496 convalles
3232 441 3517 494 secundum
3552 443 3694 500 alias

2108 533 2155 586 ιι
2179 533 2318 588 a'ias
2347 535 2570 606 ﬁguras,
2592 551 2717 589 cava
2744 534 2789 565 ²⁰
2818 534 2994 586 omnia
3036 533 3298 587 undarum
3341 543 3464 585 tunc
3503 533 3691 603 plana,

2108 626 2386 695 conjuncta
2418 637 2559 692 sunt,
2597 627 2729 696 ipsis
2757 626 2934 679 divino
2977 635 3248 694 praecepta
3271 624 3340 677 ad
3365 640 3527 678 unam
3548 641 3692 680 con-

2106 719 2458 788 gregationem
2482 717 2710 786 undique
2739 717 2886 786 aquis
2913 714 3139 769 collectis
3166 714 3234 767 ι’.

2177 807 2268 860 50.
2312 807 2408 863 His
2434 816 2596 876 atque
2622 803 2924 872 bujusmodi
2957 805 3137 859 verbis
3161 803 3420 874 praedicti
3450 803 3692 861 auctoris

2106 906 2289 968 aperte
2318 899 2594 963 suadetur,
2617 899 2686 952 ob
2711 898 2850 952 hanc
2873 909 3090 951 causam
3122 894 3502 949 multitudines
3529 909 3691 964 aqua-

2103 1001 2245 1052 rum,
2276 988 2473 1057 ubique
2501 1000 2596 1057 per
2620 1001 2750 1042 cava
2778 994 2832 1040 et
2866 985 3040 1054 plana‘
3057 993 3320 1038 terrarum
3353 983 3610 1050 dilfusas,
3633 985 3685 1040 in

2104 1079 2576 1149 congregationem
2627 1092 2787 1132 unam
2832 1076 3014 1130 divino
3053 1085 3342 1146 praecepto
3379 1074 3557 1130 fuisse
3585 1077 3689 1132 col-

2102 1164 2288 1231 lectas,
2339 1183 2408 1223 ne
2453 1175 2623 1221 totam
2675 1175 2851 1220 terrae
2900 1165 3238 1234 superﬁciem
3269 1165 3685 1222 inundationum

2101 1272 2322 1324 suarum
2350 1256 2800 1312 cumulationibus
2825 1256 3186 1325 cooperirent,
3211 1265 3264 1310 et
3295 1265 3354 1311 ut
3371 1258 3423 1287 "
3458 1259 3532 1311 ad
3562 1274 3686 1314 usus

2101 1347 2369 1402 humanae
2393 1347 2742 1402 habitationis
2771 1356 3058 1417 appareret
3076 1347 3244 1412 arida,
3272 1348 3461 1403 herbis
3483 1349 3693 1405 arbori-

2101 1437 2308 1507 busque
2334 1438 2607 1503 decorata,
2636 1439 2864 1493 diversis
2887 1438 3198 1493 animalium
3224 1437 3415 1494 formis
3441 1441 3682 1511 c0piosa,

2101 1529 2448 1599 amplissimis
2471 1528 2691 1594 Oceani,
2725 1530 3170 1602 diversorumque
3196 1531 3516 1602 pelagorum
3546 1533 3685 1590 litto-

2097 1619 2250 1674 ribus
2287 1619 2486 1685 cincta,
2518 1629 2572 1674 et
2599 1621 2666 1674 ab
2697 1619 2898 1690 impetu
2927 1620 3240 1676 ﬂuctuantis
3265 1624 3456 1690 maris,
3490 1639 3682 1680 areno-

427 1715 632 1784 daeque
676 1712 938 1767 vocabulo
985 1712 1296 1784 signiﬁcari.
1346 1712 1402 1766 In
1453 1713 1538 1768 liis
1580 1728 1710 1784 ergo
1752 1712 1999 1768 omnibus
2029 1729 2074 1788 ῃ
2101 1710 2178 1764 sis
2209 1709 2453 1765 obicibus
2487 1710 2699 1765 divinae
2722 1709 2984 1780 jussionis
3013 1711 3214 1767 virtute
3258 1714 3540 1770 roboratis
3566 1731 3683 1770 mu-

423 1803 567 1858 nulla
597 1801 870 1871 allegoria,
907 1802 1000 1856 sed
1023 1802 1161 1855 nuda
1190 1802 1210 1832 ’
1237 1801 1569 1856 solummodo
1597 1803 1816 1873 physica
1866 1818 1996 1858 con-

416 1895 677 1952 sideratio
707 1901 990 1958 tractatur,
1025 1892 1282 1947 mutuatis
1320 1894 1652 1948 sensibilium
1689 1895 1997 1950 nominibus

448 1988 510 2039 ad
542 1984 892 2056 signiﬁcanda
943 1983 1232 2039 invisibilia
1287 1982 1722 2054 frequentissimo
1782 1986 1997 2040 divinae

421 2075 733 2146 Scripturae
760 2090 879 2130 usu.
909 2074 1012 2128 Sed
1048 2089 1116 2128 ne
1159 2071 1215 2129 S.
1246 2075 1416 2143 patris
1444 2073 1623 2129 Basilii
1657 2076 1994 2132 reverendis-

419 2169 585 2220 simos
619 2164 898 2220 videamur
937 2177 1193 2234 spernere
1234 2163 1558 2231 intellectus,
1605 2165 1734 2236 quid
1781 2167 1845 2222 de
1894 2168 1996 2225 hoc

419 2256 671 2322 senserit,
715 2263 977 2326 quantum
1022 2254 1151 2309 mihi
1209 2254 1373 2310 .datur
1403 2254 1721 2325 intelligere,
1757 2255 1996 2312 breviter

417 2347 701 2402 intimabo.
745 2343 802 2399 In
849 2354 1042 2415 quarta
1093 2343 1321 2399 Homilia
1362 2344 1416 2398 in
1454 2343 1686 2401 Genesin
1719 2344 1992 2418 :Congre-

417 2449 624 2510 gentur,
676 2437 871 2507 inquit,
921 2452 1088 2506 aquae
1118 2435 1172 2490 in
1208 2435 1655 2506 congregationem
1694 2453 1873 2490 unam.
1911 2435 1994 2493 Ne

415 2531 635 2601 influens
683 2545 820 2600 aqua
867 2527 1162 2597 recipientes
1211 2543 1265 2581 se
1316 2528 1550 2597 regiones
1589 2525 1990 2595 superfundens,

416 2635 752 2690 crescensque
788 2633 1006 2686 semper,
1046 2626 1094 2670 et
1146 2615 1280 2669 alias
1312 2615 1333 2647 ⁸
1369 2633 1432 2670 ea:
1461 2615 1579 2670 aliis
1621 2616 1857 2685 implens,
1887 2635 1995 2671 om-

413 2725 532 2764 nem
559 2709 805 2778 contigua
837 2705 1120 2760 includeret
1148 2704 1390 2775 Epirum,
1431 2722 1490 2759 eo
1531 2705 1684 2775 jussu
1717 2715 1791 2759 est
1820 2705 1841 2736 ⁸
1871 2723 1992 2762 con-

413 2798 621 2870 gregari
648 2799 700 2852 in
733 2797 1184 2868 congregationem
1212 2812 1372 2849 unam
1395 2795 1436 2849 ⁸.
1464 2795 1579 2850 Ac“
1599 2812 1690 2866 per
1715 2796 1812 2851 hoc
1839 2814 1992 2868 saepe

411 2892 672 2960 ﬂuctuans
701 2905 766 2944 eo:
788 2889 947 2944 ventis
976 2904 1140 2953 mare,
1169 2898 1215 2942 et
1242 2885 1298 2941 in
1333 2886 1662 2942 altitudinem
1705 2889 1991 2942 maximam

409 2979 980 3051 sublwatis'ﬂuctibus,
1009 2994 1152 3045 mox,
1193 2988 1246 3032 ut
1276 2977 1455 3033 littora
1484 2979 1740 3051 tetigerit,
1772 2980 1830 3034 in
1867 2997 1989 3049 spu-

2093 1802 2234 1858 nita.
2266 1801 2444 1855 Divini
2474 1801 2738 1872 siquidem
2787 1802 3062 1872 praecepti
3091 1802 3275 1872 vigore
3312 1803 3684 1862 validissimus

2099 1893 2365 1948 undarum
2393 1891 2547 1947 furor
2577 1891 2882 1950 reircnatur
2907 1901 2961 1947 et
2985 1884 3370 1963 repercutitur,
3415 1911 3492 1951 ne
3529 1896 3680 1966 plana

2099 1991 2367 2036 terrarum
2396 1990 2452 2036 et
2477 1981 2764 2037 humiliora
2793 1996 2850 2038 se
2890 1981 3277 2038 loca’obruaut.
3302 1983 3451 2039 Haec
3478 1996 3677 2052 autem,

2095 2081 2157 2127 ut
2197 2072 2331 2139 dixi,
2373 2071 2694 2144 subiungere
2738 2072 2903 2138 volui,
2950 2088 3019 2128 ne
3072 2072 3214 2128 forte
3262 2075 3381 2142 quis
3436 2075 3678 2142 diceret,

2095 2177 2263 2232 quare
2286 2150 2659 2234 gloi'iosissimi
2677 2177 2865 2218 sacrae
2888 2161 3200 2232 Scripturae
3218 2163 3550 2232 expositoris
3562 2181 3682 2220 sen-

2095 2269 2214 2308 sum
2240 2253 2462 2308 omnino
2494 2253 2790 2324 praeterire
2821 2252 2936 2307 ausi
2965 2268 3172 2308 sumus.

2164 2343 2253 2398 5|.
2297 2345 2442 2400 DISC.
2482 2343 2712 2400 Provide
2756 2353 3038 2413 cauteque.
3073 2342 3186 2398 Non
3229 2343 3370 2397 enim
3417 2344 3678 2400 debemus

2094 2437 2395 2492 divinorum
2438 2434 2656 2490 Patrum
2703 2435 3006 2491 intellectus
3039 2435 3147 2491 ullo
3185 2436 3342 2492 modo
3379 2439 3677 2510 negligere.

2093 2539 2184 2580 seu
2218 2525 2516 2592 annullare,
2533 2527 2862 2596 praesertim
2883 2541 3012 2580 cum
3043 2542 3140 2582 nos
3170 2543 3273 2581 non
3297 2527 3470 2582 lateat
3492 2529 3565 2596 ",
3589 2545 3676 2585 eos

2094 2617 2412 2687 saepissime
2454 2618 2774 2688 simpliciter
2816 2618 3132 2688 disputasse,
3181 2621 3546 2688 capacitatem
3588 2639 3677 2677 au-

2094 2707 2354 2762 dientium
2396 2722 2502 2762 non
2547 2708 2680 2763 satis
2719 2709 2964 2764 idoneam
2993 2709 3061 2765 ad
3083 2709 3544 2780 profundissimos
3574 2714 3679 2782 spi-

2093 2797 2306 2852 ritualis
2351 2797 2565 2852 virtutis
2614 2798 2938 2852 naturalium
2988 2800 3255 2854 rationum
3288 2801 3680 2870 percipiendus

2091 2888 2397 2944 intellectus
2431 2888 2795 2956 providentes.
2829 2888 3004 2960 Atque
3027 2890 3145 2944 ideo
3171 2905 3276 2944 non
3291 2898 3514 2947 temere
3533 2893 3678 2947 disc-

2095 2977 2219 3042 rim,
2268 2986 2327 3030 ut
2366 2977 2576 3047 opinor,
2615 2977 2876 3032 deilerum
2906 2979 3187 3045 Basilium,
3234 2995 3470 3049 superna
3502 2984 3676 3053 gratia

412 3087 552 3126 mam
596 3071 797 3126 solvens
832 3071 1103 3141 impetum,
1135 3070 1431 3124 revertitur.
1477 3069 1559 3124 An
1585 3087 1667 3126 me
1693 3087 1796 3124 non
1836 3072 1987 3124 time-
2017 3074 2064 3138 ο
2093 3065 2468 3132 illuminatum,
2525 3067 2821 3136 simplicius
2870 3070 3182 3138 exposuisse
3230 3085 3325 3125 sex
3370 3072 3676 3141 primorum

413 3165 490 3220 bis
517 3162 561 3233 τ,
585 3163 709 3218 dicit
730 3163 1024 3226 'Dominus,
1071 3172 1347 3233 ponentem
1383 3164 1661 3217 terminum
1689 3163 1826 3217 mari
1875 3180 1991 3217 are-

413 3270 556 3320 nam,
581 3255 637 3308 in
659 3254 963 3324 ﬁrmissimo
987 3252 1219 3306 omnium
1245 3253 1452 3319 sabulo,
1485 3269 1548 3307 ne
1575 3252 1598 3285 ⁸
1628 3253 1860 3308 videlicet
1891 3255 1993 3308 vio-

409 3346 601 3401 lentiae
639 3344 824 3399 invecti
867 3344 1030 3398 maris
1066 3343 1398 3412 refrenantur
1444 3342 1489 3396 ’.
1533 3342 1781 3415 Alioquin
1821 3343 1988 3415 'quid,

414 3440 608 3511 inquit,
639 3438 931 3509 prohiberet
976 3436 1193 3491 rubrum
1228 3453 1390 3501 mare,
1431 3451 1633 3490 omnem
1678 3435 1991 3505 Aegyptum,

407 3531 536 3586 dum
589 3531 656 3585 sit
702 3529 973 3593 humilior,
1021 3529 1240 3592 intrare,
1274 3537 1322 3580 et
1350 3527 1613 3596 coaperire
1646 3525 1876 3597 Aegypto
1904 3542 1993 3595 pe-

405 3620 560 3692 lagus
589 3619 912 3683 incumbens,
937 3619 984 3672 si
1009 3634 1113 3671 non
1138 3627 1408 3687 praecepto
1432 3625 1561 3671 esset
1592 3615 1856 3670 Creatoris
1887 3616 1991 3668 im-

407 3701 639 3784 peditum
668 3709 732 3764 “.
786 3709 928 3763 Nam
967 3710 1091 3780 quia
1133 3707 1490 3762 humiliorest
1533 3707 1688 3761 rubro
1727 3708 1864 3760 mari
1892 3706 1993 3761 Ae—

407 3813 628 3877 gyptus,
663 3803 876 3874 quidam
927 3800 1148 3855 volentes
1187 3815 1336 3869 opere
1384 3799 1483 3852 sibi
1517 3798 1734 3854 invicem
1771 3799 1812 3829 ¹⁸
1857 3799 1994 3870 pela-

408 3910 503 3964 gos
531 3894 846 3963 conjungere
869 3890 1173 3960 Aegyptium
1201 3898 1248 3941 et
1283 3886 1550 3955 Indicum,
1573 3890 1626 3942 in
1649 3905 1750 3958 quo
1776 3888 1991 3943 rubrum

407 3995 483 4039 est
527 3991 947 4053 mare:propter
997 3981 1094 4034 hoc
1142 3978 1388 4047 prohibiti
1431 3987 1553 4032 sunt
1584 3978 1896 4043 conatibus,
1943 3989 1991 4033 et

405 4078 608 4148 primus
634 4075 888 4130 inchoans
915 4071 1165 4128 Sesostris
1189 4072 1491 4143 Aegyptius,
1526 4087 1588 4124 ac
1612 4079 1791 4141 postea
1819 4071 1992 4126 volens

407 4169 650 4238 per/icere
679 4166 873 4221 Darius
899 4164 1103 4220 Medus.
1133 4161 1279 4217 Haec
1307 4181 1338 4217 a
1364 4178 1445 4216 me
1470 4163 1612 4217 dicta
1647 4171 1788 4229 sunt,
1833 4173 1888 4216 ut
1918 4163 1993 4216 in-

406 4257 704 4328 telligamus
727 4256 991 4327 praecepti
1020 4255 1257 4308 virtutem
1280 4267 1298 4304 :
1326 4249 1715 4324 Congregentur
1742 4271 1909 4325 aquae
1938 4256 1992 4309 in

409 4347 863 4418 congregationem
892 4360 1074 4410 unam,
1105 4344 1202 4397 hoc
1230 4352 1326 4408 est,
1361 4341 1508 4396 nulla
1532 4341 1576 4372 ¹¹
1598 4359 1630 4395 a
1658 4343 1829 4413 seipsa
1853 4360 1992 4398 rece-

409 4439 500 4492 dat
543 4437 610 4503 ¹³,
661 4438 750 4491 sed
791 4437 1063 4506 inprima
1110 4433 1412 4488 collectione
1453 4444 1765 4505 congregata
1792 4451 1990 4505 perma-

2100 4441 2296 4511 pientis
2343 4439 2721 4494 universaliter
2757 4437 3011 4504 formata,
3045 4438 3273 4492 diversis
3305 4438 3586 4492 literarum
3624 4444 3686 4490 et
3778 4513 3784 4518 .

407 4540 530 4584 neat
566 4528 629 4582 ".
672 4527 878 4582 Deinde
911 4527 1096 4580 dicens
1123 4543 1136 4579 :
1163 4523 1552 4595 Congregentur
1593 4541 1759 4594 aquae
1784 4527 1846 4579 in
1875 4543 1992 4581 con-

409 4619 759 4690 gregationem
786 4634 982 4680 unam;
1014 4614 1304 4670 ostenditur
1335 4615 1401 4680 ¹⁵,
1445 4615 1568 4686 quia
1603 4616 1800 4671 multae
1841 4629 1988 4672 erant

415 4731 501 4768 aer
541 4713 585 4745 ¹⁶
613 4713 802 4766 multos
848 4711 1028 4764 modos
1059 4718 1357 4780 segregatae
1387 4725 1573 4778 aquae.
1601 4707 1742 4780 luga
1770 4727 1992 4781 namque

409 4807 696 4866 montium,
779 4803 1042 4874 profunda
1073 4802 1114 4832 π
1160 4800 1371 4855 vallium
1432 4800 1674 4869 irrigua,
1735 4818 1990 4872 aquarum

414 4896 761 4952 cillectionem
807 4894 1060 4948 habebant
1089 4891 1174 4958 ¹⁸;
1221 4901 1267 4945 et
1321 4891 1492 4944 adhuc
1539 4893 1707 4962 campi
1754 4893 1908 4946 multi
1943 4903 1992 4947 et

2093 3157 2301 3212 dierum
2348 3158 2757 3231 iutelligibilium
2786 3162 3143 3231 operationes,
3196 3177 3354 3234 quam
3392 3164 3677 3223 intellexe-

2093 3257 2200 3313 rat,
2231 3262 2535 3304 sermonem
2577 3249 2906 3319 simplicitati
2941 3252 3560 3322 auditorumcoaptans.
3593 3254 3673 3309 Si-

2091 3339 2308 3408 quidem
2336 3341 2697 3415 homiliariter
2716 3342 2781 3396 ad
2806 3341 3059 3412 p0pulum
3083 3343 3292 3398 locutus
3319 3352 3416 3409 cst,
3450 3353 3509 3399 et
3534 3345 3675 3414 quod

2092 3429 2252 3485 simul
2281 3430 2530 3486 et-semel
2560 3447 2591 3484 a
2617 3431 2726 3487 Beo
2765 3431 2964 3487 factum
3003 3431 3178 3488 fuisse
3220 3433 3377 3488 altius
3407 3449 3677 3505 cognove-

2092 3530 2195 3588 rat,
2245 3522 2407 3578 veluti
2460 3532 2760 3594 temporum
2799 3522 3020 3580 merulis
3069 3526 3404 3597 dispertitum
3456 3536 3680 3596 propter

2092 3631 2204 3678 COS,
2242 3631 2471 3686 quorum
2503 3633 2692 3674 sensus
2731 3632 2912 3672 moras
2952 3626 3278 3689 temporum,
3325 3619 3678 3687 locorumque

2092 3710 2378 3765 distantias
2402 3724 2657 3780 superare
2683 3711 2972 3774 nescierat,
3001 3709 3269 3779 exposuit.
3296 3709 3451 3775 Quod
3482 3719 3540 3764 et
3565 3710 3702 3779 ipse

2093 3803 2511 3858 sublimissimus
2557 3802 2942 3872 prophetarum
2991 3799 3198 3872 Moyses
3245 3798 3676 3872 lecisseqdignoo

2093 3892 2282 3948 scitur.
2326 3891 2442 3946 Non
2486 3893 2634 3946 enim
2679 3889 2846 3946 semel
2875 3898 2930 3944 et
2956 3889 3116 3944 simul
3142 3889 3190 3920 “
3211 3889 3390 3960 potuit
3421 3905 3676 3967 nat-gare,

2091 3983 2233 4052 quod
2259 3981 2428 4036 semel
2456 3989 2510 4034 et
2541 3980 2701 4035 simul
2723 3981 2768 4011 "
2791 3980 2936 4034 Deus
2960 3980 3134 4049 potuit
3160 3979 3357 4033 facere.
3391 3977 3679 4049 Siquidem

2092 4083 2148 4127 et
2171 4089 2290 4138 nos,
2339 4072 2429 4143 qui
2479 4072 2659 4127 adhuc
2712 4071 2765 4125 in
2822 4071 3060 4126 tenebris
3109 4068 3442 4141 ignorantiae
3487 4069 3677 4141 palpe-

2092 4163 2310 4218 brantes
2351 4161 2399 4194 “
2438 4161 2612 4216 lucem
2659 4161 2904 4216 veritatis
2952 4176 3210 4216 conamur
3260 4160 3527 4229 aspicere,
3570 4177 3680 4214 non

2091 4273 2268 4320 omne,
2288 4255 2429 4326 quod
2451 4255 2608 4310 simul
2637 4263 2813 4319 mente
2837 4253 3170 4323 concipimus
3189 4254 3259 4319 "',
3287 4253 3469 4307 verbis
3489 4252 3682 4322 expia-

2095 4365 2224 4404 nare
2265 4349 2507 4402 valemus
2534 4347 2612 4411 ¹⁸;
2659 4346 2835 4400 omnis
2873 4361 3103 4414 namque
3135 4360 3244 4408 ars,
3273 4345 3334 4398 in
3367 4345 3550 4399 animo
3584 4359 3683 4398 sa-

2100 4530 2462 4602 syllabarum,
2517 4529 2918 4597 dictionumque
2975 4527 3357 4596 temporalibus
3412 4527 3682 4590 morulis,

2100 4619 2406 4674 necessario
2450 4618 2849 4688 particular-iter
2895 4616 3245 4685 ordinateque
3294 4617 3346 4669 in
3388 4631 3546 4669 aures
3597 4617 3682 4669 di-

2100 4710 2363 4765 seentium
2401 4708 2736 4763 diffunditur.
2791 4705 2907 4761 Non
2935 4721 3064 4778 ergo
3088 4706 3425 4778 praedictum
3457 4704 3680 4760 Patrem

2098 4803 2356 4858 debemus
2416 4801 2669 4855 arbitrari
2724 4800 3041 4870 simpliciter
3079 4798 3458 4860 intellexisse,
3521 4796 3678 4864 quod

2098 4894 2412 4963 simpliciter
2448 4894 2663 4948 videtur
2714 4891 3046 4964 esposuisse.
3105 4889 3238 4956 Quis
3297 4889 3440 4944 enim
3505 4888 3684 4942 aude—

1690 5019 1944 5074 VARIAE
1982 5020 2378 5079 LECTIONES.

481 5139 500 5173 ⁹
528 5139 569 5193 Α
598 5133 1050 5192 intellectualibns.
1124 5133 1144 5164 ’
1173 5133 1314 5186 nuda
1334 5146 1442 5184 om.
1467 5130 1532 5182 A.
1607 5129 1628 5161 ³
1651 5128 1700 5182 Α
1731 5128 1858 5185 alia.

406 5212 428 5244 "
471 5212 513 5264 Α
547 5209 808 5263 timebitis.
921 5206 942 5237 ⁸
970 5203 1122 5272 Conj.
1173 5204 1214 5254 Δ
1249 5201 1432 5255 sabu’o
1457 5239 1472 5264 ,
1505 5200 1556 5272 _C
1600 5199 1829 5254 sablone.

410 5283 496 5354 ref
496 5289 760 5354 raenatur.

1938 5133 2090 5205 fPror
2109 5151 2169 5188 eo
2184 5137 2335 5205 jussu
2361 5146 2434 5189 est
2461 5137 2501 5191 C
2526 5139 2638 5190 visa
2662 5146 2756 5191 est.
2833 5137 2854 5168 ³
2875 5152 3033 5190 unam
3055 5151 3162 5190 om.
3186 5136 3250 5190 Α.

1931 5202 2025 5257 ’A
2077 5202 2435 5274 inﬁrmissimo
2489 5208 2720 5260 omnium
2760 5207 2942 5260 sabulo
2990 5208 3151 5259 nutris
3208 5205 3448 5259 violentia
3499 5206 3685 5258 invicti

860 5275 901 5307 ³⁸
945 5270 1170 5345 εξελας
1218 5274 1262 5326 Α
1305 5270 2000 5345 cooperire-sequemari,
2054 5270 2191 5345 quod
2249 5279 2474 5345 Aegypto
2535 5277 2758 5344 adjacet.
2811 5277 3142 5344 conjungere,
3195 5277 3296 5329 nisi
3345 5285 3685 5345 praeceptum

3328 5136 3350 5168 ⁸
3372 5135 3446 5188 Ac
3468 5149 3582 5189 om.
3614 5137 3683 5187 Α.

409 5337 672 5404 αἲεαιονὲδ
704 5356 832 5401 esset
868 5343 1310 5412 impedimentum.
1386 5343 1426 5373 ιι
1454 5337 1620 5416 Sient;
1648 5337 1706 5392 A'
1730 5342 1947 5416 quidam
1969 5337 2118 5416 opere
2145 5337 2506 5416 persuaserunt
2550 5337 2726 5408 nobis,
2760 5337 2986 5416 volentes
3003 5337 3239 5399 'invicem
3313 5337 3361 5416 “7
3386 5344 3425 5396 A
3452 5337 3534 5396 ηδ’
3555 5343 3680 5416 illa.

885 5407 996 5467 ΝΛ
1022 5421 1374 5482 permaneant.
1398 5479 1406 5482 Α
1455 5410 1498 5482 _“
1527 5407 1568 5463 C
1599 5407 1818 5482 ostendit
1847 5415 1960 5468 tibi.

414 5421 458 5453 ¹³
483 5422 522 5472 Α
551 5419 808 5472 recalent.

2041 5413 2084 5444 ιο
2125 5413 2214 5444 .l-..

415 5421 458 5453 "
483 5422 522 5472 Α
551 5419 808 5472 recalent.
885 5415 929 5445 ”
953 5417 996 5467 A
1022 5421 1374 5482 permaneant.
1455 5415 1498 5440 "
1527 5415 1568 5463 υ
1599 5415 1818 5463 ostendit
1847 5415 1960 5468 tibi.
2041 5415 2084 5444 ⁸⁸
2125 5415 2214 5481 per
2260 5429 2369 5468 om.
2399 5415 2462 5466 Α.
2543 5417 2584 5448 ⁸⁷
2608 5416 2651 5467 Α
2674 5415 3052 5485 profunditate.
3132 5417 3175 5446 ⁸⁸
3202 5415 3243 5468 C
3273 5416 3324 5467 lu

415 5489 781 5542 multitudinis.
852 5485 898 5516 ’°
925 5485 968 5538 Α
995 5497 1293 5555 cavaquas.
1367 5479 1410 5513 "
1436 5477 1786 5555 Aconjuncta
1816 5494 2036 5555 sunt,“
2079 5484 2174 5538 Dei
2207 5485 2370 5554 ipsius
2413 5485 2590 5555 divino
2627 5494 2934 5555 praecepto.
2970 5499 3021 5538 a.
3065 5501 3130 5555 u..
3172 5500 3220 5539 c.
3273 5500 3324 5538 ιι.

3132 5417 3175 5446 ⁸⁸
3202 5415 3243 5468 C
3273 5415 3478 5467 habent.
3559 5412 3609 5442 "
3639 5416 3681 5464 Α

2543 5417 2584 5448 ⁸⁷
2608 5416 2651 5467 Α
2674 5415 3052 5485 profunditate.

3365 5497 3526 5551 aquas
3571 5482 3686 5551 ecl:

392 5546 592 5619 ’καθα
668 5561 714 5588 “
743 5567 796 5610 ul
816 5572 922 5628 Ott}-
941 5555 1010 5628 _A-
1069 5551 1134 5628 _"
1155 5546 1196 5606 Ε
1219 5566 1318 5604 ηοη
1341 5546 1630 5603 “031M901?
1708 5548 1824 5593 ’δι-⁸⁵
1848 5557 1892 5608 Α
1919 5546 2075 5611 simul
2093 5565 2141 5611 et
2163 5546 2336 5612 semel.
2411 5553 2459 5587 “
2483 5554 2577 5612 Sic
2595 5546 2667 5624 C;
2695 5555 2741 5608 Α
2761 5546 3068 5626 palpantes;
3095 5554 3135 5618 l._
3159 5546 3488 5628 palpitantes.
3563 5551 3615 5582 "
3641 5549 3685 5605 C

414 5627 782 5698 conspicimus.
854 5625 902 5657 "
925 5625 968 5677 Λ
995 5621 1278 5677 valeamus.
