3912 6154
244 211 339 267 7-ὶο

1057 205 1147 264 DE
1183 205 1519 266 DIVISIONE
1553 205 1903 265 NATURAE.
1944 236 2015 249 --
2051 202 2250 262 LIBER
2290 200 2610 261 TERTIUS.

3375 202 3481 257 710

236 322 313 376 bit
350 316 586 373 divinum
633 313 897 371 luminare
939 317 1348 387 reprehendere,
1403 317 1526 372 dum
1574 317 1802 382 nesciat,
1834 319 1879 377 Α
1909 313 2028 383 pler
2060 314 2226 412 ipsgrs
2252 314 2349 378 vis,
2378 327 2474 383 per
2499 312 2739 367 diversas
2763 309 2970 383 species
2993 311 3273 368 visibiliter
3294 327 3475 370 erum-

235 417 488 482 quantum
531 407 582 461 in
621 405 798 476 seipso
842 405 1036 475 potuit,
1074 405 1274 469 lucere,
1309 405 1594 475 lumenque
1644 420 1802 460 suum

235 505 409 558 minus
463 500 752 570 capacibus
805 506 1168 568 temperanter
1224 496 1394 550 voluit
1439 497 1801 551 distribuere!

235 593 363 650 Nam
416 608 524 646 non
553 592 567 620 ‘
603 589 763 644 facile
803 587 1146 651 crediderim,
1180 602 1429 658 magnum
1483 599 1803 656 praeconem

232 685 568 753 sapientiae,
626 679 997 750 plenissimum
1053 678 1281 742 virtute,
1335 676 1662 730 intellexisse
1715 684 1810 729 aut

230 776 534 842 cogitasse,
576 773 807 826 inertem
853 771 879 802 ³
915 769 1107 824 molem
1151 769 1380 834 telluris,
1445 768 1804 830 tenebrosam,

226 864 440 918 iul‘mita
500 860 678 915 adhuc
737 859 920 930 abyssi
987 859 1338 912 inundatione
1407 859 1644 926 undique
1715 870 1808 910 co-

233 964 515 1024 opertam,
543 969 642 1023 per
682 967 861 1006 moras
911 960 1208 1020 temporum
1255 952 1404 1021 prius
1461 951 1624 1006 fuisse
1675 967 1807 1006 con-

229 1049 428 1108 ditam.
473 1062 537 1101 ac
579 1055 762 1114 postea
810 1054 1031 1114 peracto
1077 1044 1305 1098 duorum
1355 1045 1561 1099 dierum
1611 1045 1807 1114 spatio,

229 1155 320 1209 per
360 1137 647 1192 intervalla
699 1147 999 1206 temporum
1051 1145 1466 1197 transaclorum,
1515 1136 1680 1189 veluti
1719 1137 1808 1190 in-

226 1230 462 1282 choante
507 1226 665 1280 tertia
703 1225 841 1287 luce,
873 1225 1198 1279 deuudatam
1228 1225 1424 1296 abysso
1453 1224 1564 1287 illa,
1597 1240 1698 1293 qua
1728 1233 1810 1279 te-

226 1321 476 1389 gebatur,
529 1318 579 1370 in
621 1316 1096 1386 congregationem
1136 1331 1298 1368 unam
1329 1314 1629 1370 collectam.
1662 1313 1811 1370 Haec

225 1409 362 1463 enim
416 1408 597 1462 omnia
641 1415 698 1461 et
735 1416 939 1471 cetera,
980 1421 1119 1474 quae
1155 1405 1221 1460 de
1257 1419 1351 1460 sex
1379 1403 1807 1473 primordialium

227 1500 432 1553 dierum
483 1497 737 1567 operibus
785 1497 964 1552 divina
995 1496 1272 1565 Scriptura
1300 1505 1707 1560 commemorat,
1737 1495 1811 1550 si-

226 1587 329 1642 mul
377 1596 438 1642 et
483 1586 648 1642 semel
681 1585 862 1640 divino
907 1593 1192 1656 praecepto
1219 1585 1420 1653 absque
1446 1584 1568 1637 ullis
1598 1594 1806 1653 tempo-

1909 418 2064 474 pens,
2095 397 2383 458 be'rbarum
2415 401 2787 472 lignorumque
2825 397 3309 471 signiﬁcationibus
3340 403 3479 459 insi«

1909 504 2127 549 nuatur.
2165 494 2354 551 Omnis
2376 493 2519 548 enim
2550 493 2757 564 species
2785 492 2836 546 iu
2864 505 3081 562 genere,
3113 499 3168 546 et
3195 506 3353 548 omne
3379 507 3474 566 ge-

1908 603 2011 642 nus
2034 587 2087 641 in
2119 587 2162 618 ¹⁶
2185 587 2482 641 substantia
2509 585 2828 640 naturaliter
2849 584 3174 639 continetur.
3205 585 3337 639 Item
3365 601 3486 642 om-

1909 679 1994 732 nis
2023 676 2322 732 substantia
2352 691 2450 745 per
2479 691 2673 746 genera
2701 675 2742 707 ¹⁷
2769 675 2820 728 in
2865 674 2908 706 ¹⁸
2931 673 3134 728 formas
3169 675 3484 744 speciesque

1905 769 2156 839 proprias
2193 768 2301 822 vim
2347 783 2499 822 suam
2540 767 2760 832 exserit,
2788 775 2844 822 et
2875 767 2975 821 hoc
3009 774 3198 829 totmn,
3233 767 3339 820 vita
3371 765 3484 832 illa,

1910 880 2050 934 quae
2076 865 2127 918 in
2165 865 2462 919 seminibus
2487 874 2763 934 operatur,
2797 864 2959 919 divini
2988 864 3258 934 praecepti
3289 863 3488 919 virtute

1902 960 2052 1028 jussa
2076 960 2436 1014 administrat.
2456 959 2686 1037 [deoque
2712 959 2904 1014 herbas
2931 958 3198 1028 lignaque,
3229 955 3482 1012 animalia

1911 1050 2014 1104 lixa
2083 1050 2134 1102 itt
2197 1049 2316 1103 loco
2382 1049 2586 1119 physici
2636 1065 2742 1103 non
2807 1047 3248 1102 irrationabiliter
3303 1045 3485 1116 apper

1910 1139 2042 1194 lant.
2071 1139 2208 1194 Sunt
2249 1139 2392 1192 enim
2440 1135 2673 1192 animata
2713 1154 2962 1209 corpora,
3001 1138 3243 1192 locorum
3270 1146 3322 1191 et
3349 1147 3484 1192 tem-

1909 1247 2100 1302 porum
2135 1225 2431 1284 intervallis
2465 1230 2788 1294 crescentia,
2836 1231 3055 1299 suisque
3100 1229 3252 1293 locis,
3284 1229 3336 1282 in
3363 1229 3490 1298 qui-

1909 1322 2010 1376 bus
2059 1330 2326 1383 crescunt,
2361 1320 2486 1372 lixa.
2512 1319 2578 1373 Et
2626 1320 2935 1380 notandum,
2975 1319 3116 1387 quod
3149 1320 3192 1352 ¹⁹
3220 1319 3486 1387 quemad-

1910 1411 2127 1466 modum
2176 1425 2437 1480 aquarum
2481 1409 2734 1464 collectio
2771 1423 2867 1479 per
2892 1423 2948 1461 se
2978 1416 3126 1462 stare
3155 1422 3261 1460 non
3289 1414 3484 1476 potest,

1910 1501 2012 1555 nisi
2038 1500 2177 1555 mole
2202 1509 2376 1555 terrae
2401 1500 2752 1564 sustineatur,
2783 1500 2895 1554 sive
2925 1499 3153 1553 interius
3180 1514 3278 1568 per
3305 1497 3487 1553 occul-

1911 1602 1996 1648 tos
2041 1607 2224 1664 poros,
2269 1593 2381 1647 sive
2424 1592 2663 1646 exterius
2709 1607 2805 1660 per
2849 1600 3064 1662 apertas
3111 1588 3488 1643 inundationes

227 1679 429 1734 Talibus
477 1677 787 1754 ἱηιετνίξιιὶε,
838 1677 950 1731 $058
997 1676 1315 1740 rationibus.
1352 1674 1646 1730 secundum
1673 1689 1807 1744 quas
1837 1662 1887 1722 Β
1914 1662 2241 1747 discurrens,
2269 1683 2383 1737 sive
2411 1682 2616 1752 stagnis
2643 1681 2968 1751 lacubusque
3002 1689 3194 1734 stans:
3237 1678 3310 1733 ita
3342 1676 3487 1733 accl~

226 1771 442 1826 condita
496 1778 638 1835 sunt,
687 1769 940 1824 distincta
969 1777 1024 1824 et
1050 1767 1191 1823 facta
1220 1767 1407 1832 fuisse,
1437 1775 1491 1820 et
1520 1766 1574 1821 in
1605 1766 1812 1836 species

226 1880 348 1920 suas
369 1865 661 1934 producta,
684 1863 1028 1918 beatissimus
1046 1871 1415 1931 perspexerat,
1433 1869 1492 1915 ut
1513 1862 1746 1916 arbitror
1765 1861 1808 1929 ³,

227 1956 481 2012 Basilius.
521 1955 602 2008 An
651 1953 796 2012 aliud
824 1970 891 2008 ex
936 1953 1114 2008 verbis
1143 1953 1308 2023 ipsius
1343 1953 1396 2008 in
1422 1968 1563 2008 nona
1589 1952 1813 2008 humilia

228 2049 486 2105 Exetneri
532 2049 612 2104 sui
653 2047 1091 2116 intelligendum?
1135 2045 1377 2116 Intellige
1401 2087 1416 2112 ,
1453 2045 1648 2114 inquit,
1679 2043 1812 2098 Ver-

231 2144 344 2196 bum
400 2143 505 2196 Dei
550 2158 641 2212 per
667 2151 963 2196 creaturam
999 2157 1237 2205 currens,
1284 2150 1408 2194 tunc
1452 2141 1724 2208 incipiens,
1766 2148 1816 2194 et

231 2250 388 2304 usque
430 2249 573 2287 nunc
622 2247 862 2302 operam,
905 2241 953 2285 et
983 2232 1036 2284 in
1072 2230 1228 2300 finem
1255 2230 1552 2299 perueniens
1578 2230 1618 2295 ⁸,
1651 2231 1817 2284 donec

233 2324 460 2378 mundus
499 2331 902 2376 consummatur.
952 2317 1124 2390 thue
1175 2322 1396 2391 sphaera
1427 2338 1545 2376 cum
1577 2322 1640 2375 ab
1667 2321 1688 2353 ⁸
1719 2320 1818 2374 ali-

235 2433 332 2485 qua
364 2413 677 2483 impellitur,
707 2414 752 2467 si
779 2411 1007 2483 proclivo
1027 2413 1254 2482 quodam
1282 2414 1592 2482 accipiatur,
1624 2421 1671 2465 et
1699 2428 1819 2480 pro-

231 2506 342 2559 oria
369 2503 816 2572 conformatione,
853 2513 901 2556 et
931 2502 1297 2556 commoditate
1323 2503 1548 2573 regionis
1575 2503 1743 2572 fertur
1762 2503 1819 2557 in

230 2594 526 2666 proclivum
577 2593 619 2658 ⁸,
652 2609 744 2646 nec
770 2593 914 2662 prius
947 2602 1118 2660 stans,
1161 2609 1318 2663 quam
1356 2591 1644 2662 aequalitas
1685 2609 1821 2646 cam-

231 2705 412 2751 porum
458 2688 628 2755 ipsam
673 2686 964 2755 suscipiat:
990 2686 1064 2738 sic
1102 2694 1295 2738 natura
1323 2685 1676 2751 exulantium,
1713 2699 1820 2739 uno

230 2786 509 2847 praecepto
535 2785 698 2841 mota,
727 2776 781 2828 in
823 2776 1154 2845 generatione
1183 2784 1228 2828 et
1259 2777 1593 2846 corruptione
1616 2783 1824 2829 creatu-

234 2885 345 2921 ram
388 2869 411 2900 '
462 2867 615 2938 plane
665 2867 959 2938 percurrit,
1001 2883 1248 2937 generum
1288 2867 1678 2936 consequentias
1733 2882 1825 2937 per

233 2959 634 3016 similitudinem
689 2958 930 3024 salt-arts,
988 2959 1152 3013 donec
1203 2958 1272 3011 ad
1322 2960 1494 3029 ipsum
1540 2958 1821 3013 descendat

240 3053 412 3106 linem.
447 3049 656 3120 Equum
680 3051 888 3121 quidem
913 3052 1030 3122 equi
1062 3050 1190 3121 facit
1216 3067 1587 3116 successorem,
1621 3050 1817 3106 leonem

234 3143 425 3210 leonis,
454 3141 688 3214 aquilam
716 3142 946 3213 aquilae,
972 3152 1019 3196 et
1046 3160 1182 3196 nunc
1226 3143 1466 3215 quodque
1509 3143 1818 3198 animalium

238 3243 612 3304 consequenter
643 3233 1055 3286 successionibus
1083 3245 1468 3300 conservatum,
1515 3251 1674 3303 usque
1705 3234 1775 3287 ad
1796 3233 1818 3266 ⁸

239 3322 738 3375 consummationem
782 3323 1135 3378 universitatis
1186 3326 1492 3378 transmittit
1529 3325 1571 3379 ’.
1607 3326 1822 3382 Intuere

238 3412 345 3466 vim
388 3412 780 3468 similitudinis.
814 3413 1050 3469 Verbum
1098 3414 1214 3480 Dei,
1270 3415 1464 3484 inquit,
1518 3431 1615 3484 per
1640 3419 1819 3472 omnia

241 3504 305 3557 ab
344 3504 386 3534 '°
430 3504 584 3558 initio
615 3513 896 3560 creaturae
932 3521 1100 3575 usque
1141 3507 1208 3561 ad
1255 3505 1415 3562 linem
1456 3508 1824 3564 universitatis

242 3611 458 3668 semper
483 3611 715 3667 operans
759 3598 938 3652 omnia
991 3607 1044 3652 et
1095 3613 1316 3653 movens
1361 3601 1658 3668 percurrit;
1715 3615 1823 3654 uno

245 3701 478 3754 namque
503 3697 810 3756 praecepto,
833 3686 994 3743 Veluti
1020 3704 1182 3743 unam
1205 3690 1474 3760 quandam
1512 3692 1822 3760 sphaeram,

243 3791 406 3830 unam
455 3785 702 3832 naturam
749 3793 962 3846 eorum,
1008 3795 1149 3850 quae
1197 3791 1324 3836 sunt
1371 3781 1532 3836 simul
1574 3793 1629 3837 et
1656 3783 1824 3838 semel

245 3865 385 3921 laeta
415 3908 430 3930 ,
485 3877 663 3923 movet
702 3869 756 3923 in
815 3885 1008 3940 genera
1052 3879 1107 3925 et
1148 3872 1376 3941 species,
1408 3887 1550 3942 quae
1601 3888 1826 3928 currens

242 3959 411 4013 veluti
441 3959 492 4013 in
519 3960 812 4030 proclivum
842 3961 882 3992 “
912 3961 1179 4030 quoddam
1220 3962 1424 4027 voluta,
1456 3977 1675 4018 currere
1719 3978 1825 4018 non

246 4052 479 4118 desinet,
530 4054 700 4108 donec
751 4058 817 4107 ad
870 4053 1030 4107 linem
1083 4055 1494 4120 universitatis,
1544 4055 1710 4109 veluti
1757 4055 1825 4109 ad

248 4143 516 4212 quandam
543 4144 779 4213 quietem
807 4144 1106 4213 perveniat.
1130 4143 1306 4198 Unum
1331 4145 1494 4214 igitur
1516 4144 1609 4199 Dei
1637 4146 1679 4176 "
1699 4143 1829 4200 Ver-

247 4233 378 4287 bum
423 4250 525 4287 uno
558 4244 843 4304 praecepto
868 4250 1027 4288 unam
1051 4236 1398 4291 existentiutn
1431 4245 1677 4291 naturam
1712 4237 1827 4292 ﬁeri

244 4323 428 4392 jussit,
475 4340 634 4394 quam
681 4324 839 4378 simul
870 4336 924 4378 et
951 4324 1116 4380 semel
1156 4334 1211 4379 et
1245 4326 1504 4390 condidit,
1532 4335 1586 4380 et
1618 4328 1671 4381 in
1707 4342 1828 4396 spe-

249 4414 365 4468 cies
419 4415 662 4485 proprias
708 4415 982 4484 produxit.
1039 4414 1110 4470 Ut
1161 4416 1306 4469 enim
1361 4431 1467 4470 uno
1521 4426 1827 4486 praecepto,

251 4505 478 4572 repetito
500 4514 677 4558 tamen
696 4505 739 4535 ¹³
754 4505 931 4561 sexies
953 4521 983 4559 a
1006 4505 1296 4576 Theologo,
1322 4514 1569 4560 naturam
1592 4510 1832 4563 omnium

251 4595 410 4648 simul
438 4597 662 4660 creavit,
693 4596 767 4650 ita
802 4597 912 4667 ipsa
939 4606 1134 4652 natura
1166 4597 1325 4652 simul
1354 4599 1406 4652 in
1439 4613 1628 4655 omnes
1655 4600 1834 4670 coepit

252 4699 469 4740 currere
488 4694 788 4749 creaturas,
814 4701 913 4740 nec
935 4687 1038 4740 ulla
1064 4687 1288 4742 alteram
1313 4688 1554 4744 locorum
1583 4706 1675 4746 seu
1703 4699 1834 4746 tem-

252 4790 438 4843 porum
481 4777 726 4832 numeris
767 4791 860 4830 seu
902 4777 1093 4846 spatiis
1139 4779 1453 4847 praecessit.
1492 4779 1632 4834 Msa.
1679 4778 1832 4835 Juste

254 4874 504 4937 recteque
545 4883 800 4937 magnum
834 4867 879 4897 "
903 4868 1078 4922 virum
1124 4869 1422 4937 praedicas,
1453 4885 1552 4926 nec
1581 4871 1736 4924 aliter
1762 4871 1828 4926 de

254 4957 377 5026 ipso
403 4967 480 5014 est
507 4959 872 5014 sentiendum.
903 4959 1132 5014 Pulchre
1161 4961 1346 5031 igitur,
1377 4971 1659 5032 segregata
1688 4962 1830 5016 mul-

255 5044 480 5102 titudine
503 5047 548 5080 "
570 5047 930 5103 accidentium
951 5049 1244 5105 stabilitate
1269 5051 1624 5118 substantiae,
1651 5053 1832 5108 multi-

1856 4381 1906 4440 D

1914 1780 2154 1834 dentium
2205 1777 2485 1832 inundatio
2528 1791 2634 1831 non
2683 1773 2785 1829 nisi
2815 1773 2866 1826 in
2895 1772 3132 1841 subjecta
3191 1769 3490 1826 substantia

1915 1869 2209 1925 consistere
2234 1867 2526 1937 praevalet,
2556 1867 2667 1922 sive
2695 1865 2746 1920 in
2774 1864 2999 1919 occultis
3026 1863 3248 1933 subjecti
3277 1861 3487 1916 sinibus

1915 1965 2138 2026 lateant,
2170 1971 2228 2015 ut
2257 1971 2380 2016 sunt
2407 1961 2694 2031 qualitates
2718 1967 2772 2013 et
2794 1958 3147 2029 quantitates,
3179 1955 3490 2028 causaliter,

1915 2053 2026 2108 sive
2053 2052 2197 2108 foras
2219 2061 2521 2121 erumpant,
2547 2059 2602 2104 et
2626 2051 2677 2104 in
2700 2050 2876 2118 aliqua
2909 2048 3132 2102 materia
3169 2054 3480 2116 appareant,

1914 2153 1976 2197 ut
1995 2151 2124 2199 sunt
2165 2136 2334 2198 moles
2378 2156 2667 2211 corporeae
2709 2139 2936 2196 diversis
2981 2137 3251 2193 coloribus
3294 2151 3492 2206 super.

1917 2235 2088 2312 fusae,
2118 2235 2230 2312 sive
2261 2233 2469 2288 stabilia
2493 2234 2620 2297 sint,
2652 2241 2712 2287 ttt
2751 2231 2956 2302 species
2987 2241 3145 2300 atque
3171 2229 3216 2262 "
3262 2229 3489 2300 ﬁgurae,

1917 2309 2057 2396 quae
2099 2309 2337 2395 adjectae
2384 2323 2725 2378 mutabilitati
2763 2323 3022 2377 materiae
3046 2323 3088 2353 ⁸¹
3120 2321 3347 2374 visiliilia
3376 2317 3492 2372 elli-

1918 2420 2067 2473 ciunt
2090 2431 2334 2486 corpora,
2388 2423 2533 2470 statu
2585 2415 2816 2482 quodam
2861 2412 3080 2482 speciali
3130 2412 3488 2472 conformata,

1919 2519 1974 2564 et
2003 2510 2056 2563 in
2105 2523 2266 2561 unum
2301 2507 2557 2575 colligunt
2587 2507 2652 2570 “,
2703 2519 2770 2559 ne
2799 2505 2976 2560 subito
3005 2503 3298 2564 solvantur,
3332 2501 3495 2568 inque

1919 2587 2096 2654 ﬂuxus
2117 2612 2244 2654 suae
2263 2597 2642 2651 mutabilitatis
2665 2596 2921 2665 speciem,
2946 2611 3048 2664 qua
3071 2589 3494 2652 continentur”,

1921 2691 2222 2747 deserentia
2279 2689 2528 2744 labantur
2563 2698 2617 2744 et
2652 2687 2900 2743 relluant.
2951 2685 3055 2742 Sed
3089 2701 3154 2739 ne
3213 2685 3263 2738 itt
3303 2683 3496 2736 talibus

1923 2785 2124 2841 diutius
2174 2784 2545 2845 immorentur,
2577 2781 2643 2835 ad
2671 2788 2920 2849 quartam
2960 2777 3262 2832 mundanae
3288 2773 3498 2829 consti~

1925 2877 2147 2932 tutionis
2175 2884 2516 2930 transeamus
2546 2873 2997 2943 speculationem.

1991 2968 2084 3025 52.
2126 2968 2277 3022 Dtsc.
2321 2965 2503 3020 Series
2530 2961 2908 3032 disputationis
2955 2961 3025 3015 ita
3066 2960 3248 3031 exigit.
3292 2957 3423 3012 Nam
3451 2957 3497 3014 sl

1923 3074 2022 3130 per
2065 3056 2296 3127 singula,
2343 3068 2696 3124 quaecunque
2726 3052 2792 3108 dc
2821 3051 3013 3106 talibus
3039 3063 3092 3106 et
3113 3052 3158 3082 ’δ
3190 3050 3500 3120 quaerenda

1921 3161 1978 3208 et
2043 3150 2297 3207 solvenda
2355 3157 2517 3214 sunt,
2575 3147 2696 3217 quis
2750 3147 2796 3180 "
2854 3145 3176 3214 investigare
3234 3142 3502 3207 voluerit,

1919 3245 2073 3316 prius
2109 3243 2157 3298 ei
2213 3253 2420 3311 tempus
2467 3240 2703 3299 deficiet,
2730 3252 2894 3308 quam
2932 3237 3000 3290 ad
3041 3239 3198 3289 linem
3237 3235 3502 3298 omnium,

1922 3347 2059 3404 quae
2107 3333 2386 3387 tractanda
2439 3339 2564 3385 sunt
2614 3337 2668 3383 et
2718 3329 2764 3360 ¹⁶
2801 3323 2868 3381 ad
2916 3342 3106 3398 purum
3140 3323 3502 3388 discutienda,

1922 3424 2100 3478 valeat
2149 3421 2450 3492 pervenire.
2501 3419 2639 3473 Mtte.
2679 3417 2899 3472 Peracta
2951 3416 3133 3484 itaque
3159 3415 3384 3469 duarum
3415 3412 3501 3468 in-

1925 3513 2183 3569 feriorum
2232 3511 2464 3567 visibilis
2508 3511 2668 3580 hujus
2715 3509 2896 3563 mundi
2929 3509 3185 3579 partium,
3213 3516 3398 3561 terrae
3424 3507 3504 3562 vi.

1925 3608 2121 3662 delicet
2147 3614 2202 3658 et
2241 3619 2432 3675 aquae,
2464 3601 2800 3657 formationis
2829 3601 3160 3664 narratione,
3202 3599 3310 3653 imo
3335 3597 3503 3654 etiam

1928 3696 2086 3752 simul
2109 3711 2173 3750 ac
2193 3695 2235 3726 ⁸⁷
2260 3693 2452 3759 semel,
2475 3694 2680 3766 absque
2701 3691 2824 3746 ullis
2849 3691 3229 3761 temporalibus
3259 3690 3506 3756 moralis,

1929 3789 2110 3842 divino
2155 3797 2444 3857 praecepto
2506 3785 2560 3839 in
2611 3784 2898 3854 generibus
2943 3782 3056 3836 suis
3107 3791 3165 3835 et
3225 3781 3508 3850 speciebus

1931 3861 2309 3941 formatarum,
2362 3874 2494 3930 locis
2545 3887 2788 3942 quoque,
2837 3871 3106 3939 certisque
3151 3871 3351 3926 ﬁnibus
3399 3871 3506 3925 cir-

1929 3970 2380 4038 cumscriptarum
2431 3965 2818 4035 speculatione,
2873 3979 2994 4017 mox
3048 3962 3114 4016 ad
3163 3963 3503 4030 superiorum

1929 4059 2188 4130 partium,
2219 4058 2361 4112 aeris
2400 4058 2520 4110 dico
2548 4065 2604 4110 et
2631 4055 2790 4124 ignis,
2823 4052 3261 4107 constitutionem
3295 4051 3508 4106 divinus

1933 4148 2356 4219 cosmOgraphus
2405 4145 2602 4200 mentis
2651 4143 2906 4197 intuitum
2941 4143 3236 4205 convertit,
3278 4139 3507 4194 dicens:

1932 4240 2078 4294 Dimit
2126 4249 2296 4291 autem
2342 4235 2480 4290 Deus
2510 4247 2528 4286 :
2563 4231 2721 4286 Fiant
2761 4231 3046 4285 luminaria
3085 4231 3140 4284 in
3179 4230 3510 4298 ﬁrmamento

1933 4333 2087 4395 caeli,
2131 4339 2179 4384 et
2217 4328 2448 4384 dividant
2489 4327 2625 4381 diem
2657 4343 2719 4379 ac
2749 4334 2981 4390 noctem,
3016 4332 3069 4377 et
3107 4323 3209 4376 sint
3243 4323 3298 4375 in
3337 4322 3507 4390 signa,

1935 4433 1983 4476 et
2005 4424 2053 4455 ’⁸
2079 4431 2333 4490 tempora,
2355 4428 2403 4472 et
2425 4417 2470 4448 ²⁹
2501 4417 2630 4480 dies,
2656 4424 2705 4471 et
2728 4424 2922 4477 noctes,
2943 4423 2992 4466 et
3021 4429 3208 4475 annos,
3232 4421 3278 4465 et
3305 4409 3510 4465 luceant

1936 4512 1991 4564 in
2012 4511 2348 4580 ﬁrmamento
2383 4505 2542 4568 caeli,
2581 4515 2627 4560 et
2656 4504 2946 4558 illuminent
2972 4513 3202 4567 terram;
3232 4510 3281 4556 et
3313 4500 3515 4571 factum

1936 4612 2009 4656 est
2037 4602 2132 4654 ita.
2160 4587 2369 4654 Audisti
2402 4597 2762 4652 conditionem
2811 4592 3117 4664 generalem
3150 4592 3390 4648 omnium
3428 4592 3512 4646 lu-

1936 4690 2226 4746 minarium
2274 4687 2528 4744 caelestis
2578 4685 2902 4742 ﬁrmamenti
2965 4684 3018 4738 in
3079 4683 3517 4752 primordialibus

1938 4780 2115 4836 causis
2160 4787 2285 4834 ante
2315 4792 2532 4833 omnem
2584 4775 2725 4831 diem
2752 4815 2766 4838 ,
2802 4783 2858 4828 et
2903 4781 3142 4842 tempus,
3193 4781 3249 4828 et
3292 4773 3514 4838 locum;

1937 4871 2060 4926 audi
2111 4870 2404 4926 eorundem
2453 4867 2850 4939 processionem
2899 4865 2952 4919 in
2997 4863 3222 4920 ell‘ectus
3269 4879 3419 4931 suos,
3460 4865 3518 4920 in

1938 4963 2145 5033 species
2187 4962 2432 5033 proprias
2475 4959 2900 5029 multiplicatam,
2943 4959 3182 5013 locormn
3220 4956 3519 5013 intervallis

1936 5053 2254 5120 discretam,
2309 5062 2607 5122 temporum
2661 5049 2941 5106 curriculis
2986 5048 3317 5116 volubilem,
3366 5055 3517 5105 motu

1538 5215 1794 5271 VARIAE
1832 5205 2233 5272 LECTIONES.

331 5352 353 5388 ¹
382 5351 422 5408 Δ
451 5357 646 5421 Neque.
719 5357 741 5387 '
785 5355 1211 5432 C‘innorntem,
1270 5361 1291 5393 ³
1333 5372 1388 5415 ut
1437 5363 1668 5416 arbitror
1713 5378 1822 5416 om.
1875 5362 1937 5416 Α.
2027 5361 2061 5432 κδ
2089 5361 2130 5415 Α
2161 5361 2483 5432 proreniens.
2557 5361 2672 5432 iub
2721 5378 2856 5432 omL
2884 5361 2944 5416 Α.
3042 5359 3063 5390 ⁸
3093 5359 3141 5432 ΔΑ
3189 5357 3260 5432 ἰι)Δ
3299 5356 3516 5432 {lea/itte.

269 5420 288 5448 '
325 5420 611 5480 creaturam
664 5441 772 5480 om.
829 5427 893 5479 Α.
983 5428 1006 5460 ⁸
1047 5429 1089 5481 C
1143 5431 1212 5483 ad
1260 5447 1368 5485 om.
1400 5432 1458 5487 C.

263 5507 302 5536 γι
336 5493 382 5545 Α
412 5499 713 5552 maximum.
791 5497 835 5528 "
863 5498 907 5550 A
939 5489 1312 5554 'mntnbilitate.

262 5579 298 5596 ν’
344 5568 382 5614 Α
411 5575 470 5617 et.
542 5568 583 5598 “
621 5567 869 5618 materiae
906 5583 1013 5619 om.
1058 5570 1123 5622 A.

264 5633 302 5661 ’⁷
348 5634 469 5686 Aet.
541 5637 666 5677 ’θέτ’
714 5637 753 5689 Α
803 5637 874 5690 in.

1393 5504 1436 5536 ¹⁶
1459 5504 1516 5558 in
1542 5519 1650 5557 om.
1678 5505 1744 5558 Α.

1198 5571 1244 5603 ⁸⁸
1269 5573 1310 5625 Α
1353 5573 1690 5643 colliguntur.

1563 5436 1584 5468 ο
1609 5433 1648 5487 C
1675 5433 1923 5486 admittit.

1820 5502 1862 5533 ¹⁷
1892 5501 1934 5554 Α
1955 5518 2047 5571 per
2085 5502 2450 5571 generationis.

1767 5571 1813 5603 ⁸³
1841 5571 1882 5626 Α
1909 5573 2218 5625 continetur.

1999 5431 2041 5464 “
2071 5432 2111 5485 A
2139 5426 2209 5485 et.
2290 5433 2326 5464 ¹¹
2378 5433 2418 5484 Α
2467 5431 2675 5485 declive.
2753 5433 2795 5465 ²²
2822 5430 2915 5483 Dei
2945 5444 3052 5480 om.
3079 5429 3141 5480 A.
3219 5427 3263 5458 “'
3288 5426 3324 5480 A
3369 5437 3519 5487 tunc.

3103 5497 3242 5566 quod
3284 5511 3390 5551 om.
3449 5498 3518 5559 Α.

3171 5568 3214 5598 ’⁸
3243 5577 3288 5628 ct
3317 5583 3424 5628 om.
3451 5567 3520 5629 Α.

2536 5501 2580 5532 ¹⁸
2630 5502 2681 5553 in
2725 5515 2830 5553 om.
2879 5499 2941 5551 A.
3021 5500 3061 5530 ⁸³

2294 5571 2341 5602 ’⁸
2363 5582 2408 5626 et
2432 5587 2542 5626 om.
2571 5571 2633 5623 Α.
2709 5571 2756 5599 ’⁸
2777 5571 2815 5622 Α
2842 5569 3091 5636 quisquis.
