3912 6154
390 265 448 323 71
470 268 490 322 ι
705 311 707 314 .
1812 269 1986 328 'JOAN
1996 270 2111 327 NIS.
2140 269 2336 331 SCOTI
3571 280 3606 336 7
3622 281 3682 337 ω

387 381 592 450 stabili,
625 392 876 456 statuque
909 383 1089 441 mobili
1137 391 1490 455 compactam.
1545 367 1795 456 Fecitque
1837 385 1973 441 Deus
2004 390 2051 449 Λ
2082 395 2387 442 mentorum
2419 385 2846 450 universitatem,
2900 399 3037 457 quae
3085 387 3209 442 dum
3257 402 3356 458 per
3393 405 3452 446 se
3487 393 3685 462 puris-

389 481 497 534 duo
519 496 718 551 niaqna
747 480 1062 543 luminaria.
1111 479 1370 535 Iuntinare
1395 481 1589 552 majus,
1631 489 1686 535 ut
1722 493 1981 553 praeesset
2081 481 2214 534 Sima
2268 479 2418 544 sint,
2475 485 2530 534 ct
2594 479 3158 549 incomprehensibilia
3212 483 3358 536 omni
3406 499 3685 554 corporeo

376 570 516 636 diei,
544 578 593 625 et
638 571 652 601 ¹
686 569 942 624 luminare
975 570 1168 636 minus,
1199 581 1256 624 ut
1283 583 1542 641 praeesset
1596 574 1756 638 nocti,
1785 584 1832 628 et
1857 574 1981 628 stel-
2080 585 2264 633 sensu,
2293 580 2348 626 et
2379 571 2580 640 ubique
2609 570 2990 626 universaliter
3017 570 3231 636 diffusa,
3280 573 3535 629 invisibili
3571 593 3684 632 suo

385 660 585 726 lauet
619 669 823 726 cetera,
853 673 993 730 quae
1020 660 1086 717 de
1117 663 1370 733 operibus
1397 672 1626 732 quartae
1659 663 1793 720 lucis
1824 663 1978 719 Scri-
2077 673 2285 729 meatu,
2315 663 2871 734 proportionabiliqne
2895 664 3044 718 coitu
3077 664 3130 719 in
3156 669 3216 720 se“
3242 664 3508 732 invicem,
3557 682 3686 722 om-

388 758 1004 818 ptura-commcmorat.
1054 752 1130 808 De
1176 752 1551 819 ﬁrmamento,
1599 755 1725 810 dum
1775 757 1842 810 de
1891 771 1978 811 se-
2077 755 2163 809 nia
2195 771 2423 824 corpora
2456 755 2728 810 sensibilis
2755 755 3062 825 perﬁciunt,
3099 756 3211 810 sive
3236 756 3493 811 caelestia
3541 759 3679 824 sint,

385 843 561 899 cunda
593 843 692 898 die.
712 844 1098 910 tractabamus,
1146 861 1284 916 quae
1332 847 1487 903 nobis
1517 849 1830 904 verisimilia
1860 852 1974 907 visa
2083 849 2198 904 sive
2227 863 2408 914 aerea,
2439 849 2552 903 sive
2579 847 2850 916 aquatica,
2883 848 2997 902 sive
3032 855 3266 912 terrena,
3293 849 3406 904 sive
3432 851 3684 906 maxima

381 935 932 1004 stmt,-exposuimus.
986 935 1104 992 Non
1155 938 1298 993 enim
1320 979 1335 1006 ,
1377 947 1434 994 ut
1463 940 1674 1010 Opinor,
1707 941 1850 996 aliud
1884 943 1976 996 ﬁn-
2075 940 2247 1005 sint’,
2281 941 2395 995 sive
2421 940 2662 1003 minima,
2693 940 2807 994 sive
2831 941 3031 1006 media,
3063 949 3140 1007 et,
3172 948 3231 995 ut
3285 941 3684 1000 universaliter

371 1034 716 1082 ‘mamentum
749 1028 985 1084 secundo
1011 1027 1096 1082 die
1124 1037 1210 1083 est
1249 1029 1448 1084 factum
1493 1031 1546 1084 in
1588 1031 1765 1086 medio
1802 1047 1972 1102 aqua-
2073 1031 2270 1097 dicam,
2306 1040 2416 1086 tota
2445 1031 2694 1087 caelestis
2722 1030 2974 1101 Sphaera,
3005 1039 3060 1086 et
3089 1031 3292 1098 omnia,
3331 1047 3477 1101 quae
3510 1033 3570 1087 in
3593 1047 3679 1098 ea,

380 1134 525 1185 rum,
556 1127 612 1176 et
641 1119 806 1186 aliud,
854 1121 908 1175 in
954 1135 1063 1190 quo
1105 1129 1302 1191 quarto
1351 1121 1438 1175 di'e
1487 1119 1626 1176 facta
1674 1131 1758 1177 est
1803 1122 1973 1177 series
2073 1132 2128 1177 et
2150 1131 2307 1178 extra
2329 1123 2372 1154 ¹⁶
2401 1137 2520 1177 eam
2547 1123 2589 1153 ’ί
2621 1137 2652 1176 a
2682 1137 2895 1177 summo
2930 1136 3101 1190 usque
3137 1123 3388 1177 deorsum
3417 1125 3461 1155 "
3490 1125 3683 1180 conti-

383 1208 698 1266 caelestium
746 1208 1114 1263 luminarium.
1168 1209 1446 1279 Siquidem
1495 1210 1538 1265 si
1596 1209 1738 1265 aliud
1789 1221 1971 1278 esset,
2074 1223 2290 1278 nentur,
2319 1228 2507 1269 eorum
2539 1227 2804 1268 concursu
2828 1221 2960 1267 nata
2989 1213 3032 1244 ¹⁸
3063 1221 3208 1278 sunt,
3238 1223 3292 1268 et
3325 1215 3598 1284 quiequid
3630 1217 3681 1271 in

381 1299 633 1355 fortassis
663 1299 943 1368 Scriptura
979 1314 1084 1355 non
1116 1299 1319 1364 sileret,
1349 1300 1440 1355 sed
1473 1301 1695 1366 diceret,
1730 1303 1859 1357 ﬁant
1888 1302 1972 1356 lu-
2072 1303 2264 1358 ordine
2286 1302 2591 1358 seculorum
2614 1303 2994 1358 vicissitudine
3024 1317 3204 1358 rerum
3233 1305 3679 1375 corruptibilium

383 1389 637 1454 minaria,
670 1395 727 1443 et
746 1387 1144 1444 ﬁrmamentum
1174 1389 1328 1452 caeli,
1355 1390 1494 1444 sicut
1523 1390 1845 1446 dixit:Iv‘iat
1873 1392 1970 1461 ﬁr-
2074 1393 2334 1459 nascitur,
2387 1392 2458 1448 ab
2502 1393 2633 1464 ipsis
2673 1393 2938 1463 procedit,
2985 1402 3042 1447 et
3088 1393 3142 1448 in
3191 1395 3304 1465 ipsa
3351 1394 3677 1450 resolvitur.

358 1486 704 1533 .mamentum
735 1477 790 1531 in
822 1478 991 1531 medio
1023 1494 1302 1548 aquarum.
1354 1477 1507 1534 Nunc
1556 1490 1736 1536 autem
1764 1521 1778 1546 ,
1833 1497 1901 1550 qu

2130 1498 2219 1539 acc
2247 1493 2427 1539 autem
2455 1492 2716 1539 vocantur
2744 1498 2773 1538 a
2801 1483 3025 1539 Graecis
3050 1490 3180 1562 πῦρ,
3205 1487 3330 1558 ἀήρ,
3379 1485 3551 1562 ὕδωρ.
3591 1496 3675 1558 -ρῖ,

351 1567 529 1624 ίιιίθῐη
571 1581 680 1622 non
726 1566 884 1633 dixit,
935 1565 1030 1620 ﬁat
1069 1565 1493 1634 ﬁrmamentum,
1533 1570 1626 1624 sed
1655 1571 1785 1638 ﬁant
1813 1568 1972 1625 lunii-
2073 1575 2178 1631 hoc
2205 1583 2312 1642 est,
2338 1575 2498 1646 ignis,
2525 1589 2638 1641 aer,
2672 1589 2834 1646 aqua,
2869 1583 3032 1639 terra,
3062 1590 3127 1631 ex
3157 1577 3470 1632 nominibus
3501 1579 3678 1632 maxi—

381 1658 535 1712 naria
586 1658 642 1712 in
689 1657 1043 1726 firmamento,
1095 1658 1244 1714 clare
1287 1659 1445 1714 datur
1493 1659 1754 1732 intelligi,
1803 1675 1968 1716 unum
2072 1679 2286 1720 morum
2318 1677 2631 1734 corporum,
2662 1665 2905 1735 quae'ex
2941 1663 3022 1719 eis
3049 1673 3473 1735 componuntur,
3503 1666 3680 1721 deus;

343 1787 352 1792 -
379 1748 722 1819 idipsumque
749 1763 870 1806 esse
899 1748 1320 1818 ﬁrmamentum,
1353 1751 1497 1823 quod
1531 1755 1768 1810 secundo
1795 1755 1881 1810 die
1913 1755 1967 1811 in
1999 1742 2044 1801 Β
2072 1755 2298 1811 minata.
2331 1753 2434 1811 Ubi
2473 1755 2790 1820 notandum,
2828 1755 2974 1824 quod
3001 1771 3106 1810 non
3136 1771 3200 1810 ex
3229 1747 3374 1811 coitu
3401 1758 3674 1812 substan-

339 1839 809 1897 ~mediofactum
839 1852 922 1898 est
952 1858 1238 1914 aquarum,
1273 1853 1329 1901 et
1374 1846 1428 1900 in
1478 1862 1585 1917 quo
1620 1849 1962 1918 postmodum
2070 1845 2280 1902 tialium
2325 1846 2716 1902 elementorum
2744 1887 2758 1908 ,
2807 1845 2934 1900 dum
2981 1845 3091 1901 sint
3135 1845 3577 1916 incorruptilxilia
3621 1857 3675 1902 et

335 1945 486 1986 .»non
518 1932 692 2002 spatio
722 1934 1004 2004 temporis,
1052 1935 1149 1991 sed
1196 1936 1451 1993 distantia
1503 1939 1850 2009 propheticae
1889 1939 1966 1995 vi-
2068 1935 2394 2002 insolubilia,
2441 1936 2536 1992 sed
2581 1952 2645 1992 ex
2687 1951 2875 1996 eorum
2899 1935 2946 1969 υ
2979 1935 3327 2005 qualitatibus
3372 1935 3484 1992 sibi
3535 1937 3676 1992 invi-

361 2018 568 2088 -sionis,
600 2021 812 2077 siderea
844 2023 1131 2079 luminaria
1170 2027 1393 2082 condita
1430 2037 1575 2083 sunt.
1622 2030 1756 2084 Cum
1805 2031 1968 2101 igitur
2063 2041 2184 2084 cem
2223 2028 2704 2100 preportionaliter
2734 2029 2778 2060 ⁸⁵
2812 2029 3075 2098 copulatis
3115 2043 3343 2098 corpora
3380 2028 3671 2084 sensibilis

347 2112 488 2176 --.t_ria
512 2117 1007 2186 corporamaxima
1038 2119 1222 2174 mundi
1253 2121 1381 2187 sint,
1413 2131 1473 2176 ut
1498 2121 1800 2192 philosophi
1844 2138 1967 2193 per-
2067 2121 2448 2177 coniiciuntur.
2475 2121 2776 2189 Qualitat-es
2790 2130 2972 2177 autem
2985 2127 3241 2191 quattuor
3262 2119 3669 2176 elementorum

379 2205 586 2275 bibent,
616 2223 845 2279 quorum
878 2225 1044 2264 unum
1095 2209 1360 2276 inﬁmum,
1413 2213 1758 2284 mediumque
1800 2215 1966 2269 totius
2065 2212 2383 2267 notissimae
2429 2219 2556 2266 sunt
2601 2211 2967 2282 quattuOr”:
3008 2210 3290 2276 caliditas,
3320 2211 3667 2276 humiditas,

377 2299 582 2364 mundi,
613 2299 788 2356 instar
817 2301 990 2356 centri
1021 2301 1074 2356 in
1108 2301 1314 2358 circulo
1341 2317 1436 2360 seu
1467 2306 1717 2374 sphaera,
1756 2306 1963 2360 aridam
2067 2301 2352 2374 frigiditas,
2387 2303 2625 2368 siccitas,
2655 2319 2722 2360 ex
2751 2303 2948 2374 quibus
2993 2303 3174 2358 omnia
3212 2317 3447 2372 corpora
3490 2311 3668 2358 mate-

360 2389 506 2446 «el'
538 2399 738 2448 terram
792 2392 974 2448 divina
1005 2394 1218 2449 vocavit
1247 2397 1565 2463 auctoritas,
1593 2399 1967 2470 segregatione
2067 2392 2220 2447 rialia
2270 2393 2495 2464 adjectis
2549 2391 2742 2447 formis
2787 2392 3080 2461 componi,
3129 2391 3348 2462 physica
3405 2384 3668 2462 perhibe‘

359 2483 969 2554 .vaquarum-tegentium
1015 2499 1074 2539 se
1120 2485 1509 2554 speciﬁcatum,
1558 2488 1849 2544 herbarum
1899 2489 1964 2544 li-
2067 2484 2298 2540 theoria.
2331 2483 2571 2551 Quarum
2607 2485 2824 2555 quidem
2865 2484 3069 2538 artivas
3099 2499 3219 2539 esse
3257 2484 3387 2540 duas
3415 2484 3669 2552 philoso-

359 2587 712 2644 gnorumque
747 2573 1126 2644 pulcherrima
1172 2576 1441 2633 varietate
1485 2586 1820 2647 coopertum,
1850 2580 1964 2635 sive
2063 2576 2156 2647 pbi
2205 2575 2421 2641 dicunt,
2466 2576 2799 2632 caliditatem
2847 2583 2902 2630 et
2951 2574 3332 2646 frigiditatem;
3382 2575 3668 2644 passivae-

373 2667 497 2736 quis
520 2666 838 2737 simpliciori
869 2683 1032 2724 sensu
1062 2669 1326 2725 visibilem
1353 2672 1493 2726 hanc
1532 2671 1726 2726 molem
1758 2673 1812 2727 in
1845 2687 1960 2728 me-
2065 2683 2170 2740 que
2195 2669 2238 2701 "
2271 2669 2426 2736 duas,
2456 2669 2834 2725 humiditatem
2866 2667 3279 2723 et‘ariditatem.
3327 2665 3466 2720 Dum
3514 2666 3668 2720 enim

355 2757 463 2814 alio
506 2758 690 2813 mundi
739 2760 990 2834 positam,
1040 2763 1231 2817 oceani
1279 2763 1447 2820 limbo
1488 2764 1960 2831 circumcinctam,
2063 2759 2312 2817 ealiditas
2343 2761 2670 2826 humiditati,
2715 2770 2771 2816 et
2811 2759 3084 2828 frigiditas
3129 2758 3370 2812 ariditati
3416 2756 3666 2812 naturali

352 2858 552 2904 'aterrac
586 2865 959 2922 aquarumque
1003 2852 1276 2909 vocabulis
1319 2854 1697 2926 signiﬁcatam,
1727 2855 1842 2912 sive
1884 2857 1964 2911 al-
2064 2850 2301 2922 quodam
2335 2851 2480 2906 coitu
2515 2851 2829 2916 miscentur,
2871 2850 3073 2914 omnia,
3121 2864 3258 2919 quae
3303 2849 3355 2902 in
3410 2858 3562 2903 terra
3611 2857 3666 2903 et

358 2941 804 3000 .tiori-intellectu
861 2946 1197 3002 substantiae
1237 2946 1305 3002 ab
1349 2949 1716 3006 accidentibus
1767 2950 1903 3021 dijut‘:

2122 2944 2202 2998 ari
2249 2954 2587 3009 nascuntur,
2637 2943 3066 3014 procreationem
3127 2942 3414 3012 accipiunt.
3499 2941 3665 3008 Quod

351 3034 652 3090 sationem.
670 3035 1026 3105 intellexerit;
1089 3038 1381 3095 herbarum
1416 3056 1542 3097 vero
1588 3052 1644 3098 et
1693 3043 1957 3113 lignorum
1995 3105 2029 3113 _
2061 3035 2228 3089 Etiam
2260 3033 2421 3090 Poeta
2453 3033 2807 3105 intellisehat.
2839 3032 3062 3088 dicens:

367 3126 830 3183 nominationibus
855 3169 870 3195 ,
932 3129 1046 3186 sive
1092 3130 1229 3186 haec
1272 3141 1588 3189 ornamenta
1637 3134 1909 3189 sensibilia
1937 3176 1953 3201 ,
1985 3105 2029 3166 Ω
2181 3147 2304 3196 Tum
2327 3149 2468 3208 pater
2492 3147 2800 3208 omnipotens
2821 3146 3040 3196 fecundis
3063 3145 3294 3196 imbribus
3316 3147 3497 3197 aether

361 3216 565 3286 quibus
590 3217 811 3274 aestivis
849 3220 1182 3289 temporibus
1226 3230 1437 3276 terrena
1472 3223 1701 3278 vestitur
1731 3228 1906 3294 Superi

1700 3245 1701 3252 η
1731 3226 1959 3294 super“-
2171 3209 2411 3272 Coniugis
2435 3224 2481 3258 tn
2505 3211 2742 3272 gremium
2767 3208 2897 3260 laete
2919 3210 3179 3258 descendit
3199 3209 3245 3258 ⁸.

355 3309 508 3376 ~cies,
536 3311 588 3365 vi
623 3311 890 3366 seminum
921 3313 1281 3382 erumpentia,
1317 3314 1492 3370 telluri
1532 3317 1790 3372 radicitus
1827 3318 1955 3385 ﬁxa,
2120 3313 2345 3369 Patrem
2393 3312 2658 3383 siquidem
2712 3313 2923 3383 igneam
2971 3311 3319 3381 qualitatem,
3374 3323 3520 3379 quae
3575 3320 3660 3367 est

359 3402 603 3459 .humore
650 3405 856 3460 nutrita
903 3413 957 3460 et
1005 3405 1361 3476 corpulentia,
1410 3409 1524 3465 sive
1595 3410 1960 3480 intelliglbiles
2060 3406 2341 3467 caliditas,
2384 3405 2640 3462 fecundos
2686 3414 2812 3461 vero
2861 3405 3062 3460 imbres
3113 3405 3458 3474 aquaticam,
3509 3420 3659 3474 quae

361 3493 620 3564 species,
681 3510 748 3550 ex
799 3495 1006 3552 intimis
1072 3498 1518 3570 naturalibusque
1553 3499 1574 3532 ³
1623 3502 1906 3569 substantia

2112 3505 2143 3550 il
2189 3494 2493 3566 frigiditas,
2543 3495 2860 3566 appellavit;
2911 3495 3154 3565 conjugis
3200 3508 3329 3548 vero
3376 3495 3657 3564 gremium

373 3584 584 3640 sinibus
632 3587 1010 3657 procedentes,
1047 3588 1221 3644 instar
1259 3590 1547 3646 herbarum
1583 3592 1958 3664 lignorumque
2043 3587 2392 3643 fertilitatem
2414 3588 2783 3653 humiditatis,
2812 3600 2949 3655 quae
2978 3595 3060 3640 est
3091 3584 3319 3655 qualitas
3349 3584 3498 3637 aeris
3526 3599 3658 3654 pro-

361 3674 439 3731 de
483 3685 628 3730 terra
672 3679 1012 3732 nascentium
1057 3682 1394 3750 praeceperit
1438 3681 1491 3748 ‘.;
1536 3682 1695 3738 aliter
1725 3699 1957 3754 namque
2053 3679 2197 3750 prin,
2231 3687 2284 3733 et
2313 3679 2599 3745 ariditatis,
2640 3693 2780 3749 quae
2813 3687 2896 3734 est
2941 3686 3119 3733 terrae
3166 3677 3480 3748 qualitativa
3516 3691 3658 3747 pm-

365 3767 426 3825 ln
456 3769 608 3824 omni
629 3770 881 3826 sensibili
907 3786 1136 3842 corpore
1160 3774 1479 3842 quantitatis
1508 3775 1705 3832 molem
1725 3818 1740 3843 ,
1782 3777 1957 3848 quan-
2037 3771 2286 3841 ,prietas,
2315 3769 2579 3835 vocando,
2611 3770 2770 3824 unius
2795 3769 2959 3824 veluti
2991 3769 3176 3823 uxoris
3207 3765 3588 3821 nominatione
3609 3764 3655 3798 “

366 3861 570 3918 tatibus
596 3862 710 3918 suis
739 3862 1070 3934 subiectam,
1103 3865 1379 3936 corporeis
1415 3867 1664 3923 sensibus
1707 3868 1956 3923 conside-
2060 3871 2260 3917 terram
2293 3876 2422 3916 cum
2469 3861 2569 3915 sibi
2619 3860 2932 3930 proximiori
2983 3870 3038 3915 et
3075 3857 3466 3929 corpulentiori
3517 3870 3660 3914 aere

367 3967 587 4024 ramus,
629 3956 789 4012 aliter
837 3956 1162 4015 invisibilem
1210 3959 1590 4027 substantiam,
1637 3962 1955 4032 speciesque
2057 3955 2400 4027 signiﬁcavit.
2436 3955 2578 4010 Hinc
2619 3954 2904 4025 colligit-nr,
2937 3962 2997 4007 ut
3043 3953 3180 4008 duae
3217 3950 3504 4022 qualitates
3553 3965 3655 4005 ac-

363 4049 616 4120 proprias
650 4049 705 4104 in
760 4049 1274 4122 ipsa-subsistentes
1307 4052 1506 4108 mentis
1544 4052 1662 4108 acie
1702 4053 1956 4124 intelligi-
2058 4045 2201 4102 tivae
2246 4045 2352 4101 sibi
2399 4045 2634 4101 invicem
2683 4043 3006 4107 contrariae,
3045 4041 3372 4097 ealiditatem
3422 4039 3556 4095 (ﬁco
3593 4047 3656 4095 et

367 4154 508 4209 mus,
560 4141 856 4198 secundum
901 4157 1039 4212 quas
1078 4158 1261 4198 rerum
1308 4145 1547 4200 omnium
1577 4145 1912 4200 visibilium:

2109 4136 2496 4206 igidit’atem'",
2545 4135 2754 4191 duabus
2798 4136 3027 4205 passivis
3078 4134 3293 4189 sibimet
3342 4132 3650 4201 oppositis,

367 4230 716 4288 iﬂViSibilium
757 4235 1126 4291 numerositas
1174 4234 1581 4306 multiplicatur,
1629 4237 1950 4307 universali-
2053 4230 2358 4284 humiditati
2387 4228 2634 4285 videlicet
2661 4237 2716 4284 et
2761 4227 2999 4282 aviditati
3045 4225 3346 4294 copulatae,
3389 4224 3650 4277 occasio.

367 4322 492 4376 tas'
520 4321 822 4396 colligitur,
872 4326 1175 4397 proprietas
1213 4327 1559 4382 custoditur:
1614 4329 1685 4382 ad
1723 4328 1948 4383 aliorum
2053 4338 2180 4380 nem
2225 4323 2474 4379 omnibus
2504 4323 2556 4377 in
2593 4330 2742 4376 terra
2763 4330 2818 4376 et
2847 4321 2897 4374 in
2925 4319 3078 4389 aq'uis
3110 4316 3454 4371 nascentibus
3476 4328 3649 4384 prae-

362 4412 594 4468 duorum
622 4415 980 4470 maximorum
1009 4416 1192 4472 mundi
1220 4429 1506 4486 corporum
1536 4417 1950 4489 theoriampro—
1979 4457 2028 4516 υ
2054 4416 2218 4471 beant
2260 4413 2625 4486 generationis
2667 4421 2722 4468 et
2759 4413 3248 4516 incrementorum.
3301 4407 3370 4462 Et
3409 4420 3479 4460 ne
3514 4406 3653 4508 quis

360 4503 580 4572 piratica
622 4505 850 4562 intentio
885 4519 1150 4562 con-versa
1180 4516 1284 4562 est.
1324 4505 1373 4560 F
1375 4508 1486 4562 iant
1517 4508 1822 4575 Iuntinaria,
1869 4509 1950 4564 in-
1979 4495 2026 4516 "
2058 4509 2302 4572 miretur,
2339 4506 2710 4578 {rigiditatem
2740 4505 2876 4559 dum
2895 4504 2963 4558 sit
2991 4495 3204 4573 proprie
3245 4508 3531 4570 aquarum,
3579 4499 3652 4554 tie

365 4594 502 4663 quit,
537 4597 594 4648 in
623 4596 954 4664 ﬁrmamento
977 4599 1128 4654 caeli.
1160 4597 1508 4668 Recordaris',
1550 4607 1609 4657 nt
1636 4605 1850 4674 opinor,
1883 4603 1948 4659 de
2042 4599 2420 4670 mpﬂioriltrs
2462 4596 2625 4669 hujus
2646 4597 2787 4653 aeris
2815 4595 3057 4665 partibus
3078 4593 3248 4649 Veluti
3273 4594 3325 4646 in
3371 4589 3649 4661 gremium

367 4686 469 4740 hoc
498 4688 718 4742 nomine
745 4688 1076 4746 ﬁrmamenti
1121 4694 1181 4747 in
1222 4693 1400 4750 medie
1451 4705 1712 4764 aquarum
1750 4688 1951 4752 consti-
2053 4697 2302 4760 terrenae
2327 4689 2374 4720 "
2389 4689 2653 4745 ariditatis
2668 4687 3014 4752 descendere,
3043 4686 3354 4756 cognoscat,
3388 4693 3564 4752 aquas
3590 4682 3648 4736 in

365 4773 491 4841 tati,
538 4774 668 4831 dum
710 4777 776 4833 de
817 4793 888 4833 eo
936 4781 1321 4849 tractabamus,
1367 4785 1534 4840 nostri
1581 4785 1882 4844 intellectus
1903 4788 1943 4841 '.
1980 4769 1990 4779 ’
2053 4783 2285 4839 nubibus
2331 4787 2619 4852 suspensas
2643 4779 2948 4850 frigidiores
2980 4785 3102 4833 esse
3148 4774 3374 4830 marinis
3406 4771 3647 4826 ﬂuviali-

363 4863 511 4920 Dtsc.
544 4862 840 4922 Recordor-
870 4882 1020 4926 sane.
1063 4869 1120 4926 Si
1164 4887 1271 4926 non
1317 4887 1402 4928 me
1423 4875 1444 4906 τ
1491 4873 1624 4929 fauit
1662 4878 1941 4944 memoria,
2052 4878 2258 4946 basque
2278 4874 2520 4929 ﬂuentis.
2546 4872 2605 4927 Si
2621 4882 2799 4927 autem
2823 4870 2889 4925 ad
2921 4869 3054 4924 haec
3077 4867 3200 4937 quis
3220 4865 3438 4928 dixerit,
3464 4871 3646 4932 quare

359 4967 692 5014 convenerat
742 4960 959 5030 quidem
999 4963 1140 5019 inter
1179 4979 1310 5032 nos,
1354 4966 1430 5021 nil
1472 4968 1802 5036 probabilius
1837 4971 1942 5025 eo“
2049 4979 2179 5039 ergo
2205 4968 2357 5023 multi
2385 4965 2851 5037 philosophorum,
2883 4970 3017 5017 teste
3043 4959 3101 5015 S.
3131 4957 3450 5028 Augustino,
3485 4951 3643 5007 amr-

359 5049 600 5105 nomine.
621 5049 935 5123 signiﬁcari,
967 5068 1128 5125 quam
1171 5066 1429 5127 quattuor
1469 5058 1792 5131 simplicium
1833 5061 1942 5117 ele-
2047 5070 2217 5128 mam,
2250 5061 2428 5132 ignem
2457 5067 2512 5114 ct
2549 5073 2674 5114 acra
2699 5057 2741 5088 ¹¹
2767 5067 2948 5125 agere,
2977 5065 3174 5123 aquam
3191 5064 3320 5104 vero
3346 5050 3396 5103 et
3430 5049 3646 5101 terram

1673 5173 1926 5229 VARIAF.
1962 5173 2366 5230 LECTIONES.

433 5263 449 5341 ξ
495 5270 697 5341 et_om.
741 5261 808 5341 Α,
952 5261 1028 5316 vel
1067 5263 1282 5341 om._C_.
1358 5265 1378 5296 ³
1409 5267 1449 5319 Α
1492 5267 1840 5341 naturalibus.
1919 5268 1939 5300 ⁸
1976 5269 2152 5338 Conj.,
2187 5270 2271 5325 AC
2304 5272 2604 5341 perceperit.
2651 5269 2699 5341 _‘
2723 5268 2767 5341 Α
2797 5265 3122 5341 universitas.
3199 5261 3220 5290 ⁶
3247 5260 3289 5313 Α
3327 5258 3645 5341 ηοξειήίωες

362 5333 728 5388 tiderationem
780 5331 1092 5388 intellectus.
1187 5335 1205 5365 ⁷
1233 5334 1279 5388 Α
1327 5351 1406 5388 me
1461 5352 1585 5389 non.
1679 5339 1699 5369 ⁸
1727 5341 1766 5392 Α
1801 5343 1958 5394 meo.
2061 5328 2212 5394 θἐἷηι
2259 5328 2462 5396 οἰωΑί
2554 5341 2595 5371 ¹⁰
2639 5337 2679 5392 C
2712 5340 2875 5392 intra.
2954 5335 2994 5366 “
3025 5334 3066 5386 A
3113 5341 3231 5386 ea‘m
3286 5337 3426 5383 sunt.
3509 5328 3550 5357 ¹²
3595 5328 3641 5381 Α

363 5401 530 5481 usque
560 5407 642 5481 ad
664 5405 934 5481 deorsum.
1017 5405 1058 5434 ⁸³
1088 5403 1268 5481 (ἰωή),
1297 5405 1384 5458 At}
1415 5417 1558 5481 note.
1633 5408 1888 5481 ficorum
1937 5427 2047 5464 om.
2078 5411 2142 5466 C.
2221 5413 2263 5443 ⁸⁸
2304 5409 2763 5481 proportionaliter
2801 5421 2910 5460 om.
2937 5405 3029 5481 A._
3079 5403 3123 5434 ³⁸
3147 5411 3399 5481 ξηιᾳιηιοι·
3425 5415 3535 5452 Otn-
3565 5399 3638 5450 Α·

363 5471 404 5504 ’τ
432 5478 474 5525 Λ
503 5476 756 5541 ραδδὶωε.
836 5475 878 5505 ⁸⁸
904 5476 947 5526 Δ
975 5471 1403 5528 nominationem.
1483 5477 1524 5510 ‘9
1560 5477 1800 5534 raliditas
1825 5481 2061 5535 videlicet
2089 5491 2138 5534 et
2170 5471 2453 5552 {rigidus}.
2531 5480 2576 5510 ⁸ο
2606 5490 2842 5533 terrenae
2869 5494 2976 5532 om.
3007 5479 3070 5530 Α.
3148 5473 3192 5502 ¹¹
3218 5475 3257 5523 Α
3289 5486 3487 5523 aerem-

1875 5601 2124 5660 NOTAE.

432 5704 460 5731 ⁸
510 5692 689 5762 Virgil.
726 5692 920 5764 Georg.
953 5691 1018 5756 ll,
1047 5692 1172 5748 3‘25.
