3912 6154
245 347 333 416 71‘s

1078 357 1166 411 DE
1208 353 1541 412 DIVISIO-NE
1579 351 1926 409 NATL'RAE.
1969 383 2035 394 —-
2073 353 2273 409 UBER
2310 353 2653 411 TERTIUS-

3359 349 3458 408 7η

241 472 356 542 pati,
391 485 434 525 si
469 484 606 540 aqua
634 468 825 556 [rigida
863 467 1098 523 ariditati
1145 477 1321 524 terrae
1350 467 1516 522 mixta
1544 467 1596 547 in
1624 464 1787 520 semi-
1817 474 1866 542 Α
1897 467 2253 536 malerialium
2287 483 2467 523 rerum
2509 466 2817 523 sensibilem
2847 463 3284 521 constitutionem
3307 479 3464 534 prae—

239 564 384 616 nibus
404 560 531 632 agit,
559 569 612 614 et
638 553 741 624 non
769 561 970 628 patitur
990 599 1004 626 ,
1034 559 1160 613 huic
1184 559 1319 613 satis
1336 566 1419 622 est
1445 553 1792 626 respondere,

238 669 418 723 aquam
449 651 696 722 frigidam
740 667 858 707 esse
886 661 942 706 et
965 652 1258 715 humidam,
1298 650 1391 704 sed
1417 647 1794 703 humiditatem

237 745 298 798 ab
343 759 488 808 aere,
533 742 878 813 {rigiditatem
917 756 1046 797 vero
1088 758 1117 796 a
1164 743 1339 811 seipsa
1379 741 1618 811 recipere
1648 739 1684 788 ¹.
1717 739 1794 794 Ea

235 833 501 904 qualitate,
550 847 728 902 quam
759 846 824 886 ex
876 832 1054 887 vicino
1098 833 1198 894 sibi
1247 833 1511 888 elemento
1547 829 1792 899 suscipit,

233 935 395 980 actum
429 923 591 978 calidi
619 923 850 994 patitur;
886 938 950 977 ea
976 938 1123 988 vero,
1150 937 1290 994 quae
1321 939 1416 977 sua
1451 930 1554 989 est,
1582 935 1795 992 semper

233 1015 278 1066 in
309 1011 602 1068 seminibus
635 1013 762 1083 agit.
813 1012 942 1078 Quis
979 1012 1120 1066 enim
1155 1013 1480 1070 naturalium
1527 1013 1791 1070 rationum

229 1104 421 1172 peritus
482 1102 726 1172 ignorat,
777 1101 945 1156 solam
993 1102 1365 1171 sinceramque
1405 1103 1424 1132 ³
1466 1102 1792 1157 ealiditatem

229 1195 427 1262 absque
465 1191 644 1262 aliquo
668 1191 688 1223 ³
712 1191 1092 1262 eririgiditate
1122 1201 1561 1266 temperamento,
1589 1201 1680 1247 aut
1701 1208 1789 1248 so-

228 1282 322 1334 lam
352 1283 732 1350 sinceramque
755 1280 1101 1352 {rigiditatem
1125 1282 1240 1336 sine
1261 1283 1487 1350 quadam
1503 1282 1792 1342 caliditatis

228 1373 450 1427 mixtura
481 1371 753 1441 cujusdam
808 1371 830 1403 ‘
857 1373 1097 1443 corporis
1148 1373 1348 1428 nullam
1389 1375 1791 1442 generationem

226 1479 398 1535 agere,
435 1475 530 1519 aut
571 1481 636 1521 ex
685 1465 796 1521 sola
846 1465 1185 1530 humiditate,
1231 1483 1323 1522 seu
1349 1467 1500 1523 asola
1544 1469 1795 1525 ariditate

226 1555 328 1609 sine
356 1557 642 1626 utriusque
680 1557 1140 1625 contemperantia
1170 1557 1368 1612 nullum
1401 1555 1800 1628 corpus'natuu

228 1645 312 1698 rali
341 1645 595 1716 passione
618 1646 809 1701 nasci?
837 1645 895 1700 In
927 1647 1010 1701 bis
1033 1654 1233 1711 tamen,
1266 1646 1318 1700 in
1345 1647 1539 1717 quibus
1567 1649 1791 1702 munda.

226 1751 314 1790 nae
343 1735 720 1806 philosophiae
755 1739 989 1799 studium
1017 1748 1322 1803 exercetur,
1356 1739 1565 1809 longius
1596 1739 1789 1793 immo-

1897 559 2150 612 stantium
2207 566 2523 613 conventus.
2585 557 2841 624 Quamvis
2901 556 3080 625 itaque
3141 554 3463 624 qualitatum

1895 650 2157 719 quaedam
2207 649 2422 719 quidem
2469 649 2523 703 in
2584 647 2900 718 quibusdam
2956 646 3270 716 corporibus
3321 642 3462 714 plus,

1895 741 2157 810 quaedam
2203 755 2336 795 vero
2379 739 2557 794 minus
2597 739 2841 794 sensibus
2889 748 3201 808 appareant,
3229 736 3466 808 synodus

1897 842 2073 888 tamen
2103 833 2340 902 ipsorum
2373 831 2760 887 catholicorum
2805 830 3191 886 elementorum
3231 845 3333 884 una
3374 842 3466 885 ea-

1895 928 2122 997 demque
2168 925 2507 980 uniformiler
2561 923 3056 980 commensurabilis
3109 925 3161 978 in
3213 920 3465 979 omnibus

1893 1026 1994 1071 est.
2051 1015 2198 1069 M‘ens
2249 1013 2511 1086 siquidem
2565 1015 2745 1070 divina
2793 1013 3244 1070 examinationem
3301 1011 3472 1068 totius

1895 1107 2149 1161 mundani
2185 1106 2426 1176 corporis
2455 1107 2597 1160 inter
2623 1105 2756 1160 duas
2783 1104 3153 1160 extremitates
3183 1103 3285 1158 sibi
3320 1102 3466 1160 iuvi-

1893 1213 2010 1253 cem
2035 1214 2070 1250 e
2098 1199 2370 1253 contrario
2396 1198 2668 1268 oppositas
2693 1197 2902 1266 aequali
2931 1195 3081 1250 lance
3106 1194 3341 1260 libravit,
3376 1195 3462 1250 in-

1893 1295 1976 1342 ter
2021 1289 2336 1358 gravitatem
2361 1288 2480 1341 dico
2507 1299 2561 1342 et
2603 1286 2898 1351 levitatem,
2948 1285 3090 1339 inter
3132 1298 3265 1354 quas
3288 1283 3484 1339 omnis,

1891 1379 2202 1435 constitutio
2223 1379 2244 1411 ⁹
2268 1378 2554 1434 visibilium
2585 1392 2868 1448 corporum
2895 1377 3186 1446 ponderata
3210 1383 3310 1430 est.
3333 1373 3480 1428 Prot-

1895 1473 2018 1528 inde
2041 1472 2224 1527 omnia
2257 1486 2504 1541 corpora,
2536 1469 2589 1524 in
2619 1477 2881 1540 quantum
2907 1467 3224 1539 gravitatem
3250 1464 3476 1536 partici-

1892 1572 2040 1634 pant,
2096 1563 2150 1616 in
2213 1569 2421 1616 tantum
2471 1568 2810 1615 terrenarum
2866 1556 3186 1628 qualitatum
3246 1553 3490 1624 capacia.

1891 1662 2017 1708 sunt
2037 1652 2101 1719 ‘°,
2117 1653 2221 1707 hoc
2245 1660 2349 1715 est,
2366 1649 2674 1715 soliditatis,
2697 1656 2751 1705 et
2766 1647 3103 1712 stabilitatis;
3130 1645 3182 1700 in
3205 1651 3484 1714 quantum:

1892 1760 2019 1800 vero
2045 1759 2111 1799 ex
2141 1743 2358 1798 levitate
2377 1742 2677 1806 attrahunt,
2714 1741 2766 1795 in
2794 1748 3001 1794 tantum
3031 1735 3318 1807 qualitates
3339 1748 3466 1790 cae-

223 1826 315 1880 rari
340 1841 454 1880 non
485 1826 636 1880 valde
676 1834 760 1880 est
808 1827 1193 1884 necessarium.
1233 1826 1463 1882 Proinde
1489 1828 1673 1897 paucis
1707 1828 1791 1883 bis
1823 1847 1864 1905 Β
1895 1836 2054 1889 lestes
2078 1832 2422 1904 participant,
2454 1832 2765 1886 inanitatem
2795 1831 2916 1886 dieo
2938 1836 2993 1884 et
3018 1826 3476 1892 mutabilitatem;

223 1917 280 1971 de
310 1926 572 1989 quattuor
601 1917 947 1987 qualitatibus
977 1926 1230 1988 quattuor
1257 1918 1640 1974 universalium
1687 1919 1795 1974 ele-

223 2020 520 2063 mentorum
566 2009 893 2080 praelibatis,
935 2025 1092 2080 quae,
1147 2010 1399 2080 quoniam
1451 2011 1792 2066 medietatem

223 2101 483 2170 quandam
532 2100 672 2156 inter
722 2100 1098 2170 primordiales
1149 2116 1340 2180 causas
1391 2109 1444 2155 et
1497 2103 1791 2171 composita

224 2195 441 2260 corpora
473 2192 732 2253 obtinent,
766 2191 1090 2246 firmamenti
1119 2207 1313 2247 nomen
1345 2202 1687 2262 acceperunt,
1723 2195 1789 2248 ad

224 2277 576 2341 luminarium,
605 2296 741 2349 quae
795 2281 848 2334 in
886 2281 999 2351 ipso
1031 2283 1322 2337 constituta
1360 2292 1484 2338 sunt
1507 2282 1548 2346 °,
1575 2284 1791 2352 exposi-

224 2368 408 2423 tionem
461 2370 852 2440 properandum
901 2372 1076 2426 video.
1134 2371 1272 2425 Man.
1306 2371 1470 2426 Recte
1515 2373 1684 2428 vides.
1733 2374 1790 2428 Si

225 2471 340 2529 ergo
369 2451 592 2512 nomine
620 2460 939 2513 ﬁrmamenti
973 2469 1228 2530 quattuor
1253 2462 1647 2531 simplicissima
1675 2464 1792 2518 uni-

223 2546 684 2617 versalissimaque
715 2550 895 2603 mundi
927 2551 1186 2605 elementa
1221 2562 1503 2618 vocantur,
1535 2554 1660 2624 quid
1695 2555 1788 2608 tibi

223 2636 459 2690 videtur?
487 2637 621 2691 Num
646 2638 732 2694 illa
761 2649 1015 2708 quattuor
1035 2641 1232 2712 ubique
1255 2642 1305 2695 in
1329 2642 1508 2697 omnia
1539 2658 1788 2719 corpora,

223 2725 323 2778 sive
353 2725 624 2791 aetherea,
648 2727 760 2780 sive
788 2743 965 2785 aerea.
1001 2729 1112 2788 sive
1135 2731 1405 2804 aquatica,
1440 2737 1553 2791 sive
1577 2748 1789 2791 terrena

224 2816 588 2876 dilicuduntur
627 2833 891 2889 connexa,
919 2820 991 2878 ita
1033 2834 1091 2879 ut
1130 2827 1331 2880 nullum
1372 2827 1623 2882 sensibile
1665 2843 1790 2883 cor-

222 2926 322 2982 pus
355 2914 520 2982 possit
553 2916 795 2986 reperiri,
847 2919 991 2987 quod
1021 2917 1231 2973 illorum
1258 2921 1494 2975 omnium
1537 2921 1580 2952 ⁶¹
1610 2930 1810 2976 careat

225 3007 518 3061 concursu?
564 3009 645 3062 An
689 3011 949 3078 quaedam
999 3026 1065 3065 ex
1104 3012 1446 3080 quibusdam,
1477 3029 1582 3068 non
1612 3023 1790 3067 autem

226 3099 394 3152 omnia
422 3114 484 3154 ex
516 3101 766 3156 omnibus
793 3102 1108 3158 conﬂuunt?
1137 3105 1283 3160 Drsc.
1319 3105 1454 3160 Huic
1485 3108 1786 3178 quaestioni

1894 1924 2066 1978 media
2088 1930 2286 1987 autem,
2303 1936 2444 1992 quae
2464 1921 2624 1976 simili
2648 1918 2928 1975 libramine
2949 1916 3318 1973 extremitates
3332 1915 3374 1949 “
3385 1924 3467 1971 at-

1895 2013 2125 2082 tingunt,
2149 2009 2356 2080 aequali
2377 2008 2786 2080 participatione
2807 2007 3018 2062 illarum
3031 2005 3319 2076 qualitates
3343 2019 3464 2076 posv

1892 2101 2085 2155 sident.
2115 2100 2171 2154 ln
2194 2098 2442 2155 omnibus
2463 2105 2641 2153 autem
2665 2106 2918 2168 quattuor
2936 2095 3323 2152 elementorum
3338 2095 3461 2150 uni-

1891 2189 2176 2245 versalinm
2202 2205 2340 2244 unus
2362 2189 2609 2257 idemque
2629 2196 2805 2242 motus
2824 2195 2926 2250 est,
2949 2195 3004 2241 et
3023 2195 3217 2252 status,
3232 2195 3287 2242 et
3302 2200 3464 2257 capa-

1892 2281 2048 2346 citas,
2066 2289 2118 2334 et
2140 2280 2428 2349 possessio.
2454 2278 2590 2332 Man.
2618 2277 2977 2333 Probabiliter
3003 2292 3322 2346 responsum
3354 2284 3454 2331 est.

1892 2371 1946 2424 In
1964 2371 2064 2425 hoc
2087 2371 2229 2426 enim
2256 2383 2442 2424 onmes
2457 2368 2666 2439 physici
2687 2369 3048 2424 consentiunt.
3075 2368 3462 2440 Ubiqueigitur

1891 2471 2015 2516 sunt
2041 2476 2139 2531 per
2163 2470 2331 2516 totum
2369 2460 2672 2515 sensibilem
2714 2460 2972 2514 mundum
3005 2459 3216 2528 aequali
3245 2474 3462 2513 mensu-

1892 2551 2100 2606 ratione
2127 2559 2289 2622 atque
2308 2565 2572 2605 concursu
2594 2557 2848 2620 quattuor
2862 2549 3150 2618 purissima
3173 2547 3460 2617 elementa,
3483 2594 3490 2598 .

1892 2643 2216 2703 firmamenti
2262 2641 2523 2701 vocabuio
2569 2641 2747 2701 divina
2803 2640 3122 2699 auctoritate
3173 2639 3458 2710 appellata.

1896 2738 2038 2792 Drsc.
2068 2737 2186 2793 Jam
2232 2738 2417 2792 datum
2447 2744 2548 2802 est,
2577 2745 2631 2792 et
2659 2737 2868 2792 ratione
2891 2735 3188 2790 inventum.
3227 2724 3463 2789 Graeco-
3500 2750 3523 2772 ο

1892 2844 2010 2883 rum
2034 2843 2248 2898 quoque
2274 2828 2550 2883 nominum
2573 2827 2948 2896 interpretatio
2974 2825 3128 2882 testis
3149 2831 3261 2890 est;
3293 2823 3462 2893 siqui-

1893 2919 2012 2975 dem
2045 2927 2154 2995 πῦρ
2197 2918 2337 2989 ignis
2375 2927 2660 2987 propterea
2690 2916 2907 2981 dicitur,
2948 2923 3008 2970 ut
3050 2914 3310 2979 arbitror,
3335 2911 3460 2982 quia

1891 3027 1988 3081 per
2015 3025 2196 3082 puros,
2232 3010 2336 3064 hoc
2361 3017 2462 3074 est,
2484 3002 2725 3064 occultos
2751 3015 2960 3063 meatus
2988 3007 3168 3062 omnia
3192 3014 3458 3077 penetrat.

1892 3101 2108 3156 Nullum
2154 3100 2300 3156 enim
2343 3114 2539 3171 corpus
2568 3107 2672 3164 est,
2712 3113 2779 3154 ex
2823 3113 2926 3168 quo
2956 3098 3095 3169 ignis
3128 3097 3308 3153 excuti
3351 3112 3490 3153 non...

227 3184 522 3242 facillimum
554 3198 636 3244 est
661 3191 992 3270 satisfacere,
1010 3194 1266 3263 quoniam
1294 3210 1322 3248 a
1353 3196 1787 3267 mundiphiloso-

1891 3192 2084 3257 valeat,
2135 3190 2413 3248 collisione
2462 3192 2706 3262 quadam-
2743 3197 3021 3245 attractus.
3054 3187 3188 3244 Nam
3214 3196 3270 3244 et
3294 3189 3338 3220 "
3377 3195 3462 3243 at-

225 3277 336 3345 plus
365 3279 605 3348 quaesita
651 3290 760 3345 est,
805 3291 859 3336 et
907 3284 1300 3341 rationabiliter
1332 3287 1572 3342 inventa.
1623 3290 1796 3345 Aiunt:

225 3368 384 3433 enim,
429 3371 564 3424 intra
601 3372 857 3426 ambitum
885 3375 1066 3428 mundi
1096 3375 1255 3446 hujus
1284 3377 1552 3433 sensibilis
1582 3379 1785 3433 nullum

226 3473 412 3526 corpus
452 3459 749 3515 intervallis
790 3463 812 3494 "
850 3462 1218 3536 longitudinis,
1247 3465 1568 3532 latitudinis,
1601 3466 1786 3521 altitu-

226 3548 363 3603 dirus
389 3551 687 3607 dimensum
716 3569 873 3624 posse
905 3555 1039 3620 ﬁeri,
1066 3557 1117 3610 in
1149 3573 1254 3628 quo
1274 3568 1528 3629 quattuor
1552 3560 1788 3617 elemen-

229 3645 395 3691 turum
421 3650 630 3706 natura,
665 3645 908 3712 quamvis
955 3645 1318 3714 invisibiliter,
1357 3665 1461 3704 non
1501 3649 1678 3706 valeat
1709 3652 1792 3704 in-

228 3726 406 3798 telligi.
434 3729 564 3784 Nam
606 3733 744 3786 sicut
772 3749 950 3798 omne,
983 3737 1122 3805 quod
1168 3753 1359 3794 sensus
1406 3754 1695 3810 corporeus
1735 3742 1787 3798 in

231 3820 309 3872 eis
331 3821 554 3892 attingit,
581 3839 686 3878 non
720 3825 934 3881 aliunde
961 3827 1060 3882 nisi
1089 3844 1155 3883 ex
1191 3830 1506 3900 qualitatum
1533 3841 1810 3903 quattuor

231 3910 601 3968 elementorum
631 3915 877 3970 eontlnxu
907 3919 961 3972 in
1004 3935 1062 3974 se
1090 3920 1316 3976 invicem
1349 3938 1478 3979 suae
1522 3927 1786 3980 constitu-

235 4000 383 4055 tionis
413 4006 690 4061 materiem
739 4007 760 4038 ⁸
811 4009 1036 4077 recipit;
1089 4011 1162 4064 ita
1191 4025 1368 4078 omne,
1395 4016 1537 4084 quod
1581 4016 1632 4070 in
1678 4018 1786 4074 eis-

235 4089 365 4153 dem,
398 4093 446 4146 in
478 4105 736 4164 quantum
771 4113 995 4168 corpora
1024 4109 1167 4165 sunt,
1197 4104 1532 4161 rationabilis
1564 4107 1787 4162 investi-

236 4185 366 4246 gatio
402 4185 624 4251 invenit,
656 4188 728 4241 nil
763 4188 904 4243 aliud
941 4198 1026 4246 est
1056 4202 1270 4259 praeter
1308 4193 1544 4263 ipsorum
1585 4197 1790 4268 simpli-

241 4271 368 4326 cium
423 4285 476 4328 et
522 4277 961 4346 inseparabilium
1016 4281 1401 4338 elementorum
1449 4286 1790 4343 uniformiter

242 4375 561 4419 conventum.
609 4367 733 4421 ldco
781 4378 958 4423 autem
1011 4369 1250 4426 additum
1290 4380 1393 4437 est,
1426 4373 1478 4428 in
1527 4384 1788 4444 quantum

242 4463 441 4520 turpora
481 4465 622 4517 sunt,
663 4471 730 4512 ne
773 4458 894 4527 quis
923 4459 1278 4527 existimaret,
1319 4479 1418 4517 nos
1461 4467 1796 4523 substantias

1891 3285 2051 3339 tritus
2073 3283 2335 3338 undarum
2366 3281 2658 3339 scintillant
2684 3281 2751 3348 “,
2782 3295 2881 3337 nec
2905 3280 3122 3335 omnino
3151 3286 3458 3342 currerent,

1889 3374 1936 3429 si
2005 3373 2295 3429 ealiditatis
2364 3383 2611 3444 expertes
2663 3381 2862 3428 essent.
2936 3370 3074 3440 Quid
3150 3371 3324 3427 dicam
3389 3369 3485 3425 de-

1891 3464 2198 3529 coloribus,
2248 3464 2338 3534 qui
2385 3464 2454 3520 de
2499 3463 2541 3496 “
2596 3463 2733 3519 lucis
2787 3472 2980 3518 natura
3032 3463 3238 3533 absque
3295 3461 3488 3517 dubio.

1886 3555 2222 3625 procedunt?
2281 3553 2471 3609 Nonne
2497 3553 2542 3586 ³⁵
2573 3553 2822 3609 omnibus
2855 3551 3172 3620 corporibus
3211 3549 3476 3621 superfu-

1887 3667 1980 3707 sos
2040 3664 2159 3706 esse
2216 3650 2502 3706 videmus?
2564 3649 2672 3704 Aer
2736 3648 3046 3704 nominatur
3106 3647 3171 3713 “,
3245 3646 3300 3700 id
3353 3652 3491 3710 est,.

1888 3739 2130 3810 spiritus,
2185 3739 2312 3809 quia
2363 3753 2462 3810 per
2517 3739 2696 3794 omnia
2761 3738 2950 3808 spirat.
3022 3735 3175 3790 Nulla
3223 3748 3462 3804 namque

1889 3828 2160 3884 sensibilis
2236 3837 2424 3882 natura
2497 3835 2616 3894 est,
2675 3842 2836 3898 quam
2912 3825 3294 3881 subtilissimus
3365 3839 3461 3879 aer
3547 3892 3556 3896 _

1888 3930 2172 3990 penetrare
2235 3935 2342 3975 non
2406 3920 2596 3990 possit.
2657 3919 2808 3986 Quod
2866 3934 2932 3973 ex
2995 3918 3254 3974 odoribus
3304 3924 3360 3971 et
3414 3917 3488 3949 "“

1887 4013 2040 4068 sonis
2056 4026 2339 4082 possumus
2367 4010 2749 4082 argumentari.
2778 4007 2893 4063 Non
2913 4008 3056 4063 enim
3085 4007 3326 4063 invenies
3338 4020 3455 4061 cor-

1888 4120 2009 4174 pus,
2041 4103 2181 4173 qnod
2203 4102 2467 4174 quendam
2495 4102 2715 4156 odorem
2736 4099 3133 4164 olfacientibus,
3161 4106 3252 4153 aut
3289 4112 3460 4168 quen-

1890 4197 2010 4251 dam
2039 4210 2227 4250 sonnm
2270 4192 2606 4264 pulsantibus
2649 4206 2754 4246 non
2784 4191 2992 4247 reddat.
3022 4190 3189 4266 ’Υδωρ
3215 4197 3454 4256 vocatur,

1891 4287 1941 4342 id
1978 4296 2060 4342 est
2094 4303 2255 4356 aqua,
2286 4285 2439 4356 quasi
2474 4280 2606 4346 εἶδος
2654 4283 2924 4359 ὁρώμενον,
2973 4283 3074 4338 hoc
3120 4290 3220 4348 est,
3254 4283 3484 4353 species-

1888 4378 2024 4433 visa.
2059 4377 2212 4432 Nulla
2243 4378 2505 4447 siquidem
2533 4391 2788 4444 corporea
2821 4389 2908 4430 res
2934 4383 3039 4446 est,
3064 4389 3130 4430 ex
3159 4373 3312 4444 cujus
3361 4391 3476 4431 διιο-

1890 4469 2130 4542 perlicie,
2182 4470 2369 4523 attritu
2416 4466 2647 4536 quodam
2689 4465 2939 4536 levigata,
2972 4466 3148 4534 imago
3191 4466 3478 4536 quaedam:

240 4549 422 4606 rerum,
467 4561 558 4598 seu
607 4563 822 4616 genera,
866 4564 956 4603 seu
1005 4551 1236 4618 species,
1277 4567 1369 4606 seu
1422 4553 1562 4608 illam
1600 4556 1786 4623 vitam,
1815 4543 1866 4600 Ι)
1895 4561 2152 4616 resultare
2179 4576 2284 4614 non
2317 4559 2511 4613 valeat.
2532 4557 2723 4629 ’Δχθος
2752 4556 3049 4627 appellatur
3079 4566 3220 4611 terra
3244 4573 3307 4612 ex
3332 4573 3460 4628 gra-

249 4642 361 4693 qaae
382 4636 556 4690 omnia
593 4651 840 4703 corpora,
871 4639 923 4692 in
958 4639 1151 4708 quibus
1180 4651 1354 4698 motus
1379 4645 1558 4701 vitalis
1576 4630 1786 4718 cogno-

248 4719 410 4784 scitur,
453 4734 504 4778 et
567 4728 810 4781 animare
837 4736 908 4781 -et
949 4730 1154 4784 nutrire
1210 4732 1543 4801 perhibetur,
1589 4737 1641 4790 in
1688 4739 1787 4794 hoc

251 4805 346 4864 loco
379 4816 609 4884 tetigisse
649 4817 732 4871 vel
758 4827 1038 4873 tractasse.
1069 4821 1212 4875 llaec
1237 4824 1384 4879 enim
1412 4826 1549 4881 ultra
1572 4846 1786 4886 omnem

252 4901 596 4958 universaliter
624 4921 936 4976 corpoream
964 4917 1209 4964 naturam
1237 4921 1290 4966 et
1325 4923 1473 4979 sunt,
1519 4925 1572 4970 et
1594 4918 1790 4973 intelli-

249 5002 443 5060 gnntur,
471 5005 522 5049 et
570 4996 687 5049 sine
731 4999 924 5066 quibus
968 4999 1108 5052 nulla
1137 5016 1392 5071 corporea
1424 5014 1638 5073 natura,
1679 5009 1791 5066 sive

250 5076 779 5151 incomprehensibilis
827 5087 896 5140 sit
939 5088 1187 5143 sensibus
1227 5093 1523 5160 corporeis,
1561 5104 1620 5150 ut
1666 5107 1790 5154 sunt

249 5179 474 5232 quattuor
510 5173 600 5227 illa
642 5173 925 5238 elementa,
954 5176 1019 5230 de
1049 5177 1242 5245 quibus
1267 5195 1409 5236 nunc
1448 5184 1645 5251 agitur,
1675 5186 1789 5241 sive

249 5263 720 5328 comprehensibilis
747 5301 764 5330 ,
813 5273 872 5318 ut
919 5274 1045 5319 sunt
1090 5267 1422 5325 diversarum
1470 5274 1792 5343 qualitatum-

1886 4650 2073 4706 vitatc.
2103 4649 2224 4704 Non
2241 4650 2381 4705 enim
2405 4649 2568 4703 ullum
2594 4651 2636 4682 ³⁸
2657 4665 2853 4720 corpus
2881 4656 2963 4704 est
2986 4648 3050 4714 ε’,
3074 4649 3215 4719 quod
3237 4664 3463 4720 propor-

1889 4742 2034 4798 tione
2060 4743 2140 4798 sui
2171 4743 2422 4813 ponderis
2451 4743 2749 4797 naturalem
2781 4757 2934 4796 suum
2962 4741 3136 4796 locum
3167 4757 3272 4797 non
3301 4756 3486 4812 appe-

1890 4840 1991 4896 tat,
2015 4832 2127 4886 sive
2185 4833 2235 4886 in
2271 4833 2500 4886 medium
2534 4831 2737 4897 mundi,
2769 4831 2880 4886 sive
2908 4831 2960 4884 in
2995 4839 3237 4886 extrema
3263 4845 3450 4901 vergao

1890 4929 1998 4976 tur.
2025 4921 2134 4977 Nec
2163 4925 2302 4978 hunc
2333 4940 2548 4979 sensum
2571 4923 2770 4978 refutat
2791 4925 2918 4980 illud
2949 4925 3091 4979 aliud
3122 4940 3316 4980 nomen
3350 4932 3464 4978 ter-

1897 5029 2008 5077 rae,
2039 5013 2180 5083 quod
2207 5023 2289 5069 est
2316 5025 2402 5086 γῆ,
2431 5015 2571 5084 quod
2601 5016 2817 5086 proprie
2846 5015 3034 5072 vallem
3062 5016 3359 5086 signiﬁcat;
3389 5014 3463 5069 si-

1895 5106 2108 5174 quidem
2125 5105 2538 5176 uniuscujusque
2560 5117 2835 5162 creaturae
2853 5106 3098 5163 estvallis
3120 5107 3372 5174 locusque
3390 5104 3478 5168 ὀί,

1896 5197 1948 5250 in
1973 5212 2080 5266 quo
2105 5197 2314 5265 propria
2347 5212 2444 5252 sua
2471 5198 2780 5253 delinitioue
2808 5197 3282 5253 circumscribitur.
3322 5193 3454 5246 Cum

1893 5300 2021 5354 ergo
2069 5286 2282 5357 aliquod
2312 5303 2507 5358 corpus
2533 5288 2876 5359 perspexeris
2939 5288 2984 5342 si
3019 5287 3073 5341 in
3114 5301 3180 5341 eo
3225 5283 3475 5339 colorem-

1507 5408 1759 5465 vAIuAE
1799 5387 2174 5471 LECTIONES

1069 5513 1090 5545 '
1121 5512 1158 5567 Α
1189 5517 1462 5572 sinceram.
1563 5523 1584 5552 ³
1608 5523 1646 5577 A
1677 5523 1803 5580 ullo.

236 5561 279 5596 η
307 5511 320 5542 ³
347 5511 512 5593 Conj.,
551 5511 642 5566 AC
679 5514 945 5596 recipiens.

313 5585 530 5638 omnium
566 5600 678 5637 om.
708 5585 770 5636 Λ.
849 5585 866 5614 ⁷
897 5587 934 5638 Α
967 5585 1343 5648 intellectualis.

243 5656 351 5702 tam.
424 5653 462 5682 ¹¹
483 5666 528 5706 et
562 5671 670 5707 om.
699 5653 758 5706 Α.
841 5656 881 5685 ⁸³
915 5657 955 5711 C
983 5656 1248 5711 srimillat.
1331 5661 1365 5690 “
1400 5662 1438 5713 (ἶ
1465 5679 1543 5714 er.

262 5717 510 5776 Criullum.
587 5725 627 5756 "
657 5736 837 5779 estout.
869 5727 930 5779 Α.
1007 5730 1050 5759 ¹⁰
1082 5729 1120 5782 C
1149 5726 1286 5781 locus
1319 5731 1433 5798 (quc
1456 5734 1608 5803 una).

1424 5593 1443 5616 ’⁸
1476 5595 1514 5644 .-\
1549 5595 1840 5658 "ualerium.

1628 5664 1668 5694 "
1697 5667 1738 5719 Λ
1769 5671 1911 5727 Non.

2409 5535 2430 5564 ⁸
2459 5522 2496 5587 Α
2529 5545 2620 5587 aut
2664 5552 2744 5588 ex.
2840 5532 2938 5586 ’Ἀ
2982 5541 3100 5586 sunt
3155 5532 3455 5584 constituta.

2392 5605 2432 5634 ¹⁴⁵
2458 5606 2496 5655 Α
2523 5616 2639 5676 sunt
2683 5604 2918 5676 rapacia:
3019 5603 3060 5635 ”
3091 5603 3127 5655 Α
3157 5602 3455 5676 extremita-

2525 5675 2564 5706 ”
2596 5674 2634 5727 C
2659 5670 2756 5726 ac.‘
2817 5673 2858 5704 ‘~'
2889 5672 2991 5727 [fro
3017 5670 3470 5727 nouenimnllmtt.

1882 5529 1901 5562 ⁸
1927 5531 1968 5583 A
2005 5531 2331 5602 cujusquam.

1937 5604 1956 5634 °
1980 5602 2016 5653 Λ
2051 5604 2312 5657 medietas.

1991 5673 2034 5703 ¹⁶
2062 5674 2100 5724 Δ
2134 5675 2446 5728 nominatus.
