3912 6154
529 371 635 430 715

1905 379 2189 444 ΙΟΑΝΝΙδ
2225 387 2420 448 SCOTI

3536 464 3541 471 .
3621 414 3709 474 7M

528 492 664 550 locis
713 494 730 526 ⁸
778 490 1036 558 senseris,
1087 489 1312 586 subesse
1363 492 1608 564 igneum;
1662 495 1704 551 si
1745 511 1958 562 sonum,
2005 514 2099 556 seu
2131 505 2175 563 Α
2206 518 2349 558 nunc
2377 505 2565 575 exigis,
2596 507 2700 564 ulla
2737 511 2922 582 opinio
2945 517 3015 572 sit
3039 518 3242 577 ratione
3266 523 3492 584 subnixa,
3540 527 3609 582 vel
3649 529 3706 586 ab

525 594 900 655 Spontaneum,
931 598 1024 639 seu
1053 565 1409 650 arlilicialem,
1435 586 1655 642 subesse
1681 601 1927 655 aereum;
1958 592 2001 646 si
2030 607 2096 647 ex

523 677 680 743 plana
726 675 1008 744 superﬁcie
1057 685 1299 741 naturae,
1331 691 1423 730 seu
1457 687 1572 731 arte
1614 681 1877 746 quandam
1911 680 2098 752 imagi-

524 781 647 821 nem
699 766 983 831 resultare,
1019 767 1240 822 subesse
1289 769 1618 836 aquaticum,
1663 770 1751 822 ubi
1803 771 1945 825 enim
1986 789 2093 845 non

523 857 766 921 resultat,
791 857 864 912 ibi
889 873 991 911 non
1015 865 1097 912 est
1117 857 1356 913 defectus
1372 867 1618 924 naturae,
1647 861 1737 914 sed
1763 861 2060 917 industriae
2076 905 2090 930 ,

521 946 611 1001 ubi
661 946 892 1017 aliquem
933 949 1226 1018 appetitum
1285 950 1544 1005 naturalis
1583 950 1828 1006 stationis
1877 968 2090 1007 sursum

520 1055 712 1097 versus
739 1055 830 1097 seu
872 1042 1146 1106 deorsum,
1175 1042 1398 1097 subesse
1429 1052 1700 1097 terrenum
1728 1044 1962 1114 intellige
1984 1045 2094 1100 ele-

518 1142 780 1200 mentum,
813 1134 1090 1203 multaque
1111 1135 1130 1165 ²
1158 1134 1260 1188 alia
1288 1145 1414 1189 sunt
1457 1145 1770 1206 argumenta
1801 1137 2086 1202 naturalia,

516 1229 714 1298 quibus
728 1235 980 1296 quattuor
993 1227 1380 1281 elementorum
1398 1226 1772 1296 inseparabilis
1794 1242 2090 1284 concursus

516 1317 571 1372 in
608 1319 857 1374 omnibus
901 1318 1210 1387 compositis
1239 1318 1259 1348 ³
1289 1319 1602 1386 corporibus
1651 1332 1864 1388 semper
1891 1328 1944 1372 et
1971 1319 2089 1372 ubi-

513 1423 620 1476 que
649 1408 1010 1462 indubitanter
1049 1408 1408 1478 cognoscitur.
1440 1407 1575 1464 Mao.
1603 1407 1750 1474 Quae
1781 1424 1808 1461 a
1845 1417 1896 1462 te
1941 1409 2084 1463 dicta

512 1505 640 1552 sunt
677 1496 720 1562 ⁸⁵,
750 1507 862 1552 rata
907 1498 1036 1552 mihi
1080 1498 1299 1567 verique
1342 1498 1533 1552 similia
1561 1497 1582 1528 ⁸
1611 1498 1878 1552 videntur.
1931 1499 2084 1566 Quod

509 1601 642 1657 ergo
663 1589 921 1657 scriptum
934 1599 1015 1644 est
1046 1606 1058 1642 :
1093 1589 1236 1643 Dixit
1263 1598 1433 1642 autem
1461 1588 1597 1642 Deus
1619 1606 1636 1644 :
1663 1586 1824 1642 Fiant
1849 1588 2078 1642 lumina-

510 1681 593 1734 ria
620 1681 675 1734 in
716 1680 1040 1748 ﬁrmamento
1070 1680 1221 1740 caeli,
1252 1680 1349 1734 'ita
1381 1679 1676 1748 intelligere
1701 1679 1977 1743 debemus,
2017 1695 2083 1735 ac

508 1773 556 1826 si
587 1780 771 1840 aperte
821 1772 1092 1827 diceretur
1123 1771 1320 1825 :Fiant
1351 1773 1558 1826 siderea
1593 1772 1615 1803 ⁸
1656 1787 1881 1842 corpora
1934 1771 2078 1827 clara

2199 593 2307 648 ullo
2328 595 2764 668 philosophorum
2786 603 2938 672 plene
2960 609 3340 678 deprompta“.
3359 611 3463 666 Non
3484 615 3605 683 quod
3625 615 3706 683 illi,

2196 693 2254 738 ut
2283 685 2553 752 arbitror,
2603 704 2706 742 non
2753 691 3133 762 intellexerint,
3163 699 3390 769 alioquin
3441 719 3533 756 non
3588 715 3706 761 recte

2195 775 2405 846 physici
2435 786 2526 831 aut
2554 780 2854 852 phil050phi
2883 787 3540 863 appellarentur,sedquod
3561 795 3704 852 nullus

2195 863 2436 930 illorum,
2463 882 2598 936 quos
2649 871 2824 926 adhuc
2854 872 3101 944 legimus,
3150 894 3279 947 pure
3318 891 3369 935 et
3396 883 3703 941 indubitanter

2194 951 2385 1008 borum
2417 958 2655 1014 rationes
2684 961 2817 1016 satis
2860 965 3084 1020 reddere
3109 969 3364 1023 videatur.
3393 970 3700 1030 Vernntamen

2189 1057 2257 1097 ex
2284 1042 2389 1108 bis,
2413 1061 2550 1114 quae
2594 1048 2691 1118 ipsi
2740 1053 2966 1119 sparsim
2994 1056 3337 1125 scripserunt,
3373 1062 3611 1130 certisque
3634 1080 3698 1118 ar-

2190 1138 2684 1203 gumentationibus
2724 1157 2906 1196 rerum
2939 1147 3302 1214 experimento
3327 1151 3699 1219 approbaverunt

2193 1225 2258 1279 de
2297 1227 2504 1283 telluris
2534 1230 2797 1301 lunaeque
2821 1233 3146 1302 interstitiis,
3187 1239 3430 1308 quiddam
3463 1243 3698 1297 verisimile

2187 1313 2279 1366 tibi
2325 1317 2532 1384 aperire
2565 1334 2668 1372 non
2723 1316 2980 1390 negarim.
3017 1321 3218 1379 Lunam
3267 1342 3483 1396 namque
3526 1337 3694 1381 centum

2189 1406 2374 1475 viginti
2406 1423 2500 1462 sex
2531 1410 2765 1465 millibus
2785 1413 3080 1468 stadiorum
3111 1431 3139 1468 a
3170 1427 3310 1469 terra
3335 1419 3538 1482 distare,
3559 1436 3611 1473 ex
3637 1420 3696 1489 ip-

2185 1498 2295 1552 sius
2322 1499 2503 1570 eclipsi
2529 1502 2730 1570 absque
2776 1503 2883 1558 ullo
2907 1519 3110 1571 errore,
3154 1519 3213 1561 ut
3255 1509 3397 1562 aiunt
3419 1510 3695 1577 ",explora-

2185 1597 2296 1644 tum
2333 1599 2434 1646 est.
2481 1591 2739 1649 Umbram
2791 1596 3055 1664 siquidem
3105 1608 3301 1665 terrae,
3343 1616 3488 1670 quam
3525 1611 3693 1654 noctem

2181 1689 2399 1744 vocant,
2432 1682 2691 1737 circulum
2723 1683 2881 1740 lunae
2929 1688 3215 1757 attingere,
3249 1689 3357 1758 ipsa
3383 1689 3540 1758 prodit
3573 1697 3692 1741 natu-

2184 1785 2269 1825 ra.
2301 1769 2506 1828 Globus
2531 1775 2674 1829 enim
2707 1775 2848 1831 illius
2870 1777 3254 1834 detrimentum
3299 1795 3420 1834 suae
3461 1779 3575 1834 lucis
3613 1792 3692 1831 non

460 1933 463 1935 _
510 1863 797 1932 lucidaque
821 1865 873 1918 in
913 1873 1170 1933 quattuor
1194 1864 1472 1919 elementis
1501 1865 1696 1934 ubique
1733 1863 1962 1930 dill‘usis,
2010 1880 2078 1920 ex
2115 1845 2156 1904 Β
2184 1870 2480 1931 pateretur.
2511 1864 2554 1918 Si
2582 1865 2742 1919 SOI-‘ll‘i
2777 1867 2946 1931 radio.
2999 1867 3052 1921 in
3082 1871 3351 1939 regionem
3381 1868 3693 1922 ιιηιιπθθῖηεί·

507 1969 696 2009 corium
743 1955 1088 2024 qualitatibus
1117 1956 1430 2024 composita.
1480 1955 1690 2009 Etenim
1723 1955 1880 2009 aliter
1909 1955 1960 2010 in
1999 1956 2079 2011 eis

506 2043 746 2113 subjecta
772 2060 1022 2114 corpora,
1060 2047 1170 2099 suis
1192 2047 1378 2114 spatiis
1401 2045 1657 2100 collocata
1684 2045 2076 2115 intelliguntur,

508 2137 922 2192 nliterclaritas
965 2138 1032 2191 ab
1073 2137 1138 2191 iis
1179 2152 1276 2204 per
1301 2138 1550 2191 universa
1581 2137 1764 2191 mundi
1815 2137 2076 2192 elementa

506 2227 703 2298 ubique
749 2226 1036 2297 refulgens.
1097 2225 1374 2296 Siquidem
1422 2226 1564 2280 aliud
1592 2235 1676 2281 est
1704 2226 1904 2291 album,
1933 2226 2076 2280 aliud

508 2317 715 2372 alledo.
749 2317 856 2372 Nec
878 2318 929 2372 id
963 2318 1136 2387 ipsum
1159 2325 1239 2372 est
1261 2317 1488 2381 clarum,
1519 2325 1572 2372 et
1599 2316 1858 2383 claritas;
1910 2333 2076 2372 unum

506 2426 734 2481 namque
770 2408 1087 2478 subjectum,
1145 2409 1288 2464 aliud
1331 2409 1601 2464 accidens.
1660 2408 1849 2463 Divino
1897 2408 2076 2479 itaque

506 2511 795 2574 praecepto
817 2544 831 2567 ,
879 2518 984 2568 quo
1014 2503 1334 2570 imperatum
1364 2509 1448 2556 est
1479 2519 1492 2555 :
1522 2497 1682 2554 Fiant
1710 2497 1991 2554 luminaria
2022 2501 2075 2554 in

501 2597 828 2659 ﬁrmamento
856 2594 1006 2659 caeli,
1036 2593 1274 2648 vehicula
1313 2593 1468 2656 lucis,
1505 2601 1564 2647 ut
1610 2593 1686 2646 ait
1712 2590 1766 2646 S.
1823 2591 2073 2655 Basilius,

426 2697 450 2718 ⁶
497 2687 698 2755 quibus
715 2687 855 2741 circa
882 2685 1064 2741 mundi
1083 2686 1341 2739 ambitum
1371 2685 1537 2740 certis
1557 2683 2075 2754 temporum'iuter-

496 2781 677 2846 vallis,
709 2781 1018 2846 veheretur,
1047 2780 1184 2835 facta
1231 2791 1376 2834 sunt.
1405 2779 1471 2834 Et
1501 2779 1643 2842 vide,
1674 2793 1833 2847 quam
1857 2777 2076 2846 provide

498 2871 742 2942 loquitur
776 2870 1077 2942 Scriptura.
1109 2869 1242 2934 Non
1258 2869 1412 2934 dixit,
1449 2868 1543 2924 liat
1570 2868 1835 2922 luminare
1877 2864 2072 2933 majus,

499 2970 554 3015 et
586 2960 856 3016 luminare
883 2960 1079 3023 minus,
1110 2960 1203 3015 sed
1223 2957 1384 3012 Fiant
1407 2957 1710 3013 luminaria.
1739 2956 2076 3013 Generaliter

495 3052 642 3106 enim
668 3053 907 3108 omnium
935 3051 1246 3107 caelestium
1271 3065 1554 3119 corporum
1580 3048 1874 3105 lucentium
1912 3063 2073 3118 super

496 3147 701 3196 terram
755 3141 1116 3196 conditionem
1173 3140 1460 3210 expressit.
1511 3138 1749 3206 Quorum
1806 3139 2070 3207 quaedam

2182 1953 2335 2018 dens,
2386 1969 2489 2007 non
2546 1956 2876 2026 privaretur.
2923 1957 3002 2012 Ac
3046 1974 3146 2028 per
3195 1960 3294 2014 hoc
3322 1956 3691 2014 subtractaomni

2179 2043 2531 2112 ambiguitate
2577 2047 2880 2112 coniicitur,
2932 2057 3080 2103 tanto
3104 2051 3305 2120 ~spatio
3333 2051 3495 2104 lunam
3524 2065 3549 2102 a
3574 2057 3687 2101 terra

2178 2133 2438 2204 elongari,
2472 2148 2674 2206 quanto
2702 2139 2987 2194 intervallo
3017 2143 3194 2197 noctis
3225 2143 3454 2198 umbram
3482 2141 3596 2195 ratio
3617 2140 3687 2193 do-

2177 2233 2261 2278 cet
2286 2227 2552 2295 protendi.
2577 2228 2919 2285 Protenditur
2941 2239 3121 2286 autem
3157 2235 3328 2289 noctis
3360 2234 3529 2286 umbra
3554 2244 3686 2299 usque

2177 2315 2243 2367 ad
2275 2314 2433 2369 lunae
2459 2317 2744 2372 circulum.
2771 2318 2992 2375 Noctem
3025 2321 3068 2352 "
3117 2322 3286 2392 igitur
3310 2330 3506 2376 centum
3543 2317 3686 2389 viginti

2176 2415 2267 2456 sex
2300 2402 2538 2459 millibus
2557 2407 2851 2463 stadiorum
2888 2411 2940 2464 in
2967 2410 3136 2465 altum
3167 2413 3298 2482 erigi
3323 2410 3570 2466 manifesta
3590 2410 3685 2463 edo-

2176 2500 2264 2545 cet
2292 2493 2333 2524 "
2382 2495 2537 2549 ratio.
2577 2496 2693 2564 Quo
2722 2509 2900 2555 autem
2935 2514 3257 2572 argumento
3303 2514 3501 2560 centum
3540 2498 3686 2571 viginti

2176 2597 2270 2636 sex
2323 2586 2622 2642 stadiorum
2657 2591 2824 2644 millia
2853 2591 3031 2646 lunam
3061 2609 3090 2647 a
3126 2603 3270 2650 terra
3320 2597 3502 2650 distare
3527 2591 3686 2647 indubi-

2177 2681 2354 2730 tanter
2381 2680 2614 2747 approba
2625 2680 2665 2734 ri
2687 2683 2880 2750 possit,
2909 2684 3272 2755 diligentiOris
3292 2684 3610 2755 inquisitionis
3627 2684 3687 2735 in-

2175 2766 2338 2837 diget.
2382 2769 2525 2826 Dtsc.
2559 2770 2741 2828 Plane.
2793 2775 2981 2832 Adhuc
3018 2778 3168 2833 enim
3205 2780 3270 2834 de
3299 2779 3393 2833 hac
3433 2775 3687 2847 quaestione

2175 2855 2317 2909 nulla
2362 2859 2490 2912 mihi
2521 2862 2657 2915 ratio
2683 2861 3024 2918 satisfaciens
3049 2866 3282 2921 refulsit.
3327 2866 3454 2922 MAG.
3489 2865 3686 2917 intentus

2175 2945 2357 3015 itaque
2372 2950 2633 3019 perspice,
2670 2968 2811 3021 quae
2831 2955 2959 3010 mihi
2978 2957 3293 3012 verisimilia
3310 2957 3464 3013 dehis
3489 2955 3687 3008 videntur

2173 3050 2201 3088 a
2234 3036 2567 3108 philosophis
2589 3041 2825 3096 inventa.
2844 3043 2920 3097 Ex
2943 3047 3262 3114 guomonica
3283 3047 3484 3117 quippe,
3499 3045 3581 3098 hoc
3601 3050 3685 3102 est,

2176 3124 2486 3195 horologica
2513 3130 2875 3198 speculatione
2900 3135 3237 3202 praedictum
3255 3137 3469 3206 spatium
3492 3145 3536 3189 et
3555 3146 3682 3202 quae-

494 3232 711 3301 quidem
741 3247 848 3286 non
897 3231 1054 3299 longe
1101 3245 1132 3283 a
1181 3190 1321 3283 terra
1369 3190 1570 3282 statura
1609 3237 1751 3292 sunt,
1807 3190 1864 3281 tit
1922 3227 2067 3291 luna,
2098 3190 2142 3252 Ο
2174 3218 2335 3273 Sillim
2360 3220 2705 3276 SUbliliterab
2733 3222 2798 3278 iis
2819 3233 2919 3290 est,
2955 3233 3010 3278 et
3037 3225 3244 3296 absque
3268 3190 3366 3281 [illa
3389 3225 3681 3294 ambiguitate

493 3337 634 3391 quae
673 3331 886 3376 centum
936 3320 1124 3390 viginti
1165 3335 1257 3374 sex
1304 3319 1538 3374 millibus
1565 3319 1892 3381 stadiorum,
1933 3325 2069 3372 teste

492 3412 826 3484 Pythagora,
859 3427 889 3466 a
919 3411 1127 3467 telluris
1158 3410 1297 3464 mole
1317 3409 1586 3464 exaltatur
1612 3409 1666 3463 in
1696 3409 1883 3463 altum.
1913 3408 2066 3464 Ideo-

493 3521 600 3575 que
625 3505 800 3560 vicina
833 3504 992 3558 terris
1019 3503 1336 3572 appellatur,
1366 3502 1418 3557 in
1445 3500 1600 3571 cujus
1630 3502 1874 3555 umbram
1907 3516 2066 3570 saepe

493 3595 754 3656 incidens,
785 3593 944 3656 solari
971 3591 1088 3647 luce
1136 3593 1368 3658 deserta,
1393 3590 1658 3646 delectum
1687 3589 1904 3644 luminis
1929 3591 2067 3659 pati—

491 3692 603 3737 tur.
654 3682 894 3751 llludque
937 3682 1191 3752 spatium,
1236 3696 1343 3751 quo
1370 3682 1494 3735 luna
1525 3681 1686 3735 distat
1713 3696 1743 3735 a
1775 3690 1939 3744 terra,
1989 3689 2066 3734 to-

489 3787 620 3826 num
673 3771 996 3842 philosophi,
1051 3771 1152 3826 hoc
1199 3779 1301 3835 est,
1351 3771 1581 3840 spatium
1607 3786 1729 3826 cum
1761 3769 2062 3824 rationabili

491 3861 794 3932 quantitate
841 3869 1053 3914 vocant.
1085 3859 1301 3914 Duobus
1342 3859 1602 3929 siquidem
1645 3861 1817 3915 modis
1847 3860 2063 3914 harmo-

489 3953 615 4008 niae
639 3967 827 4007 vocum
854 3951 1012 4021 periti
1051 3959 1205 4007 tonos
1229 3951 1433 4006 dicunt.
1460 3947 1595 4005 Nam
1622 3959 1676 4006 et
1719 3950 2056 4014 diastemata,

489 4043 594 4098 hoc
619 4049 719 4105 est,
750 4057 1006 4097 sonorum
1029 4039 1330 4104 intervalla,
1359 4049 1415 4094 et
1465 4039 1739 4109 anal0gias
1766 4079 1782 4102 ,
1822 4040 1923 4092 hoc
1953 4047 2056 4100 cst,

489 4146 676 4186 eorum
701 4131 1070 4200 proportiones
1099 4139 1252 4184 tonos
1289 4128 1575 4198 appellant.
1627 4127 1899 4194 Quaedam
1932 4141 2059 4182 vero

488 4222 544 4276 in
595 4222 771 4277 medio
820 4221 1029 4287 tnundi,
1055 4231 1114 4276 ut
1160 4221 1260 4286 sol,
1295 4235 1587 4289 omnesque
1639 4219 1882 4288 planetae
1909 4258 1925 4284 ,
1965 4220 2056 4288 qui

491 4311 785 4367 circa-eum
812 4303 1116 4365 volvuntur.
1144 4308 1416 4377 Quaedam
1443 4310 1494 4364 in
1513 4307 1874 4377 superioribus
1904 4323 2057 4361 mun-

488 4402 838 4471 di‘partibus,
867 4410 928 4457 ut
945 4410 1072 4456 sunt
1099 4401 1122 4435 ⁸
1152 4412 1418 4457 astrorum
1443 4400 1614 4456 chori.

549 4491 642 4546 35.
673 4492 820 4546 Dico.
853 4492 928 4546 De
977 4492 1218 4558 circulis,
1273 4492 1450 4558 deque
1509 4491 1820 4548 interstitiis
1873 4490 2024 4547 caele

482 4584 640 4639 stium
660 4583 1230 4650 lucidissimorumque
1251 4599 1559 4653 corporum.
1582 4583 1862 4651 multiplex
1880 4583 2057 4636 varia-

483 4689 590 4743 que
640 4675 946 4742 sapientum
995 4673 1180 4728 mundi
1232 4675 1417 4743 opinio
1468 4686 1545 4729 est
1576 4676 1619 4736 ⁸,
1649 4683 1702 4728 ει
1733 4674 1796 4727 ad
1850 4673 2055 4727 nullam

483 4777 690 4824 certam
723 4769 1011 4833 rationem,
1046 4778 1312 4837 quantum
1346 4767 1476 4820 mihi
1511 4767 1748 4827 videtur.
1796 4765 2050 4820 deducta.

480 4863 741 4930 Ideoque,
772 4875 995 4930 quaeso,
1023 4862 1068 4917 si
1103 4861 1232 4929 quid
1283 4859 1352 4914 de
1384 4858 1581 4914 talibus
1633 4857 1930 4912 verisimile
1961 4865 2057 4912 aut

481 4953 680 5009 rationi
704 4954 1037 5008 conveniens
1057 4953 1150 5008 tibi
1175 4953 1348 5006 visum
1381 4962 1485 5024 est,
1506 4951 1795 5018 explanare
1818 4966 1923 5005 non
1947 4951 2055 5005 dil-

480 5045 646 5098 feras.
666 5043 802 5098 MAG.
828 5044 886 5098 In
913 5043 1132 5114 longum
1159 5058 1260 5096 nos
1291 5043 1484 5103 mittis,
1501 5056 1626 5095 cum
1658 5041 1860 5100 videas.
1884 5042 1949 5095 ad
1971 5057 2090 5126 re-\

479 5135 806 5204 liqua,quae
826 5133 893 5188 de
917 5133 1176 5204 operibus
1191 5148 1281 5187 sex
1307 5131 1518 5186 dierum
1538 5131 1768 5187 dicenda
1791 5141 1939 5191 sunt.
1961 5146 2058 5199 po-

478 5226 590 5280 tius
607 5223 1306 5295 properandum.hujusque
1329 5222 1506 5277 “libri
1547 5221 1827 5290 prolixitas
1864 5219 2057 5275 terrui-

483 5333 582 5374 nos
617 5315 821 5388 exigat,
854 5315 1179 5387 praesertim
1234 5313 1368 5368 dum
1427 5313 1516 5368 vix
1550 5312 1619 5367 de
1655 5312 1880 5378 talibus,
1914 5325 2053 5380 quae

2171 3322 2466 3383 repertum.
2495 3314 2735 3382 Quorum
2753 3316 3097 3372 doctissimus
3117 3319 3328 3374 inomni
3351 3316 3623 3390 geometrica
3640 3321 3680 3364 et

2169 3403 2486 3474 astrologica
2513 3405 2892 3474 supputatione
2915 3406 3301 3464 Eratosthenes
3315 3405 3676 3463 traditurluissc.

2167 3493 2396 3564 Scaphia
2428 3496 2689 3565 siquidem
2722 3496 2763 3527 ⁸⁸
2790 3493 3041 3552 dicuntur
3064 3501 3292 3554 rotunda
3323 3515 3385 3554 ex
3425 3513 3534 3553 aere
3558 3507 3678 3554 vasa.

2166 3599 2306 3654 quae
2340 3585 2591 3639 horarum
2621 3585 2838 3652 ductus,
2866 3586 2987 3657 styli
3020 3587 3072 3641 in
3100 3589 3277 3642 medio
3306 3587 3455 3640 fundo
3483 3585 3559 3638 siti
3582 3595 3677 3651 pro-

2165 3677 2408 3742 ceritate,
2441 3677 2834 3733 discriminaut.
2865 3679 2966 3745 Qui
3005 3679 3180 3749 stylus
3224 3694 3441 3750 gnomon
3485 3671 3672 3745 appella-

2165 3776 2282 3832 tur;
2331 3783 2359 3820 a
2394 3783 2521 3837 quo,
2547 3768 2711 3823 veluti
2741 3770 2972 3839 quodam
3000 3780 3214 3833 centro,
3249 3771 3414 3823 lineae
3459 3767 3676 3820 ducuntur

2163 3859 2216 3913 in
2243 3869 2483 3914 extrema
2509 3860 2873 3930 scaphiorum.
2900 3861 3048 3926 Quae
3072 3859 3247 3917 lineae
3274 3869 3432 3914 totum
3467 3847 3676 3919 horologii

2160 3953 2420 4006 ambitum
2453 3951 2504 4005 in
2557 3950 2720 4006 XXIV
2772 3953 2944 4022 spatia
2981 3944 3374 4013 discriminaut,
3402 3951 3494 4003 hoc
3528 3954 3610 4003 est,
3634 3941 3675 3992 in

2159 4041 2327 4096 XXIV
2387 4043 2642 4097 horarum
2700 4043 2967 4108 morulas,
3019 4042 3218 4112 quibus
3277 4041 3428 4095 totius
3475 4027 3676 4089 caelestis

2157 4135 2418 4202 sphaerae
2443 4134 2739 4203 amplitudo
2765 4135 2908 4189 circa
2945 4143 3150 4189 terram
3185 4132 3517 4191 convolvitur,
3539 4125 3675 4178 donec

2157 4225 2224 4278 ad
2249 4224 2477 4278 eundem
2508 4224 2669 4277 situm
2701 4224 2960 4278 naturalis
3005 4224 3327 4286 horizontis,
3363 4233 3503 4290 quem
3541 4207 3676 4284 pridie

2157 4320 2419 4376 tenuerat,
2453 4322 2771 4368 revertatur.
2800 4312 3079 4368 Praefatus
3118 4315 3297 4383 itaque
3322 4306 3670 4366 Eratosthenes,

2155 4415 2360 4460 motum
2393 4406 2616 4460 umbrae
2651 4406 2772 4478 styli
2800 4422 2898 4477 per
2925 4407 3096 4477 spatia
3145 4405 3396 4471 horologii
3441 4400 3674 4467 diligenter

2158 4495 2613 4561 animadverteris,
2655 4507 2838 4568 aperte
2883 4498 3167 4564 intellexit,
3201 4514 3356 4552 unam
3395 4492 3672 4553 eandemque

2161 4590 2425 4643 rationem
2455 4603 2573 4644 esse
2600 4589 2651 4644 in
2683 4600 2827 4644 motu
2857 4590 3077 4646 mnbrae
3118 4607 3215 4660 per
3263 4592 3498 4644 horarum
3539 4583 3667 4634 intcr-

2157 4677 2293 4732 valla
2325 4678 2467 4733 circa
2489 4679 2750 4749 horologii
2775 4679 2972 4750 stylum
2999 4680 3067 4746 ³⁸,
3096 4680 3260 4750 inque
3284 4679 3448 4735 noctis
3485 4668 3666 4727 circuitu

2158 4782 2254 4837 per
2273 4771 2562 4824 earundem
2592 4770 2848 4824 horarum
2897 4770 3067 4840 spatia
3120 4772 3264 4825 circa
3311 4765 3502 4823 telluris
3537 4754 3669 4812 ambi-

2157 4868 2304 4925 tum;
2338 4860 2389 4914 iu
2424 4868 2653 4924 tantum,
2680 4870 2738 4914 ut
2764 4876 2953 4925 omne,
2985 4861 3124 4930 quod
3159 4863 3211 4915 in
3250 4860 3389 4914 vasis
3413 4843 3668 4914 horoscopi.

2154 4947 2255 5002 hoc
2276 4956 2379 5012 est,
2406 4947 2668 5017 signiferi,
2695 4948 3034 5017 perspicitur,
3065 4948 3230 5001 simili
3269 4942 3595 5016 speculatione
3617 4931 3667 4982 de

2153 5047 2302 5092 motu
2328 5038 2636 5093 caelestium
2663 5054 2946 5108 corporum
2982 5038 3331 5108 intelligatur.
3376 5027 3566 5088 Vernali
3592 5023 3663 5076 ita-

2153 5139 2258 5195 que
2286 5127 2626 5196 aequinoctio
2651 5129 2874 5182 umbrae
2901 5129 3020 5200 styli
3044 5128 3322 5197 prolixitas
3345 5123 3547 5177 mediam
3569 5125 3670 5180 gno-

2103 5233 2108 5238 ’
2153 5214 2329 5267 monis
2384 5230 2687 5270 mensuram
2752 5215 2908 5271 cﬂicit
2959 5219 3011 5270 iu
3055 5217 3252 5280 Meroe,
3299 5211 3461 5267 insula
3499 5204 3668 5266 Nili.cl

2153 5304 2348 5375 Syene,
2377 5307 2593 5364 civitate
2618 5305 2865 5379 Aegypti.
2897 5309 3012 5378 Ipsa
3057 5316 3235 5362 autem
3283 5303 3525 5360 medietas
3550 5289 3666 5363 styli.

1761 5477 2018 5534 VARIAE
2055 5475 2457 5536 LECTIONES.

551 5582 846 5691 {C'coloris
873 5626 1059 5679 lucem.
1135 5624 1155 5656 ⁸
1177 5624 1220 5678 A
1249 5622 1412 5678 multa
1487 5623 1507 5654 ⁸
1527 5623 1567 5678 Α
1616 5623 1910 5691 compositis
1963 5623 2222 5678 omnibus.
2317 5623 2339 5655 ⁸
2359 5633 2477 5678 sunt
2508 5638 2615 5678 om.
2651 5624 2713 5678 Α.

2813 5625 2836 5658 ³
2864 5625 2901 5680 Α
2961 5621 3276 5678 verisimilia.
3362 5619 3383 5652 ⁸
3425 5615 3461 5670 Α
3507 5609 3664 5680 siina:

486 5696 492 5702 ’
548 5689 764 5748 Αεετιίε
785 5695 1092 5794 quibusdam
1120 5694 1386 5763 temporis.
1460 5692 1482 5723 ⁸
1509 5695 1550 5746 Α
1579 5703 1632 5745 ut
1662 5671 1803 5760 ﬁrris.
1877 5692 1899 5724 ’
1923 5703 1997 5747 est
2022 5708 2130 5746 om.
2163 5694 2227 5747 A.
2305 5693 2347 5726 ³⁸
2386 5693 2429 5747 A
2473 5693 2640 5760 Hujus
2671 5711 2893 5764 quoque.
2969 5695 3010 5727 ¹¹
3051 5690 3328 5794 Proflch
3351 5689 3618 5754 ἀερτοπιρια
3638 5671 3673 5725 Α

486 5759 692 5794 dannt”
817 5765 835 5794 η
865 5772 916 5794 ,η
948 5765 1094 5794 ,ευ-ι
1120 5777 1206 5794 Α...
1285 5762 1313 5794 Α
1419 5762 1463 5794 ιι
1488 5761 1528 5794 Γ
1565 5777 1665 5794 ..ι-.-
1761 5762 1802 5793 ιι
1831 5759 1869 5794 t‘
1893 5761 2035 5794 4......
2134 5763 2179 5794 ιι
2205 5762 2243 5794 ρ
2270 5763 2472 5794 nam..-
2566 5764 2609 5794 ιο
2643 5765 2776 5794 .;.,.,.
2808 5764 3058 5794 Annius
3103 5772 3180 5794 υ..
3207 5775 3288 5794 ...η
3322 5773 3406 5794 nm
3461 5756 3513 5794 A4

481 5759 717 5828 definita.
794 5759 835 5795 ¹’
865 5772 916 5815 ut
945 5765 1094 5816 aiunt
1120 5759 1234 5817 om.
1276 5762 1344 5817 Δ.

1419 5762 1463 5799 ⁸⁸
1488 5761 1531 5817 C
1565 5756 1682 5816 nox}
1761 5762 1802 5793 “
1831 5759 2057 5816 ϐάσεσι.
2134 5763 2179 5796 ⁸⁸
2205 5762 2244 5818 C
2267 5763 2494 5832 quidem.
2552 5756 2609 5802 ’1⁸
2640 5756 3058 5836 εἷνεαῚιονοΙοςὶί
3101 5756 3291 5830 stylum
3322 5773 3428 5813 om.
3457 5756 3515 5807 Α.
