3884 6158
231 306 331 360 717

1067 302 1154 354 UE
1196 297 1530 356 omsmNE
1570 297 1919 356 NATURAE.
1959 285 2027 341 .1—
2065 299 2265 358 LIBER
2305 298 2622 355 manus.

3364 299 3464 355 718

227 420 522 474 diametros
549 418 562 448 ¹
592 427 670 471 est
713 418 875 472 totius
898 419 1130 474 ambitus
1158 419 1437 490 norologii.
1469 417 1546 473 Ac
1573 433 1670 490 per
1697 418 1800 474 hoc
1827 421 1874 481 Α
1905 428 2132 488 reperta,
2159 417 2313 474 facile
2360 429 2462 484 est,
2494 417 2716 481 lineam,
2748 430 2909 486 quae‘
2933 414 3122 470 dlvndit
3187 415 3248 469 in
3288 422 3470 482 partes

227 519 288 564 ct-
321 507 506 562 umbra
548 508 674 578 styli
707 507 759 560 in
801 508 1138 576 aequinoctio
1163 507 1459 564 diametros
1487 515 1570 563 est
1597 517 1652 564 et
1675 509 1799 579 styli

225 607 277 654 et
325 596 611 667 horologii.
669 596 734 650 Et
797 597 924 666 quia
986 599 1163 654 omnis
1212 598 1508 653 diametros
1565 599 1630 652 ab
1686 599 1802 668 ipsa

225 686 480 758 sphaera,
509 701 602 740 seu
635 684 863 751 circulo,
887 687 1038 757 cujus
1059 688 1349 763 diametros
1372 697 1471 752 est,
1499 687 1660 758 duplo
1708 704 1801 744 su-

224 787 448 847 peratur
470 815 486 840 ,
526 774 836 830 necessario
858 777 1047 832 umbra
1078 779 1202 849 styli
1228 779 1416 833 circuli
1439 779 1666 848 duplicis
1711 794 1802 833 ra-
1828 846 1832 858 Ι

227 870 426 924 tionem
455 868 668 936 reddit;
727 869 887 940 duplo
915 870 1057 924 enim
1085 870 1321 926 vincitur
1347 871 1414 925 ab
1442 871 1556 941 ipso
1601 871 1806 926 circulo

227 971 322 1013 seu
351 958 616 1026 sphaera,
651 959 806 1028 cujus
838 960 1098 1014 medietas
1141 961 1485 1016 constituitur
1511 963 1554 1015 *.
1589 961 1719 1016 Nam
1751 970 1809 1018 ct

227 1048 434 1102 denarii
465 1049 695 1113 numeri,
740 1049 903 1103 veluti
955 1049 1228 1120 cujusdam
1270 1051 1492 1117 circuli,
1525 1052 1808 1122 quinarius

227 1135 528 1193 diametros
541 1139 561 1168 ³
577 1148 676 1192 est.
697 1139 806 1194 Hac
823 1139 1003 1210 itaque
1019 1140 1226 1194 ratione
1239 1141 1498 1212 horologii
1527 1142 1809 1212 perspicue

226 1227 528 1294 intellecta,
556 1230 639 1284 vir
666 1231 874 1300 sagacis
900 1230 1097 1302 ingenii
1134 1231 1520 1286 Eratosthenes
1546 1232 1808 1286 ambitum

224 1321 399 1378 tetius
421 1329 596 1376 terrae
617 1321 797 1378 subtili
822 1322 1070 1392 indagine
1098 1319 1120 1354 ⁸
1148 1322 1444 1393 requisivit.
1467 1322 1547 1378 Ae
1575 1323 1808 1393 primum

226 1410 447 1483 quidem
479 1411 748 1480 cognovit,
778 1410 1035 1465 ambitum
1061 1410 1466 1477 aequinoctialis
1495 1412 1698 1474 circuli,
1718 1415 1810 1482 qui

226 1506 403 1555 totum
433 1502 620 1554 orbem
651 1510 915 1555 terrarum
934 1541 949 1566 ,
985 1509 1260 1571 totamque
1292 1502 1578 1558 caelestem
1619 1504 1816 1573 sphae-

226 1602 345 1644 ram
381 1590 435 1642 in
479 1590 613 1646 duas
639 1590 890 1661 aequales
915 1599 1063 1646 secat
1111 1600 1312 1661 partes,
1359 1593 1624 1648 trecentis
1658 1608 1813 1648 sexa-

224 1680 376 1752 ginta
409 1682 657 1752 partibus
688 1681 966 1751 compleri.
1001 1679 1240 1748 Quarum
1285 1682 1660 1738 duodecimam
1689 1699 1813 1756 por-

1903 506 2173 577 aequales,
2203 507 2577 561 incunctanter
2602 506 2933 576 dignoscere.
2961 504 3191 560 Proinde
3219 518 3317 572 per
3340 502 3472 558 Geo-

1903 597 2156 652 metricos
2174 598 2316 668 regis
2330 597 2649 662 Ptolemaei,
2661 604 2860 666 quanta
2873 595 3049 665 portio
3072 595 3274 650 telluris
3293 604 3433 650 esset
3447 595 3472 627 ³

1903 689 2045 744 inter
2073 689 2286 743 Meroen
2319 697 2375 743 et
2413 687 2666 760 Syenen),
2689 688 2891 742 certior
2928 685 3102 741 factus
3127 685 3148 716 '
3173 701 3271 756 per
3289 685 3473 741 simili'

1904 779 2142 834 tudinem
2189 779 2434 843 umbrae,
2458 778 2795 832 meridionali
2827 787 3063 846 tempore
3101 776 3468 846 aequinoctia-

1904 871 1972 925 lis
1996 871 2100 926 dici
2132 872 2184 925 in
2212 870 2565 940 septingentis
2594 869 2784 925 stadiis
2809 884 2969 923 unam
3013 875 3222 938 partem
3266 867 3471 923 invenit

1906 969 2256 1030 compertam.
2298 959 2469 1028 Quam
2502 960 2787 1014 trecenties
2819 957 3093 1027 scxagies.
3119 958 3222 1012 hoc
3249 965 3351 1022 est,
3379 973 3476 1028 per

1907 1053 2292 1124 longitudinem
2355 1049 2760 1123 aequinoctialis
2813 1049 3001 1105 circuli
3067 1049 3426 1118 multiplicans
3457 1091 3471 1112 ,

1909 1141 2114 1210 absque
2152 1141 2259 1196 ullo
2294 1155 2478 1196 errore
2528 1138 2930 1210 amplitudinem
2966 1138 3130 1193 totius
3178 1138 3382 1194 telluris
3419 1140 3474 1193 in

1910 1230 2158 1286 ducentis
2204 1231 2590 1302 quinquaginta
2641 1229 2850 1285 duobus
2883 1228 3138 1284 millibus
3183 1230 3477 1286 stadiorum

1910 1321 2132 1389 reperit.
2163 1319 2510 1389 Septingenta
2544 1333 2776 1390 namque
2803 1319 2973 1374 stadia
3004 1320 3292 1376 trecenties
3319 1336 3477 1376 sexa-

1912 1413 2025 1484 gies
2066 1413 2416 1484 multiplicata
2457 1413 2688 1468 ducenta
2729 1411 3114 1482 quinquaginta
3156 1411 3262 1467 duo
3317 1412 3482 1467 millia

1913 1503 2210 1559 stadiorum
2237 1503 2514 1573 colligunt.
2551 1503 2720 1568 Quem
2752 1517 3037 1558 numerum
3063 1502 3360 1571 aequaliter
3401 1506 3482 1558 di-

1914 1594 2126 1659 videns,
2153 1594 2497 1649 medietatem
2532 1592 2698 1658 illius,
2726 1591 2830 1648 hoe
2881 1600 2992 1656 est,
3024 1601 3244 1648 centum
3296 1593 3481 1662 viginti

1915 1700 2010 1740 sex
2037 1685 2204 1740 millia
2235 1684 2531 1740 stadiorum
2561 1683 2614 1737 in
2650 1682 2916 1738 diametro
2945 1682 3172 1748 telluris,
3195 1684 3356 1752 inque
3406 1683 3484 1736 lu-

236 1771 474 1838 tionem,
507 1773 608 1827 hoc
630 1781 732 1837 est,
761 1773 975 1843 triginta
1025 1783 1244 1844 partes,
1274 1774 1477 1832 duabus
1511 1777 1660 1832 horis
1681 1779 1814 1834 oriri
1843 1783 1889 1843 Β
1917 1791 2018 1831 nae
2078 1791 2143 1831 ac
2220 1783 2398 1831 terrae
2475 1774 2876 1844 intercapedine
2935 1772 3274 1828 intellexerat
3340 1789 3484 1829 esse.

226 1871 321 1918 Seu
371 1862 644 1927 occidere,
688 1877 785 1917 seu
834 1862 857 1896 ⁸
894 1863 960 1918 de
1006 1862 1144 1929 loco,
1174 1878 1269 1933 per
1292 1880 1452 1934 quem
1491 1875 1811 1933 moventur,

228 1951 495 2006 secedere
559 1951 581 1983 ⁸
639 1951 1006 2008 indubitanter
1074 1953 1359 2010 intellexit.
1426 1955 1613 2028 Itaque
1669 1959 1815 2027 quod

228 2034 429 2098 umbra
456 2043 510 2098 in
542 2043 818 2114 borologio
863 2045 1044 2100 sensui
1086 2044 1307 2112 indicat,
1349 2046 1452 2102 hoc
1503 2048 1814 2105 caelestium

229 2147 525 2203 corporum
553 2134 573 2166 τ
599 2133 971 2190 incessabilem
1002 2145 1207 2190 motum
1251 2135 1463 2192 edicere
1509 2139 1648 2195 ratio
1688 2154 1815 2210 pro-

230 2222 346 2278 bat.
377 2222 494 2300 Non
516 2225 661 2280 enim
693 2227 880 2280 umbra
922 2227 1044 2298 styli
1073 2242 1168 2298 per
1190 2229 1494 2298 horologica
1535 2231 1817 2286 intervalla

229 2325 569 2378 moveretur,
602 2317 774 2372 sinon
806 2319 1103 2373 aetherium
1148 2333 1343 2388 corpus
1381 2337 1504 2376 cum
1551 2323 1818 2379 sideribus

231 2404 345 2460 suis
383 2405 531 2458 circa
571 2412 769 2461 terram
797 2406 1326 2464 circumfolveretur.
1345 2410 1496 2478 Quod
1523 2425 1653 2482 ergo
1678 2413 1821 2469 valet

230 2497 408 2552 moles
440 2505 617 2553 terrae
647 2499 699 2554 in
733 2500 910 2556 medio
937 2501 1145 2567 mundi,
1192 2502 1295 2558 hoc
1349 2503 1492 2560 valet
1535 2505 1710 2577 stylus
1761 2507 1818 2562 iu

234 2587 422 2640 medio
485 2587 764 2660 horologii.
820 2589 888 2644 Et
943 2591 1392 2659 quemadmodum
1445 2595 1637 2651 umbra
1695 2597 1822 2670 styli

232 2676 388 2732 circa
440 2678 678 2747 seipsum
728 2694 823 2750 per
853 2681 1114 2736 ambitum
1144 2683 1349 2752 scaphii
1375 2683 1820 2756 circumducitur,

234 2767 309 2822 ita
344 2784 479 2833 nox,
502 2785 638 2838 quae
664 2780 747 2842 est
778 2773 972 2826 umbra
1000 2783 1200 2840 terrae,
1225 2775 1370 2829 circa
1407 2775 1578 2846 ipsam
1619 2787 1822 2834 terram

236 2859 486 2928 undique
512 2875 608 2930 per
633 2862 804 2931 spatia
849 2864 993 2919 aeris
1021 2863 1201 2920 lunam
1249 2880 1279 2921 a
1311 2874 1455 2922 terra
1481 2873 1824 2940 .segregantis

235 2949 689 3006 circumvehitur.
739 2951 830 3008 Sol
873 2962 1052 3008 autem
1099 2954 1240 3010 idem
1290 2957 1357 3012 de
1401 2959 1721 3030 corporibus
1769 2970 1828 3018 et

238 3046 444 3104 terrae,
468 3050 520 3094 et
545 3041 671 3112 styli
695 3043 939 3098 umbram
962 3044 1116 3116 jacit.
1149 3044 1250 3112 Qui
1297 3047 1534 3117 quidem,
1581 3048 1720 3104 sicut
1770 3051 1826 3106 in

1913 1866 2121 1922 Exinde
2147 1875 2406 1936 quantum
2451 1863 2673 1936 perfecti
2723 1864 2932 1919 numeri
2989 1863 3042 1918 in
3095 1864 3180 1918 his
3238 1864 3489 1920 omnibus

1913 1956 2128 2025 vigent,
2156 1955 2403 2010 senarius
2431 1955 2678 2010 videlicet
2709 1961 2763 2009 et
2791 1953 3128 2022 septenarius
3162 1959 3240 2008 et.~
3263 1963 3490 2008 octona-

1914 2048 2048 2112 rius,
2077 2048 2130 2102 in
2163 2048 2357 2117 quibus
2381 2047 2614 2102 maxima
2642 2046 2957 2118 symphonia
2998 2047 3236 2102 musicae
3261 2038 3485 2102 natura—

1917 2137 2042 2194 liter
2089 2137 2472 2204 constituitur,
2523 2152 2663 2208 quae
2696 2137 2954 2208 diapason
3001 2139 3262 2194 vocatur!
3321 2137 3512 2196 Habet:

1915 2229 2062 2284 enim
2088 2237 2212 2284 octo
2238 2243 2420 2294 sonos,
2439 2237 2644 2298 septem
2658 2229 2864 2298 'spatia,
2883 2242 2977 2283 sex
3011 2235 3186 2284 tonos.
3233 2229 3492 2284 Senarius

1917 2334 2150 2390 namque
2180 2334 2436 2375 numerus
2471 2333 2568 2388 per
2591 2319 2823 2388 seipsum
2858 2318 3260 2388 multiplicatus,
3301 2321 3354 2375 id
3385 2335 3488 2380 est.

1918 2423 2012 2466 sex
2039 2411 2236 2474 sexies,
2253 2410 2471 2480 triginta
2495 2423 2592 2465 sex
2620 2407 2796 2464 ellicit.
2824 2408 2941 2476 Quo
2965 2424 3190 2464 numero
3213 2409 3258 2464 si
3281 2416 3484 2479 septem

1920 2500 2088 2556 millia
2113 2500 2585 2571 multiplicaveris,
2631 2500 2872 2556 invenies
2917 2499 3079 2556 totius
3129 2501 3276 2557 orbis
3324 2501 3490 2560 amba.

1922 2599 2042 2647 mm
2067 2609 2082 2647 :
2111 2592 2376 2663 siquidem
2405 2600 2608 2662 septem
2659 2591 2824 2647 millia
2872 2591 3052 2648 tricies
3103 2607 3168 2648 ac
3209 2592 3250 2624 ‘°
3289 2593 3488 2658 sexies,

1921 2692 2017 2738 aut
2073 2683 2292 2754 triginta
2349 2699 2443 2739 sex
2491 2683 2690 2754 septies
2740 2682 2934 2739 millies
2997 2683 3038 2716 “
3094 2683 3488 2755 multipiicata,

1912 2775 2153 2831 ducenta
2205 2775 2590 2846 quinquaginta
2643 2775 2749 2831 duo
2785 2774 2948 2831 millia
2991 2775 3034 2808 "
3075 2775 3372 2832 stadiorum
3418 2775 3496 2832 fa-

1924 2867 2110 2932 ciunt,
2139 2883 2247 2938 quo
2299 2882 2526 2923 numero
2573 2869 2738 2924 totius
2789 2868 2997 2924 telluris
3047 2868 3341 2939 amplitudo
3369 2883 3492 2924 con-

1925 2956 2159 3013 cluditur
2199 2957 2262 3012 ⁸³.
2310 2955 2367 3013 Si
2421 2966 2601 3012 autem
2651 2957 2920 3012 senarium
2966 2957 3048 3013 sui
3091 2957 3372 3022 diametri,
3403 2958 3496 3026 qui

1927 3055 2010 3103 est
2062 3045 2370 3112 ternarias,
2432 3046 2734 3117 quantitate
2790 3046 3259 3116 multiplicaveris,
3307 3047 3494 3102 decem

239 3131 615 3202 aequinoctio,
663 3134 962 3190 meridiano
1009 3144 1270 3207 tempore,
1317 3138 1373 3192 in
1424 3137 1530 3194 illis
1567 3135 1890 3209 ‘partibusC
1919 3148 1976 3196 et
2024 3147 2148 3196 octo
2206 3138 2418 3194 numeri
2472 3154 2737 3194 summam
2790 3139 3043 3194 conﬁcies
3097 3139 3170 3202 ιδ,
3215 3153 3312 3208 per
3335 3153 3496 3209 quam

239 3221 396 3277 orbis
425 3232 709 3287 terrarum,
740 3238 882 3294 quae
902 3225 1281 3296 aequinoctiali
1311 3228 1516 3284 circulo
1537 3231 1826 3301 apprOpin-

240 3322 440 3383 quant,
467 3313 521 3368 in
550 3313 728 3370 Meroe
753 3317 878 3372 dico
897 3324 954 3372 et
997 3317 1198 3389 Syene,
1245 3319 1492 3374 umbram
1543 3321 1827 3391 gnomonis

243 3402 384 3462 facit
417 3412 598 3462 tantae
627 3408 989 3478 proceritatis,
1020 3419 1077 3466 ut
1123 3410 1444 3467 diametrum
1493 3413 1682 3484 ipsius,
1725 3415 1828 3470 hoc

241 3509 351 3562 est,
385 3500 728 3555 medietatem
751 3516 844 3556 seu
880 3501 1041 3571 paulo
1069 3502 1206 3573 plus,
1237 3502 1406 3572 possit
1442 3505 1728 3574 attingere,
1754 3509 1828 3562 ita

245 3605 312 3644 ex
335 3590 491 3645 omni
521 3589 664 3646 mole
693 3590 900 3646 telluris
933 3592 1130 3662 ubique
1173 3592 1419 3648 umbram
1446 3596 1740 3663 protendit,
1767 3606 1829 3652 ut

244 3679 314 3730 ad
348 3677 609 3732 circulum
651 3677 834 3744 lunae,
877 3693 970 3734 seu
1018 3679 1180 3749 paulo
1226 3682 1493 3751 superius,
1539 3684 1825 3740 exaltetur.

247 3768 407 3836 Quod
433 3770 600 3838 ipsius
629 3770 788 3838 lunae
813 3773 1004 3840 probat
1031 3770 1289 3827 defectus.
1323 3773 1379 3828 Si
1431 3777 1577 3829 enim
1622 3776 1829 3847 aliquo-

247 3860 396 3914 tiens
427 3861 615 3914 umbra
647 3869 824 3914 terrae
851 3859 990 3914 ultra
1031 3859 1275 3916 lunarem
1303 3861 1562 3916 circulum
1595 3879 1701 3920 non
1730 3880 1830 3920 ex-

249 3950 594 4022 teItderetuj',
623 3965 729 4004 non
777 3948 1024 4005 fortassis
1061 3950 1252 4006 solaris
1299 3951 1434 4009 lucis
1486 3969 1672 4010 casum
1715 3956 1830 4027 ipsa

248 4037 378 4093 luna
409 4050 702 4109 pateretur.
743 4039 901 4107 Nam,
944 4050 1004 4096 ut
1049 4041 1200 4096 aiunt
1251 4042 1584 4114 philosophi,
1627 4045 1832 4104 lunaris

249 4132 444 4187 circuli
474 4141 719 4187 centrum
772 4141 915 4187 terra
965 4141 1078 4200 est;
1133 4134 1379 4202 quamvis
1433 4135 1720 4206 aliquando
1777 4139 1832 4194 in

251 4224 410 4294 signo
436 4224 576 4278 tauri
598 4222 756 4279 altius
787 4224 1059 4294 paululum
1087 4225 1329 4296 elongari
1361 4225 1430 4280 ab
1473 4243 1539 4282 eo
1579 4228 1833 4285 aestime-

253 4323 364 4379 tur,
402 4317 491 4370 ubi
521 4315 784 4370 altissima
813 4317 991 4385 apsis,
1020 4317 1124 4373 hoc
1145 4324 1248 4382 est,
1276 4316 1502 4373 altitudo
1530 4319 1613 4374 sui
1644 4319 1832 4375 circuli

254 4415 475 4476 putatur
517 4420 660 4470 esse,
703 4405 930 4476 ideoque
957 4421 1062 4460 non
1107 4406 1460 4476 inaequalitas
1485 4409 1569 4463 sui
1599 4409 1832 4465 ambitus

255 4498 398 4552 circa
431 4507 655 4562 terram,
700 4512 888 4552 verum
934 4499 1159 4553 umbrae
1211 4498 1438 4554 altitudo
1485 4514 1650 4556 causa
1698 4476 1908 4556 ecli-D

253 4604 415 4659 pseos
436 4587 554 4658 ejus
576 4587 910 4642 aestimanda
936 4598 1040 4644 est.
1081 4589 1469 4646 Eratosthenes
1501 4591 1665 4659 igitur
1706 4607 1826 4646 um-

257 4680 388 4734 brae
417 4689 597 4736 terrae
627 4679 960 4733 altitudinem
1007 4693 1077 4734 ex
1123 4681 1406 4750 gnomonis
1462 4681 1530 4736 ad
1581 4681 1829 4737 umbram

257 4785 410 4824 suam
440 4770 843 4838 comparatione
872 4770 1223 4840 investigans,
1240 4786 1700 4842 cognoscensque,
1718 4789 1829 4830 non

259 4862 400 4918 ultra
435 4864 607 4932 ipsam
639 4871 814 4918 terrae
842 4863 1162 4918 diametrum
1195 4863 1440 4930 exaltari,
1487 4873 1634 4919 tanta
1683 4865 1829 4920 enim

259 4953 485 5008 altitudo
512 4952 687 5008 noctis
713 4965 794 5008 est
813 4993 828 5017 ,
854 4961 1054 5021 quanta
1090 4952 1380 5021 spissitudo
1429 4953 1631 5010 telluris
1681 4955 1831 5010 intra

1927 3235 2130 3298 septem
2196 3227 2360 3282 millia
2431 3227 2727 3282 stadiorum
2786 3226 3134 3298 multiplicata
3173 3227 3493 3282 diametrum

1930 3321 2093 3377 totius
2135 3329 2314 3376 terrae
2353 3327 2744 3376 consummant.
2770 3319 2989 3389 Septem
3032 3317 3297 3389 siquidem
3328 3318 3495 3373 millia

1927 3410 2108 3465 decies
2157 3417 2212 3465 et
2255 3409 2446 3473 octies,
2499 3421 2596 3462 seu
2632 3408 2816 3464 decem
2847 3415 2910 3460 et
2955 3415 3079 3461 octo
3120 3405 3319 3476 septies
3375 3407 3498 3462 mil-

1929 3502 2056 3567 lies,
2087 3509 2300 3558 centum
2339 3499 2528 3572 viginti
2570 3514 2664 3554 sex
2701 3497 2866 3553 millia
2901 3496 3105 3553 faciunt
3141 3498 3213 3564 ¹⁸;
3256 3497 3345 3568 qui
3399 3512 3500 3552 nu-

1929 3609 2113 3649 merus
2137 3593 2434 3648 stadiorum
2464 3599 2519 3646 et
2549 3599 2726 3646 terrae
2755 3590 3074 3662 diametrum
3096 3629 3112 3655 ,
3156 3597 3212 3644 et
3240 3589 3398 3646 lunae
3419 3599 3508 3644 at-

1929 3697 2037 3754 que
2086 3681 2292 3737 telluris
2334 3679 2787 3750 intercapedinem
2831 3677 3074 3733 collocat.
3120 3677 3352 3734 Proinde
3393 3692 3509 3734 nou

1933 3770 2376 3829 irrationabiliter
2406 3769 2563 3824 lunae
2606 3767 3278 3836 terraeque-intercapedo,
3313 3768 3503 3822 totius-

1922 3877 2037 3932 que
2075 3861 2281 3917 telluris
2302 3858 2629 3930 complexio,
2663 3857 2774 3910 toni
2813 3857 3154 3925 proportione
3176 3855 3501 3910 continet-La

1932 3942 2268 4026 philosophis
2325 3949 2724 4022 pronuntiatur.
2765 3945 3206 4012 Quattuordeoim
3270 3959 3508 4013 namque

1933 4045 2098 4102 millia
2133 4043 2460 4104 stadiorum,
2489 4039 2667 4094 decies
2708 4044 2764 4091 et
2800 4035 2980 4090 octies.
3014 4033 3381 4103 multiplicata,
3407 4031 3498 4088 du-

1933 4145 2089 4194 centa
2103 4131 2487 4204 quinquaginta
2511 4129 2614 4184 duo
2636 4127 2798 4182 millia
2826 4125 3044 4188 faciunt,
3071 4123 3332 4179 ambitum
3355 4123 3504 4179 vide-

1933 4230 2059 4284 licet
2089 4235 2296 4290 terrae;
2339 4222 2658 4278 diametrum
2705 4233 2832 4273 vero
2869 4217 3012 4287 ejus,
3043 4215 3306 4284 lunaeque
3345 4214 3414 4270 ab
3439 4230 3504 4270 ea

1935 4315 2245 4376 distantiam
2265 4355 2280 4380 ,
2306 4322 2511 4383 septem
2541 4309 2712 4364 millia
2737 4306 3030 4362 stadiorum
3059 4303 3235 4358 decies
3259 4311 3317 4358 et
3335 4304 3507 4360 octies

1935 4406 2288 4476 multiplicata
2335 4407 2618 4472 peragunt.
2669 4397 2865 4452 Decem
2903 4401 3084 4449 autem
3108 4400 3166 4448 et
3185 4401 3325 4457 octo,
3355 4407 3505 4447 com-
3560 4465 3564 4470 _

1933 4499 2106 4572 parati
2149 4497 2216 4551 ad
2243 4497 2427 4550 decem
2458 4501 2515 4548 et
2556 4506 2681 4556 sex,
2723 4503 2866 4559 quos.
2895 4487 2980 4543 bis
3015 4493 3139 4542 octo
3168 4494 3504 4548 mensurant,

1936 4589 2046 4644 toni
2097 4586 2339 4641 obtinent
2387 4582 2820 4655 proportionem;
2855 4575 3028 4645 major
3059 4576 3204 4632 enim
3247 4591 3508 4632 numerus

1935 4689 2121 4736 tonum
2167 4677 2430 4731 minorem
2471 4671 2690 4742 colligit,
2739 4664 3252 4738 octavamqueejus
3275 4673 3502 4736 partem,

1935 4770 2026 4840 qui
2052 4776 2135 4823 est
2153 4764 2414 4822 binarius.
2441 4761 2574 4817 Nam
2599 4757 3048 4832 quemadmodum
3073 4769 3264 4811 novem
3290 4755 3357 4810 ad
3383 4763 3506 4809 octo

1935 4857 2282 4930 proportione
2307 4854 2564 4925 epogdoa,
2607 4852 2680 4906 ita
2705 4850 2889 4905 decem
2907 4855 2970 4902 et
2994 4861 3185 4901 novem
3215 4847 3282 4900 ad
3314 4844 3502 4900 decem

1938 4959 1993 5006 et
2012 4965 2104 5005 sex
2129 4944 2459 5002 harmonicis
2481 4939 2932 5012 speculationibus
2951 4943 3292 5006 coaptantur.
3316 4931 3504 4990 Omnis

260 5042 712 5114 aequinoctialem
743 5042 1002 5097 circulum
1030 5052 1406 5109 mensuratae,
1465 5045 1615 5113 prius
1660 5043 1834 5100 ambi-
1933 5040 2484 5112 siquidemnumerus
2497 5030 2677 5099 major
2700 5030 2766 5096 η,
2797 5028 3061 5083 minorem
3090 5041 3149 5082 se
3177 5034 3232 5080 et
3255 5031 3501 5114 octavam

259 5113 376 5187 tum
399 5141 582 5188 terrae
607 5132 888 5201 quaesivit,
941 5141 1000 5187 ut
1042 5148 1111 5187 ex
1163 5147 1228 5188 eo
1284 5133 1606 5190 diametrum
1653 5143 1835 5207 posset
1936 5132 2161 5205 minoris
2189 5138 2396 5200 partem
2422 5125 2723 5186 continens,
2753 5121 3024 5191 epogdoos
3052 5118 3104 5172 in
3146 5115 3406 5207 numeris,
3447 5113 3517 5166 in.

262 5219 526 5279 invenire.
556 5200 1221 5293 Amplitudine'siquidem
1249 5223 1437 5282 circuli
1457 5241 1552 5282 seu
1572 5200 1835 5296 sphaerae
1935 5221 2154 5277 musicis
2183 5233 2310 5274 vero
2335 5225 2490 5272 tonus
2513 5213 2556 5247 ιτ
2580 5221 2818 5268 vocatur.
2852 5209 2946 5263 llis
2970 5221 3098 5277 ergo
3128 5200 3422 5258 rationibus
3449 5210 3507 5254 et

1526 5338 1780 5393 vanus
1822 5329 2222 5419 LECTIONES.

1415 5446 1437 5476 '
1470 5447 1619 5496 cuius
1668 5444 1917 5496 medietas
1950 5417 2294 5495 constituitur
2351 5449 2460 5488 om.
2511 5432 2574 5486 A3
2676 5431 2698 5464 ³
2733 5429 2786 5482 Α)
2827 5425 3097 5496 diametcr.
3197 5419 3220 5450 δ
3267 5415 3514 5496 A_imla-

1470 5463 1619 5516 cujus
1668 5462 1917 5499 mearetas
1961 5462 2293 5495 constituitur
2351 5462 2460 5488 υιιι.
2511 5462 2574 5486 ηδ
2681 5462 2690 5464 ν
2733 5462 2781 5510 τε
2827 5462 3097 5478 κικυιινιυισ
3267 5462 3307 5472 .-

1470 5517 1519 5568 Α.
1596 5516 1744 5568 ἰον
1779 5527 1926 5567 orum
1965 5525 2076 5564 om.
2119 5509 2184 5562 A.
2286 5507 2308 5538 ⁸
2349 5506 2395 5560 Δ
2435 5511 2564 5559 esset
2605 5500 2823 5554 tellurts.
2923 5495 2946 5528 ⁸
2974 5493 3018 5546 Α
3069 5499 3238 5543 certus
3273 5488 3504 5564 effecit».

1470 5587 1520 5631 in
1562 5600 1670 5631 om.
1860 5580 1907 5614 ³⁸
1935 5577 2308 5631 Cinclttditnr.
2387 5573 2431 5625 l.‘
2457 5574 2500 5628 Α
2531 5569 2729 5631 efﬁcies.
2807 5563 2850 5598 “'
2882 5563 2927 5616 Α
2952 5561 3111 5631 ﬁunt.
3182 5558 3226 5590 "
3262 5560 3306 5612 Α
3338 5570 3504 5624 major

2807 5566 2850 5598 “'
2882 5566 2927 5616 Α
2952 5566 3111 5624 ﬁunt.
3182 5566 3226 5590 "
3262 5566 3306 5612 Α
3338 5570 3512 5624 major

340 5451 362 5484 ⁸
407 5450 450 5504 Α
497 5450 767 5511 diameter,
811 5447 893 5506 sic
943 5445 1056 5501 fere
1099 5444 1317 5512 ubique.

263 5530 490 5590 gattonc.
565 5509 937 5590 {unum},
1012 5509 1544 5590 “recerti—ergone:
1596 5509 2219 5590 τεοφοηξριᾈοεηηΑλ
2286 5509 2308 5538 ⁸
2349 5509 2658 5590 ξιεξεεζβιε

270 5573 317 5622 ⁵⁸
342 5573 402 5644 ac
424 5573 534 5644 om.
564 5587 626 5645 C.
702 5587 745 5618 “
774 5584 958 5640 millies
1008 5600 1130 5642 om.
1149 5583 1210 5641 C.
1291 5583 1333 5618 "
1357 5586 1520 5640 millia
1562 5600 1670 5640 om.
1720 5573 1802 5641 (ξ-
1860 5580 1907 5614 ¹⁸
1935 5577 2308 5636 Cincluditur.
2387 5573 2431 5625 ιι
2457 5574 2500 5628 Α
2531 5573 2729 5642 εθὶεἱη.

265 5675 530 5716 numerus.
606 5659 647 5692 ¹⁷
673 5656 719 5712 Α
751 5664 922 5710 tonos.
