3912 6154
470 324 565 385 119
1694 384 1710 400 ,
1741 374 1769 391 .

1848 310 2135 379 JOANINIS
2171 310 2368 373 SCOTI

3619 305 3713 361 ππ

474 436 608 495 )rbls
644 424 912 501 emortus,
960 435 1184 507 ejusque
1213 433 1528 497 diametros,
1557 440 1613 484 ct
1641 428 1894 498 spatium,
1937 441 2045 509 quo
2079 434 2120 489 Α
2153 440 2273 479 rum
2322 420 2673 493 amplitudine
2724 428 2970 478 terrenae
3015 419 3194 483 molis,
3228 419 3504 486 noctisque
3549 418 3711 472 altitu-

479 554 585 593 nna
637 531 802 599 distat
830 543 862 583 a
895 535 1062 591 terra,
1101 534 1158 582 et
1201 525 1380 585 noctis
1404 523 1632 578 altitudo
1669 522 2047 575 incunctanter
2146 520 2296 585 dine,
2327 535 2465 589 quae
2485 516 2727 586 ejusdem
2749 517 2770 548 ⁸
2803 532 3091 572 mensurae
3130 525 3237 579 est,
3267 514 3421 582 cujus
3444 514 3598 568 etiam
3628 514 3712 568 tel-

472 622 857 692 tompreliensa
886 627 1034 674 sunt.
1066 616 1122 674 Si
1148 625 1620 691 autem‘quaeras,
1651 628 1749 669 cur
1768 620 1823 667 et
1844 607 2049 663 Plinius

471 714 755 777 teetIndus,
806 719 863 765 et
907 710 1269 775 Ptolemaeus,
1314 710 1366 765 in
1409 706 1944 785 Geographicosuo,
1992 709 2051 756 ut

470 795 763 859 Iiartianiis
784 802 996 869 scribit,
1035 817 1144 859 non
1177 801 1297 871 plus
1337 815 1499 871 quam
1539 792 2049 870 quingentastadia

466 894 689 965 singulis
712 893 961 967 partibus
981 893 1436 962 distribuunt,qui
1463 906 1742 955 numerus,
1761 887 2053 951 trecenties

465 988 712 1055 aesagics
734 986 1140 1058 multiplicatus,
1175 986 1432 1042 ambitum
1458 982 1829 1052 tellurisjuxta
1859 982 2055 1037 Erato-

466 1076 669 1132 sthenis
712 1076 1150 1147 supputationem
1187 1076 1647 1146 comprehendere
1686 1089 1791 1129 non
1831 1071 2050 1142 poterit,

464 1183 571 1225 non
603 1169 736 1225 mibi
765 1169 922 1226 facile
947 1170 1210 1236 occurrit,
1238 1168 1366 1239 quid
1409 1168 1781 1240 respondeam.
1819 1165 1876 1221 Si
1906 1166 2051 1221 enim

464 1261 689 1328 dixero,
743 1261 1139 1317 Eratosthenen
1197 1260 1317 1331 plus
1376 1246 1554 1315 terrae
1597 1257 2051 1327 magnitudinem,

469 1352 700 1411 Plinium
750 1369 880 1411 vero
925 1365 980 1411 et
1022 1354 1388 1410 Ptolemaeum
1422 1354 1437 1384 ¹
1467 1352 1647 1408 minus
1687 1350 2050 1413 existimasse,

465 1461 572 1501 non
596 1444 869 1501 videbitur
895 1446 1208 1511 verisimile,
1238 1445 1382 1515 quod
1410 1444 1551 1500 inter
1592 1456 1833 1499 summos
1867 1448 2056 1495 aucto-

462 1551 555 1593 res
576 1538 883 1593 mundanae
906 1538 1204 1608 sapientiae
1226 1545 1373 1591 tanta
1400 1534 1735 1592 dissonantia
1759 1535 1849 1600 sit,
1875 1544 1934 1589 ut
1960 1530 2052 1587 alii

469 1628 876 1699 amplitudinem
947 1636 1126 1685 terrae
1189 1628 1422 1684 ducenta
1495 1626 1885 1698 quinquaginta
1947 1624 2052 1679 duo

474 1718 641 1773 millia
674 1719 697 1750 '
720 1718 1047 1785 stadiorum,
1083 1719 1174 1774 alii
1202 1726 1421 1774 centum
1466 1716 1738 1787 octoginta
1767 1713 1933 1768 millia
1964 1729 2052 1767 ar-

2148 609 2281 666 luris
2305 609 2601 663 diametros
2624 607 2927 663 rationabili
2967 606 3443 678 argumentatione
3476 605 3711 675 repertis,

2149 702 2386 779 ambitus
2415 700 2642 773 lunaris,
2684 699 2868 765 circuli
2914 709 3162 772 prompte
3205 700 3591 771 quaerentibus
3625 715 3712 754 oc-

2150 794 2340 851 currit.
2376 790 2668 862 T-riplicata
2715 791 2983 862 siquiiem
3014 792 3189 853 noctis
3231 791 3462 861 altitudo
3491 789 3662 853 circuli
3696 791 3713 826 ³

2150 887 2358 952 lunaris
2389 927 2405 952 ,
2435 886 2760 966 diametrum
2791 883 2953 947 eﬂicit
2977 902 2993 939 :
3021 896 3239 941 centum
3283 899 3518 954 namque
3546 883 3711 953 viginti

2152 996 2245 1041 sex
2287 980 2452 1041 millia
2489 978 2786 1037 stadiorum
2807 1019 2822 1043 ,
2857 979 3016 1033 tertio
3050 979 3314 1047 repetita,
3344 973 3707 1033 CCCLXXVIII

2151 1069 2316 1127 millia
2365 1068 2590 1133 faciunt.
2652 1068 2751 1125 Est
2805 1068 2971 1139 igitur
3018 1070 3061 1126 ἐξ
3103 1068 3308 1133 lunaris
3352 1068 3580 1125 circulus
3602 1069 3639 1104 “
3663 1069 3706 1124 in

2151 1163 2389 1220 millibus
2440 1160 2742 1216 stadiorum
2799 1157 3211 1217 CCCLXXVIII.
3263 1157 3322 1216 Si
3383 1164 3560 1215 autem
3616 1156 3709 1214 dia-

2150 1261 2382 1311 metrum
2414 1250 2776 1321 duplicareris
2797 1251 2867 1317 τ’,
2889 1251 2997 1307 erit
3021 1255 3187 1307 totius
3209 1250 3396 1307 circuli
3424 1249 3643 1306 ambitus
3662 1248 3707 1305 ia

2153 1344 2206 1401 in
2238 1342 2485 1401 DCCLYI
2515 1342 2756 1417 millibus
2787 1342 3108 1399 stadiorum.
3156 1342 3233 1399 De
3276 1357 3527 1400 mensura
3553 1348 3706 1397 autem

2152 1434 2357 1490 lunaris
2386 1434 2632 1503 corporis
2677 1434 2970 1490 multorum
3012 1435 3163 1490 varia
3208 1435 3394 1505 opinio
3438 1443 3539 1491 est.
3578 1432 3708 1489 Multi

2153 1526 2298 1585 enim
2314 1526 2521 1591 dicunt,
2537 1525 2755 1598 globum
2777 1526 2937 1582 lunae
2958 1526 3164 1583 telluris
3184 1526 3523 1598 amplitudini
3535 1541 3710 1596 aequa-

2153 1617 2261 1673 lem
2291 1632 2447 1683 esse;
2479 1625 2532 1672 et
2561 1617 2664 1673 hoc
2686 1625 3141 1688 argumentantur
3159 1634 3226 1673 ex
3257 1618 3444 1687 eclipsi
3475 1616 3709 1687 solis,pu-

2158 1719 2336 1767 tantes
2365 1710 2548 1765 lunam
2596 1709 2806 1765 solares
2848 1710 3032 1765 radios
3059 1710 3127 1768 ab
3154 1710 3301 1765 omni
3334 1720 3479 1765 terra
3527 1707 3710 1763 autem

467 1817 853 1879 gumententur
893 1808 1164 1881 amplecti.
1214 1807 1516 1879 Quingenta
1566 1806 1830 1876 siquidem
1878 1803 2054 1858 stadia
2083 1801 2129 1861 Β
2155 1817 2334 1873 posse.
2376 1801 2482 1856 Sed
2516 1799 3123 1871 acquinoctialicircuio
3145 1800 3710 1871 appropinquantes,de

471 1897 745 1953 tricenties
762 1897 1029 1971 sexagies,
1053 1896 1292 1953 CLXXX
1316 1897 1481 1955 millia
1503 1896 1796 1951 stadiorum
1824 1892 2048 1948 faciunt.

470 1990 572 2057 Qui
608 1989 818 2045 numeri
847 2004 878 2043 a
906 2003 969 2044 se
994 1989 1223 2044 invicem
1263 1988 1575 2058 discrepant
1600 1985 1789 2041 LXXII
1818 1984 2053 2039 millibus

466 2079 787 2135 stadiorum.
833 2077 1163 2134 Praesertim
1187 2092 1308 2133 cum
1346 2076 1612 2148 praedicti
1644 2076 1933 2144 sapientes,
1965 2087 2053 2128 so-

481 2171 868 2241 lertissimique
885 2181 1201 2225 naturarum
1221 2170 1656 2241 inquisitores,in
1680 2186 1910 2228 numero
1928 2187 2046 2243 par-

480 2252 613 2318 tium
631 2263 1069 2338 aequinoctialis,
1082 2278 1176 2318 seu
1194 2263 1412 2319 Zodiaci
1434 2266 1649 2329 circuli,
1666 2265 2009 2321 consentiant
2030 2281 2047 2321 :

483 2371 677 2411 onrucs
725 2357 869 2409 enim
902 2355 1236 2417 unanimiter
1286 2366 1561 2413 trecentas
1594 2357 1873 2427 sexaginta
1917 2371 2045 2428 pro-

481 2448 755 2503 nuntiant.
782 2447 837 2503 Si
855 2447 1069 2509 dixem.
1098 2447 1309 2502 minora
1334 2449 1508 2502 stadia
1535 2447 1709 2515 hunc,
1730 2448 2049 2505 Eratosthe-

482 2553 609 2595 nem
632 2539 779 2604 dico,
816 2554 1180 2600 mcusurasse.
1211 2553 1275 2594 ac.
1308 2555 1404 2608 per
1433 2540 1536 2595 hoc
1563 2541 1821 2609 majorem
1855 2556 2050 2599 nume-

486 2646 609 2687 rum
624 2633 853 2702 singulis
865 2646 898 2701 p
918 2633 1113 2685 'rtibus
1127 2631 1363 2697 dedisse,
1383 2631 1506 2685 illos
1520 2646 1649 2685 vero
1665 2632 1873 2700 majora
1890 2631 2050 2687 ideo-

478 2736 586 2793 que
607 2720 884 2793 pauciora,
906 2723 1184 2793 quomodo
1209 2726 1309 2778 hoc
1330 2724 1351 2756 ⁸
1368 2726 1650 2793 probabile
1668 2725 2053 2796 judicabitur?

481 2813 617 2872 Nam
668 2816 887 2885 utrique
930 2809 1174 2872 stadium
1206 2816 1393 2872 CXXV
1441 2818 1692 2886 passibus
1742 2819 2051 2875 mensurari

476 2895 817 2967 conﬁrmant.
849 2895 980 2955 Mihi
1013 2897 1195 2967 itaque
1229 2898 1443 2953 videtur
1470 2896 1870 2969 inaequalitatis
1893 2896 2054 2967 hujus

473 3000 636 3045 causa
686 2987 1007 3059 quantitatis
1057 3003 1314 3060 passuum
1355 2990 1796 3062 inaequalitatem
1842 2991 2055 3047 subste-

478 3080 613 3137 tisse
640 3079 685 3135 ⁸.
722 3079 868 3135 Fieri
894 3080 1039 3137 enim
1064 3081 1258 3150 potuit,
1291 3091 1349 3135 ut
1375 3082 1398 3114 ⁸
1428 3082 1564 3143 duos
1587 3096 1888 3151 mensores,
1918 3096 2051 3152 quo-

2153 1894 2525 1966 magnitudine
2570 1893 2752 1958 lunae,
2793 1902 2853 1948 ut
2907 1891 3204 1948 Martianus
3245 1892 3456 1958 scribit,
3477 1891 3711 1947 verisimi-

2151 1987 2286 2043 liora
2310 1985 2527 2042 tradunt
2565 1984 2629 2049 ³³,
2653 1993 2708 2040 et
2735 2001 2803 2041 ex
2829 1983 3040 2041 defectu
3067 1985 3197 2040 solis
3233 1984 3611 2040 rationabiliter
3633 1997 3713 2054 ap-

2151 2079 2400 2149 probant.
2445 2078 2637 2133 Dicunt
2687 2077 2855 2143 enim,
2902 2079 3150 2132 umbram
3185 2079 3229 2109 “
3264 2078 3444 2142 lunae,
3472 2084 3712 2133 momento

2152 2170 2345 2224 solaris
2402 2164 2693 2230 defectus,
2720 2165 3210 2222 duodevicesimam
3265 2166 3474 2222 telluris
3504 2176 3712 2236 partem

2153 2257 2426 2314 occultare
2460 2257 2521 2310 η.
2551 2256 2615 2311 Ει
2645 2257 2689 2288 ³⁸
2711 2252 3027 2326 ηιιίειοιιιηθ
3066 2272 3265 2327 corpus
3315 2257 3509 2328 triplici
3548 2256 3711 2313 umbra

2153 2362 2273 2416 sua,
2317 2366 2478 2421 quam
2528 2349 2802 2405 metaliter
2840 2349 2998 2421 jacit,
3031 2349 3207 2420 majus
3231 2359 3333 2415 est,
3364 2351 3519 2405 lunae
3544 2362 3715 2419 corpus

2155 2451 2365 2498 sextam
2401 2450 2577 2499 terrae
2620 2450 2828 2512 partem
2878 2441 2931 2496 in
2993 2443 3349 2512 amplitudine
3396 2459 3491 2499 sua
3540 2442 3717 2499 habere

2156 2535 2455 2608 colligitur.
2501 2533 2578 2589 Ac
2607 2549 2703 2605 per
2728 2534 2849 2598 hoc,
2877 2536 3132 2604 quoniam
3160 2536 3603 2599 duodevicesima,
3628 2536 3715 2591 hoc

2155 2637 2239 2683 est
2266 2634 2323 2681 et
2357 2626 2399 2658 "
2431 2637 2623 2682 octava
2654 2625 2863 2681 decima
2897 2626 3061 2685 totius
3084 2636 3262 2683 terrae
3307 2627 3505 2698 portio,
3549 2635 3625 2681 est
3669 2625 3715 2680 ie

2155 2716 2273 2773 XIV
2306 2718 2349 2751 ⁸⁸
2382 2716 2619 2771 millibus
2665 2715 2985 2779 stadiorum,
3014 2718 3280 2787 sequitur,
3303 2727 3361 2771 ut
3398 2719 3509 2788 ipsa
3548 2725 3716 2771 octava

2156 2808 2364 2865 decima
2412 2824 2537 2879 pars
2584 2806 2855 2876 triplicata
2895 2806 3304 2876 amplitudinem
3361 2808 3561 2864 lunaris
3593 2804 3716 2877 globi

2157 2898 2422 2971 perﬁciat.
2479 2896 2596 2953 XIV
2660 2910 2863 2964 autem,
2927 2906 3014 2953 ter
3076 2899 3257 2966 ducta,
3315 2897 3454 2955 XLII
3516 2898 3716 2954 faciunt.

2155 2990 2525 3062 Quadraginta
2592 2991 2758 3062 igitur
2808 2992 2915 3048 duo
2973 2991 3139 3047 millia
3202 2992 3502 3047 stadiorum
3550 2989 3718 3062 ampli-

2158 3081 2400 3136 tudinem
2460 3081 2619 3135 lunae
2671 3080 3156 3152 comprehendunt.
3212 3080 3317 3137 Tot
3375 3081 3516 3135 enim
3572 3079 3720 3134 millia

472 3185 595 3240 rum
637 3187 780 3229 unus
828 3181 1037 3228 statura
1082 3171 1274 3242 major,
1328 3175 1468 3229 alter
1507 3174 1707 3240 minor,
1758 3162 2128 3246 majoribusC
2160 3172 2457 3229 stadiorum
2507 3180 2717 3228 sextam
2768 3181 2948 3230 terrae
3007 3172 3255 3228 obtinent
3321 3181 3547 3241 partem.
3590 3168 3720 3239 Qua-

471 3262 882 3333 minoribusque
929 3265 1183 3335 passibus
1229 3266 1465 3322 stadium
1507 3282 1675 3322 unum
1716 3280 2052 3331 mensurare,

471 3354 701 3423 indeque
741 3354 916 3409 stadia
956 3352 1159 3423 majora
1206 3357 1485 3413 minorave
1512 3357 1565 3411 in
1613 3370 1864 3413 mensura
1897 3356 2058 3411 unius

471 3443 640 3512 partis
659 3446 980 3512 computari.
1003 3445 1262 3512 Quisnam
1285 3464 1392 3504 non
1414 3448 1724 3514 crediderit,
1747 3447 2051 3514 Herculem,

471 3545 631 3601 quem
651 3535 888 3602 primum
911 3533 1067 3603 juxta
1092 3534 1378 3608 Olympum
1408 3547 1647 3595 montem
1686 3540 1918 3596 stadium
1950 3538 2056 3595 fer-

362 3636 367 3641 '
470 3632 561 3678 tur
588 3626 958 3692 mensuritsse,
1007 3625 1303 3696 majoribus
1344 3629 1845 3702 incomparabiliter
1883 3629 2059 3702 passi-

472 3713 572 3769 bus
596 3723 653 3769 et
685 3712 914 3785 pedibus
953 3731 1260 3772 mensuram
1289 3720 1468 3775 stadio
1511 3720 1747 3786 dedisse,
1777 3737 1940 3792 quam
1968 3736 2058 3778 cc-

471 3806 594 3871 teri,
641 3806 732 3878 qui
785 3816 908 3877 post
948 3823 1073 3863 eum
1122 3810 1297 3866 stadia
1348 3813 1769 3869 mensurabant?
1808 3811 1943 3868 Nam
1988 3827 2056 3868 cx

473 3898 779 3966 quantitate
804 3901 995 3967 stadii,
1040 3903 1185 3972 quod
1232 3904 1349 3974 ipse
1381 3905 1588 3975 primus
1624 3913 2055 3970 meusuraverat,

467 4002 723 4057 passuum
755 4004 1146 4061 gressuumque
1172 3992 1291 4063 ejus
1322 4008 1386 4047 ac
1408 3994 1606 4065 pedum
1635 3994 1966 4065 magnitudo,
1989 4010 2057 4049 ex

469 4081 665 4151 pedum
693 4095 823 4137 vero
858 4082 1212 4153 amplitudine
1260 4086 1424 4142 totius
1471 4094 1716 4143 staturae
1748 4087 1893 4145 illius
1938 4088 2055 4143 alti-

470 4174 601 4229 tudo
630 4175 915 4257 acstimata
939 4184 1041 4232 est.
1068 4176 1209 4244 Quid
1236 4194 1367 4248 ergo
1389 4179 1611 4245 mirum,
1635 4181 1682 4237 si
1708 4196 1813 4235 una
1840 4182 2060 4236 eadem-

468 4271 587 4347 que
609 4266 765 4322 unius
793 4266 1144 4349 ejusdemque
1184 4270 1354 4339 partis
1410 4271 1759 4342 intercapedo
1800 4280 1855 4327 et
1901 4271 2061 4341 quiu-

470 4363 630 4427 genta
662 4358 842 4424 simul,
874 4367 926 4415 et
967 4362 1307 4433 septingenta
1352 4362 1526 4418 stadia
1558 4364 1757 4434 capiat,
1785 4374 1840 4419 et
1867 4380 2061 4419 unum-

470 4449 722 4519 quodque
768 4452 1001 4507 stadium
1044 4454 1234 4509 codem
1274 4470 1501 4512 numero
1534 4457 1790 4526 passuum
1827 4464 1881 4511 et
1910 4469 2061 4525 gres-

2156 3265 2403 3338 draginta
2455 3280 2687 3335 namque
2738 3264 2847 3321 duo
2877 3264 3043 3321 millia
3085 3265 3284 3331 sexies,
3317 3264 3401 3321 vel
3445 3260 3717 3343 scamilli:

2156 3356 2480 3427 quadragies
2499 3355 2602 3419 bis,
2620 3353 2794 3412 CCLlI
2821 3352 2988 3415 millia
3019 3356 3317 3411 stadiorum
3356 3355 3633 3411 cumulant.
3659 3350 3719 3407 Et

2158 3446 2466 3511 miraberis,
2525 3447 2726 3502 senarii
2774 3447 2984 3502 numeri
3020 3457 3073 3502 et
3120 3448 3410 3517 septenarii
3468 3446 3717 3515 reciproca

2156 3537 2359 3592 virtute
2411 3535 2571 3591 lunae
2615 3544 2780 3605 atque
2817 3535 3023 3591 telluris
3063 3535 3469 3605 amplitudinem
3497 3544 3719 3601 compre-

2158 3626 2340 3682 hendi.
2394 3624 2613 3702 Septem
2658 3625 2926 3695 siquidem
2971 3627 3170 3691 sexies,
3219 3626 3305 3679 vel
3365 3638 3458 3679 sex
3507 3622 3717 3692 septies,

2158 3715 2318 3781 XLII,
2348 3716 2508 3771 lunae
2536 3716 2785 3773 videlicet
2810 3715 3060 3787 globum;
3084 3725 3137 3772 et
3162 3716 3358 3770 iterum
3384 3714 3519 3769 XLII
3537 3713 3721 3777 sexies,

2158 3808 2356 3873 CCLll,
2408 3817 2589 3862 terrae
2647 3807 2857 3863 scilicet
2890 3807 3146 3876 spatium,
3179 3807 3230 3860 in
3259 3820 3394 3877 gyro
3431 3804 3721 3874 amplexam

2160 3908 2266 3956 tur.
2314 3899 2531 3969 ﬂosque
2575 3915 2764 3955 omnes
2810 3914 3064 3955 numeros
3096 3900 3148 3953 in
3182 3899 3422 3954 millibus
3444 3896 3719 3953 stadiorum

2159 3991 2485 4062 computari,
2520 3991 2659 4045 ratio
2704 3989 2983 4056 indicarit,
3038 3990 3104 4044 ad
3155 3989 3432 4044 cumulum
3464 3987 3723 4061 perfectis-

2160 4083 2331 4138 simae
2376 4080 2707 4139 naturalium
2763 4081 2948 4136 mundi
2996 4095 3286 4151 corporum
3341 4077 3724 4135 constitutionis

2160 4175 2633 4233 manifestandum.
2653 4163 2842 4230 Omnis
2854 4173 3119 4243 siquidem
3135 4173 3176 4207 ³³
3189 4172 3535 4243 perfectionis
3551 4171 3725 4226 cubica

2161 4266 2441 4337 solidaque
2466 4265 2753 4320 millenarii
2785 4265 2993 4319 muneri
3037 4264 3292 4320 formatio
3314 4264 3362 4296 ”
3390 4260 3723 4335 significatrix

2160 4369 2263 4415 est.
2299 4356 2487 4412 Status
2533 4356 2715 4427 itaque
2746 4363 2972 4410 naturae
3014 4354 3252 4421 senario,
3285 4364 3467 4410 motus
3496 4363 3724 4424 septena.

2162 4449 2264 4512 rio,
2311 4447 2597 4515 utriusque
2643 4454 2827 4501 autem
2872 4444 3227 4500 immutabilis
3262 4444 3404 4499 ratio
3443 4440 3724 4498 millenario

473 4553 652 4605 suum,
686 4542 990 4613 pedumque
1028 4544 1351 4616 comptuari,
1376 4546 1523 4617 ipsos
1563 4554 1743 4602 autem
1774 4561 1965 4614 passus
2001 4554 2057 4601 et
2086 4532 2135 4592 Β
2160 4538 2514 4610 significatur.
2550 4536 2646 4592 Est
2684 4536 2827 4593 enim
2863 4551 3044 4590 rerum
3092 4535 3336 4591 omnium
3368 4543 3545 4589 status
3574 4530 3723 4587 mobi-

469 4644 690 4701 gressus
716 4650 781 4705 ac
810 4635 833 4666 ⁶
862 4632 1026 4705 pedes
1055 4654 1161 4693 non
1209 4639 1448 4709 ejusdem
1476 4640 1795 4709 quantitatis
1833 4654 1973 4704 esse,
1997 4640 2052 4694 in

468 4723 787 4790 quibusdam
826 4727 1044 4797 quidem
1076 4728 1329 4799 majores,
1375 4712 1428 4784 in
1464 4714 1786 4805 quibusdam
1816 4731 1837 4762 '
1874 4730 2049 4785 mino-

468 4829 579 4883 res,
612 4816 686 4873 ita
715 4827 776 4873 ut
813 4819 1107 4890 majoribus
1136 4832 1470 4895 mensurata,
1518 4823 1690 4879 stadia
1734 4822 2048 4896 quingenta,

471 4907 772 4992 minoribus
805 4925 932 4966 vero
960 4920 1294 4993 septingenta
1320 4929 1485 4967 ιιιιιιηι
1508 4913 1558 4966 id
1587 4913 1871 4985 ipsumque
1895 4914 2054 4985 unius

467 5000 637 5070 partis
661 4991 891 5083 spatium
924 4991 1233 5083 implerent?
1250 5004 1418 5071 Habet
1443 5015 1625 5059 autem
1645 5003 1876 5059 stadium
1896 5004 2052 5075 juxta

469 5106 720 5173 graecam
755 5082 1185 5165 supputationem
1206 5086 1394 5168 jugera
1424 5095 1512 5162 Vl,
1542 5097 1753 5153 cubitus
1775 5095 1836 5161 C,
1861 5113 2051 5167 passus

468 5176 679 5253 CXXV,
704 5196 921 5256 greSSIIs
959 5183 1169 5252 CCXL,
1194 5186 1346 5241 ulnas
1378 5185 1567 5255 CCCC,
1600 5188 1764 5245 DCIICS
1808 5187 1910 5243 DC.
1946 5185 2052 5243 Vc-

2160 4631 2249 4697 lis,
2284 4639 2339 4686 et
2365 4638 2543 4685 motus
2571 4625 2807 4694 stabilis,
2842 4627 3083 4682 aeternis
3111 4627 3417 4681 rationibus
3463 4623 3726 4696 perfectis-

2159 4728 2295 4783 sime
2324 4724 2672 4780 constitutus.
2716 4720 2825 4777 Nec
2873 4721 2992 4776 sine
3024 4720 3233 4774 ratione
3276 4719 3583 4790 plriIOSOpbi
3608 4718 3725 4773 haec

2155 4818 2337 4874 omnia
2363 4816 2552 4874 stadiis
2575 4813 2958 4870 metiebantur.
2984 4812 3279 4880 Quinarius
3305 4826 3544 4883 namque
3562 4822 3724 4866 nume-

2162 4927 2254 4968 rus
2277 4909 2688 4969 ἀνακαταστικὸς
2714 4915 2798 4963 est
2817 4907 2882 4972 ",
2908 4905 3009 4961 hoc
3033 4915 3137 4971 est,
3155 4904 3210 4960 iu
3228 4904 3469 4975 seipsum
3499 4904 3722 4966 rediens;

2160 4988 2624 5076 quotienscunque
2658 4997 3108 5068 multiplicaveris
3156 5011 3256 5067 per
3284 4997 3527 5075 seipsqu
3558 4995 3723 5067 quina-

2160 5097 2325 5160 rium,
2352 5096 2405 5150 in
2436 5109 2495 5149 se
2517 5093 2688 5162 ipsum
2721 5091 2900 5146 redire
2927 5104 3150 5146 necesse
3180 5097 3282 5144 est.
3314 5086 3535 5144 Primus
3566 5088 3725 5155 itaque

2159 5187 2391 5259 quinarii
2448 5185 2672 5263 cubicus
2729 5191 2908 5239 motus
2956 5180 3189 5239 Stadium
3220 5180 3268 5211 "
3320 5178 3560 5251 perlicit,
3588 5174 3724 5248 quim

1752 5327 2004 5384 VARIAE
2041 5327 2443 5385 LECTIONES.

540 5451 555 5482 ³
582 5449 687 5504 Pro
720 5446 953 5504 Plinium
980 5463 1096 5502 vero
1124 5456 1172 5501 et
1206 5445 1560 5509 Ptolemaeum
1589 5447 1630 5503 C
1650 5465 1663 5501 :
1686 5448 1999 5504 Pliniumve.
2060 5450 2081 5481 ⁸
2101 5447 2142 5505 C
2172 5448 2469 5505 siczCC‘i‘
2501 5448 2543 5503 L
2568 5448 2769 5503 duobus
2792 5444 3022 5503 milibus.
3099 5442 3120 5474 ³
3142 5442 3239 5498 hoc
3260 5457 3367 5501 om.
3399 5441 3466 5496 Α.
3546 5440 3570 5473 ⁸
3590 5439 3630 5495 Α
3654 5437 3731 5509 ίπ·

466 5519 758 5591 aequalitas
784 5517 965 5591 fuisse.
1042 5508 1377 5591 ‘_ut_ont._A.
1453 5519 1474 5550 ⁸
1504 5519 1545 5591 Α
1575 5529 1644 5591 et.
1721 5520 1742 5550 ⁷
1772 5519 1980 5591 quidem
2004 5550 2075 5560 —-
2097 5521 2407 5591 quihusdam
2442 5535 2552 5591 oili.
2584 5518 2650 5591 Ad.
2680 5517 2811 5591 37A
2845 5515 2977 5591 ejus.
3050 5515 3073 5547 ⁹
3109 5522 3344 5591 prompte
3373 5508 3730 5591 quaergn‘liQﬂ

466 5579 751 5642 -ἐίνειιΙὶ
784 5579 893 5658 om.
927 5588 990 5643 Α.
1070 5588 1112 5619 ¹⁶
1143 5587 1184 5641 Α
1217 5588 1371 5651 enim.
1452 5592 1493 5630 ιι
1516 5589 1559 5643 Α
1583 5579 1871 5658 ἀπαξιῶ(
1934 5588 2048 5658 ιξίΛ
2077 5579 2523 5658 ηἶιιιιὶμζίειιιεεήὲ.
2603 5589 2644 5639 ιι
2669 5586 2710 5644 C
2739 5579 3047 5658 ἰηιριὶάιιηι.Δ
3111 5579 3155 5613 ν’
3175 5579 3442 5658 Α-ιὶιιιιῖζι.
3520 5579 3725 5658 “Aef-

470 5658 807 5780 ξξιέίαέἕᾶιωέῖ
831 5656 955 5763 Sed.
1033 5660 1075 5691 ³⁷
1102 5668 1148 5712 ct
1172 5647 1363 5714 orti.A.
1441 5661 1483 5693 “
1508 5660 1548 5716 C
1570 5660 1683 5715 sic:
1718 5656 1899 5714 XIIII
1937 5656 1986 5710 Χ
2011 5646 2241 5714 milime
2272 5654 2278 5663 ’
2319 5659 2359 5694 ¹⁹
2386 5658 2422 5714 C
2444 5660 2699 5729 equidem.
2778 5659 2822 5689 ’°
2847 5657 2890 5712 Α
2918 5651 3282 5729 conformatio.
3357 5652 3402 5686 υ
3433 5662 3511 5709 est
3537 5646 3716 5709 om.A.
