3912 6154
419 345 529 404 723

1798 344 2079 402 IO‘ANNIS
2120 343 2322 400 SCOTl'

3559 350 3670 404 721·

423 460 596 522 Pastis,
635 458 726 512 tali
759 460 993 528 reperies
1020 467 1352 527 argumento.
1407 455 1810 527 Longitudinem
1838 457 1990 510 luna-
2015 467 2067 524 Α
2092 456 2267 510 video.
2296 455 2430 510 Nam
2464 465 2517 510 et
2544 456 2812 513 Abraham
2860 475 2963 514 non
2993 475 3089 531 per
3120 459 3304 516 literas
3338 462 3663 530 scripturae,

424 552 503 606 ris
528 550 662 620 gyri,
691 532 796 603 hoc
818 557 922 610 est,
955 545 1194 600 DCCLVI
1225 546 1386 600 millia
1415 549 1711 602 stadiorum
1750 549 1766 579 ¹
1811 547 1987 616 dupli-

423 642 610 705 eahis;
669 640 832 694 addes
865 640 896 669 "
941 638 1102 691 etiam
1155 637 1474 691 diametrum
1525 647 1722 702 terrae,
1777 635 1990 692 CXXVI

421 730 587 785 millia
615 729 908 784 stadiorum
941 746 953 780 :
987 737 1044 780 et
1065 727 1282 796 colliges
1310 727 1628 782 diametrum
1652 727 1909 796 sphaerae
1933 727 1987 780 in

420 821 656 876 millibus
683 821 975 873 stadiorum
1003 817 1145 872 mille
1191 817 1384 872 millies
1411 817 1759 873 DCCXXXIV
1795 817 1985 872 millia.

419 913 536 978 Quo
559 925 792 966 numeros
824 911 907 964 bis
947 910 1105 973 facto,
1149 909 1382 963 ambitus
1411 910 1573 963 totius
1595 909 1790 963 mundi
1809 909 1992 963 existi-

419 1013 596 1058 matur
649 1001 1029 1072 comprehendi
1082 1001 1134 1055 in
1190 1001 1423 1054 millibus
1492 1001 1786 1054 stadiorum
1844 999 1990 1054 mille

417 1095 610 1148 millies
653 1102 758 1156 ter,
792 1095 1010 1161 insuper
1040 1092 1201 1146 etiam
1252 1091 1475 1160 adjectis
1503 1092 1532 1123 "
1557 1091 1803 1146 CCLXVI
1832 1090 1992 1144 milli-

415 1181 518 1236 bus
536 1183 852 1244 stadiorum,
892 1191 950 1234 ut
995 1180 1194 1235 senarii
1227 1180 1435 1234 numeri
1495 1179 1822 1249 perfectione
1847 1187 1990 1233 totus

415 1275 646 1328 mundus
671 1273 1022 1328 concludatur
1048 1273 1091 1328 ⁸.
1135 1272 1406 1327 Hactenus
1459 1273 1525 1327 de
1565 1271 1987 1342 argumentatio-

414 1363 572 1416 nibus
623 1361 1029 1430 philosophicis,
1074 1361 1258 1415 mundi
1307 1360 1476 1429 spatia
1526 1360 1988 1428 investigantibus.

415 1452 471 1505 Si
509 1451 594 1504 cui
656 1467 781 1505 vero
822 1453 954 1505 haec
991 1449 1255 1520 superflua
1315 1451 1586 1513 videntur,
1635 1465 1756 1503 cum
1802 1465 1989 1503 sacrae

415 1541 728 1612 Scripturae
765 1543 1084 1597 testimoniis
1108 1558 1205 1597 nec
1229 1542 1556 1596 roborentur
1582 1540 1625 1603 ⁸,
1650 1554 1748 1594 nec
1795 1540 1988 1593 tradita

412 1633 524 1686 sint
543 1631 586 1698 ⁵,
614 1649 718 1688 non
763 1649 863 1688 nos
918 1633 1291 1704 reprehendat.
1321 1631 1453 1685 Nam
1481 1640 1536 1686 et
1563 1631 1648 1686 ille
1680 1647 1783 1686 non
1815 1640 1989 1701 potest

411 1724 730 1792 approbare,
757 1724 891 1779 haec
928 1725 998 1777 ita
1022 1739 1126 1778 non
1155 1739 1294 1791 esse,
1323 1725 1459 1779 sicut
1507 1738 1607 1778 nos
1626 1724 1645 1755 "
1672 1739 1776 1779 non
1801 1738 1990 1793 possu-

412 1829 533 1868 mus
563 1813 847 1879 allirmare,
880 1816 950 1868 ita
977 1829 1116 1870 esse.

480 1905 571 1958 55.
628 1905 694 1958 Et
739 1904 984 1972 quamvis
1029 1905 1081 1958 in
1135 1904 1329 1960 divinis
1362 1902 1656 1973 Scripturis
1686 1901 1752 1958 de
1787 1901 1980 1956 talibus

409 1996 802 2050 mundanorum
848 2011 1136 2064 corporum
1179 1995 1601 2051 dimensionibus
1656 1995 1982 2066 magnitudi-

410 2103 538 2140 num
582 2097 636 2140 et
686 2087 1088 2141 intervallorum
1125 2086 1260 2140 nihil
1307 2085 1586 2140 definitum
1635 2085 1976 2154 reperiatur;

408 2177 760 2233 Ecclesiastes
779 2177 920 2232 enim
943 2177 1331 2240 :Altitudinem,
1357 2176 1552 2245 inquit,
1575 2175 1703 2229 caeli
1725 2185 1772 2229 et
1803 2175 1982 2229 latituo-

407 2266 580 2320 dinem
605 2267 627 2299 ⁸
647 2277 814 2319 terrae
835 2275 882 2320 et
919 2265 1236 2336 profundum
1266 2264 1439 2334 abyssi
1473 2265 1587 2334 quis
1635 2281 1843 2319 mensus
1868 2265 1983 2320 est?

405 2357 497 2414 ubi
542 2358 660 2428 plus
700 2357 1028 2427 allegoriam,
1060 2371 1220 2426 quam
1258 2356 1541 2412 historiam
1583 2356 1980 2428 intelligendam

405 2449 758 2506 existimarint
785 2464 798 2512 ;
834 2464 937 2502 non
968 2448 1110 2502 enim
1133 2447 1390 2502 mundum
1427 2447 1590 2502 istum
1619 2448 1760 2502 ultra
1788 2449 1982 2504 intelli-

406 2542 640 2614 gentiam
691 2539 1027 2594 rationabilis
1053 2548 1277 2594 naturae
1321 2541 1672 2596 constitutum
1725 2541 1986 2608 dixerim,

407 2649 529 2687 cum
563 2642 780 2702 propter
801 2647 920 2688 eam
950 2632 1125 2687 factus
1145 2632 1246 2687 sit:
1276 2632 1456 2686 divina
1488 2642 1663 2687 tamen
1687 2635 1983 2690 auctoritas

406 2725 641 2778 rationes
669 2739 844 2777 rerum
876 2722 1174 2778 visibilium
1222 2731 1279 2778 et
1302 2722 1644 2778 invisibilium
1675 2739 1780 2778 non
1807 2724 1982 2779 solum

406 2830 512 2869 non
566 2813 833 2885 prohibet,
897 2829 1085 2869 verum
1135 2815 1297 2869 etiam
1348 2815 1596 2870 hortatur
1645 2816 1976 2887 investigari.

407 2903 698 2960 Invisibilia
731 2907 867 2960 enim
887 2907 1023 2976 ejus,
1056 2908 1131 2961 ait
1152 2907 1460 2976 Apostolus,
1490 2924 1520 2960 a
1541 2919 1778 2962 creatura
1801 2907 1980 2961 mundi

407 3015 498 3066 per
521 3015 605 3062 ea,
635 3015 766 3068 quae
795 3000 936 3077 facta
966 3009 1109 3064 sunt,
1131 2997 1388 3054 intellecta
1419 2999 1828 3070 conspiciuntur.
1860 2997 1977 3054 Non

410 3107 607 3162 parvus
634 3092 813 3161 itaque
839 3092 1035 3162 gradus
1061 3101 1168 3157 est,
1193 3092 1287 3147 sed
1317 3107 1542 3163 magnus
1567 3101 1622 3148 et
1645 3093 1802 3149 valde
1831 3092 1979 3148 utilis

2091 562 2230 616 quae
2275 548 2510 602 nondum
2560 549 2799 605 conlecta
2854 550 3047 617 fuerat,
3080 567 3266 606 verum
3309 554 3665 608 conversione

2090 635 2324 689 siderum
2358 634 2528 690 Deum
2576 640 2844 708 cognovit.
2870 641 2950 693 An
2984 640 3121 696 forte
3149 643 3481 711 simpliciter,
3521 644 3676 697 sicut

2090 737 2146 781 et
2201 738 2380 783 cetera
2403 729 2680 795 animalia,
2704 731 2847 786 solas
2863 733 3070 802 Species
3093 733 3325 788 siderum
3343 735 3665 803 aspiciebat,

2089 833 2196 872 non
2226 826 2403 872 autem
2432 819 2666 875 rationes
2697 837 2882 877 eorum
2930 823 3229 894 intelligere
3256 825 3511 894 poterat?
3550 823 3664 878 Non

2090 915 2293 962 temere
2323 909 2424 964 hoe
2451 911 2518 964 de
2564 927 2758 980 magno
2783 923 2836 966 et
2859 915 3354 985 sapienti-theologe
3381 916 3562 970 ausim
3589 917 3669 969 di-

2090 1011 2232 1052 cere.
2266 998 2333 1053 Et
2379 1001 2422 1054 si
2459 1001 2580 1072 quis
2624 1003 2779 1058 nobis
2808 1005 2859 1058 in
2908 1005 3116 1074 culpam
3139 1007 3488 1075 reputaverit,
3521 1005 3666 1075 quod

2089 1087 2471 1158 pbilosophicis
2530 1093 3028 1149 ratiocinationibus
3078 1095 3157 1149 usi
3209 1111 3413 1159 sumus,
3481 1098 3675 1150 videat-

2068 1178 2341 1248 populum
2391 1182 2482 1234 Dei
2531 1183 2771 1253 Aegypto
2821 1184 3106 1255 fugientem
3135 1227 3148 1250 ,
3205 1187 3425 1256 ejusque
3479 1189 3666 1242 divino

2089 1268 2312 1322 consilio
2355 1272 2683 1326 admonitum
2715 1275 2878 1341 spolia
2910 1275 3188 1339 ferentem,
3216 1277 3450 1346 ipsisque
3476 1279 3665 1348 spoliis

2090 1354 2639 1428 irreprehensibiliter
2675 1374 2932 1420 utentem.
2966 1359 3286 1422 Praesertim
3321 1374 3442 1423 eum
3479 1381 3535 1424 et
3572 1373 3662 1440 ipsi

2091 1453 2392 1507 mundanae
2420 1455 2714 1522 sapientiae
2736 1458 2892 1525 periti
2920 1473 3022 1511 non
3053 1460 3104 1512 in
3139 1461 3240 1513 hoc
3264 1461 3662 1528 reprchensihi-

2089 1539 2168 1595 les
2190 1541 2316 1595 facti
2367 1551 2512 1607 sunt,
2544 1545 2698 1614 quasi
2730 1545 2781 1597 in
2815 1547 3106 1601 rationibus
3139 1548 3363 1604 visibilis
3379 1560 3664 1605 creaturae

2089 1633 2341 1697 errarint,
2373 1633 2465 1688 sed
2507 1635 2632 1703 quia
2660 1643 2931 1690 auctorem
2962 1638 3128 1707 ipsius
3158 1648 3440 1694 creaturae
3480 1642 3528 1675 ³³
3563 1656 3660 1694 non

2089 1723 2220 1776 satis
2254 1723 2393 1778 ultra
2421 1739 2540 1778 eam
2571 1726 2912 1795 quaesierint,
2942 1744 3061 1783 cum
3085 1730 3390 1786 Creatorem
3421 1748 3490 1786 ex
3512 1747 3664 1787 crea-

2014 1818 2058 1876 Β
2090 1820 2209 1867 tura
2260 1813 2514 1868 deberent
2563 1806 2838 1882 invenire;
2889 1820 3030 1888 quod
3080 1819 3224 1875 solus
3263 1820 3416 1876 Plato
3465 1823 3670 1891 legitur

2088 1903 2300 1958 fecisse.
2348 1903 2403 1958 Si
2434 1919 2562 1959 vero
2588 1906 2859 1976 praefatae
2907 1910 3297 1966 mundanorum
3345 1929 3657 1982 corporum,

2085 2008 2380 2063 eorumque
2420 1995 2836 2052 interstitiorum
2868 1999 3228 2058 dimensiones
3257 2015 3546 2074 propterea
3579 2007 3666 2059 in-

2086 2081 2370 2140 credibiles
2393 2084 2551 2140 alicui
2583 2085 2850 2153 videntur,
2878 2091 3126 2158 quoniam
3151 2090 3264 2163 ipsa
3293 2107 3521 2164 corpora
3549 2110 3660 2149 ma-

2080 2175 2217 2246 joris
2241 2177 2606 2247 amplitudinis
2629 2195 2748 2235 esse
2790 2181 3095 2250 cogitantur
3119 2199 3148 2237 a
3179 2185 3372 2246 multis,
3405 2202 3576 2254 quam
3603 2195 3667 2241 ut‘

2085 2267 2375 2336 praedictis
2422 2268 2716 2324 stadiorum
2744 2273 2982 2327 numeris
3025 2275 3230 2343 possint
3255 2277 3657 2344 comprehendi,

2086 2358 2322 2415 intentus
2352 2360 2494 2430 legat
2547 2377 2706 2416 arcae
2750 2363 2860 2418 Noe
2907 2380 3203 2432 mensuras,
3241 2366 3393 2434 cujus
3445 2378 3668 2424 trecen-

2086 2460 2261 2506 torum
2293 2453 2596 2507 cubitorum
2629 2462 2747 2508 erat
2769 2453 3064 2525 longitudo,
3094 2459 3479 2529 quinquaginta
3511 2461 3660 2516 cubi-

2086 2553 2260 2600 torum
2288 2544 2532 2610 latitudo,
2555 2546 2769 2616 triginta
2788 2548 3089 2602 cubitorum
3117 2551 3354 2612 altitudo,
3386 2553 3656 2613 etvideat,

2085 2639 2352 2708 quomodo
2371 2638 2421 2691 in
2439 2649 2546 2692 tam
2571 2653 2735 2706 parvo
2771 2639 2943 2709 spatio
2973 2641 3270 2696 cubitorum
3312 2658 3376 2696 ex
3403 2643 3662 2698 omnibus

2029 2716 2043 2735 ⁸
2084 2727 2445 2782 animantibus
2463 2727 2672 2781 mundis
2696 2737 2916 2798 septena
2933 2738 2986 2783 et
3009 2740 3250 2799 septena,
3269 2747 3331 2785 ex
3358 2731 3659 2787 immundis

2083 2833 2212 2873 vero
2226 2818 2331 2872 duo
2353 2827 2405 2872 et
2433 2820 2538 2872 duo
2563 2828 2808 2889 poterant
2834 2822 3208 2890 comprehendi
3233 2839 3353 2876 cum
3383 2824 3657 2878 alimoniis

2084 2911 2213 2974 suis,
2246 2910 2463 2979 insuper
2496 2910 2658 2965 etiam
2689 2911 2890 2966 Noe."
2935 2928 3056 2967 cum
3107 2914 3230 2968 filiis
3275 2923 3330 2968 et
3373 2917 3652 2978 uxoribus,

2083 3005 2399 3073 praesertim
2441 3005 2484 3059 si
2519 3005 2631 3075 ipse
2674 3007 2886 3062 cubitus
2930 3016 3066 3063 teste
3110 3017 3292 3063 sancto
3333 3009 3653 3075 Augustino,

2084 3107 2191 3163 quo
2234 3102 2288 3149 et
2333 3109 2460 3150 arca
2486 3093 2617 3160 Noe,
2644 3103 2700 3150 et
2722 3111 2845 3152 arca
2873 3095 3224 3162 Testamenti,
3252 3105 3307 3152 et
3339 3097 3657 3153 tabernacuc

411 3182 743 3236 sensibilium
787 3197 965 3237 rerum
991 3183 1188 3236 notitia
1231 3183 1298 3236 ad
1335 3183 1749 3252 intelligibilium
1782 3184 1980 3240 intelli-
2008 3164 2052 3227 (ἶ
2085 3181 2193 3237 lum
2241 3191 2527 3254 ceteraque
2574 3185 2772 3240 veteris
2824 3186 3146 3241 Testamenti
3215 3187 3438 3259 mystica
3491 3203 3660 3257 opera

409 3275 662 3343 gentiam.
689 3271 758 3328 Ut
783 3274 923 3328 enim
951 3289 1046 3344 per
1066 3289 1283 3329 sensum
1309 3275 1624 3344 pervenitur
1667 3276 1733 3329 ad
1778 3275 1983 3331 intelle-

408 3374 555 3421 ctum
580 3405 595 3430 ,
624 3366 694 3418 ita
717 3380 812 3432 per
839 3376 1140 3421 creaturam
1171 3367 1374 3422 reditur
1401 3369 1469 3423 ad
1492 3368 1829 3424 Deum.Nam
1852 3385 1978 3434 non,

407 3456 551 3510 sicut
605 3455 991 3510 irrationabilia
1061 3457 1346 3524 animalia,
1411 3460 1580 3514 solam
1639 3462 1979 3529 superficiem

409 3560 591 3599 rerum
635 3545 919 3601 visibilium
961 3557 1173 3616 oportet
1219 3551 1772 3616 nos‘intueri,verum
1818 3554 1980 3608 etiam

410 3635 606 3699 dehis,
655 3650 792 3704 quae
818 3653 1074 3706 corporeo
1120 3653 1280 3694 sensu
1325 3641 1668 3712 percipimus,
1716 3644 1981 3699 rationem

409 3725 638 3780 reddere
688 3725 966 3782 debemus.
1019 3727 1240 3784 Acutius
1302 3731 1447 3786 videt
1505 3733 1681 3802 aquila
1746 3735 1980 3804 speciem

407 3815 556 3881 solis,
578 3817 788 3872 acutius
811 3816 954 3873 videt
979 3820 1198 3890 sapiens
1223 3822 1383 3876 homo
1403 3823 1562 3878 situm
1591 3826 1750 3891 illius,
1782 3836 1837 3881 et
1863 3842 1981 3881 mo-

410 3914 525 3962 tum
569 3922 665 3976 per
688 3906 803 3962 loca
824 3918 876 3963 et
901 3919 1159 3978 tempora.
1187 3911 1321 3978 Quid
1349 3915 1370 3946 ’
1394 3914 1438 3968 si
1484 3915 1643 3969 homo
1663 3931 1768 3970 non
1795 3931 1980 3985 pecca-

407 4008 508 4064 ret,
537 3999 697 4068 inque
712 3999 1112 4056 similitudinem
1136 4002 1498 4072 jumentorum
1524 4006 1758 4071 caderet,
1785 4023 1912 4062 num
1936 4009 1978 4042 ὀ

407 4091 768 4160 possessionis
790 4107 937 4156 suae,
967 4095 1150 4148 mundi
1183 4096 1361 4166 hujus,
1405 4097 1674 4166 perfectos
1721 4101 1979 4157 terminos

408 4179 700 4251 ignoraret,
728 4197 863 4251 quos
907 4191 1129 4238 naturae
1169 4184 1374 4255 legibus
1396 4185 1699 4256 justissime
1727 4191 1981 4260 regeret?

385 4259 701 4340 'Oportebat
725 4273 866 4327 enim
894 4273 1056 4328 alium
1076 4275 1324 4346 angelum
1350 4293 1492 4342 esse,
1519 4280 1608 4348 qui
1634 4279 1697 4333 in.
1717 4259 1980 4335 creaturis

408 4360 750 4415 sensibilihus
798 4361 968 4416 Deum
999 4362 1260 4427 laudaret,
1309 4365 1399 4434 qui
1432 4381 1530 4421 nec
1559 4375 1680 4436 post
1723 4367 1978 4424 delictum

407 4457 632 4505 naturae
652 4451 968 4519 dignitatem
1007 4455 1228 4509 omnino
1261 4455 1512 4522 perdidit.
1560 4457 1737 4514 Manet
1758 4459 1900 4514 enim
1923 4459 1977 4513 in

2085 3282 2394 3328 mensurata
2438 3283 2584 3340 sunt,
2624 3290 2728 3328 non
2757 3274 2984 3345 amplius
3011 3291 3169 3346 quam
3197 3277 3418 3331 duarum
3447 3277 3656 3347 palma-

2084 3379 2202 3418 rum
2241 3365 2404 3420 semis
2447 3379 2752 3420 mensuram
2806 3367 3114 3431 obtinuerit,
3154 3367 3372 3436 ipsaque
3408 3367 3591 3436 palma
3623 3380 3654 3424 a

2083 3453 2394 3508 summitate
2412 3453 2620 3522 pollicis
2655 3468 2824 3524 usque
2849 3455 2914 3508 ad
2939 3455 3298 3510 summitatem
3325 3456 3532 3510 minimi
3577 3454 3660 3511 di-

2083 3543 2177 3614 giti
2220 3542 2265 3574 ¹⁴
2308 3543 2737 3598 mensurabatur.
2786 3543 2911 3598 Plus
2937 3558 3064 3611 ergo
3104 3553 3252 3600 tenet
3281 3544 3459 3598 divina
3492 3545 3661 3601 virtus

2081 3643 2134 3688 et
2161 3642 2470 3688 naturarum
2499 3634 2668 3698 ratio,
2699 3649 2860 3704 quam
2887 3635 3028 3704 quod
3056 3633 3394 3689 machinatur
3420 3635 3659 3690 humana

2083 3723 2355 3794 cogitatio.
2395 3724 2463 3778 Et
2499 3738 2567 3779 ne
2604 3724 2883 3779 videamur
2911 3727 2978 3779 ad
3007 3724 3217 3779 divinae
3244 3724 3458 3779 virtutis
3492 3725 3660 3779 mira-

2082 3814 2203 3869 eula
2253 3813 2572 3885 confugere,
2629 3824 2882 3885 tanquam
2920 3830 3022 3868 non
3076 3813 3311 3869 valentes
3357 3815 3660 3869 rationibus

2082 3915 2329 3970 naturae,
2371 3906 2512 3974 quod
2545 3905 2850 3970 suademus,
2883 3903 3171 3970 alllrmare,
3197 3920 3302 3959 non
3328 3903 3486 3959 aliter
3511 3905 3661 3974 cogi-

2083 4003 2186 4060 tas,
2217 4005 2278 4050 ut
2304 3995 2556 4062 arbitror,
2589 4004 2787 4050 terram
2820 3995 2872 4049 in
2905 3981 3087 4050 medio.
3125 3996 3430 4050 mundanae
3465 3997 3666 4066 sphae-

2082 4103 2176 4143 rae
2205 4088 2454 4157 positam,
2479 4102 2637 4157 qnam
2665 4087 2810 4142 vides
2832 4097 3078 4142 centrum
3106 4087 3157 4141 in
3189 4087 3352 4142 fundo
3374 4089 3655 4159 cujusdam

2083 4177 2270 4232 circuli
2319 4192 2410 4232 seu
2453 4176 2638 4246 globi;
2694 4176 2858 4230 imum
2907 4176 3168 4246 siquidem
3211 4178 3551 4247 mediumque
3597 4179 3666 4232 in

2083 4265 2346 4320 creaturis
2371 4264 2574 4320 obtinet
2595 4264 2787 4318 locum.
2814 4264 2956 4320 Disc.
2983 4263 3096 4319 Non
3128 4264 3300 4329 aliter,
3333 4282 3435 4320 una
3459 4280 3586 4319 vero
3610 4265 3656 4299 ⁸³

2083 4357 2375 4424 eademque
2391 4355 2614 4410 ratione.
2633 4354 2770 4410 MAG.
2788 4355 2898 4410 Nec
2915 4355 3017 4410 alio
3040 4356 3195 4410 modo
3214 4366 3396 4425 partes
3415 4357 3658 4428 signiferi

2085 4445 2274 4501 deduci
2293 4445 2359 4500 ad
2381 4455 2599 4509 terram,
2617 4446 2718 4500 nisi
2740 4461 2826 4510 eo,
2848 4462 2955 4514 quo
2973 4445 3143 4500 lineae
3164 4446 3215 4499 in
3233 4445 3435 4501 circulo
3452 4447 3514 4500 ad
3537 4461 3659 4500 ceno

403 4552 473 4593 eo
498 4541 831 4596 rationabilis
861 4551 1058 4607 motus,
1105 4559 1212 4614 quo
1260 4559 1438 4600 rerum
1467 4547 1710 4602 notitiam
1753 4548 1974 4617 appetit,

2085 4546 2246 4592 trum.
2287 4536 2432 4590 DISC.
2465 4507 2684 4605 Aequali
2709 4507 2840 4605 lege.
2863 4507 3000 4591 illac.
3031 4536 3092 4588 Et
3112 4538 3359 4604 quamvis
3386 4553 3486 4590 non
3507 4537 3654 4605 ejus-

406 4645 580 4698 neque
604 4630 650 4665 ιι
699 4632 807 4686 falli
835 4634 967 4700 vult,
1010 4636 1260 4704 quamvis
1296 4637 1348 4690 in
1380 4636 1562 4691 multis
1603 4636 1834 4703 fallatur,
1867 4653 1973 4693 non

404 4727 582 4774 tamen
610 4721 661 4774 in
687 4722 952 4778 omnibus.
988 4725 1053 4778 Et
1073 4724 1118 4778 si
1148 4725 1253 4779 duo
1276 4725 1593 4780 vestimenta
1622 4725 1822 4781 Christi
1849 4735 1977 4782 sunt

404 4817 645 4878 tempore
692 4811 1178 4868 transformationis
1222 4813 1388 4882 ipsius
1415 4815 1641 4869 candida
1677 4815 1816 4870 sicut
1855 4817 1970 4882 nix,

404 4901 706 4956 divinorum
753 4901 997 4957 videlicet
1015 4902 1348 4972 eloquiorum
1394 4903 1569 4969 litera,
1601 4904 1970 4969 eLvisibilium

403 5005 585 5048 rerum
640 4991 846 5061 species
873 4992 1181 5048 sensibilis:
1207 4993 1578 5062 curjubemur
1621 5009 1787 5048 unum
1810 4995 1972 5050 vesti-

401 5090 644 5138 mentum
686 5080 968 5152 diligenter
996 5093 1234 5154 tangere,
1257 5093 1316 5138 ut
1335 5099 1480 5148 eum,
1505 5082 1658 5152 cujus
1685 5084 1974 5138 vestimen-

401 5183 516 5231 tum
547 5185 653 5239 est,
687 5189 991 5230 mereamur
1017 5175 1287 5240 invenire,
1329 5176 1554 5231 alterum
1588 5190 1739 5238 vero,
1779 5175 1831 5228 id
1866 5183 1971 5240 est,

401 5273 709 5322 creaturam
731 5263 1015 5329 visibilem,
1045 5267 1394 5336 prohibemur
1422 5266 1730 5335 inquirere?
1753 5264 1818 5319 Et
1840 5280 1976 5334 quo-

403 5357 582 5423 modo,
607 5363 663 5411 et
687 5356 882 5414 auibus
912 5356 1210 5412 rationibus
1237 5365 1543 5412 contextum
1573 5357 1663 5424 sit,
1694 5371 1802 5412 non
1842 5355 1974 5410 satis

1547 5443 1574 5462 Ι

2081 4629 2200 4685 dem
2225 4629 2382 4699 spatii
2405 4627 2512 4682 sint
2538 4628 2591 4682 in
2615 4626 2872 4696 signifero
2898 4637 2950 4682 et
2979 4627 3031 4681 in
3063 4627 3270 4689 tellure,
3308 4630 3449 4683 idem
3477 4637 3672 4682 tamen.

2079 4719 2268 4774 ductus
2298 4717 2691 4773 rationabilium
2714 4717 2974 4772 linearum
2993 4758 3006 4781 ,
3035 4726 3089 4772 et
3117 4717 3160 4750 "
3185 4719 3405 4775 eaedem
3429 4729 3609 4790 partes
3627 4736 3660 4772 τι

2077 4825 2286 4864 summo
2311 4823 2480 4877 usque
2494 4808 2762 4863 deorsum.
2790 4808 2932 4863 Dies.
2960 4807 3206 4864 Prorsus.
3229 4808 3367 4864 huc.
3397 4809 3545 4876 Quod
3563 4825 3662 4863 aue

2077 4909 2184 4956 tem
2207 4901 2274 4954 de
2304 4899 2546 4969 partibus
2571 4898 2899 4968 intelligitur,
2926 4899 2976 4954 id
3003 4899 3173 4969 ipsum
3195 4900 3262 4954 de
3287 4901 3472 4955 stadiis
3496 4902 3662 4955 aesti-

2074 4991 2325 5046 mandum
2347 5004 2451 5043 non
2487 5003 2667 5055 negas.
2706 4988 2847 5043 Disc.
2879 4987 2990 5042 lmo
3018 5002 3220 5043 assero.
3249 4988 3386 5043 MAG.
3415 4989 3469 5042 ln
3490 5004 3663 5058 quan-

2076 5091 2186 5137 tum
2204 5083 2246 5114 ι’
2258 5096 2384 5151 ergo
2397 5095 2488 5136 seu
2504 5090 2682 5150 partes
2696 5095 2787 5136 seu
2803 5081 2974 5134 stadia
2987 5091 3172 5136 centro
3187 5092 3360 5136 terrae
3375 5081 3667 5152 appropin-

2075 5182 2262 5243 quant,
2285 5173 2337 5226 in
2363 5181 2566 5225 tantum
2592 5172 2635 5204 ¹⁸
2651 5172 2972 5242 angustioris
2997 5171 3292 5227 latitudinis
3311 5183 3433 5227 sunt
3451 5192 3463 5226 :
3479 5189 3508 5227 e
3527 5184 3663 5227 cm-

2075 5265 2242 5319 trario
2262 5273 2440 5319 autem
2463 5263 2513 5316 in
2537 5272 2791 5331 quantum
2809 5263 3122 5334 elongantur
3143 5279 3171 5316 a
3200 5274 3364 5326 terra,
3380 5265 3430 5318 in
3449 5273 3662 5318 tantum

2076 5363 2440 5426 propagantur
2455 5353 2644 5423 spatia.
2665 5352 2808 5407 Disc.
2828 5351 2942 5408 Non
2959 5352 3116 5406 aliter
3140 5353 3419 5409 circularis
3442 5353 3571 5409 sinit
3602 5355 3666 5408 ti:

1691 5467 1779 5522 VA
1788 5467 1946 5521 RIAE
1983 5462 2381 5520 LECTIONES.

481 5595 498 5628 '
548 5595 838 5649 stadiorum
883 5609 992 5650 om.
1024 5592 1084 5649 C.
1183 5594 1206 5625 ⁸
1244 5593 1284 5648 C
1309 5592 1481 5647 addis.

407 5674 545 5717 sunt.
620 5665 641 5696 '
672 5681 764 5719 nos
792 5680 901 5720 om.
928 5665 987 5719 C.
1064 5665 1086 5696 ⁸
1116 5663 1157 5717 A
1180 5662 1573 5734 longitudinem.
1647 5665 1669 5696 ⁹
1702 5661 1940 5734 Athtod.

495 5734 640 5803 digiti
667 5750 772 5788 om.
808 5735 866 5789 C.
947 5734 992 5766 ¹⁸
1029 5751 1144 5788 vero
1173 5730 1286 5789 om:
1312 5732 1372 5788 C.
1454 5731 1495 5762 "
1535 5741 1582 5785 et
1603 5747 1709 5786 om.
1733 5730 1792 5786 C.

1559 5593 1578 5623 '
1629 5593 1667 5645 A
1711 5592 2086 5662 superadjectis
2134 5593 2311 5645 etiam.

1560 5701 1573 5713 .
1647 5665 1669 5696 ⁹
1702 5662 1741 5713 A
1767 5661 1940 5714 Ottod.
2021 5661 2060 5692 '°
2087 5661 2127 5714 C
2152 5677 2307 5714 nunc.

1875 5677 1940 5714 ia.
2021 5677 2060 5692 ’ν
2087 5677 2127 5714 t.’
2152 5677 2307 5714 nunc.
2387 5677 2424 5692 "
2457 5677 2498 5714 υ
2522 5677 2570 5712 et
2600 5677 2756 5730 nequi

1875 5730 1996 5809 ".A
2024 5741 2243 5784 tantum.
2321 5730 2363 5764 "‘
2399 5729 2440 5784 Δ
2485 5740 2756 5799 quantum.

2978 5591 3001 5622 ⁸
3044 5591 3088 5646 Α
3120 5591 3448 5645 roborantur.
3560 5583 3585 5614 ⁸
3616 5583 3663 5640 Α

2872 5661 2913 5692 "
2943 5663 2988 5715 Δ
3015 5671 3256 5716 naturae.
3332 5659 3376 5692 "
3411 5659 3454 5712 Α
3483 5652 3658 5710 Noae.

2407 5590 2429 5621 ⁸
2452 5588 2492 5645 C
2523 5590 2870 5646 concluditur.

2385 5661 2424 5692 ¹¹
2457 5659 2498 5714 G
2522 5670 2570 5712 et
2600 5676 2794 5730 neque.
