3912 6154
290 362 388 416 ,ΐὲἓῖ

1077 433 1085 437 ν
1130 364 1217 419 DE
1258 364 1596 422 DlVlSlONE
1635 365 1981 449 NATunAE.
2023 351 2095 408 ‘—
2126 365 2329 422 LIBER
2365 338 2683 423 manus.

3423 361 3530 419 79.5

279 489 432 545 gnra.
454 471 595 529 MAG.
618 470 755 539 Quid
777 472 958 545 itaque
975 473 1068 528 tibi
1084 475 1297 530 videtur
1308 476 1374 533 de
1389 456 1725 534 mensoribus
1749 489 1851 534 ter-
1876 483 1923 541 Λ
1953 481 2211 536 montium
2241 479 2574 541 altitudinem
2600 476 2803 534 telluris
2826 477 3106 547 superficie
3132 477 3397 548 elongata,
3424 486 3530 533 uoti

278 581 371 621 rae
400 580 499 636 per
526 574 706 635 partes
740 573 794 620 et
826 566 998 621 stadia
1038 576 1325 636 ceteraque
1372 569 1682 633 intervalla,
1718 585 1854 639 quos
1945 570 2057 639 jam
2082 571 2267 625 stricta
2299 579 2353 626 et
2384 570 2450 624 ad
2478 568 2882 637 amplitudinem
2933 575 3174 621 terrenae
3224 566 3376 621 molis
3416 581 3533 620 am-

275 658 467 716 Graeci
481 657 837 725 geometricos
852 657 1066 712 vocant?
1077 656 1527 726 Numfarbitraris,
1542 675 1636 715 eos
1652 670 1852 716 terram

274 762 619 803 mansurasse
637 747 882 818 pedibus,
902 755 992 800 aut
1012 748 1276 815 passibus,
1300 750 1565 811 cubitove,
1591 752 1683 805 seu
1706 750 1854 805 simi—

274 839 414 894 libus
437 838 742 894 mensuris?
765 838 910 892 DISC.
931 836 1045 892 Non
1071 837 1225 893 facile
1254 839 1357 899 hoc.
1383 839 1703 894 crediderim
1737 838 1851 894 ﬁeri

1951 660 2200 716 hiendam
2239 662 2600 724 incommoda,
2640 661 2757 724 sed,
2790 659 2916 712 dum
2952 658 3058 712 sint
3087 658 3274 714 eadem
3299 669 3353 712 et
3375 667 3530 728 juxta

1952 761 2176 814 terram,
2216 760 2269 803 et
2313 752 2381 806 ab
2418 765 2480 806 ea
2511 750 2722 819 longius
2751 749 3038 819 praedictis
3066 749 3253 819 spatiis
3305 757 3530 811 remota,

1953 841 2394 896 irrationabilium
2438 842 2819 911 cogitationum
2863 839 2992 893 falsa
3026 839 3404 910 imaginatione
3439 840 3535 894 ab-

274 929 511 999 possein
540 936 686 981 tanta
704 928 1014 982 diversitate
1032 929 1293 983 montium
1314 940 1368 983 et
1391 930 1628 983 vallium.
1647 929 1780 983 Nam
1799 937 1854 983 et
1944 931 2086 1001 jecta
2124 932 2189 985 ad
2233 922 2539 987 ninsuram
2599 941 2776 985 terrae
2827 931 2849 963 ⁸
2895 928 3181 984 sulliciunt.
3243 930 3379 985 llinc
3429 937 3531 994 est,

276 1033 589 1087 camporum
634 1017 882 1087 planities
925 1025 1105 1073 tantae
1149 1019 1487 1093 aequalitatis
1512 1036 1618 1074 non
1644 1028 1759 1085 est,
1797 1028 1857 1074 ut

274 1110 437 1164 simili
477 1124 760 1180 progressu
801 1109 973 1178 possit
1014 1109 1335 1164 mensurari.
1376 1109 1540 1165 Terra
1591 1112 1853 1180 siquidem

275 1215 380 1255 non
405 1198 584 1253 solum
615 1199 881 1269 gravitate
927 1198 1201 1268 ponderis,
1244 1214 1429 1254 verum
1486 1201 1647 1254 etiam
1690 1215 1852 1255 causa

275 1288 678 1358 iuaequalitatis
722 1289 957 1358 partium
1001 1303 1220 1342 suarum
1258 1289 1500 1343 inﬁmum
1545 1290 1599 1344 in
1647 1290 1855 1346 naturis

273 1380 516 1450 possidet
553 1380 750 1434 locum.
806 1378 1111 1434 Similitudo
1156 1395 1388 1448 namque
1440 1381 1672 1451 partium
1726 1381 1855 1434 facit

274 1471 519 1525 ordinem
540 1468 958 1534 elementorum;
984 1469 1243 1523 similiora
1267 1470 1409 1524 enim
1436 1470 1536 1523 sibi
1558 1471 1670 1525 suis
1693 1472 1707 1501 ⁸
1731 1486 1856 1540 par-

278 1559 442 1624 tibus,
472 1557 665 1612 altiora
693 1565 820 1612 sunt
842 1558 1004 1612 etiam
1028 1559 1139 1613 suis
1159 1559 1393 1614 sedibus.
1417 1559 1552 1615 MAG.
1585 1560 1854 1617 Fortassis

276 1663 402 1719 ergo
441 1663 702 1718 corporeo
736 1648 890 1702 visu?
921 1648 1065 1704 DISC.
1092 1648 1171 1703 Ne
1196 1650 1246 1703 id
1267 1649 1520 1731 quidem;
1554 1649 1686 1704 fallit
1709 1652 1854 1706 enim

274 1756 502 1806 sensus,
560 1739 781 1809 ejusque
819 1738 1022 1808 judicio
1073 1740 1207 1794 nihil
1261 1749 1344 1795 est
1391 1741 1851 1799 committendum.

1953 1024 2091 1092 quod
2108 1031 2160 1077 et
2174 1022 2194 1052 ⁸
2208 1021 2409 1075 Plinius
2429 1020 2828 1090 amplitudinem
2845 1029 3041 1082 terrae,
3059 1021 3214 1073 ducta
3234 1019 3534 1073 rationabili

1952 1113 2112 1178 linea,
2144 1111 2495 1182 geographica
2522 1109 2908 1180 speculatione,
2941 1126 3038 1179 per
3069 1110 3349 1164 cacumina
3387 1110 3538 1165 altis-

1953 1206 2210 1261 simorum
2234 1205 2492 1257 montium
2521 1202 2821 1257 niensurari
2843 1204 2863 1233 "
2892 1204 3191 1266 existimat;
3218 1202 3373 1255 aliter
3393 1202 3535 1256 enim

1953 1293 2231 1349 circularis
2247 1292 2510 1346 dimensio
2535 1291 2737 1345 telluris
2756 1306 2859 1345 non
2881 1292 3246 1367 proveniret}.
3272 1292 3416 1346 DlSC.
3441 1290 3537 1346 Sat

1954 1385 2021 1439 de
2049 1384 2131 1438 his
2154 1393 2235 1438 est
2265 1391 2460 1437 actum.
2488 1379 2625 1435 MAG.
2649 1380 2951 1435 Redeamus
2981 1382 3158 1450 itaque
3198 1382 3263 1434 ad
3297 1380 3541 1450 Scriptu-

1954 1491 2091 1530 ram.
2116 1473 2258 1528 DISC.
2286 1473 2519 1542 Tempus
2550 1472 2756 1526 invitat.
2785 1471 2923 1524 MAG.
2950 1470 3128 1535 Fiant,
3155 1471 3346 1540 inquit,
3386 1471 3541 1523 Iumi-

1955 1566 2106 1619 naria
2128 1565 2181 1618 in
2208 1564 2533 1633 ﬁrmamento
2562 1560 2710 1628 caeli,
2734 1570 2781 1615 et
2804 1561 3037 1615 dividant
3068 1561 3205 1613 diem
3233 1578 3295 1614 ac
3319 1569 3536 1614 noctem.

1954 1657 2032 1711 Ae
2057 1656 2101 1711 si
2130 1656 2286 1727 plane
2310 1655 2579 1709 diceretur
2604 1668 2616 1706 :
2639 1653 2948 1717 luminaria,
2965 1667 3102 1721 quae
3129 1652 3179 1706 in
3203 1652 3540 1705 firmamento

1958 1750 2088 1807 caeli
2106 1750 2242 1804 facta
2261 1758 2407 1813 sunt,
2425 1748 2663 1801 dividant
2678 1747 2820 1800 inter
2831 1760 2886 1800 se
2901 1746 3040 1800 diem
3060 1761 3121 1799 ac
3136 1752 3368 1799 noctem.
3388 1741 3543 1809 Quod

274 1828 530 1885 Exterior
565 1828 832 1897 siquidem
880 1843 1089 1893 sensus,
1129 1830 1375 1897 quamvis
1415 1830 1608 1885 rationi
1637 1845 1741 1885 non
1773 1846 1857 1884 re-

1962 1838 2245 1894 Psalmista
2263 1838 2522 1900 declarat,
2537 1835 2752 1890 dicens:
2772 1835 2873 1900 Qui
2889 1835 3005 1904 fecit
3024 1834 3310 1888 luminaria
3325 1849 3539 1903 magna,

275 1921 520 1985 nuntiat,
567 1921 669 1974 nisi
720 1919 862 1990 quod
902 1920 1240 1975 extrinsecus
1271 1919 1472 1990 patitur
1507 1922 1550 1986 ²,
1583 1922 1857 1978 interioris

275 2022 456 2067 tamen
487 2012 748 2083 judicium
794 2013 859 2066 de
908 2012 1011 2076 his,
1067 2027 1205 2081 quae
1257 2028 1353 2082 per
1404 2027 1598 2083 corpus
1646 2014 1856 2084 recipit,

276 2104 594 2174 saepissime
622 2103 642 2134 ³
671 2102 892 2168 fallitur,
920 2102 1152 2159 fractum
1178 2103 1232 2157 iu
1262 2119 1399 2173 aqua
1429 2120 1663 2170 remum,
1688 2105 1861 2175 dupli—

275 2211 393 2251 cem
420 2195 599 2248 lunam
623 2210 718 2249 seu
742 2194 1046 2259 candelam,
1076 2209 1169 2249 seu
1192 2194 1335 2248 aliud
1362 2195 1487 2265 quid
1516 2210 1611 2264 per
1636 2211 1862 2266 praeva-

276 2286 593 2342 ricationem
620 2301 830 2350 sensus,
853 2286 953 2340 hoc
974 2291 1076 2348 est,
1107 2301 1205 2355 per
1237 2285 1529 2351 radiorum,
1557 2287 1647 2356 qui
1677 2301 1743 2340 ex
1766 2302 1863 2356 pu-

274 2375 417 2446 pillis
432 2376 709 2431 oculorum
732 2383 1076 2446 sparguntur,
1091 2374 1519 2446 segregationem
1534 2375 1862 2445 geminatum

275 2468 612 2522 existimans.
656 2465 793 2521 MAG.
821 2465 1097 2533 Quomodo
1130 2480 1258 2535 ergo
1292 2464 1686 2520 metiebantur?
1717 2465 1861 2522 DlSC.

278 2554 440 2628 Virga
456 2557 628 2626 prius,
643 2564 703 2610 ut
716 2556 887 2619 aiunt,
900 2556 1246 2626 geometrica,
1268 2570 1427 2623 quam
1442 2553 1631 2610 Graeci
1659 2556 1865 2611 radium

251 2658 472 2735 ‘vocant
489 2666 504 2715 ;
521 2663 659 2719 quae
671 2647 905 2719 quinque
916 2662 1106 2718 passus
1120 2645 1309 2701 cubico
1324 2656 1467 2702 motu
1486 2647 1866 2717 multiplicans,

277 2737 384 2795 boc
415 2747 498 2794 est
535 2737 819 2808 quinquies
841 2737 1074 2808 quinque
1098 2735 1384 2808 quinquies
1403 2775 1417 2801 ,
1444 2752 1609 2792 unum
1632 2737 1870 2792 stadium

279 2832 648 2886 mensurabat.
687 2827 807 2884 Uno
842 2837 1022 2884 autem
1058 2828 1233 2885 stadio
1264 2836 1500 2897 reperto,
1540 2827 1697 2883 facile
1721 2835 1862 2892 erat,

279 2924 447 2980 multa
465 2923 637 2978 stadia
662 2938 757 2993 per
777 2921 932 2994 plana
955 2922 1201 2994 Aegypti,
1232 2936 1367 2991 quae
1393 2929 1566 2976 mater
1589 2920 1773 2976 talium
1793 2920 1870 2977 di-

281 3016 617 3072 mensionum
642 3013 857 3080 dicitur,
892 3012 1152 3069 invenire.
1190 3012 1328 3067 MAG.
1359 3011 1636 3079 Quomodo
1658 3018 1870 3081 praeter

281 3109 579 3180 Aegyptum
630 3116 809 3162 terrae
872 3116 1098 3177 partes,
1158 3114 1306 3160 tanta
1366 3104 1750 3175 inaequalitate
1798 3104 1867 3159 ad

1957 1928 2115 1983 solem
2130 1930 2183 1981 in
2197 1937 2496 1996 potestatem
2520 1925 2643 1989 diei,
2670 1923 2847 1978 lunam
2878 1933 2924 1977 et
2952 1922 3127 1977 stellas
3156 1924 3208 1976 in
3238 1932 3543 1994 potestatem

1960 2018 2142 2074 noctis.
2169 2016 2283 2073 Non
2310 2018 2452 2086 quod
2474 2016 2768 2070 diesetnox
2787 2028 3000 2083 semper
3021 2029 3123 2066 nou
3142 2012 3405 2067 sintcirca
3429 2027 3546 2065 am-

1957 2108 2128 2165 bitum
2152 2106 2376 2169 telluris,
2399 2104 2491 2160 sed
2514 2103 2676 2174 quod,
2707 2104 3013 2171 ubicunque
3038 2102 3117 2156 sol
3155 2116 3409 2172 praesens
3439 2110 3542 2166 est,

1958 2216 2169 2272 semper
2182 2197 2512 2254 illuminandi
2528 2203 2844 2267 potestatem
2864 2193 3138 2258 habet;ubi
3157 2201 3334 2247 autem
3350 2192 3545 2247 absens

1961 2300 2063 2357 est,
2093 2292 2252 2346 lunae
2285 2290 2666 2357 stellarumque
2705 2286 2956 2357 Splendor
2998 2287 3309 2340 umbrarum
3353 2283 3543 2353 caligi-

1962 2398 2106 2447 nem,
2136 2398 2205 2437 ne
2228 2381 2448 2435 omnino
2473 2376 2786 2433 animalium
2817 2375 3091 2430 obtutibus
3123 2373 3545 2445 impenetrabilis

1964 2473 2065 2535 sit,
2117 2486 2296 2526 raram
2343 2470 2730 2539 lugubremque
2776 2465 2923 2520 facit.
2958 2462 3026 2519 Et
3069 2467 3172 2521 sint
3219 2467 3274 2521 in
3304 2465 3455 2535 signa
3496 2474 3543 2517 et

1966 2572 2220 2632 tempora,
2247 2569 2310 2641 ει
2324 2560 2434 2613 dies
2473 2569 2520 2613 et
2567 2574 2751 2612 annos.
2785 2555 2948 2628 Signa
2982 2555 3329 2626 intelligimus
3360 2557 3413 2608 in
3444 2556 3547 2609 hoc

1967 2653 2086 2719 loco
2115 2668 2218 2708 non
2249 2652 2425 2708 sidera
2444 2692 2459 2716 ,
2482 2652 2574 2706 sed
2605 2650 2883 2721 praesagia
2912 2649 3173 2718 quaedam
3217 2647 3428 2702 futurae
3457 2662 3544 2701 se-

1967 2743 2245 2809 renitatis,
2275 2757 2369 2798 seu
2418 2738 2783 2811 tempestatis;
2819 2753 2958 2809 quae
2989 2739 3222 2793 maxime
3252 2752 3319 2793 ex
3346 2737 3545 2792 colori-

1968 2834 2069 2890 bus
2105 2832 2418 2888 caelestium
2468 2830 2811 2885 luminarium
2861 2827 3035 2883 solent
3082 2828 3285 2884 habere
3330 2827 3577 2896 experi--

1969 2930 2231 2979 mentum.
2261 2919 2523 2990 Tempora
2567 2927 2745 2973 autem
2786 2925 2942 2973 vocat
2984 2916 3307 2988 generaliter
3349 2933 3543 2973 cursus

1969 3023 2026 3071 et
2074 3014 2278 3069 reditus
2312 3013 2581 3075 siderum,
2612 3009 2775 3065 certis
2804 3024 3076 3062 morarum
3110 3006 3440 3070 intervallis,
3478 3006 3544 3063 ad

1971 3107 2201 3164 eundem
2238 3114 2440 3161 motum
2479 3103 2751 3170 situmque
2779 3101 3019 3155 locorum
3047 3098 3224 3153 divina
3258 3099 3543 3169 providen-

285 3197 705 3255 mensurandum
736 3196 998 3264 diliieiles,
1027 3196 1417 3268 explorabant?
1453 3197 1597 3252 Drsc.
1633 3195 1774 3261 Non,
1804 3204 1865 3250 ut
1892 3201 1939 3267 α
1972 3198 2042 3252 tia
2076 3205 2352 3252 revocatos
2389 3192 2620 3248 naturali
2666 3190 2872 3245 dierum
2919 3203 3288 3258 annorumque
3337 3188 3544 3242 revolu.

283 3290 453 3354 aiunt,
484 3291 729 3360 pedibus,
762 3302 936 3359 neque
965 3289 1143 3343 radiis.
1180 3288 1272 3343 sed
1305 3287 1418 3342 sola
1450 3287 1676 3343 rationis
1697 3303 1864 3358 argu-

287 3375 636 3438 mentatione,
661 3373 955 3443 horologiis
988 3372 1255 3436 videlicet,
1280 3386 1347 3425 ex
1372 3372 1682 3425 umbrarum
1713 3370 1864 3426 simi-

286 3467 532 3531 litudine,
566 3465 901 3536 singularum
933 3463 1167 3532 partium
1195 3461 1647 3532 intercapedinem
1679 3463 1866 3518 incun-

289 3567 501 3613 ctanter
537 3557 893 3612 invenientes.
935 3554 1165 3609 Tantum
1198 3568 1428 3622 namque
1457 3569 1560 3608 una
1590 3569 1736 3624 pars,
1762 3552 1866 3608 hoc

291 3658 413 3715 est,
458 3649 805 3719 quotidianus
849 3646 976 3702 solis
1028 3646 1082 3700 in
1137 3644 1392 3716 signifero
1438 3660 1754 3715 progressus
1810 3643 1864 3698 in

292 3750 431 3796 terra
459 3748 630 3811 patet,
660 3747 919 3808 quantum
944 3735 1236 3791 similitudo
1263 3736 1574 3790 umbrarum
1600 3733 1864 3804 horologii

291 3831 513 3887 obtinet.
546 3829 687 3884 MAG.
710 3827 1071 3882 Latitudinem
1092 3840 1220 3895 ergo
1244 3825 1473 3895 partium
1496 3832 1551 3878 et
1572 3824 1865 3879 stadiorum

293 3935 359 3975 ex
385 3934 658 3979 mensura.
677 3934 781 3988 qua
806 3927 1004 3971 terram
1029 3914 1330 3984 attingunt,
1355 3911 1692 3984 colligebant.
1717 3912 1863 3968 Disc.

291 4008 398 4065 Nec
423 4010 503 4064 sic
528 4009 945 4073 existimabant;
979 4005 1070 4060 sed
1099 4005 1329 4075 primum
1350 4002 1636 4058 altissimos
1659 4011 1867 4058 montes

292 4106 683 4160 mensurantes,
715 4093 846 4164 (ιιῖοι
874 4093 1108 4149 millibus
1132 4092 1430 4147 stadiorum
1455 4107 1521 4146 ex
1554 4101 1728 4146 terrae
1752 4092 1866 4161 pla-

291 4188 419 4245 nitie
447 4191 500 4244 in
530 4188 699 4243 altum
728 4187 1098 4257 erigerentur;
1139 4183 1284 4238 verbi
1337 4183 1510 4253 gratia
1558 4182 1863 4254 Olympum,

291 4276 437 4345 cujus
458 4277 716 4333 verticem
741 4276 924 4332 decem
948 4272 1182 4329 millibus
1204 4272 1500 4327 stadiorum
1544 4270 1567 4302 δ
1587 4279 1868 4327 autumant

291 4370 587 4436 sublimari,
607 4370 856 4435 Pindum,
890 4367 1202 4436 Rhodopen,
1229 4364 1652 4429 Acrem-ranula,
1680 4363 1868 4418 Atlan-

292 4469 415 4525 tem,
464 4459 629 4515 veluti
678 4458 873 4512 lineam
925 4455 1190 4526 quandam
1241 4452 1545 4508 rationabili
1597 4454 1756 4507 ductu
1800 4453 1868 4508 de

1966 3287 2132 3342 tione.
2171 3283 2238 3338 Et
2268 3284 2472 3338 luceant
2500 3282 2552 3334 in
2581 3280 2907 3350 ﬁrmamento
2937 3277 3085 3331 caeli.
3120 3276 3395 3347 Siquidem
3427 3275 3541 3330 nul-

1966 3376 2077 3430 lum
2108 3376 2257 3431 sidus
2284 3372 2550 3428 defectum
2577 3370 2657 3425 sui
2700 3369 2917 3423 luminis
2961 3368 3181 3437 patitur,
3212 3368 3303 3422 sed
3331 3383 3543 3436 semper

1966 3468 2147 3521 omnia
2176 3465 2229 3518 in
2259 3461 2524 3518 aethereis
2554 3459 2743 3529 spatiis
2763 3459 2965 3527 absque
2999 3456 3105 3511 ulla
3134 3456 3543 3511 obumbratione

1965 3556 2253 3630 refulgent,
2278 3564 2503 3625 excepto
2526 3537 2685 3609 luiiae
2707 3551 2884 3625 globo,
2913 3552 3024 3622 qui,
3048 3553 3261 3621 quando
3288 3552 3340 3606 in
3374 3553 3548 3622 regio-

1966 3667 2088 3707 nem
2113 3649 2334 3704 umbrae
2356 3645 2652 3711 descendit,
2680 3646 2840 3700 solari
2869 3646 3021 3701 radio
3043 3646 3310 3709 desertus,
3332 3642 3547 3697 videtur

1966 3737 2262 3793 obscurari.
2295 3735 2584 3806 Propterea
2614 3734 2691 3788 ait
2722 3751 2735 3787 :
2766 3733 2835 3787 Et
2877 3734 3081 3787 luceant
3124 3733 3177 3786 in
3216 3732 3545 3801 ﬁrmamenta

1966 3827 2115 3891 caeli,
2139 3836 2185 3880 et
2213 3825 2501 3880 illuminent
2529 3834 2742 3878 terram.
2774 3821 2843 3875 Et
2873 3822 3070 3891 factum
3097 3831 3171 3875 est
3200 3823 3273 3875 ita
3295 3835 3313 3873 :
3332 3822 3382 3875 in
3412 3838 3544 3875 cau-

1966 3918 2043 3972 sis
2068 3914 2316 3971 videlicet
2344 3912 2726 3984 originalibus,
2752 3927 2819 3965 ex
2848 3911 3042 3980 quibus
3087 3911 3140 3964 in
3187 3910 3392 3979 species
3421 3925 3546 3979 pro-

1967 3997 2145 4078 prias,
2190 4016 2246 4061 et
2287 4005 2650 4075 quantitates,
2682 4011 2738 4056 et
2787 4002 3106 4064 intervalla,
3154 4011 3208 4054 et
3254 4010 3449 4064 motus,
3491 4010 3547 4055 et

1967 4096 2280 4167 splendores
2326 4105 2658 4161 processere.
2685 4089 2915 4143 Proinde
2935 4091 2956 4123 ⁹
2977 4089 3220 4156 sequitur
3248 4088 3300 4141 in
3330 4087 3540 4154 species

1967 4198 2254 4242 causarum
2284 4181 2579 4253 processio.
2608 4178 2855 4250 Fecitque
2881 4178 3016 4232 Deus
3044 4178 3148 4231 duo
3175 4193 3361 4246 magna
3390 4174 3545 4228 Iunti-

1968 4278 2142 4340 naria,
2169 4274 2425 4327 luminare
2456 4272 2649 4340 majus,
2679 4278 2736 4323 ut
2760 4276 3016 4338 praeesset
3039 4266 3162 4331 diei,
3196 4266 3362 4320 solem
3391 4265 3541 4319 vide-

1967 4365 2131 4430 licet,
2159 4363 2313 4433 cujus
2350 4361 2652 4432 praesentia
2695 4360 2835 4414 diem
2863 4357 3053 4423 eﬂicit,
3082 4367 3128 4410 et
3156 4356 3412 4411 luminare
3442 4357 3544 4409 mi-

1968 4464 2096 4519 nus‘,
2143 4454 2325 4507 lunam
2374 4452 2504 4507 dicit
2535 4451 2599 4515 “,
2631 4451 2784 4521 cujus
2830 4460 2885 4505 et
2916 4450 3192 4520 quantitas
3228 4458 3283 4504 et
3323 4449 3414 4504 lux
3458 4449 3543 4503 in-

290 4549 688 4604 summitatibus
728 4547 987 4601 montium
1029 4545 1082 4599 in
1120 4544 1261 4599 aeris
1296 4543 1467 4614 spatia
1496 4550 1863 4612 porrectorum
1894 4541 1942 4600 D
1968 4541 2402 4611 comparabiliter
2439 4555 2468 4594 a
2501 4540 2613 4595 sole
2657 4548 2963 4610 superatur,
2994 4548 3047 4592 ut
3074 4548 3333 4609 praeesset
3380 4537 3541 4594 nocti.

289 4639 578 4694 extendere
629 4634 987 4698 inchoabant,
1039 4646 1266 4701 eamque
1315 4630 1526 4699 aequali
1572 4642 1787 4699 semper
1835 4644 1866 4684 a

292 4734 432 4782 terra
458 4722 769 4787 intervallo,
796 4723 969 4777 instar
1001 4721 1371 4776 rotundissimi
1402 4719 1605 4787 circuli,
1637 4720 1869 4775 circurn-

293 4814 544 4878 ferentes,
592 4814 765 4868 donec
803 4812 871 4867 ad
917 4810 1144 4867 eundem
1191 4810 1388 4875 locum,
1440 4826 1548 4881 quo
1592 4822 1866 4883 coeperat,

297 4908 615 4973 perveniret,
648 4905 835 4975 aequis
863 4904 1098 4971 undique
1132 4903 1321 4973 spatiis
1352 4903 1555 4957 telluris
1601 4904 1864 4959 ambitum

297 4997 484 5050 mentis
517 4993 759 5050 contuitu
790 5007 1131 5064 perspexero.
1171 4992 1309 5048 MAG.
1344 4993 1714 5048 Dimensiones
1737 5010 1865 5064 geo-

295 5085 543 5139 metricas
570 5083 766 5138 talibus
788 5084 1119 5152 argumentis
1154 5082 1225 5138 ita
1272 5084 1447 5152 primo
1487 5093 1730 5153 repertas
1762 5099 1865 5140 non

297 5173 732 5228 contradixerim.
770 5172 849 5226 Ac
877 5187 974 5242 per
1003 5174 1103 5228 hoc
1145 5173 1316 5227 stadia
1362 5172 1470 5237 illa,
1519 5188 1657 5243 quae
1702 5189 1868 5244 prope

299 5269 494 5319 terram
550 5263 715 5319 veluti
761 5273 984 5336 angusta
1026 5263 1373 5336 putabantur,
1414 5266 1666 5335 paulatim
1705 5265 1861 5335 juxta

1972 4631 2121 4686 Luna
2174 4631 2437 4700 siquidem
2467 4630 2535 4685 ab
2559 4630 2749 4686 octava
2794 4646 2965 4700 usque
3006 4630 3073 4684 ad
3105 4629 3415 4685 vicesimam
3459 4645 3545 4685 se-

1971 4720 2241 4784 cundam,
2288 4728 2381 4774 aut
2427 4729 2593 4774 totam
2634 4730 2845 4775 noctem
2895 4720 3039 4775 circa
3092 4718 3439 4789 plenilunium
3490 4720 3544 4774 in

1928 4845 1931 4848 ν
1970 4813 2349 4883 aequinoctiis,
2379 4822 2691 4883 autpartem
2713 4810 2829 4881 ejus
2849 4812 3043 4868 ceteris
3070 4812 3398 4882 temporibus
3426 4810 3545 4866 illuo-

1975 4905 2164 4959 minat.
2195 4904 2460 4971 Quoniam
2490 4920 2649 4971 vero,
2674 4906 2801 4960 dum
2849 4904 2919 4960 sit
2966 4905 3020 4959 in
3070 4906 3214 4960 coitu
3261 4905 3418 4969 solis,
3453 4913 3544 4959 aut

1972 4995 2099 5050 hinc
2132 4994 2255 5050 inde
2282 4995 2597 5066 propinquis
2632 4995 2908 5065 partibus,
2946 4996 3121 5051 noctis
3147 4996 3397 5050 tenebras
3423 4993 3546 5048 luce

1972 5103 2069 5142 sua
2100 5096 2383 5157 penetrare
2411 5104 2518 5141 non
2550 5089 2777 5155 sinitur,
2807 5096 3130 5144 succurrunt
3160 5087 3376 5149 stellae,
3405 5100 3542 5153 qua-

1970 5191 2089 5231 rum
2117 5176 2363 5230 claritate
2384 5178 2693 5232 umbrarum
2717 5179 2952 5233 densitas
2982 5178 3225 5231 rarescit.
3255 5176 3542 5244 Propterea

1970 5267 2105 5321 dixit
2130 5267 2204 5319 “:
2237 5276 2282 5321 et
2309 5265 2566 5323 luminare
2588 5268 2778 5337 minus,
2804 5278 2861 5323 ut
2883 5276 3140 5340 praeesset
3166 5265 3324 5330 nocti,
3355 5273 3401 5317 et
3429 5264 3546 5317 stel-

1578 5459 1829 5517 VARIAE
1858 5463 1886 5521 Ι
1895 5461 2263 5520 .ECTIONES.

375 5650 392 5683 “
420 5649 462 5705 Α
499 5649 610 5704 suis
642 5648 760 5703 sibi.
834 5646 858 5677 ‘
894 5644 934 5698 A
967 5644 1219 5709 patiatur.
1296 5644 1316 5675 ³
1355 5643 1395 5699 Α
1426 5660 1596 5713 saepe.
1671 5644 1694 5674 ⁸
1723 5642 1764 5699 C
1786 5654 1878 5699 stat

375 5721 726 5775 msurandam.
801 5719 822 5750 ⁸
859 5715 1197 5785 Cproveniet.
1276 5713 1296 5744 ’
1334 5714 1379 5769 Α
1418 5713 1722 5785 Propterea.
1800 5715 1842 5748 ¹⁹

1962 5660 1988 5697 l.
2082 5644 2105 5678 '
2160 5644 2231 5698 ad
2262 5661 2556 5699 mensuram

1962 5714 2140 5771 lunam
2180 5714 2411 5770 uidelicet
2450 5716 2576 5771 dicit

1982 5732 2140 5771 uuam
2180 5731 2411 5770 νηρῖται
2450 5731 2596 5771 αιςιι.

305 5721 726 5778 mensurandam.
801 5719 822 5750 ⁸
859 5715 900 5770 C
921 5716 1197 5785 proveniet.
1276 5713 1296 5744 ’
1334 5714 1379 5769 Α
1418 5713 1722 5785 Propterea.

2082 5644 2105 5678 '
2160 5644 2231 5698 ad
2262 5661 2556 5699 mensuram
2580 5654 2748 5699 terrae
2775 5658 2883 5699 om.
2914 5644 2979 5698 A.
3055 5644 3077 5677 ⁸
3099 5655 3144 5701 et
3173 5661 3281 5704 om.
3309 5644 3373 5702 A.
3448 5648 3469 5678 '
3500 5648 3545 5703 Α

2677 5715 2714 5745 ¹¹
2754 5717 2799 5769 Α
2837 5716 2981 5769 dicit.
