3898 6154
358 345 472 400 ET

1737 307 2019 366 JOKNNIS
2056 305 2253 365 SCOTI

3514 311 3637 367 728

356 429 460 488 las,
505 431 553 479 et
596 419 769 494 posuit
812 438 923 492 eas,
954 417 1157 488 stellas:
1182 417 1467 487 videlicet,
1510 421 1565 476 in
1606 420 1939 491 ﬁrmamento
1969 429 2014 485 Α
2046 428 2224 474 menta
2273 418 2430 489 hujus
2473 417 2693 483 mundi,
2737 417 2945 473 caelum
2974 416 3096 473 dico
3131 432 3253 473 cum
3297 418 3410 473 suis
3438 421 3638 486 astris,

357 513 509 569 caeli.
554 513 633 568 Ac
676 513 719 568 si
768 512 1014 577 dixisset,
1048 509 1165 565 fixit
1199 525 1291 566 eas
1321 509 1374 565 in
1406 509 1751 568 firmamento
1779 513 1936 568 caeli.

358 605 435 659 De
464 604 646 660 choris
673 617 903 671 namque
928 601 1164 656 siderum
1195 600 1299 656 hoc
1321 601 1523 656 dictum
1554 601 1939 674 intelligimus;

358 697 449 765 qui
498 693 742 765 quamvis
784 707 907 747 cum
957 691 1160 747 mundo
1204 691 1497 748 volvuntur
1533 693 1572 760 “,
1619 692 1725 748 ﬁxi
1760 703 1959 747 tamen-

359 789 415 843 in
464 787 654 841 iisdem
704 785 922 841 sedibus
988 798 1204 855 semper
1248 792 1469 841 manent
1512 787 1557 851 ',
1608 786 1710 841 etsi
1765 794 1944 840 stante

355 879 557 933 mundo
598 877 752 933 chori
778 876 1015 932 siderum
1038 876 1377 932 solummodo
1400 877 1422 908 ³
1442 877 1940 941 circumvehantur,

355 979 416 1027 ut
448 970 470 1002 ³⁸
496 970 716 1041 quidam
755 968 1199 1039 philosophorum
1234 962 1465 1036 volunt;
1499 970 1633 1026 ordo
1690 978 1870 1025 tamen
1898 969 1938 1032 ’ς

355 1077 421 1116 ac
443 1060 614 1116 series
647 1058 947 1127 stellarum,
974 1058 1295 1132 stabilisque
1318 1062 1516 1131 positio
1542 1076 1647 1118 non
1675 1070 1942 1117 transmu-

356 1161 502 1205 tatur
528 1150 571 1204 ⁸.
603 1148 673 1205 Ut
715 1149 945 1205 lacerent
983 1166 1143 1219 super
1188 1160 1403 1208 terram.
1433 1149 1670 1206 Naturae
1695 1150 1942 1206 ordinem

351 1240 578 1315 pulchre
606 1240 865 1297 describit
896 1239 1195 1319 Scriptura.
1230 1241 1487 1309 Quamvis
1516 1240 1658 1296 enim
1687 1239 1942 1296 caelestia

353 1324 641 1386 luminaria
672 1332 774 1387 sub
802 1331 968 1387 terris
992 1330 1172 1388 lucere
1204 1332 1443 1401 humana
1471 1334 1723 1404 Opinione
1750 1342 1942 1404 puten-

353 1430 463 1485 tur,
498 1436 676 1476 rerum
707 1430 884 1475 tamen
913 1422 1053 1477 ratio
1082 1423 1462 1485 incunctanter
1489 1423 1702 1489 edocet,
1735 1422 1942 1477 nullam

352 1521 604 1565 naturam
638 1518 784 1565 terra
815 1509 1315 1582 inferioremposse
1346 1528 1488 1569 esse.
1516 1513 1750 1568 Medium
1774 1513 1949 1583 siqui-

353 1603 475 1658 dem
510 1601 863 1673 infimumque
891 1603 1055 1659 totius
1084 1605 1390 1660 mundanae
1414 1605 1816 1673 constitutionis
1841 1606 1942 1663 ob-

357 1692 491 1747 tinet
516 1691 715 1759 locum,
743 1709 807 1749 ac
831 1708 929 1764 per
949 1695 1051 1749 hoc
1073 1693 1216 1748 nulla
1246 1710 1503 1766 corporea
1521 1704 1772 1752 creatura
1798 1695 1939 1751 infra

2044 509 2373 578 aetheraque
2411 523 2532 563 cum
2579 507 2843 577 planetis,
2886 520 3013 561 aera
3054 522 3176 562 cum
3209 499 3324 563 suis
3372 507 3633 572 nubibus,

2042 610 2436 670 ventorumque
2456 599 2752 670 spiritibus,
2773 598 3069 670 fulgoribus
3107 600 3293 665 etiam,
3324 601 3639 671 ceterisque

2041 690 2567 762 perturbationibus,
2606 706 2803 762 aquam
2831 706 3065 762 quoque,
3109 703 3424 761 motumque
3457 691 3663 762 ipsius

2042 780 2385 853 ﬂuctivagum
2409 823 2425 849 ,
2469 789 2670 837 terram
2713 781 2966 837 similiter
2992 798 3115 837 cum
3161 783 3414 837 onmibus
3446 780 3657 839 herbis-

2044 874 2457 944 arboribusque,
2489 887 2595 929 non
2626 872 2797 927 solum
2828 872 3038 937 anima,
3067 887 3256 927 verum
3284 872 3456 927 etiam
3480 872 3664 927 omnii

2043 964 2223 1033 specie
2268 963 2412 1019 vitae
2455 963 2677 1035 omnino
2722 978 2927 1018 carere.
2965 963 3228 1039 Ideoque,
3256 971 3316 1018 ut
3361 964 3548 1031 aiunt,
3581 963 3649 1020 in

2043 1054 2298 1127 operibus
2327 1062 2585 1126 quattuor
2617 1056 2917 1125 primorum
2956 1056 3164 1111 dierum
3194 1056 3391 1112 nullius
3419 1056 3641 1113 animae

2045 1164 2140 1204 seu
2181 1147 2326 1203 vitae
2358 1147 2694 1219 significatio
2718 1148 3097 1203 introducitur.
3137 1147 3292 1204 Plato
3315 1164 3472 1216 vero,
3508 1147 3663 1221 phi-'

2042 1241 2388 1312 losophorum
2426 1254 2705 1306 summus,
2745 1250 2801 1296 et
2836 1242 2927 1311 qui
2963 1242 3111 1300 circa
3158 1257 3283 1298 eum
3320 1252 3485 1309 sunt,
3526 1259 3641 1309 non

2042 1332 2214 1387 solum
2253 1331 2559 1403 generalem
2618 1330 2801 1385 mundi
2844 1331 3009 1386 vitam
3047 1331 3091 1366 “
3130 1343 3402 1400 asserunt;
3444 1349 3641 1390 verum

2043 1421 2206 1475 etiam
2266 1420 2466 1475 nullam
2533 1421 2766 1490 speciem
2833 1421 3151 1492 corporibus
3203 1425 3642 1489 adhaerentem.

2044 1528 2217 1582 neque
2246 1511 2413 1567 ullum
2448 1527 2643 1583 corpus
2671 1513 2780 1567 vita
2805 1500 3006 1582 privari
3048 1513 3301 1579 fatentur,
3345 1516 3640 1588 ipsamque

2043 1605 2231 1668 vitam,
2263 1618 2358 1658 seu
2371 1602 2698 1673 generalem,
2722 1618 2815 1657 seu
2842 1602 3151 1673 specialem,
3182 1618 3374 1660 vocare
3394 1604 3657 1662 anitnam’

2046 1692 2371 1749 fiducialiter
2397 1692 2513 1747 ausi
2536 1700 2677 1747 sunt.
2710 1691 2951 1760 Quorum
2982 1695 3280 1749 sententiae
3311 1695 3515 1749 summi
3547 1712 3645 1752 etv

352 1798 472 1837 eam
496 1782 829 1855 intelligitur.
857 1783 1091 1856 Proinde
1113 1785 1295 1851 omnia
1325 1786 1509 1841 mundi
1540 1786 1713 1858 spatia
1743 1795 1797 1842 et
1822 1801 1938 1841 cor-
1977 1778 2017 1834 Β
2046 1786 2313 1857 positores
2338 1783 2554 1840 divinae
2578 1781 2893 1854 Scripturae
2920 1783 3122 1850 favent;
3144 1785 3362 1852 herbas,
3387 1795 3441 1842 et
3473 1787 3642 1860 ligna,

352 1888 507 1945 pora,
538 1890 677 1945 quae
712 1875 855 1932 circa
898 1884 1103 1931 terram
1136 1875 1373 1949 undique
1403 1886 1553 1943 sunt,
1583 1879 1696 1933 sive
1724 1877 1943 1934 mobilia

353 1967 479 2031 sint,
504 1966 618 2022 sive
641 1967 878 2033 stantia,
897 1982 1062 2037 super
1086 1982 1206 2023 eam
1232 1967 1550 2024 naturaliter
1568 1976 1899 2034 creatasunt
1924 1983 1939 2034 ;

352 2058 586 2128 ideoque
633 2059 711 2113 ait
752 2076 766 2113 :
813 2069 867 2112 ut
910 2058 1140 2113 lacerent
1186 2069 1587 2131 supcr'terram.
1623 2059 1945 2133 Ubicunque

352 2151 498 2206 enim
537 2150 771 2206 luxerint
799 2191 827 2216 ,.
865 2151 980 2206 sive
1011 2150 1171 2206 infra
1220 2152 1560 2207 horizontem
1609 2153 1663 2207 in
1698 2153 1943 2209 inferiori

354 2238 775 2309 hemiSphacrio,
801 2251 859 2295 ut
882 2241 1151 2301 humanus
1171 2242 1446 2297 existimat
1468 2258 1616 2307 usus,
1640 2242 1755 2299 sive
1780 2257 1943 2321 supra

356 2330 695 2385 horizontem
744 2331 797 2387 in
844 2330 1109 2400 superiori
1160 2326 1592 2402 hemisphaerio;
1637 2334 1780 2403 quod
1820 2333 1943 2389 ideo

355 2421 604 2491 superius
633 2421 861 2487 dicitur,
882 2421 1009 2492 quia
1043 2423 1096 2477 in
1128 2436 1194 2477 eo
1222 2422 1399 2478 sidera
1427 2424 1738 2479 hominibus
1774 2438 1941 2494 appa-

358 2520 513 2577 rent,
545 2511 785 2567 naturali
814 2527 994 2569 rerum
1034 2513 1141 2569 situ
1194 2528 1356 2585 super
1388 2524 1589 2570 terram
1631 2515 1832 2572 lucent.
1871 2516 1950 2571 Et

358 2611 653 2673 praeessent
682 2602 797 2656 diei
815 2612 861 2657 et
894 2604 1054 2658 nocti.
1086 2602 1199 2660 Hoc
1233 2604 1482 2673 superius
1509 2606 1812 2675 expositum
1837 2615 1937 2667 est.

357 2692 427 2747 Et
459 2694 742 2747 dividerent
770 2693 938 2747 lucem
967 2711 999 2748 a
1029 2695 1276 2767 tenebris,
1303 2695 1355 2749 id
1381 2706 1483 2759 est,
1508 2705 1567 2750 ut
1597 2708 1945 2769 segregarem

356 2791 569 2838 noctem
601 2791 658 2837 et
684 2781 858 2848 diem,
902 2791 962 2841 ut
991 2780 1103 2840 sole
1133 2792 1425 2856 apparente
1455 2787 1572 2842 dies
1596 2796 1774 2854 esset,
1816 2786 1943 2845 luna

354 2887 488 2926 vero
533 2886 599 2926 ac
629 2872 651 2904 "
680 2871 855 2929 stellis
880 2889 1008 2928 nox.
1061 2873 1126 2928 Et
1172 2877 1501 2942 notandum,
1555 2877 1697 2947 quod
1750 2876 1943 2933 divisio

356 2961 459 3017 ista
488 2962 510 2994 ⁸
538 2962 676 3019 lucis
725 2972 888 3035 atque
919 2963 1264 3021 tenebrarum
1291 2982 1394 3021 non
1424 2967 1476 3021 in
1504 2967 1634 3038 ipsis
1664 2967 1945 3023 luminari-

297 3059 314 3079 ’
355 3053 459 3110 bus
483 3054 581 3121 sit,
611 3053 704 3111 sed
740 3055 794 3112 in
822 3064 965 3110 terra
997 3055 1386 3113 habitantibus.
1417 3058 1507 3112 Illa
1537 3058 1683 3115 enim
1729 3073 1943 3129 semper

2048 1888 2352 1948 cunctaque
2380 1878 2451 1932 de
2479 1886 2622 1937 terra
2650 1876 2881 1931 orientia
2919 1878 3101 1933 vivere
3146 1875 3501 1936 affirmantes.
3531 1878 3643 1937 Ne-

2046 1986 2150 2043 que
2179 1969 2337 2025 aliter
2360 1983 2538 2023 rerum
2566 1978 2758 2023 natura
2788 1968 2939 2023 sinit.
2975 1968 3030 2024 Si
3057 1970 3198 2025 enim
3228 1970 3371 2025 nulla
3404 1972 3659 2030 materir

2044 2070 2147 2128 est,
2174 2075 2314 2130 quae
2350 2060 2468 2115 sine
2496 2059 2676 2130 specie
2704 2074 2900 2130 corpus
2924 2058 3118 2116 efﬁciat
3135 2102 3150 2127 ,
3178 2070 3232 2116 et
3256 2062 3399 2117 nulla
3426 2063 3643 2134 species

2045 2152 2161 2207 sine
2190 2151 2491 2207 substantia
2534 2150 2751 2220 pr0pria
2780 2150 3053 2217 subsistit,
3099 2151 3245 2206 nulla
3287 2161 3472 2207 autem
3504 2155 3637 2211 sub-

2044 2241 2241 2296 stantia
2268 2240 2449 2295 vitalis
2473 2250 2652 2296 motus
2684 2240 2751 2306 “,
2784 2240 2876 2311 qui
2906 2255 3024 2296 eam
3055 2243 3350 2309 contineat,
3380 2252 3436 2298 et
3464 2244 3651 2307 subsio

2045 2336 2189 2385 stere
2218 2328 2402 2395 faciat,
2436 2343 2639 2399 expers
2675 2344 2798 2384 esse
2834 2339 3045 2399 potest;
3093 2346 3254 2387 omne
3299 2333 3473 2399 enim,
3499 2333 3643 2403 quod

2045 2419 2366 2476 naturaliter
2420 2427 2701 2485 movetur,
2758 2435 2827 2475 ex
2880 2421 2989 2475 vita
3051 2423 3277 2491 quadam
3324 2431 3512 2479 motus
3563 2424 3645 2479 sui

2044 2510 2366 2582 principium
2426 2509 2593 2565 sumit
2640 2527 2653 2562 :
2705 2510 3011 2566 necessario
3056 2510 3319 2581 sequitur,
3369 2513 3648 2573 momnis

2045 2610 2295 2655 creatura
2323 2608 2416 2655 aut
2444 2615 2545 2671 per
2587 2600 2817 2670 scipsam
2847 2600 2957 2655 vita
2999 2601 3090 2667 sit,
3132 2611 3227 2657 aut
3271 2602 3417 2658 vitae
3466 2604 3641 2675 parti-

2046 2706 2195 2763 ceps,
2217 2699 2271 2747 et
2302 2691 2700 2762 quodammodo
2727 2691 2933 2758 vivens,
2962 2693 3078 2748 sive
3100 2693 3154 2748 in
3183 2709 3246 2748 ea
3274 2702 3458 2749 motus
3494 2694 3657 2761 vitae

2045 2781 2332 2853 manifeste
2371 2790 2647 2852 appareat,
2676 2783 2788 2837 sive
2815 2797 2922 2837 non
2951 2793 3239 2855 appareat;
3282 2794 3645 2843 veruntamcu

2048 2873 2279 2928 latenter
2330 2872 2698 2927 administrari
2746 2887 2842 2942 per
2864 2872 3028 2927 vitam
3043 2874 3250 2944 species
3268 2875 3384 2947 ipsa
3408 2875 3650 2931 sensibi-

2045 2964 2112 3019 lis
2125 2964 2349 3019 indieat.
2367 2963 2504 3018 Audi
2517 2962 2873 3035 Augustinum
2895 2965 2947 3019 in
2962 2965 3186 3021 librode
3199 2982 3323 3021 vera
3338 2967 3640 3039 religione:

2046 3054 2105 3109 Si
2116 3054 2408 3124 quaeritur,
2424 3052 2749 3124 inquit,quis
2770 3054 3048 3108 instituerit
3076 3071 3282 3126 corpus,
3304 3055 3394 3110 ille
3411 3072 3649 3127 quaeru-

356 3142 559 3211 lucent,
596 3154 653 3199 et
697 3160 914 3216 semper
962 3146 1042 3202 eis
1086 3145 1201 3202 dies
1233 3155 1347 3213 est,
1394 3147 1703 3218 nullamque
1735 3156 1946 3203 noctem
1976 3137 2020 3201 C
2054 3153 2161 3209 tur,
2185 3143 2362 3215 quiest
2384 3144 2615 3197 omnium
2637 3143 3074 3213 speciosissimus.
3089 3144 3269 3201 Omnis
3288 3148 3427 3202 enim
3448 3151 3657 3220 species

357 3239 658 3308 patiuntur.
710 3237 878 3295 Sedes
907 3254 1141 3309 namque
1168 3254 1380 3305 eorum,
1409 3239 1614 3313 absque
1643 3239 1748 3295 ulla
1783 3241 1950 3296 inter-

360 3328 640 3393 missione,
671 3337 725 3382 et
750 3344 846 3384 sua
875 3336 932 3383 et
966 3328 1128 3384 solari
1157 3328 1277 3386 luce
1307 3330 1681 3401 reSplendent,
1713 3345 1815 3385 nec
1844 3331 1948 3389 mi-

359 3433 463 3483 nos
499 3416 730 3473 interdiu
759 3460 774 3483 ,
826 3434 987 3489 quam
1024 3430 1183 3476 noctu
1227 3421 1492 3478 claritatis
1534 3438 1667 3478 suae
1718 3423 1947 3495 gratiam

360 3508 564 3564 mundo
594 3508 992 3565 distribuentia.
1028 3511 1283 3569 Terrenis
1313 3515 1496 3585 itaque
1529 3516 1944 3582 habitatoribus,

359 3599 559 3668 quibus
584 3614 680 3668 per
702 3599 1107 3659 vicissitudines
1134 3605 1250 3660 dies
1279 3616 1574 3677 noctesque
1600 3609 1948 3679 proveniunt,

364 3688 621 3743 caelestia
666 3688 952 3746 luminaria
1001 3691 1177 3763 lucem
1224 3695 1523 3751 dividunta
1557 3697 1810 3754 tenebris.
1844 3698 1950 3754 As-

362 3779 517 3834 sidua
548 3796 783 3851 namque
825 3782 1305 3841 circumvolutione
1336 3786 1482 3843 circa
1528 3787 1734 3844 telluris
1773 3788 1951 3845 ambi—

361 3880 476 3925 tum
508 3870 635 3927 alibi
667 3872 840 3929 lucem
884 3885 1202 3944 praestant,
1234 3877 1358 3933 alibi
1388 3878 1660 3935 auferunt.
1690 3879 1761 3936 Ut
1806 3880 1950 3936 enim

363 3962 439 4017 nil
468 3963 612 4019 aliud
641 3973 726 4023 est
749 3964 887 4031 dies,
918 3966 1023 4021 nisi
1054 3967 1188 4024 lucis
1214 3971 1519 4047 praesentia
1564 3971 1641 4026 ita
1685 3971 1760 4027 nil
1805 3970 1951 4026 aliud

362 4071 471 4112 nox
517 4066 734 4128 praeter
776 4057 945 4128 ipsius
975 4059 1300 4116 absentiam.
1344 4061 1576 4133 ideoque
1608 4063 1770 4120 etiam
1817 4064 1952 4120 luci—

362 4149 584 4205 dissima
613 4166 741 4214 nox,
771 4150 1024 4229 quoniam
1051 4167 1161 4207 non
1189 4154 1410 4208 omnino
1437 4154 1687 4211 tenebras
1711 4154 1957 4236 expellit,

362 4239 538 4295 noctis
568 4255 765 4295 nomen
795 4255 899 4295 non
932 4240 1156 4297 amittit.
1185 4240 1290 4296 Sed
1312 4240 1463 4311 jam,
1483 4251 1744 4313 quantum
1774 4242 1950 4298 brevi-

366 4338 449 4385 tas
478 4330 679 4401 exigit,
728 4330 795 4386 de
824 4340 1019 4401 quarta
1052 4332 1138 4387 die
1177 4332 1311 4387 satis
1356 4342 1441 4388 est
1466 4333 1690 4388 dictum.
1721 4333 1952 4405 ideoque

365 4419 433 4475 de
489 4420 743 4489 operibus
807 4420 828 4451 ’
886 4423 1107 4499 quintae
1177 4422 1526 4494 intelligibilis
1587 4423 1725 4480 lucis
1787 4441 1954 4495 quae-

2050 3235 2115 3289 ab
2140 3235 2231 3289 illo
2266 3245 2375 3301 est;
2401 3237 2517 3307 quis
2544 3223 2617 3290 est
2647 3246 2820 3291 autem
2854 3237 2897 3268 “
2926 3237 3010 3292 hic
3039 3239 3145 3293 nisi
3179 3256 3313 3294 unus
3341 3238 3515 3306 Deus,
3542 3259 3647 3297 una

2049 3327 2265 3394 veritas,
2296 3345 2402 3382 una
2423 3327 2568 3382 salus
2592 3329 2847 3393 omnium,
2876 3341 2924 3383 et
2950 3331 3121 3399 prima
3142 3341 3296 3404 atque
3322 3350 3541 3391 summa
3565 3351 3647 3390 es-

2046 3419 2239 3486 sentia,
2269 3434 2333 3473 ea:
2353 3435 2455 3490 qua
2478 3430 2551 3473 est
2579 3436 2748 3484 omne,
2778 3421 3027 3493 quicquid
3051 3432 3148 3486 est,
3176 3423 3229 3477 in
3257 3436 3522 3495 quantum
3550 3436 3657 3491 est,

2048 3510 2175 3582 quia
2204 3512 2261 3566 in
2284 3520 2540 3582 quantum
2560 3521 2655 3575 est,
2678 3511 2927 3584 quicquid
2951 3521 3046 3577 est,
3070 3513 3259 3567 bonum
3284 3515 3403 3569 est.’
3433 3515 3505 3570 Et
3531 3516 3647 3571 ideo

2049 3617 2115 3661 ea:
2137 3600 2246 3654 Deo
2276 3616 2380 3654 non
2420 3609 2496 3654 est
2522 3615 2683 3653 mors.
2733 3599 2861 3654 Non
2894 3601 3031 3655 enim
3063 3601 3203 3655 Deus
3245 3610 3463 3657 mortem
3496 3603 3647 3672 fecit,

2051 3709 2143 3749 nec
2172 3690 2404 3745 laetatur
2430 3691 2487 3744 in
2508 3690 2801 3759 perditiotte
2844 3691 3101 3756 vivorum,
3128 3691 3373 3761 quoniam
3430 3708 3651 3748 summa

2050 3781 2271 3836 essentia
2306 3779 2428 3849 fecit
2465 3794 2637 3845 omne,
2676 3779 2816 3851 quod
2846 3787 2942 3844 est,
2983 3780 3118 3834 unde
3154 3793 3202 3834 et
3248 3781 3476 3835 essentia
3508 3782 3651 3839 dici-

2052 3881 2162 3937 tur,
2205 3886 2347 3924 mors
2371 3878 2544 3924 autem
2588 3885 2693 3923 non
2740 3885 2850 3924 esse
2899 3870 3058 3939 cogit,
3090 3868 3344 3940 quidquid
3389 3872 3647 3926 moritur.

2055 3959 2198 4015 Nam
2233 3961 2279 4015 si
2321 3977 2405 4024 ea,
2433 3975 2566 4030 quae
2593 3960 2914 4025 moriuntur,
2945 3960 3149 4030 penitus
3175 3970 3532 4029 morerentur,
3577 3960 3650 4017 ad

1996 4036 2015 4052 “
2054 4047 2272 4104 nihilum
2287 4050 2397 4103 sine
2416 4048 2576 4103 dubio
2598 4050 2921 4119 pervenirent
2939 4065 2957 4114 ;
2981 4048 3070 4104 sed
3084 4058 3293 4103 tantum
3312 4051 3643 4118 moriuntur,

2051 4149 2248 4212 quanto
2281 4142 2455 4195 minus
2487 4140 2739 4195 essentiae
2768 4141 3109 4211 participant.
3141 4142 3293 4208 Quod
3322 4142 3552 4198 brevius
3574 4142 3660 4197 ita

2052 4243 2160 4299 dici
2200 4251 2416 4314 potest:
2449 4252 2598 4298 tanto
2630 4243 2811 4314 magis
2837 4242 3171 4311 moriuntur,
3214 4252 3413 4314 quanto
3458 4243 3649 4300 minus

2054 4343 2198 4392 sunt.
2236 4335 2445 4408 Corpus
2465 4345 2644 4391 autem
2673 4336 2852 4391 minus
2879 4346 2987 4402 est,
3007 4350 3171 4405 quam
3196 4335 3309 4390 vita
3338 4334 3647 4403 quaelibet,

2055 4431 2335 4503 quoniam,
2364 4428 2901 4501 quantulumcunque
2930 4438 3114 4497 manet
3141 4428 3195 4484 in
3227 4428 3428 4500 specie,
3454 4443 3563 4497 per
3579 4428 3653 4483 vi-

365 4508 489 4563 dam
516 4510 736 4565 dicenda
767 4520 913 4566 sunt.
954 4492 1099 4568 Disc.
1136 4511 1213 4568 ita
1241 4529 1578 4586 consequens
1605 4517 1741 4573 ordo
1770 4532 1953 4573 rerum
1980 4492 2030 4552 Β
2057 4492 2165 4577 tam
2193 4529 2398 4587 manet,
2430 4522 2544 4578 sive
2571 4534 2677 4591 qua
2705 4522 3126 4590 unumquodque
3155 4517 3376 4581 animal,
3402 4518 3521 4571 sive
3542 4534 3653 4588 qua

367 4605 589 4672 expetit.

437 4693 528 4748 56.
569 4694 707 4752 MAG.
740 4696 887 4753 Dixit
929 4699 1092 4769 etiam
1121 4699 1263 4755 Dcus
1289 4718 1302 4754 :
1332 4698 1634 4757 Producant
1667 4721 1834 4774 aquae
1873 4720 1954 4758 re-

363 4783 491 4856 ptile
519 4786 727 4841 animae
760 4788 992 4853 viventis,
1019 4800 1065 4843 et
1096 4790 1304 4846 volatile
1332 4808 1488 4860 super
1516 4800 1707 4846 terram
1738 4794 1832 4847 sub
1858 4795 1954 4863 ﬁr-

367 4889 629 4934 mamento
660 4880 810 4935 caeli.
853 4880 1152 4938 Praedictis
1181 4892 1436 4953 quattuor
1465 4882 1656 4938 diebus
1683 4885 1950 4943 conditio-

370 4969 458 5025 nis
490 4978 807 5024 naturarum
841 4970 983 5025 nulla
1012 4971 1458 5027 commemoratio
1487 4973 1702 5028 animae
1731 4972 1950 5044 legitur,

369 5075 546 5130 neque
592 5062 907 5132 simpliciter
946 5073 1153 5120 tantum
1195 5073 1250 5120 et
1295 5064 1567 5129 absolute,
1613 5080 1787 5135 neque
1829 5080 1951 5120 cum

370 5153 737 5210 additamento
784 5157 1028 5212 viventis.
1082 5156 1151 5211 Et
1192 5173 1293 5212 cur
1338 5157 1476 5221 hoc,
1529 5172 1632 5211 non
1686 5157 1956 5219 immerito

370 5247 669 5315 quaeritur.
719 5248 960 5318 Denique
1011 5248 1077 5302 de
1126 5248 1226 5302 hac
1276 5263 1456 5303 rerum
1502 5248 1705 5303 theoria
1741 5248 1952 5304 diversa

370 5336 665 5394 multorum
696 5338 963 5395 sententia
990 5347 1085 5392 est.
1127 5337 1446 5399 Suntenim,
1479 5340 1569 5408 qui
1606 5339 1809 5404 dicunt,
1841 5337 1954 5394 ele-

2058 4613 2309 4668 universa
2336 4621 2528 4669 natura
2560 4612 2748 4669 mundi
2783 4612 3217 4668 administratur.
3247 4610 3318 4666 Ut
3344 4610 3489 4665 enim
3526 4611 3653 4665 nul-

2054 4704 2165 4760 lum
2192 4718 2390 4773 corpus
2409 4712 2508 4765 est.
2543 4702 2687 4773 quod
2718 4701 2934 4774 propria
2957 4702 3136 4772 specie
3171 4716 3280 4757 non
3311 4700 3655 4766 continetur,

2052 4793 2132 4849 ita
2169 4792 2314 4849 nulla
2356 4793 2565 4863 species
2605 4800 2708 4858 est,
2758 4806 2899 4862 quae
2939 4791 3240 4862 cujuSpiam
3270 4790 3417 4845 vitae
3445 4790 3654 4844 virtute

2056 4901 2162 4941 non
2196 4886 2420 4956 regitur.
2461 4886 2695 4942 Proinde
2736 4886 2782 4941 si
2823 4886 3007 4942 omnia
3054 4901 3282 4957 corpora
3321 4885 3653 4942 naturaliter

2057 4976 2349 5032 constituta
2379 4976 2612 5045 quadam
2639 4977 2825 5049 specie
2858 4977 3002 5033 vitae
3023 4977 3497 5042 administrantur,
3529 4992 3650 5033 om-

2056 5068 2251 5137 nisque
2278 5068 2488 5136 species
2514 5082 2685 5137 genus
2708 5083 2863 5142 suum
2894 5068 3120 5139 appetit,
3146 5083 3307 5124 omne
3332 5076 3518 5122 autem
3552 5082 3650 5139 ge—

2056 5173 2159 5213 nus
2189 5173 2220 5211 a
2250 5148 2653 5230 geiieralissima
2682 5159 2979 5214 substantia
3023 5159 3284 5230 originem
3326 5158 3499 5224 ducit,
3530 5174 3653 5215 om-

2058 5262 2180 5302 nem
2207 5248 2442 5317 speciem
2473 5249 2618 5304 vitae
2636 5291 2650 5316 ,
2680 5264 2817 5320 quae
2851 5249 3187 5306 diversorum
3217 5264 3509 5319 corporum
3540 5265 3649 5304 nu-

2058 5339 2426 5395 merositatem
2465 5342 2737 5409 continet,
2781 5336 2849 5396 ad
2884 5340 3344 5412 generalissimam
3369 5338 3651 5411 quandam

1656 5510 1909 5566 VARIAE
1951 5510 2352 5568 LECTIONES.

1127 5674 1416 5720 ermanent.
1512 5665 1533 5696 ³
1570 5666 1611 5720 Λ
1654 5664 1842 5721 solum.

1109 5754 1138 5793 c
1172 5738 1523 5809 opinionibus.

385 5715 403 5747 .
591 5666 876 5747 volutantur.
935 5670 972 5747 _‘
1004 5666 1053 5747 _A

441 5734 487 5789 Δ
523 5737 618 5789 ista
656 5737 858 5791 divisio.
935 5738 955 5768 ’
992 5740 1035 5791 Α

1901 5714 1914 5736 ο
1956 5663 1977 5697 ³
2012 5677 2065 5717 ut
2102 5681 2210 5720 ntn.
2251 5664 2310 5720 ϐ.

1601 5736 1643 5770 ¹⁶
1682 5736 1725 5793 Δ
1762 5736 1917 5791 vitam
1957 5737 2156 5790 mundi.

2815 5670 2839 5702 ⁸
2874 5669 2913 5724 Α
2955 5671 3360 5726 transmittatur.
3440 5671 3462 5705 7
3491 5668 3532 5726 (Ζ
3569 5679 3633 5728 et

2824 5741 2868 5772 “
2907 5741 2951 5797 Α
2978 5752 3149 5799 autem
3182 5755 3274 5797 est.

2408 5666 2428 5697 ³
2462 5665 2504 5719 Α
2546 5679 2739 5722 autem.

2236 5736 2276 5769 “
2312 5737 2358 5795 A
2400 5735 2542 5792 uitali
2576 5750 2737 5795 metu.
