3898 6154
221 240 320 300 τῖὲθ

1056 247 1147 307 DE
1186 247 1529 308 DIVISIONE
1567 247 1922 306 NATURAE.
1964 279 2032 289 -—
2071 246 2270 303 LIBER
2312 248 2636 307 TERTIUS.

3365 268 3476 327 730

137 382 141 387 τ
233 366 371 421 vitam
418 372 702 420 recurrere
744 375 963 419 necesse
1009 372 1110 428 est,
1167 363 1321 432 cujus
1372 362 1788 434 participatione
1818 367 1862 423 Λ
1893 370 1992 416 est.
2029 361 2238 419 Namet
2263 378 2462 436 corpus
2486 366 2812 434 humanum,
2843 367 2956 426 sive
2987 368 3187 437 vivum,
3211 372 3325 428 sive
3355 391 3493 429 mor.

212 454 725 531 cpecilicaturJlaec
737 463 917 509 autem
946 455 1351 523 generalissima
1383 454 1492 507 vita
1519 469 1549 508 a
1578 454 1795 523 sapiens

210 548 348 604 ttibus
379 546 566 601 mundi
589 545 1051 600 universalissima
1075 545 1279 608 anima,
1300 552 1470 598 totum
1485 544 1626 614 quod
1650 546 1792 598 intra

219 638 449 697 caelestis
464 639 726 709 sphaerae
747 638 1009 692 ambitum
1032 637 1529 707 comprehenditur,
1546 650 1645 707 per
1670 652 1793 707 spes

219 735 317 793 cies
330 749 469 788 suas
495 733 833 797 ministrans,
858 741 1124 796 vocatur;
1167 731 1384 784 divinae
1412 744 1542 783 vero
1566 731 1791 801 sophiae

219 825 569 900 speculatores
606 840 930 878 communem
957 826 1115 877 vitain
1155 822 1445 893 appellant.
1475 823 1626 889 Quae
1660 825 1788 877 dum

218 918 279 974 sit
315 916 588 988 particeps
644 914 790 970 illius
836 914 996 969 unius
1026 914 1041 945 ⁸
1076 914 1240 977 vitae,
1268 927 1407 982 quae
1444 927 1542 982 per
1570 928 1628 968 se
1658 912 1787 967 sub-

217 1005 466 1063 stantialis
509 1013 609 1068 est,
664 1005 948 1073 omnisque
986 1005 1128 1059 vitae
1160 1003 1278 1057 fons
1318 1010 1372 1057 et
1411 1004 1650 1058 creatrix
1678 1002 1791 1057 suis

216 1095 555 1152 divisionibus
601 1094 892 1150 visibilium
938 1103 989 1149 et
1033 1092 1386 1148 invisibilium
1415 1094 1434 1124 ’
1463 1093 1604 1148 vitas
1630 1094 1787 1164 juxta

214 1186 439 1243 divinam
461 1183 860 1240 ordinationem
906 1182 1200 1245 distribuit,
1224 1181 1675 1252 quemadmodum
1708 1181 1790 1238 sol

213 1278 301 1335 istc
323 1277 582 1333 sensibus
606 1285 768 1330 notus
792 1274 973 1329 radios
995 1289 1123 1330 suos
1150 1275 1349 1344 ubique
1377 1272 1646 1339 diffundit,
1678 1290 1785 1331 non

214 1377 378 1422 tamen
423 1367 496 1420 ita
523 1365 632 1419 vita
677 1365 733 1420 in
775 1363 956 1419 omnia
994 1365 1261 1435 pervenit,
1295 1364 1437 1418 sicut
1459 1364 1665 1419 solares
1697 1380 1786 1419 ra—

213 1460 293 1515 dii.
334 1459 417 1515 llli
465 1457 728 1528 siquidem
759 1473 878 1513 non
928 1457 1111 1514 omnia
1158 1468 1476 1528 penetrant;
1529 1459 1787 1513 interiora

206 1550 399 1605 ctenim
428 1548 720 1603 multorum
742 1556 1025 1618 corporum
1043 1564 1150 1604 non
1175 1548 1639 1605 tr'ameuntNitae
1658 1552 1786 1603 vero

202 1641 338 1696 nulla
362 1650 637 1705 creatura,
663 1654 758 1694 seu
787 1639 1098 1705 sensibilis,
1140 1643 1236 1696 seu
1268 1639 1620 1710 intelligibilis
1640 1681 1656 1705 ,
1689 1655 1787 1694 ex-

1898 465 2072 521 tuum,
2104 471 2299 527 corpus
2329 458 2566 514 hominis
2592 466 2694 514 est.
2726 458 2984 515 Similiter
3013 446 3194 516 anima
3226 464 3496 534 humana,

1896 551 2011 605 sive
2051 565 2250 621 corpus
2294 565 2450 606 suum
2504 553 2664 607 simul
2714 553 2998 609 collectum
3050 564 3221 625 regat,
3271 558 3388 613 sive
3440 558 3496 616 in

1895 647 2078 711 partes
2106 638 2445 719 dissolutum,
2470 650 2528 696 ut
2552 643 2798 708 videtur,
2838 643 3088 699 sensibus
3128 658 3318 714 regere
3352 647 3497 704 desi¢

1892 739 2011 794 nat,
2051 730 2237 785 anima
2276 738 2456 785 tamen
2498 732 2730 788 hominis
2763 748 2884 789 esse
2925 750 3029 790 non
3061 745 3257 791 cessat.
3279 737 3366 795 ~Ac
3390 752 3493 811 per

1893 823 2000 878 hoc
2021 823 2182 877 datur
2205 821 2426 895 intelligi
2457 823 2636 878 altiori
2663 840 2841 879 rerum
2866 826 3227 893 intimatione,
3256 826 3361 884 no'n
3386 828 3491 887 mi-

1892 931 1995 972 nus
2022 932 2144 971 cam
2170 914 2553 971 administrare
2579 914 2778 986 corpus
2820 933 2919 988 per
2958 918 3227 975 elementa
3270 920 3487 993 disper-

1892 1024 2033 1073 smn,
2058 1022 2219 1078 quam
2249 1022 2352 1061 una
2378 1007 2697 1079 compagine
2718 1007 3086 1065 membrorum
3112 1013 3487 1081 conjunctnm.

1890 1099 2041 1168 Quod
2106 1115 2235 1155 vera
2286 1103 2423 1154 ratio
2488 1098 2857 1154 indubitanter
2912 1102 3124 1157 edocet.
3205 1101 3265 1157 Si
3340 1100 3487 1155 enim

1891 1194 2071 1248 anima
2108 1178 2344 1264 'Spiritus
2404 1199 2507 1256 est,
2565 1204 2663 1261 per
2703 1202 2760 1246 se
2811 1192 2957 1247 omni
3017 1204 3282 1261 corporea
3334 1207 3485 1247 cras-

1877 1286 2124 1342 situdine
2179 1298 2394 1351 carens,
2447 1284 2559 1353 ipsa
2610 1297 2825 1352 quoque
2882 1282 3171 1347 elementa,
3232 1283 3284 1336 in
3347 1297 3487 1352 quae

1888 1380 2083 1448 corpus
2128 1375 2396 1439 solvitur,
2444 1380 2704 1443 quantum
2749 1388 2848 1442 per
2892 1387 2951 1427 se
3004 1364 3323 1443 simpliciter
3356 1372 3490 1426 sub-'-

1880 1469 2124 1531 sistnnt,
2188 1465 2453 1535 spirituali
2508 1474 2736 1519 naturae
2796 1465 3042 1534 proxima
3111 1472 3236 1519 sunt
3289 1481 3301 1518 :
3361 1463 3490 1533 quid

1887 1561 2108 1625 mirum,
2141 1560 2186 1614 si
2238 1559 2559 1628 incorporea
2592 1558 2771 1612 anima
2814 1568 2997 1627 partes
3043 1556 3288 1626 corporis
3316 1556 3398 1613 sui
3433 1558 3488 1610 in

1888 1651 2151 1723 proximis
2180 1650 2202 1683 ⁵
2233 1641 2334 1705 sibi
2371 1649 2582 1704 naturis
2630 1647 2934 1703 custoditos
2982 1646 3223 1701 rexerit?
3251 1642 3489 1702 Facilius

200 1747 324 1802 Apers
351 1747 477 1788 esse
505 1739 703 1802 potest.
724 1728 868 1784 Nam
899 1738 954 1784 et
972 1745 1201 1799 corpora
1221 1771 1237 1797 ,
1269 1746 1408 1801 quae
1432 1730 1634 1786 nostris
1661 1746 1786 1786 sen-

1888 1744 2030 1798 enim
2063 1741 2260 1797 similia
2301 1740 2424 1805 sibi,
2453 1750 2616 1810 quam
2660 1737 2940 1795 dissimilia
2984 1745 3163 1809 potest
3195 1737 3485 1807 attingere.

210 1825 346 1881 sibus
371 1823 624 1878 videntur
636 1820 811 1877 'veluti
840 1831 1075 1888 mortua,
1097 1828 1204 1878 nun
1235 1823 1459 1878 omnino
1480 1825 1588 1878 vita
1614 1823 1785 1878 relin-

211 1923 459 1986 quuntur.
488 1911 558 1969 Ut
583 1913 729 1968 enim
758 1911 972 1967 illorum
998 1913 1318 1983 compositio
1333 1922 1506 1984 atque
1535 1912 1786 1969 formatio

206 2004 671 2061 administratione
697 2005 950 2076 propriae
978 2004 1140 2072 vitae,
1180 2004 1255 2059 ita
1299 2004 1464 2059 etiam
1505 2003 1704 2060 solutio
1731 2011 1785 2059 et

211 2093 490 2150 inﬁrmitas
519 2104 572 2149 et
593 2094 801 2151 reditus
839 2095 893 2150 in
920 2110 983 2150 ea
1007 2135 1023 2159 ,
1064 2110 1129 2150 ex
1155 2095 1353 2165 quibus
1377 2095 1609 2151 deducta
1634 2104 1781 2162 sunt,

212 2183 437 2255 ejusdem
461 2186 724 2258 obsequio
741 2187 1035 2258 peragitur.
1058 2185 1277 2242 Semina
1294 2188 1585 2259 siquidem,
1606 2196 1785 2244 terrae

212 2278 594 2344 commendata,
621 2279 725 2333 nisi
767 2279 913 2349 prius
936 2279 1259 2350 moriantur,
1304 2284 1407 2334 non
1436 2280 1781 2346 reviviscunt,

214 2375 261 2425 et
297 2383 447 2423 mors
488 2382 678 2424 eorum
723 2367 744 2400 ³
782 2367 982 2425 solutio
1033 2370 1295 2425 materiae
1340 2378 1395 2425 et
1437 2370 1634 2440 speciei
1679 2377 1785 2436 est,

212 2458 498 2528 eademque
520 2458 653 2524 vita,
683 2474 822 2528 quae
850 2459 1089 2516 viviﬁcat
1133 2461 1241 2515 vim
1288 2460 1577 2526 seminum,
1610 2468 1664 2515 et
1688 2474 1785 2531 per

214 2552 311 2606 vim
342 2552 574 2618 semina,
603 2553 918 2624 priusquam
961 2553 1265 2619 solvantur,
1306 2555 1360 2608 in
1385 2554 1654 2609 solutione
1678 2568 1787 2608 non

215 2640 421 2709 deserit,
440 2644 537 2698 sed
558 2643 624 2698 iis
652 2657 867 2712 semper
883 2643 1169 2710 adhaeret,
1192 2644 1302 2698 imo
1323 2645 1484 2698 etiam
1513 2658 1573 2698 ea
1604 2643 1785 2707 solvit,

212 2749 457 2804 moxque,
486 2733 632 2790 nulla
659 2749 811 2789 mora
840 2734 1184 2800 interstante,
1212 2734 1487 2789 viviiicare
1505 2774 1521 2798 ,
1544 2734 1656 2788 .hoc
1680 2741 1784 2798 est,

210 2826 265 2883 in
286 2827 511 2882 eatidem
541 2826 774 2896 speciem
816 2839 1073 2882 revocare
1098 2825 1301 2896 incipit.
1339 2824 1439 2881 Ubi
1467 2826 1610 2880 enim
1642 2835 1788 2879 esset

212 2917 301 2975 illa
322 2920 431 2974 vita
452 2917 736 2974 solutionis
773 2931 1068 2988 corporum
1099 2917 1120 2948 ⁸
1149 2925 1415 2988 tempore,
1439 2916 1541 2971 nisi
1587 2915 1640 2969 in
1671 2916 1788 2986 ipso

204 3011 413 3068 soluto?
443 3011 508 3067 Ut
529 3012 673 3067 enim
702 3011 789 3067 illa
812 3026 940 3067 eum
963 3020 1242 3084 compacto
1267 3014 1377 3066 non’
1400 3009 1782 3081 compingitur,

1889 1835 2180 1893 Dissimilia
2212 1844 2393 1890 autem
2439 1842 2564 1890 sunt
2609 1834 2710 1890 sibi
2742 1849 2959 1897 crassa,
3012 1841 3068 1887 et
3116 1830 3489 1901 corruptibilia

1887 1942 2148 1999 corpora;
2204 1925 2401 1981 similia
2455 1940 2587 1981 vero
2640 1925 2978 1989 tenuissima,
3029 1931 3084 1979 et
3136 1922 3281 1978 nullo
3328 1922 3489 1977 modo

1887 2017 2222 2088 cerruptioni
2247 2017 2503 2073 obnoxia.
2533 2015 2649 2070 Non
2684 2030 2829 2071 enim
2868 2010 3196 2070 credendum
3227 2022 3332 2079 est,
3367 2027 3489 2068 cor-

1886 2122 2081 2179 poreas
2116 2115 2322 2179 partes.
2354 2123 2416 2162 ex
2457 2105 2776 2178 compagine
2815 2105 2975 2176 spissi
3018 2104 3265 2176 corporis
3309 2104 3491 2160 disso-

1889 2199 2052 2265 lutas,
2084 2199 2139 2254 in
2172 2199 2305 2270 ipsis
2340 2198 2643 2262 elementis,
2688 2198 2741 2252 in
2781 2198 2978 2267 quibus
3005 2197 3305 2263 salvantur,
3335 2210 3488 2253 cras-

1887 2289 2182 2345 situdinem
2232 2303 2386 2345 suam
2422 2304 2528 2343 non
2582 2287 2856 2352 deserere,
2906 2300 3097 2343 etnon
3149 2290 3202 2343 in
3246 2284 3487 2358 ipsorum

1886 2379 2279 2435 elementorum
2327 2377 2633 2432 levissimas
2703 2376 3123 2448 spiritualesque
3192 2377 3485 2447 qualitates

1891 2472 2138 2534 transire,
2184 2486 2291 2525 non
2331 2479 2391 2524 ut
2431 2469 2646 2539 penitus
2683 2483 2788 2523 non
2822 2483 3083 2537 corporea
3129 2467 3194 2534 ⁶,’
3222 2469 3315 2523 sed
3364 2478 3424 2523 ut
3462 2454 3485 2488 ⁹

1889 2561 2184 2634 spiritualia
2210 2575 2462 2631 corpora,
2489 2557 2627 2614 sicut
2655 2568 2711 2613 et
2733 2558 2847 2628 ipsa
2878 2557 2986 2613 sint
3007 2558 3298 2614 elementa.
3331 2559 3486 2627 Quod

1889 2652 2051 2710 eiiam
2078 2651 2312 2706 viventis
2348 2651 2527 2705 adhuc
2563 2650 2806 2721 corporis
2850 2658 3170 2722 argumento
3196 2649 3489 2721 promptis-

1889 2743 2026 2799 sime
2078 2742 2228 2797 vales
2290 2741 2615 2812 approbare.
2678 2739 2918 2795 Partium
2989 2741 3256 2811 siquidem
3316 2742 3485 2814 ipsius

1888 2831 2153 2903 quaedam
2200 2831 2419 2901 quidem
2450 2830 2788 2901 ponderosae
2839 2839 2983 2897 sunt,
3022 2840 3079 2886 et
3125 2832 3178 2886 in
3222 2834 3483 2888 crassitu-

1888 2923 2068 2978 dinem
2097 2921 2379 3000 densatae,
2407 2927 2466 2973 ut
2498 2928 2623 2973 sunt
2649 2933 2795 2982 ossa,
2826 2934 3039 2985 carnes,
3065 2924 3215 2975 nervi
3245 2936 3484 2992 quoque,

1891 3030 1954 3071 ac
1981 3027 2178 3079 venae,
2211 3026 2401 3068 omnes
2437 3010 2602 3065 etiam
2633 3011 2910 3077 humores,
2950 3011 3148 3081 quibus
3178 3012 3348 3067 moles
3374 3019 3486 3066 tota

206 3103 287 3158 ita
314 3118 432 3160 cum
458 3104 639 3159 soluto
666 3110 774 3159 non
811 3102 1074 3169 solvitur,
1103 3110 1278 3173 neque
1308 3116 1433 3157 cum
1465 3108 1786 3155 renascente
1813 3086 1858 3148 C
1892 3104 2181 3174 irrigatur,
2236 3110 2292 3157 et
2342 3101 2612 3167 nutritur,
2665 3109 2720 3155 ct
2770 3099 3105 3167 fabricatur;
3159 3102 3294 3157 haec
3338 3103 3485 3157 enim

217 3197 519 3259 renascitur,
545 3209 646 3250 nec
659 3196 779 3265 plus
802 3202 1015 3267 vegetat
1037 3201 1207 3250 totum
1230 3184 1389 3248 simul
1415 3189 1785 3260 coniunctum,

205 3301 367 3359 quam
394 3290 446 3344 in
473 3296 655 3359 partes
680 3288 1031 3358 disiunctum,
1056 3298 1234 3356 neque
1258 3282 1448 3353 maior,
1474 3285 1526 3339 id
1554 3292 1658 3349 est,
1687 3299 1782 3353 po-

220 3377 404 3434 tentior
429 3379 483 3433 in
515 3387 657 3443 toto,
683 3392 846 3449 quam
879 3379 931 3432 in
959 3384 1151 3448 parte;
1190 3389 1289 3431 nec
1317 3376 1515 3453 minor,
1543 3374 1648 3429 hoc
1677 3377 1785 3439 est,

215 3469 548 3541 'impotentior
584 3471 635 3526 in
670 3474 824 3541 parte
866 3485 1029 3540 quam
1076 3469 1131 3523 in
1174 3470 1306 3523 toto.
1354 3466 1503 3523 Haec
1546 3465 1786 3538 ejusdem

221 3574 436 3633 namque
468 3562 747 3634 regiminis
768 3570 852 3618 est
881 3562 932 3616 in
958 3560 1189 3617 cunctis.
1219 3559 1337 3630 Ipsa
1368 3561 1533 3615 etiam
1564 3558 1784 3625 solutio,

219 3662 345 3724 quae
362 3670 506 3710 mors
532 3654 778 3726 corporis
807 3653 1035 3719 dicitur,
1070 3652 1273 3708 nostris
1304 3651 1551 3707 sensibus
1574 3659 1629 3706 ct
1666 3666 1783 3704 ma-

224 3744 376 3802 teriae
399 3747 595 3802 solutio
618 3754 725 3812 est,
748 3761 855 3801 non
879 3746 980 3816 ipsi
1010 3754 1254 3810 naturae,
1279 3759 1419 3817 quae
1448 3743 1787 3815 inseparabi-

224 3836 285 3892 lis
306 3840 452 3895 estin
483 3841 682 3911 seipsa,
706 3840 756 3894 ei
786 3839 948 3895 simul
987 3847 1044 3894 et
1076 3854 1289 3909 semper
1316 3847 1431 3903 est,
1464 3840 1565 3892 nec
1593 3837 1785 3906 spatiis

222 3926 442 3985 locorum
476 3940 531 3986 et
562 3939 862 4001 temporum
908 3938 1246 4001 segregatur.
1299 3926 1472 3983 Homo
1517 3927 1782 3998 siquidem

224 4024 316 4075 non
345 4021 536 4077 desinit
555 4037 675 4077 esse
702 4021 880 4075 homo.
908 4020 1082 4076 Homo
1104 4030 1284 4075 autem
1308 4034 1504 4091 corpus
1523 4029 1577 4074 et
1602 4019 1781 4074 anima

223 4119 312 4165 est.
341 4110 398 4166 Si
417 4124 596 4167 autem
623 4125 836 4181 semper
866 4110 1050 4175 homo,
1084 4123 1299 4179 semper
1323 4109 1485 4181 igitur
1517 4107 1698 4162 anima
1728 4115 1783 4162 et

222 4204 416 4272 corpus.
444 4200 511 4257 Et
532 4202 779 4273 quamvis
817 4210 1001 4270 partes
1029 4200 1264 4255 hominis
1295 4215 1324 4254 a
1353 4216 1410 4255 se
1437 4200 1666 4255 invicem
1697 4212 1784 4256 se-

222 4303 523 4362 gregentur;
548 4294 729 4348 anima
761 4294 905 4348 enim
944 4291 1147 4347 deserit
1174 4291 1431 4346 usitatum
1466 4299 1589 4360 post
1620 4302 1783 4363 gene-

223 4384 461 4439 rationem
500 4386 581 4439 sui
627 4385 873 4455 corporis
903 4384 1141 4453 regimen
1165 4424 1181 4449 ,
1213 4398 1319 4452 qua
1344 4382 1627 4438 deserente
1655 4360 1782 4438 (Ebr-

225 4488 310 4543 pus
331 4477 571 4544 solvitur,
598 4487 887 4549 partesque
925 4477 1066 4533 illius
1115 4478 1349 4550 propriis
1388 4477 1779 4533 elementorum

224 4566 421 4623 sedibus
439 4569 739 4624 redduntur
771 4588 785 4622 :
818 4569 1050 4623 naturali
1081 4577 1260 4625 tamen
1290 4569 1499 4625 ratione
1518 4578 1573 4624 et
1597 4579 1780 4641 partes

226 4657 461 4716 ad‘totum
496 4661 688 4718 referri
716 4676 823 4719 non
846 4662 1104 4719 desinunt
1126 4672 1343 4732 semper
1364 4670 1419 4717 ct
1442 4663 1780 4734 inseparabi-

226 4746 349 4819 liter,
370 4762 423 4809 et
447 4763 619 4810 totum
657 4753 725 4809 ad
758 4762 941 4826 partes
962 4771 989 4829 ;‘
1010 4754 1287 4809 relationis
1327 4753 1592 4823 siquidem
1638 4753 1781 4810 ratio

226 4842 473 4914 nunquam
502 4852 686 4915 potest
717 4846 917 4916 perire.
949 4844 1182 4902 Proinde
1210 4843 1351 4916 quod
1377 4860 1636 4914 corporeo
1658 4860 1781 4901 sen-

222 4931 297 4988 l'ti
334 4935 541 4992 videtur
593 4937 900 5008 Segregari,
960 4936 1141 4992 altiori
1189 4952 1368 4992 rerum
1419 4935 1784 5007 speculatione

221 5030 415 5098 semper
456 5029 620 5085 simul
664 5036 721 5085 et
771 5027 1201 5084 insenarabiliter
1240 5026 1531 5083 subsistere
1564 5026 1785 5083 necesse

1810 4441 1860 4501 D

1887 3196 2069 3251 omnia
2101 3209 2168 3250 ex
2214 3193 2461 3264 aquatili,
2494 3203 2819 3263 terrenaque
2842 3194 3104 3264 qualitate
3132 3193 3187 3249 in
3217 3195 3484 3250 constitu-

1889 3290 2087 3345 tionem
2144 3286 2390 3359 corporis
2447 3293 2775 3353 sumuntur;
2824 3285 3090 3357 quaedam
3147 3301 3277 3341 vero
3323 3285 3486 3343 levis-

1887 3382 2081 3447 simae,
2131 3378 2386 3450 nulloqne
2417 3376 2719 3449 gravitatis,
2772 3388 2867 3432 seu
2916 3376 3294 3432 crassitudinis
3342 3392 3483 3448 pon-

1886 3471 2014 3526 dere
2038 3469 2349 3540 impeditae,
2372 3480 2585 3538 qnaqua
2605 3480 2843 3531 versum,
2860 3477 3021 3537 prout
3044 3468 3222 3520 anima
3235 3465 3479 3537 jusserit,

1886 3560 2033 3617 nulla
2077 3575 2232 3615 mora
2275 3559 2602 3615 interstante
2647 3558 2931 3614 confestim
2980 3559 3303 3630 perveniunt
3346 3558 3393 3624 ⁸,
3423 3568 3485 3614 ut
3522 3624 3526 3630 λ

1885 3661 1970 3709 est
1992 3652 2163 3719 visus,
2190 3658 2245 3705 et
2270 3650 2508 3706 auditus.
2550 3648 2697 3718 Quas
2728 3658 2914 3721 partes
2958 3650 3202 3720 corporis
3231 3665 3350 3705 esse
3369 3650 3390 3683 °
3413 3664 3481 3706 ex

1886 3745 2010 3815 igne"
2040 3750 2095 3799 et
2123 3756 2248 3797 aere
2283 3742 2561 3807 dedoctas,
2594 3744 2754 3796 nemo
2800 3751 2948 3796 recte
2986 3740 3481 3812 philosophantium

1885 3833 2168 3905 ahnegarit
2210 3829 2274 3886 ⁸ο.
2310 3832 2405 3887 Est
2445 3832 2610 3898 ehim,
2662 3837 2719 3885 ut
2745 3832 2821 3885 ait
2866 3841 3089 3887 sanctus
3113 3833 3480 3903 Augustinus,

1885 3923 2202 3978 luminosum
2221 3921 2422 3992 aliquid
2444 3923 2498 3976 in
2534 3919 2733 3984 Oculis,
2776 3918 2985 3974 aereum
3007 3920 3259 3990 quiddam
3290 3921 3481 3975 mobile

1884 4026 1932 4071 et
1962 4024 2213 4071 canorum
2245 4016 2299 4070 in
2332 4015 2569 4070 auribus.
2604 4014 2769 4071 Visus
2797 4011 3061 4083 siquidem
3086 4022 3169 4068 est
3195 4012 3284 4067 lux
3313 4029 3482 4083 quae-

1886 4109 2034 4177 dam,
2068 4123 2135 4162 ex
2166 4107 2350 4161 cordis
2375 4106 2497 4175 igne
2527 4104 2761 4176 primum
2801 4119 3055 4172 nascens,
3091 4104 3390 4174 deindeque
3419 4106 3475 4161 in

1886 4200 2254 4254 summitatem
2311 4198 2537 4253 verticis
2587 4199 2908 4264 ascendens,
2956 4197 3009 4251 in
3054 4188 3481 4256 eamwvidelicet

1884 4297 2117 4361 partem,
2133 4303 2271 4360 quae
2287 4305 2315 4342 a
2339 4286 2562 4344 Graecis
2590 4288 2787 4343 dicitur
2805 4291 2985 4363 μήνιγξ
3005 4288 3337 4355 “,aLatinis
3349 4307 3479 4347 vero

1886 4367 2280 4447 membranula,
2313 4396 2419 4451 qua
2452 4380 2739 4436 cerebrum
2785 4388 2840 4435 et
2876 4380 3115 4435 ambitur
3147 4390 3201 4437 et
3243 4382 3479 4438 custodi-

1892 4490 2000 4547 tur,
2052 4494 2152 4550 per
2188 4478 2450 4548 quosdam
2498 4491 2660 4548 poros
2701 4476 2769 4531 ad
2815 4475 3103 4548 supercilia
3136 4476 3479 4548 pupillasqne

1889 4572 2168 4629 oculorum
2197 4570 2461 4638 derivata,
2506 4572 2648 4625 unde
2675 4569 3017 4625 velocissimo
3057 4569 3284 4641 impetu,
3329 4570 3478 4626 sola-

1890 4664 2028 4719 rimn
2055 4664 2327 4719 radiorum
2354 4658 2544 4729 instar,
2572 4660 2724 4719 foras
2743 4662 3053 4733 prosiliens,
3077 4664 3230 4734 prius
3254 4665 3478 4735 propin-

1889 4772 1995 4827 qua
2021 4755 2134 4811 loca
2159 4763 2215 4811 et
2246 4770 2494 4825 corpora,
2519 4770 2612 4811 seu
2638 4755 2948 4827 longissime
2973 4756 3292 4821 constituta,
3326 4763 3478 4812 tanta

1889 4846 2172 4902 velocitate
2199 4846 2444 4917 attingit,
2479 4861 2642 4917 quam
2673 4846 2926 4917 palpebra
2955 4846 3233 4902 oculorum
3261 4855 3316 4901 et
3359 4855 3478 4901 tau-

1892 4938 2034 4993 tonis
2060 4950 2086 4979 ει
2118 4924 2426 5009 supercilia.
2459 4937 2689 4993 Auditus
2719 4951 2934 5008 quoque
2973 4946 3057 4993 est
3087 4936 3479 4993 subtilissimus

1891 5031 2109 5102 quidam
2164 5031 2415 5099 tinnitus,
2451 5032 2543 5103 qui
2591 5045 2655 5087 ex
2713 5028 3028 5104 pumunum
3074 5032 3269 5102 spiritu
3299 5031 3476 5101 primo

1408 5152 1415 5155 ⁷
1490 5170 1744 5228 vanus
1782 5172 2183 5231 LECTIONES.

833 5288 854 5319 ’
891 5298 940 5342 et
987 5287 1325 5343 invisibilium
1376 5301 1484 5341 om.
1514 5287 1578 5339 A.

1201 5361 1221 5392 ⁸
1257 5373 1368 5413 esse
1419 5374 1529 5413 om.
1562 5356 1624 5411 Ο.

281 5284 302 5318 ⁸
333 5294 485 5341 anius
513 5304 625 5343 om.
657 5286 722 5340 Α.

282 5305 299 5318 ·
333 5305 485 5341 anius
513 5305 625 5343 om.
657 5305 722 5340 rt.
834 5305 854 5319 -
891 5305 940 5342 er
987 5305 1127 5343 tumst

213 5349 234 5385 ⁷
266 5365 320 5410 ιιι
363 5373 469 5412 om.
499 5359 560 5414 C.
670 5358 692 5389 ⁸
727 5357 768 5413 C
796 5360 1127 5430 proveniunt.

1692 5285 1712 5315 ³
1752 5286 1792 5339 Α
1826 5286 2038 5340 illorum

1703 5356 1746 5388 ¹⁹
1785 5357 1826 5412 C
1846 5359 2041 5427 abnego
2051 5366 2145 5413 ret.

2152 5285 2173 5319 ⁸
2212 5307 2251 5341 Α
2296 5304 2547 5356 corporis.
2625 5289 2644 5319 ⁵
2680 5289 2717 5342 Α
2776 5289 2979 5356 primis.
3094 5287 3113 5316 ⁸
3151 5284 3195 5338 Λ
3226 5300 3468 5353 corpora.

2223 5359 2263 5388 "
2306 5366 2541 5413 summa.

2625 5289 2644 5319 ⁵
2680 5289 2717 5342 Α
2776 5289 2979 5359 primis.

1723 5498 1973 5553 NOTAE.

218 5581 243 5592 ο

284 5622 311 5650 ι
341 5610 597 5685 Tantone;
627 5616 662 5667 i.
691 5629 740 5666 ο.
769 5614 1060 5685 palpebrae,
1096 5614 1189 5684 pili
1218 5611 1761 5685 palpebrartthsoni

218 5683 447 5751 magistri
463 5686 619 5756 gloss
643 5689 694 5739 in
715 5682 1062 5740 Prudentium
1080 5682 1244 5738 {setas
1273 5694 1414 5737 rorat
1434 5683 1602 5745 cilios,
1627 5682 1763 5749 quod

1873 5625 1966 5685 nos
2009 5610 2167 5662 etiam
2219 5619 2459 5663 tautoncs
2502 5608 2712 5680 proprie
2743 5624 3004 5664 racemus.
3039 5608 3121 5666 Cf.
3162 5610 3240 5665 Du
3288 5610 3469 5685 Cange

1841 5720 1847 5725 η
1869 5679 2107 5735 Glossar.
2420 5696 2423 5707 ι
