3898 6154
386 242 476 297 1:5]
1030 256 1033 267 ς
1741 222 1953 283 -ῘΟᾹΝΒ

2076 221 2273 281 SCOTI

2380 109 2448 128 ηλ.

3520 216 3633 276 733

374 362 694 422 procedens,
727 330 1049 415 sursumque
1084 344 1134 397 in
1165 324 1717 411 praedictam'capitis
1740 344 1951 407 partem
1979 338 2024 395 Α
2053 335 2146 402 qui
2197 333 2429 403 primum
2478 344 2744 387 occurrun
2774 314 2779 319 ’
2832 325 3168 422 phantasiis,
3223 340 3427 422 easque
3482 328 3634 422 reci-

379 454 733 510 consurgens,
780 453 875 508 per
921 449 1048 491 suos
1085 431 1326 488 occultos
1372 437 1582 484 meatus
1629 428 1687 482 in
1739 422 1950 482 aurium

380 531 592 587 cocleas
636 528 879 592 dill'usus,
921 526 1063 580 foras
1091 524 1345 593 erumpit,
1377 522 1674 590 vicinisque
1698 519 1952 590 partibus

335 670 341 682 ,
383 620 523 674 aeris
550 635 644 673 seu
674 617 882 686 longius
921 615 1109 685 positis
1138 628 1196 667 se
1229 612 1480 675 miscens,
1508 611 1764 681 quicquid
1788 611 1845 665 in
1886 626 1952 666 eo

330 696 342 707 ’
382 709 643 772 sonuerit,
671 707 874 774 absque
899 705 1004 758 ulla
1025 704 1276 758 tarditate
1300 703 1544 771 recipere
1568 700 1808 756 festinat.
1842 701 1950 756 Has

379 801 558 868 itaque
578 806 761 868 partes
785 796 1026 865 corporis
1047 793 1449 856 subtilissimas,
1477 791 1965 861 spiritualibusque.

377 889 584 943 naturis
603 886 828 948 vicinas,
850 884 1095 954 quamvis
1116 898 1183 938 ex
1206 883 1549 937 interioribus
1571 882 1775 951 spissae
1797 881 1952 937 molis

375 977 637 1047 originem
686 974 980 1035 attrabant,
1019 971 1164 1025 foras
1212 979 1391 1024 tamen
1422 971 1474 1023 in
1522 978 1729 1024 tantum
1778 969 1952 1039 porri-

378 1075 594 1135 guntur,
628 1072 689 1117 ut
729 1063 887 1131 longe
930 1072 1083 1116 extra
1127 1075 1247 1115 eam
1293 1060 1644 1114 aestimentur
1687 1060 1948 1128 separari.

377 1155 700 1210 Extenditur
723 1154 866 1207 enim
899 1152 1047 1206 visus
1084 1151 1154 1205 ad
1194 1151 1529 1221 recipiendas
1554 1150 1840 1205 visibilium
1868 1163 1952 1203 re-

376 1259 499 1299 rum
553 1243 876 1298 colorabiles
929 1241 1136 1310 species
1188 1258 1202 1294 :
1258 1241 1565 1295 extenditur
1620 1241 1832 1296 auditus
1881 1239 1951 1296 ad

375 1348 568 1388 vocum
625 1348 717 1387 seu
775 1332 1000 1386 aliorum
1065 1331 1376 1396 sonituum,
1424 1331 1766 1399 percussione
1809 1330 1951 1385 aeris

375 1424 805 1493 erumpentium,
853 1423 1161 1493 prosodias,
1212 1437 1346 1491 quas
1385 1421 1586 1476 formas
1636 1422 1952 1492 coloresque

376 1530 570 1569 vocum
598 1514 825 1568 dicimus
868 1513 921 1567 in
949 1528 1008 1568 se
1036 1512 1423 1583 imaginandas.
1466 1512 1643 1568 Ceteri
1669 1514 1810 1568 enim
1843 1522 1952 1567 tres

377 1618 569 1656 sensus
607 1603 744 1655 intra
776 1603 1032 1656 terminos
1082 1603 1324 1672 corporis
1361 1603 1626 1657 contineri
1679 1603 1948 1668 videntur,

376 1690 621 1758 quamvis
646 1689 927 1745 olfaciendi
954 1705 1144 1745 sensus
1168 1691 1299 1745 furis
1327 1692 1574 1760 protendi
1630 1707 1736 1746 non
1762 1693 1949 1746 iucon-
1985 1669 2028 1728 Β

377 1796 533 1851 grue,
565 1792 622 1834 ut
650 1782 906 1847 arbitror,
947 1768 1460 1843 existimetur.,lloc
1488 1791 1667 1836 autem
1701 1790 1869 1837 totum
1899 1784 1952 1837 in

310 1914 319 1931 .
377 1873 552 1941 scips-a
581 1873 830 1942 simplex,
856 1874 1110 1942 omnique
1138 1873 1400 1943 corporali
1427 1875 1751 1942 quantitate,
1776 1873 1955 1929 locali-

374 1964 580 2034 busque
602 1967 789 2034 spatiis
817 1966 993 2020 anima
1020 1981 1237 2029 carens,
1267 1966 1320 2019 in
1350 1981 1598 2035 corpore,
1621 1967 1764 2035 quod
1791 1968 1951 2036 regit,

377 2072 472 2112 sua
504 2058 809 2127 praesentia
841 2058 1065 2128 peragit.
1101 2057 1168 2110 Et
1202 2058 1326 2112 dum
1358 2058 1471 2128 ipsa
1503 2059 1652 2111 nullo
1680 2059 1799 2113 loco
1824 2074 1954 2114 con-

377 2149 631 2214 tineatur,
663 2149 860 2205 locales
888 2158 1065 2203 tamen
1092 2157 1276 2218 partes
1318 2149 1401 2203 sui
1434 2149 1696 2218 corporis,
1726 2148 1953 2204 ubicun-

342 2304 347 2309 _
376 2253 482 2305 que
506 2239 635 2303 sint,
666 2240 904 2293 vivilicat
930 2247 1089 2307 atque
1117 2239 1398 2309 gubernat.
1432 2237 1548 2293 Non
1574 2239 1715 2293 enim
1739 2239 1955 2293 cumulo

377 2330 673 2384 carnalium
726 2329 1087 2384 membrorum
1156 2328 1397 2383 localiter
1445 2328 1798 2393 concluditur,
1854 2343 1956 2384 nec

378 2437 499 2475 cum
554 2422 800 2476 sensibus
852 2420 998 2476 foras
1042 2420 1304 2490 porrectis
1348 2419 1587 2474 localiter
1638 2420 1951 2490 porrigitur.

376 2511 541 2566 Adest
569 2523 747 2565 autem
779 2510 1140 2581 potentialiter
1161 2510 1228 2563 ad
1259 2509 1592 2578 recipiendas
1614 2509 1951 2578 phantasias,

376 2616 516 2671 quae
562 2601 614 2654 in
645 2616 898 2655 sensuum
941 2614 1161 2654 suorum
1203 2598 1594 2660 instrumentis,
1647 2596 1955 2666 ubicunque

377 2688 507 2752 sint,
535 2687 853 2742 formantur.
875 2687 991 2754 Quo
1018 2696 1333 2759 argumento
1357 2687 1615 2741 naturalis
1637 2688 1852 2742 virtutis
1875 2688 1957 2757 ip-

378 2779 511 2843 sius,
538 2789 593 2833 et
651 2780 976 2834 illocalitatis
1022 2781 1040 2811 ί
1084 2780 1393 2850 magnitudo
1435 2780 1795 2849 cognoscitur.
1837 2779 1956 2836 Uno

377 2868 643 2937 siquidem
673 2869 969 2938 eodemque
1004 2869 1262 2937 temporis
1302 2877 1591 2934 momento,
1624 2876 1678 2923 et
1715 2869 1956 2924 siderum

337 2981 341 2984 ·
376 2958 431 3013 in
466 2959 627 3014 radiis
651 2959 927 3014 oculorum
966 2975 1065 3030 per
1094 2960 1313 3014 aethera
1339 2960 1560 3030 sparsis,
1587 2967 1643 3014 et
1673 2974 1864 3014 vocum
1898 2960 1952 3014 in

377 3055 560 3108 auditu
609 3071 706 3125 per
748 3071 871 3110 aera
916 3055 1130 3120 dill‘uso,
1180 3065 1236 3112 et
1283 3057 1503 3112 odormn
1537 3057 1590 3111 in
1622 3055 1820 3112 olfactu
1857 3074 1952 3114 seu

377 3146 517 3201 intra
548 3163 743 3218 corpus
764 3162 858 3202 seu
886 3158 1061 3214 extra,
1081 3156 1135 3205 et
1164 3163 1413 3217 saporum
1445 3149 1496 3203 in
1525 3155 1705 3219 gustu,
1730 3150 1782 3203 in
1805 3158 1953 3205 tactu

376 3253 596 3306 quoque
623 3239 886 3304 omnium,
923 3254 1065 3307 quae
1096 3239 1256 3293 tactui
1300 3239 1568 3302 accidunt,
1616 3240 1951 3308 phantasias,

378 3329 480 3383 hoc
507 3338 594 3382 est
622 3330 899 3399 imagines,
935 3330 1164 3398 primum
1200 3329 1413 3400 quidem
1465 3329 1622 3383 nullis
1653 3340 1952 3399 temporum

378 3419 608 3473 morulis
639 3418 868 3473 mirabili
902 3418 1179 3474 celeritate
1211 3436 1278 3475 cx
1323 3419 1690 3488 corporalibus
1715 3423 1955 3476 numeris

378 3507 432 3560 in
460 3508 803 3562 scnsualibus
840 3508 1096 3564 formatas
1125 3510 1308 3573 sentit,
1338 3525 1433 3579 per
1465 3525 1780 3566 occursores
1819 3513 1955 3566 rcci-

378 3596 474 3665 pit,
510 3612 603 3664 per
630 3612 1002 3667 progressuros
1060 3597 1351 3654 introducit
1382 3600 1424 3663 ’,
1456 3614 1552 3668 per
1593 3601 1954 3657 recordabiles

380 3686 675 3740 memoriae
711 3688 1069 3750 commendat,
1108 3704 1203 3756 per
1226 3688 1575 3745 rationabiles
1600 3692 1831 3755 ordinat,
1861 3708 1957 3761 per

380 3774 767 3830 intellectuales
807 3776 1064 3845 approbat
1098 3787 1191 3832 aut
1223 3779 1506 3848 improbat,
1538 3782 1831 3835 secundum
1871 3798 1956 3836 re-

380 3864 534 3931 gulas
583 3865 883 3919 divinorqu
916 3883 1283 3933 numerorum,
1318 3869 1411 3939 qui
1455 3886 1614 3940 supra
1645 3887 1762 3925 eam
1808 3881 1952 3927 sunt.

380 3953 619 4020 Quorum
645 3957 972 4026 exemplaria
999 3960 1351 4028 perspiciens,
1379 3969 1434 4015 et
1458 3963 1524 4016 de
1555 3965 1793 4018 numeris
1814 3964 1956 4019 intra

378 4046 611 4114 scipsam
661 4049 969 4103 COItSliluliS
1005 4048 1231 4117 judicat,
1282 4050 1456 4122 deque
1497 4053 1869 4121 corporalibus
1899 4062 1955 4109 et

379 4138 738 4203 scnsualibus,
771 4140 863 4207 qui
908 4140 1122 4208 utrique
1150 4151 1301 4195 extra
1344 4158 1402 4196 se
1432 4151 1575 4198 sunt.
1609 4141 1741 4198 Octo
1783 4144 1952 4214 siqui-

378 4227 498 4282 dem
556 4245 899 4284 numerorum
964 4233 1181 4286 ordines
1231 4234 1368 4288 ratio
1429 4235 1651 4288 invenit.
1714 4235 1953 4302 Quorum

379 4318 582 4388 primus
609 4327 661 4375 et
690 4335 931 4375 summus
968 4329 1049 4375 est
1078 4337 1240 4390 supra
1271 4321 1596 4378 intellectum
1634 4324 1686 4378 in
1717 4326 1954 4379 aeternis

379 4410 579 4473 causis,
612 4413 904 4465 secundum
951 4427 1111 4482 quem
1158 4412 1419 4467 discernit
1464 4414 1641 4467 anima
1674 4415 1953 4472 rationalis

377 4498 579 4563 omnia,
610 4499 747 4554 sicut
774 4501 851 4554 ait
873 4501 1159 4570 Apostolus
1190 4521 1202 4557 :
1234 4500 1537 4573 Spirilualis
1567 4504 1721 4558 homo
1742 4506 1952 4575 judical

380 4586 575 4653 omnia,
609 4588 715 4656 ipse
736 4597 907 4641 autent
944 4607 975 4642 a
1010 4592 1210 4644 nemine
1248 4590 1543 4660 judicatur.
1583 4592 1698 4646 Duo
1742 4609 1953 4664 quoque

380 4676 598 4730 omnino
625 4686 679 4731 et
701 4686 853 4731 extra
882 4686 938 4731 et
961 4678 1101 4733 infra
1133 4681 1365 4734 animam
1392 4690 1538 4746 sunt,
1572 4697 1799 4751 quorum
1830 4683 1951 4750 qui-

381 4768 502 4822 dem
545 4783 683 4823 unus
725 4778 780 4823 et
805 4769 1038 4824 extimus
1080 4770 1132 4824 in
1172 4771 1491 4841 corporibus
1532 4780 1636 4837 est,
1667 4787 1733 4826 ex
1758 4772 1952 4841 quibus

380 4859 624 4927 corporei
683 4872 872 4913 sensus
921 4859 1243 4924 formantur,
1296 4863 1348 4916 in
1393 4862 1589 4930 quibus
1633 4863 1952 4931 phantasiae

383 4948 535 5012 fiunt,
559 4947 695 5002 alter
717 4950 767 5003 in
793 4950 924 5020 ipsis
948 4953 1225 5022 corporeis
1250 4951 1496 5007 sensibus
1542 4952 1803 5006 formatur
1829 4952 1873 5018 ³,
1897 4961 1953 5009 et

380 5038 495 5108 ipse
519 5048 603 5093 est
631 5039 1035 5109 phantasiarum
1069 5043 1273 5113 primus
1301 5043 1453 5108 ordo,
1489 5044 1540 5097 in
1582 5044 1954 5099 instrumentis

378 5145 636 5186 sensuum
663 5132 983 5187 constitutus
1004 5173 1019 5198 ,
1063 5134 1115 5188 in
1142 5134 1310 5189 oculis
1336 5134 1532 5212 dicaret
1561 5134 1780 5190 auribus
1805 5142 1953 5190 cete-

380 5223 563 5291 risque
590 5239 845 5279 sensuum
869 5227 1119 5303 sedibus,
1137 5226 1195 5280 In
1221 5227 1333 5294 ipsa
1366 5242 1493 5281 vero
1514 5228 1695 5281 anima
1715 5228 1955 5297 quinque

380 5313 590 5369 numeri
621 5324 1006 5385 computantur
1035 5317 1355 5370 naturaliter
1385 5317 1530 5371 insiti
1567 5335 1578 5370 :
1611 5331 1951 5383 occursores,

2057 425 2240 494 piunt;
2278 431 2399 494 post
2440 422 2540 479 bos
2564 430 2962 492 ‘progressores,
3004 417 3171 474 veluti
3214 420 3378 475 duces
3404 420 3632 489 quidam

2052 515 2125 569 ad
2153 516 2338 569 urbem
2368 514 2690 579 memoriae;
2721 513 2786 567 ad
2809 527 2972 582 quam
3005 512 3134 567 dum
3164 512 3474 581 phantasiae
3499 527 3638 582 pen-

2056 605 2341 669 venerint,
2388 619 2422 658 a
2472 590 2893 659 recordabilibus
2936 602 3385 668 introducantur;
3432 600 3636 658 deinde

2056 697 2405 752 rationabiles
2471 712 2570 767 per
2640 696 2829 750 urbem
2892 694 3254 758 distribuunt,
3320 701 3485 764 prout
3548 696 3637 748 in-

2057 789 2384 845 tellectuales
2427 788 2707 857 iusserint.
2735 787 2934 841 Turma
2974 784 3242 855 siquidem
3286 786 3636 856 phantastica

2055 886 2278 940 veniens
2302 900 2398 954 per
2421 885 2593 938 visum
2638 881 2943 952 specialiter
2984 880 3037 934 in
3079 879 3339 934 memoria
3389 876 3639 948 possidet

2055 972 2250 1029 locum.
2285 972 2543 1028 Similiter
2579 987 2677 1041 per
2705 970 2943 1026 auditum
2972 977 3285 1039 ceterosque
3313 958 3512 1024 senstis
3554 967 3637 1023 in-

2057 1072 2283 1128 trantes,
2304 1063 2419 1119 suis
2454 1063 2671 1117 sedibus
2706 1062 2760 1115 in
2785 1061 2972 1115 eadem
2999 1060 3133 1114 urbe
3164 1058 3525 1128 recipiuntur.
3559 1058 3638 1116 De

2055 1155 2250 1224 quibus
2290 1154 2541 1208 omnibus
2584 1152 2831 1222 quisquis
2879 1149 3087 1220 plenius
3138 1149 3281 1204 scire
3323 1149 3635 1215 desiderat,

2054 1242 2199 1313 legat
2228 1257 2479 1313 magnum
2509 1241 2861 1311 Augustinum
2885 1239 2936 1293 in
2964 1247 3109 1293 sexta
3136 1239 3199 1292 de
3227 1237 3457 1307 Marica,
3491 1248 3555 1295 et
3579 1239 3637 1296 in

2056 1332 2202 1387 libris
2229 1329 2658 1401 Confessionum;
2713 1343 3074 1399 magnumque
3125 1327 3446 1399 Gregorium
3498 1328 3642 1401 Nys-

2057 1440 2241 1480 saeum
2271 1424 2325 1478 in
2352 1438 2586 1477 sermone
2618 1424 2684 1477 de
2722 1421 2967 1490 imagine.
3009 1420 3147 1486 Quid
3170 1418 3305 1490 ergo
3333 1421 3566 1484 mirum,
3591 1421 3635 1476 si

2055 1519 2234 1573 anima
2279 1514 2576 1578 rationalis,
2603 1524 2725 1582 post
2761 1513 3080 1569 solutionem
3126 1512 3371 1583 corporis
3417 1514 3532 1575 sui,
3584 1513 3637 1567 in

2055 1610 2302 1683 partibus
2325 1607 2442 1675 ejus
2468 1621 2564 1677 per
2587 1606 2849 1661 elementa
2890 1603 3096 1658 diﬁ‘usis
3124 1603 3322 1672 aliquid
3374 1615 3510 1674 agat
3545 1619 3640 1660 oc-

2055 1701 2196 1758 culta
2247 1697 2478 1754 naturali
2528 1695 3027 1759 administratione,
3075 1695 3639 1765 omnique‘corporeo

2054 1806 2214 1847 sensu
2253 1797 2480 1854 remota,
2530 1786 2964 1858 quandoquidem
2993 1792 3049 1839 et
3087 1785 3142 1838 in
3192 1786 3403 1839 vivente
3452 1787 3640 1841 adhuc

2055 1900 2282 1956 corpore
2323 1882 2592 1951 simulque
2644 1879 2894 1943 collecto,
2947 1886 3207 1949 quantum
3254 1877 3510 1932 sensibus
3567 1879 3641 1932 vi-

2054 1977 2183 2032 dere
2205 1976 2249 2040 δ,
2287 1990 2392 2029 non
2452 1973 2625 2029 solum
2660 1972 2714 2026 in
2752 1969 2966 2026 cumulo
3008 1968 3393 2033 membrorum,
3441 1984 3637 2023 verum

2053 2066 2216 2122 etiam
2260 2065 2313 2120 in
2352 2064 2602 2120 sensibus
2629 2062 2785 2132 longe
2814 2061 2884 2116 ab
2913 2060 3028 2130 ipso
3054 2058 3319 2128 porrectis
3349 2059 3640 2129 regiminis

2054 2157 2136 2213 sui
2167 2157 2418 2211 virtutem
2446 2162 2687 2211 exercet.

2123 2249 2214 2304 57.
2253 2247 2365 2304 Sed
2393 2249 2679 2302 redeamus
2705 2246 2772 2301 ad
2800 2258 3239 2316 generausstmae
3264 2243 3410 2298 vitae
3446 2243 3633 2299 consi~

2054 2340 2412 2404 derationem,
2440 2337 2593 2408 cujus
2628 2336 3059 2392 manifestandae
3095 2336 3380 2406 potestatis
3418 2335 3472 2389 in
3514 2351 3638 2389 cor-

2053 2430 2277 2500 poribus
2324 2429 2501 2501 gratia
2533 2430 2666 2484 haec
2703 2428 3004 2483 introducta
3048 2436 3175 2483 sunt
3215 2427 3280 2481 de
3320 2427 3638 2482 rationabili

2054 2521 2190 2586 vita,
2221 2535 2326 2575 non
2354 2529 2532 2574 autem
2560 2518 2626 2573 de
2655 2533 2806 2573 omnt
2851 2517 2987 2582 vita,
3038 2531 3388 2587 quaecunque
3430 2530 3638 2587 corpus

2054 2607 2423 2662 administrat.
2476 2605 2589 2661 Hoc
2639 2612 2816 2660 autem
2848 2604 2967 2659 dico
3020 2614 3238 2674 propter
3283 2604 3638 2659 irrationabi-

2054 2694 2185 2750 lium
2215 2692 2528 2749 aniinalium
2566 2694 2796 2755 animas,
2824 2693 2891 2749 de
2927 2692 3122 2763 quibus
3156 2693 3444 2749 multorum
3482 2697 3639 2751 varia

2055 2786 2321 2840 sententia
2350 2794 2451 2841 est.
2481 2784 2586 2839 Alii
2617 2799 2849 2855 namque
2874 2783 3079 2849 dicunt,
3108 2799 3201 2839 eas
3236 2792 3354 2853 post
3385 2786 3640 2855 corporis

2056 2872 2333 2928 interitum
2355 2874 2559 2939 vivere,
2585 2873 2674 2928 alii
2701 2888 2851 2937 vero,
2874 2887 2996 2927 cum
3039 2872 3349 2940 corporibus
3380 2873 3639 2939 interire,

2057 2981 2158 3021 nec
2181 2966 2379 3020 diutius
2407 2980 2644 3020 manere.
2689 2965 2765 3020 De
2793 2980 2897 3034 qua
2923 2964 3238 3035 quaestione
3264 2979 3436 3034 pauca
3466 2966 3641 3036 pauiu

2055 3057 2463 3125 postdiccmus.
2495 3054 2913 3111 Generalissime
2942 3054 3104 3124 igitur
3127 3056 3270 3109 vitae
3310 3056 3484 3124 prima
3522 3073 3641 3112 ma-

2054 3146 2308 3215 ximaque
2337 3145 2530 3200 divisio
2557 3155 2642 3201 est
2671 3145 2723 3200 in
2749 3160 2870 3199 eam
2894 3142 3272 3206 differentiam,
3295 3160 3435 3213 quae
3465 3148 3641 3202 ratio-

2056 3235 2288 3291 nabilem
2318 3236 2387 3291 ab
2422 3235 2781 3291 irrationabili
2822 3243 3086 3306 segregat.
3119 3234 3184 3290 Et
3210 3234 3493 3290 rationalis
3516 3238 3640 3308 qui-

2056 3325 2177 3379 dem
2218 3326 2327 3380 vita
2369 3325 2571 3396 angelis
2607 3325 3022 3393 hominibusque
3066 3324 3347 3379 distributa
3391 3316 3636 3390 est;$ed

2057 3415 2110 3470 in
2139 3415 2366 3485 angelis,
2397 3415 2561 3471 veluti
2594 3416 2845 3485 specialis
2876 3415 3281 3485 significationis
3319 3431 3510 3479 causa,
3554 3417 3641 3472 in-

2057 3507 2371 3562 tellectualis
2425 3507 2641 3569 dicitur,
2686 3507 2738 3560 in
2778 3506 3085 3560 hominibus
3141 3521 3269 3561 vero
3330 3506 3634 3564 rationalis.

2061 3596 2420 3652 Veruntamen
2465 3596 2705 3652 consulta
2746 3597 2992 3660 veritate,
3028 3606 3083 3651 et
3120 3596 3172 3649 in
3211 3597 3433 3664 angelis,
3478 3606 3543 3652 et
3581 3599 3638 3654 in

2056 3688 2365 3741 hominibus
2412 3686 2789 3742 intellectualis
2826 3696 2882 3741 et
2936 3686 3213 3741 rationalis
3252 3695 3365 3752 est;
3402 3688 3640 3757 ideoque

2057 3779 2417 3832 communiter
2446 3777 2511 3831 de
2554 3778 2620 3833 iis
2661 3778 3004 3847 praedicatur
3034 3778 3138 3831 vita
3180 3778 3557 3847 intellectualis
3581 3789 3640 3835 et

2058 3864 2355 3919 rationalis.
2383 3852 2467 3920 ‘Ad
2491 3864 2846 3920 dilferentiam
2876 3874 3052 3919 tamen
3080 3864 3493 3935 relinquitur,ut
3517 3867 3638 3937 ipsa

2058 3957 2164 4010 vita
2211 3956 2515 4011 intellectus
2547 3957 2598 4010 in
2628 3956 2848 4026 angelis,
2882 3956 2935 4009 in
2970 3956 3276 4011 hominibus
3310 3956 3489 4008 anima
3536 3972 3639 4011 vo-

2055 4047 2271 4101 citctur.
2329 4045 2444 4101 Non
2485 4046 2628 4101 enim
2667 4046 2817 4101 alia“
2845 4045 2982 4100 ratio
3024 4045 3155 4098 mihi
3198 4044 3451 4105 occurrit.
3492 4061 3640 4115 quae

2055 4134 2360 4206 prohibeat,
2384 4136 2680 4204 angelicam
2707 4136 2870 4189 vitam
2902 4134 3134 4188 animam
3173 4134 3353 4187 vocari
3394 4135 3641 4189 rationa-

2056 4226 2196 4294 lem;
2230 4227 2680 4297 quemadmodum
2707 4241 2812 4279 non
2839 4225 3107 4294 prohibet,
3138 4223 3429 4278 humanam
3472 4225 3637 4280 ratio-

2057 4317 2233 4373 nalem
2274 4317 2623 4381 intellectum,
2652 4317 2966 4387 praesertim
2997 4317 3123 4371 dum
3160 4316 3333 4386 angeli
3378 4315 3641 4373 caelestia

2057 4399 2437 4487 sualcorpora,
2472 4409 2526 4462 in
2554 4410 2749 4478 quibus
2793 4420 2954 4476 saepe
3002 4415 3279 4477 apparent,
3331 4406 3635 4474 possident.

2057 4498 2135 4553 Ac
2175 4512 2274 4569 per
2309 4500 2432 4562 hoc,
2472 4499 2517 4553 si
2559 4513 2783 4567 corpora
2833 4497 3033 4553 habere
3077 4495 3451 4565 perhibentur,
3501 4498 3640 4566 quid

2057 4591 2260 4653 obstet,
2301 4605 2367 4643 ne
2413 4590 2623 4644 illorum
2654 4591 2760 4644 vita
2786 4590 2963 4643 anima
2995 4589 3227 4651 dicatur,
3277 4588 3489 4658 ignoro,
3529 4590 3637 4644 nisi

2057 4678 2189 4743 sola,
2224 4688 2281 4732 ut
2306 4679 2670 4749 praediximus
2692 4679 2733 4744 ⁸,
2758 4678 3133 4734 vocabulorum
3156 4676 3637 4747 dill‘erentia,quo-

2057 4771 2216 4825 modo
2239 4778 2288 4824 et
2320 4771 2537 4841 angelos
2564 4772 2633 4826 ad
2674 4770 2959 4840 imaginem
3000 4770 3093 4825 Dei
3144 4768 3314 4825 factos
3338 4785 3445 4824 non
3475 4769 3635 4824 dubi—

2056 4868 2255 4914 tamus.
2290 4858 2391 4915 Ubi
2422 4860 2563 4914 enim
2591 4869 2673 4915 est
2706 4862 2840 4914 ratio
2870 4868 2927 4915 et
2966 4859 3282 4922 intellectus,
3329 4858 3399 4913 ibi
3442 4857 3632 4929 imagio

2060 4966 2184 5006 nem
2225 4950 2319 5004 Dei
2348 4950 2536 5006 deesse
2568 4950 2713 5005 nullo
2754 4951 2910 5005 modo
2954 4950 3293 5006 crediderim.
3328 4948 3511 5004 Solum
3555 4958 3637 5002 ta-

2060 5057 2181 5097 men
2203 5043 2463 5097 hominem
2485 5043 2552 5096 ad
2583 5043 2857 5112 imaginem
2882 5042 2974 5096 Dei
3011 5043 3208 5113 factum
3238 5041 3522 5096 manifeste
3551 5039 3635 5094 di-

2061 5132 2181 5186 vina
2212 5133 2460 5202 perhibet
2483 5131 2783 5202 Scriptura.
2814 5131 2889 5186 De
2913 5130 3134 5185 Platone
3163 5129 3319 5195 sileo,
3352 5145 3418 5184 ne
3444 5128 3633 5181 videar

2059 5232 2260 5279 sectam
2290 5222 2431 5277 illius
2452 5222 2625 5292 sequi,
2649 5223 2740 5293 qui
2767 5222 2973 5285 definit,
3006 5221 3217 5291 angelos
3246 5236 3356 5274 esse
3376 5213 3635 5272 animalia

2061 5314 2393 5369 rationabilia
2430 5313 2768 5369 immortalia.
2820 5312 2901 5368 Ad
2951 5312 3305 5368 diﬂ'erentiam
3358 5325 3486 5380 ergo
3530 5307 3637 5361 bu-

1666 5429 1919 5484 VARlAE
1959 5424 2365 5483 LECTIONES.
2426 5434 2443 5450 ’

456 5516 469 5547 ¹
507 5515 547 5571 C
577 5516 933 5594 (illocalitatis.
1010 5520 1031 5551 ⁸
1055 5519 1110 5594 Ἀ
1148 5519 1364 5574 inducit.
1444 5519 1463 5550 ⁸
1500 5519 1551 5573 in
1578 5520 1866 5584 -,uibus.——
1893 5517 2201 5589 phantasiae
2231 5516 2512 5586 formatur"
2526 5529 2633 5572 om.
2675 5513 2736 5572 C.
2812 5513 2835 5546 ⁵
2935 5513 3155 5569 videtur.

385 5584 406 5616 ⁸
431 5587 468 5637 .\
505 5599 552 5638 ut
582 5588 952 5653 praediximus,
986 5589 1119 5642 sola.

3252 5511 3274 5544 ⁸
3293 5508 3400 5564 alia
3423 5523 3532 5566 om.
3562 5506 3630 5563 Α.
