3884 6156
254 292 352 348 ΤΒ

1078 293 1162 346 ως
1207 291 1546 348 DIVISIO}!
1585 293 1936 350 NATURAE.
1968 325 2032 336 -ο
2075 293 2276 350 LIBER
2320 291 2641 350 TERTIUS.

3374 293 3484 350 ’γει

249 422 432 463 mauae
467 415 698 462 naturae
725 405 794 460 ab
828 405 1067 485 angelica
1098 407 1405 461 substantia
1436 408 1659 462 relictae
1683 417 1810 463 sunt
1839 419 1884 472 Α
1914 407 2071 474 lium,
2105 423 2257 462 suam
2293 407 2774 462 rationabilitatem
2827 419 2934 461 non
2959 419 3256 470 aeserens;
3289 405 3484 470 nutrit,

249 502 346 556 hae
402 498 854 568 signiﬁcationes,
910 499 1090 552 anima
1134 499 1384 554 videlicet
1423 501 1725 566 rationalis,
1749 511 1810 556 et

245 591 419 660 imago
456 591 566 645 Dei.
599 589 990 644 lrratiouabilis
1033 582 1212 644 autem
1265 593 1372 644 vita
1417 591 1680 646 dividitur
1705 594 1720 624 ⁸
1752 594 1810 648 in

236 687 374 735 eam,
405 685 558 741 quae
591 683 806 724 sensum
832 667 1138 737 participat,
1178 665 1340 735 inque
1387 680 1532 729 eam,
1577 679 1717 732 quae
1742 677 1810 717 eo

237 769 403 815 caret.
435 761 500 813 Et
527 775 630 813 una
651 757 872 827 quidem
902 757 1151 812 omnibus
1185 755 1507 811 animalibus
1545 754 1810 812 sentiendi

238 849 488 904 tirtutem
520 846 843 902 habentibus
869 846 1227 910 distribuitur,
1275 845 1443 900 altera
1485 859 1614 899 vero
1664 844 1810 899 omni

237 955 393 994 sensu
425 939 737 994 carentibus
782 938 1045 1002 materiis,
1083 953 1221 1006 quae
1249 937 1457 1006 species
1501 937 1641 990 vitae
1680 936 1809 1013 her-

237 1031 426 1085 barum
461 1029 834 1100 lignorumque
885 1027 1150 1082 dominari
1171 1030 1192 1060 ⁸
1221 1026 1547 1096 perhibetur,
1579 1033 1634 1080 et
1675 1024 1812 1078 infra

211 1136 400 1190 ,quam
439 1119 638 1173 nullam
677 1119 910 1188 speciem
939 1117 1079 1172 vitae
1124 1119 1262 1172 ratio
1309 1117 1532 1171 invenit.
1582 1115 1814 1171 Proinde

238 1221 453 1268 creatae
483 1211 623 1264 vitae
651 1220 906 1278 quattuor
939 1207 1272 1263 differentiae
1313 1207 1366 1260 in
1403 1213 1654 1276 quattuor
1693 1221 1814 1276 spe-

239 1303 423 1358 ciebus
465 1301 833 1370 colliguntur:
884 1297 1261 1354 intellectualis
1303 1297 1358 1350 in
1393 1293 1617 1364 angelis.
1655 1295 1795 1348 ratio

238 1394 376 1450 nalis
397 1392 420 1424 ³
445 1394 498 1446 in
526 1391 848 1454 hominibus,
872 1387 1134 1444 sensualis
1160 1387 1210 1438 in
1255 1384 1463 1446 bestiis,
1490 1383 1815 1438 inscusualis

239 1484 290 1539 in
320 1481 658 1549 germinibus
691 1479 999 1546 ceterisque
1029 1475 1364 1543 corporibus,
1394 1473 1446 1527 in
1478 1474 1671 1542 quibus
1701 1471 1814 1527 sola

238 1572 449 1644 Species
489 1570 769 1638 vestigium
801 1568 944 1622 vitae
979 1565 1305 1628 manifestat,
1329 1572 1388 1617 ut
1411 1567 1535 1617 sunt
1563 1571 1816 1632 quattuor

239 1664 425 1718 mundi
472 1661 757 1723 elementa,
801 1658 914 1712 sive
971 1655 1232 1724 simplicia
1295 1655 1404 1708 sint
1440 1669 1536 1722 per
1579 1668 1658 1718 se,
1702 1653 1816 1707 sive

1917 510 1970 557 et
2003 509 2163 570 auget
2187 499 2209 532 ⁸
2253 514 2456 570 corpus
2501 513 2684 564 suum,
2715 509 2774 552 ut
2800 497 2912 560 illa,
2958 514 3098 568 quae
3122 511 3286 552 sensu
3313 505 3487 560 caret,

1919 593 2228 663 herbasque
2252 607 2316 646 ac
2344 593 2482 659 ligna
2514 599 2800 660 penetrat;
2830 589 3104 657 ubiqueiu
3130 604 3188 642 se
3209 588 3321 656 ipsa
3352 597 3488 648 tota,

1911 674 1965 718 et
2009 667 2062 717 in
2100 665 2350 718 omnibus
2376 671 2522 730 tota,
2569 672 2710 718 totos
2741 678 2932 718 sensus
2976 678 3106 719 suos
3137 665 3390 722 custodit.
3431 665 3491 722 In

1910 752 2124 807 ossibus
2151 767 2304 821 ergo,
2331 762 2384 807 et
2422 753 2707 824 unguibus,
2742 763 2798 806 et
2825 753 3030 824 capillis
3055 754 3163 808 vim
3186 755 3499 826 germinalis

1912 841 2058 896 vitae
2087 841 2294 910 aperit;
2337 857 2474 910 quae
2510 851 2689 911 partes
2730 843 2911 898 nostri
2936 844 3212 913 corporis,
3241 846 3497 914 quoniam
3567 867 3570 870 ’

1912 935 2024 989 aeri
2051 934 2265 1004 perviae
2289 949 2392 987 non
2428 940 2572 997 sunt,
2597 933 2800 988 nullum
2817 949 3033 989 sensum
3063 933 3407 1004 participant.
3435 934 3498 992 In

1911 1023 2346 1093 quinquepertito
2395 1036 2652 1076 sensuum
2721 1023 3080 1078 instrumento
3141 1023 3498 1082 irrationabili

1913 1114 2054 1170 vitae
2091 1113 2486 1191 communicat,
2517 1128 2654 1182 quae
2697 1113 3010 1169 animalium
3051 1115 3260 1191 ratione
3299 1131 3494 1172 canen-

1913 1207 2045 1264 tium
2075 1189 2291 1274 pr'opria
2319 1203 2584 1258 subsistit.
2613 1204 2672 1258 In
2705 1204 2790 1258 his
2813 1205 3063 1259 omnibus
3084 1189 3190 1274 per
3229 1220 3288 1261 se
3320 1206 3494 1276 ipsam

1913 1296 2159 1366 quamvis
2185 1308 2348 1364 saepe
2375 1293 2820 1348 irrationabiliter
2838 1303 3138 1360 moveatur,
3169 1297 3374 1351 ratione
3397 1311 3495 1352 sua

1913 1397 2102 1438 carere
2140 1392 2332 1436 natura
2380 1399 2485 1437 non
2522 1383 2670 1437 sinit.
2702 1381 2874 1438 Omne
2915 1391 3124 1449 autem,
3155 1386 3297 1455 quod
3321 1393 3501 1456 potest

1910 1482 2129 1544 praeter
2170 1473 2269 1527 has
2312 1472 2615 1542 praedictas
2647 1472 2906 1538 virtutes,
2954 1472 3257 1529 viviﬁcandi
3297 1475 3502 1532 scilicet

1914 1565 2295 1633 nutriendique
2349 1579 2414 1619 ac
2459 1564 2722 1619 sentiendi
2769 1579 2867 1635 per
2915 1579 3140 1629 sensus,
3191 1564 3304 1620 sive
3345 1576 3499 1638 agat,

1915 1654 2031 1708 sive
2059 1654 2311 1723 patiatur,
2339 1663 2493 1708 extra
2520 1669 2717 1724 corpus
2738 1669 2890 1708 suum
2922 1669 3083 1724 agere
3106 1655 3190 1710 vel
3216 1657 3326 1726 pati
3352 1668 3501 1711 recta

239 1751 537 1820 composita
569 1765 584 1803 :
617 1759 812 1802 terram
852 1746 990 1809 dico,
1021 1759 1238 1813 aquam,
1269 1752 1322 1798 et
1351 1743 1370 1774 ⁸
1401 1758 1547 1808 aera,
1575 1743 1816 1797 aethera-
1845 1737 1892 1796 Β
1923 1745 2132 1800 ratione
2145 1745 2514 1813 cognoscitur.
2538 1743 2634 1798 His
2659 1744 2840 1814 itaque
2863 1745 2928 1799 de
2951 1745 3300 1800 divisionibus
3327 1747 3501 1816 deque

241 1856 363 1911 que.
408 1841 485 1892 Ac
508 1853 604 1908 per
626 1838 728 1891 hoc
768 1851 872 1890 non
902 1835 1169 1889 immerito
1199 1833 1396 1887 dicitur
1423 1833 1581 1886 homo
1616 1842 1819 1885 creatu-

240 1945 423 1982 rarum
450 1927 680 1994 omniant
710 1924 944 1992 ofﬁcina,
976 1923 1228 1991 quoniam
1265 1922 1316 1975 itt
1353 1921 1468 1990 ipso
1502 1918 1821 1974 universalis

239 2028 490 2075 creatura
536 2017 858 2071 continetur.
901 2014 1157 2084 lntelligit
1207 2014 1424 2084 quidem
1470 2023 1530 2068 ttt
1574 2013 1818 2084 angelus,

241 2109 601 2163 ratiocinatur
631 2117 689 2161 ut
719 2106 1088 2170 homo,‘sentit
1129 2113 1194 2159 ut
1236 2105 1432 2158 animal
1487 2105 1820 2170 irrationale,

239 2200 372 2254 vivit
406 2206 466 2250 ut
487 2212 728 2268 germen,
758 2211 984 2266 corpore
1005 2195 1292 2264 animaque
1331 2197 1594 2262 subsistit,
1625 2197 1822 2251 nullius

240 2299 530 2344 creaturae
573 2301 783 2356 expers.
814 2286 977 2339 Extra
1023 2286 1157 2340 haec
1196 2285 1340 2339 enim
1388 2284 1586 2340 nullam
1617 2296 1824 2341 creatu-

243 2397 359 2434 ram
397 2380 629 2433 invenis.
661 2377 766 2434 Sed
809 2376 1054 2432 fortassis
1077 2377 1200 2448 quis
1227 2378 1442 2443 dixerit,
1482 2379 1618 2433 haec
1643 2380 1820 2434 omnia

241 2467 293 2522 in
319 2468 521 2538 ang/elo
548 2481 760 2537 quoque
801 2467 1084 2522 contineri.
1115 2465 1211 2520 Cui
1245 2469 1562 2536 respondeo,
1601 2483 1822 2523 sensum

241 2560 572 2614 animalibus
628 2559 971 2612 distributum
1013 2574 1117 2611 non
1173 2573 1330 2627 posse
1375 2559 1688 2623 subsistere,
1719 2559 1822 2613 nisi

243 2650 291 2704 in
320 2664 561 2718 corpore
609 2664 674 2703 ex
729 2657 982 2717 quattuor
1029 2648 1309 2703 elementis
1353 2649 1666 2704 constituto.
1705 2647 1822 2704 Non

229 2743 392 2796 enim
417 2741 440 2771 ⁸
466 2741 568 2794 erit
622 2739 788 2803 visus,
824 2739 914 2792 ubi
946 2753 1048 2792 non
1077 2747 1160 2793 est
1189 2738 1349 2806 ignis,
1389 2753 1562 2807 neque
1589 2739 1822 2804 auditus,

249 2836 293 2886 si
323 2845 431 2884 aer
466 2829 636 2892 desit;
669 2828 892 2882 humore
931 2827 1208 2882 subtracto
1240 2843 1341 2882 nec
1374 2826 1607 2894 olfactus
1649 2843 1823 2881 rema-

250 2918 401 2974 nebit
432 2933 529 2972 nec
555 2928 771 2988 gustus;
824 2925 998 2970 terrae
1041 2916 1284 2970 absentia
1337 2925 1503 2969 totum
1559 2917 1824 2970 abstrahit

245 3019 478 3065 tactum.
533 3009 768 3078 Corpora
813 3023 941 3062 vero
970 3008 1211 3078 angelica
1259 3009 1524 3077 simplicia
1566 3009 1821 3078 spiritua-

1918 1834 2238 1890 diﬂ‘erentiis
2299 1833 2739 1905 generalissimae
2787 1834 2928 1889 vitae
2981 1837 3343 1906 praecognitis
3429 1837 3500 1891 ad

1919 1925 2232 1997 praedictae
2253 1924 2584 1993 quaestionis
2606 1923 2991 1979 reserationem
3009 1965 3024 1990 ,
3055 1933 3312 1994 quantum
3346 1927 3508 1982 datur

1921 2015 2079 2070 nobis
2103 2014 2364 2083 intelligi,
2394 2015 2711 2080 redeamus,
2737 2014 2994 2084 quoniam
3023 2015 3192 2084 ipsius
3219 2017 3507 2073 occasione

1919 2107 2055 2162 haec
2081 2107 2147 2160 de
2169 2105 2404 2177 generali
2429 2106 2606 2160 anima
2636 2121 2731 2161 seu
2761 2107 2867 2161 vita
2897 2105 3216 2177 interposita
3245 2117 3390 2164 sunt.

1989 2195 2079 2252 58.
2123 2197 2217 2251 Est
2240 2196 2387 2250 enim
2414 2197 2748 2266 quaesitum,
2782 2211 2949 2264 quare
2980 2197 3032 2250 in
3063 2199 3320 2268 Operibus
3347 2208 3508 2270 quat-

1924 2297 2048 2345 tuor
2071 2287 2499 2358 primordialium
2527 2287 2735 2342 dierum
2766 2287 2965 2340 nullius
2993 2291 3136 2342 vitae
3171 2303 3264 2342 seu
3291 2290 3504 2344 animae

1923 2379 2360 2435 commemoratio
2408 2377 2548 2432 facta
2599 2378 2701 2442 sit,
2748 2378 2937 2446 quinto
2977 2388 3155 2434 autem
3195 2380 3282 2435 die
3324 2382 3504 2439 subito

1922 2484 2209 2538 erumpens
2260 2467 2538 2537 Scriptura
2586 2483 2600 2521 :
2649 2465 2953 2522 Producant
2983 2509 2998 2533 ,
3053 2469 3260 2538 inquit,
3339 2489 3509 2542 aquae

1923 2558 2102 2628 reptile
2141 2558 2348 2612 animae
2383 2558 2618 2612 viventis.
2678 2557 2788 2614 Nec
2827 2558 3147 2629 simpliciter
3188 2562 3323 2616 dixit
3359 2563 3379 2594 "
3421 2579 3505 2617 re-

1921 2646 2045 2717 ptile
2083 2647 2324 2712 animae,
2376 2647 2471 2702 sed
2511 2661 2633 2702 cum
2681 2647 3048 2704 additamenta
3084 2651 3311 2714 viventis,
3351 2654 3509 2722 quasi

1923 2741 2102 2794 anima
2127 2753 2232 2794 non
2255 2739 2326 2794 sit
2346 2738 2555 2794 vivens.
2579 2739 2644 2792 Et
2663 2747 2747 2794 est
2769 2755 2952 2804 causa,
2977 2751 3034 2794 ut
3057 2743 3268 2810 opinor,
3295 2744 3508 2812 species

1926 2828 2044 2893 illa,
2079 2843 2239 2897 quam
2272 2828 2325 2882 in
2371 2828 2724 2883 divisionibus
2755 2829 3023 2898 generalis
3065 2830 3210 2885 vitae
3246 2833 3506 2887 extimam

1923 2919 2220 2988 posuimus.
2277 2918 2345 2973 Et
2396 2919 2624 2982 merito,
2671 2919 2925 2987 quoniam
2977 2920 3152 2974 omnis
3206 2920 3509 2978 intellectus

1925 3018 1980 3064 et
2017 3009 2241 3063 rationis
2295 3024 2490 3079 expers
2527 3009 2548 3040 ⁸
2588 3008 2767 3064 subtili
2808 3019 3121 3066 naturarum
3169 3012 3512 3084 indagatione

243 3103 430 3170 linque
457 3109 600 3161 sunt,
641 3099 894 3168 omnique
923 3100 1176 3154 exteriori
1223 3115 1384 3154 sensu
1415 3101 1674 3154 carentia.
1707 3099 1823 3154 Non
1853 3088 1897 3149 C
1931 3099 2226 3168 reperitur;
2277 3112 2342 3152 ac
2392 3097 2558 3151 veluti
2610 3097 2754 3151 nulla
2807 3099 2947 3166 vita,
3001 3116 3094 3156 seu
3150 3103 3358 3168 anima,
3413 3118 3512 3159 seu

246 3193 398 3245 enim
452 3190 782 3244 sensibilium
829 3204 1007 3242 rerum
1068 3191 1314 3244 notitiam
1363 3205 1460 3260 per
1517 3191 1826 3260 phantasias

251 3294 539 3351 corporum
568 3279 854 3349 accipiunt,
897 3279 988 3332 sed
1013 3294 1226 3334 omnem
1253 3279 1587 3348 corporalem
1617 3289 1828 3343 creatu.

251 3391 364 3428 tam
400 3375 456 3426 in
487 3374 665 3426 causis
701 3371 814 3426 suis
846 3370 1216 3439 spiritualibus
1243 3371 1593 3441 Spiritualiter
1620 3371 1829 3442 perspi-

250 3468 422 3530 ciunt,
468 3464 913 3534 quemadmodum
956 3463 1121 3518 visuri
1147 3478 1353 3526 sumus,
1383 3479 1503 3518 cum
1534 3463 1600 3516 ad
1636 3477 1832 3524 aequa-

253 3551 462 3611 litatem
494 3565 719 3609 naturae
746 3571 930 3610 eorum
977 3554 1472 3608 trausmutabitnur.
1516 3552 1688 3608 Sensu
1731 3555 1832 3608 ita-

251 3662 354 3718 que
379 3662 648 3716 corporeo
682 3654 864 3700 carent
893 3645 1087 3715 angeli,
1113 3647 1238 3712 quia
1265 3659 1427 3712 super
1457 3645 1628 3715 ipsum
1668 3654 1826 3709 sunt;

252 3752 314 3793 ac
345 3754 445 3808 per
475 3739 577 3791 hoc
608 3738 769 3792 totius
798 3735 1178 3790 irrationabilis
1223 3736 1366 3790 vitae
1405 3745 1674 3805 expertes,
1717 3737 1831 3791 sive

252 3829 541 3893 sensualis,
573 3829 686 3884 sive
711 3829 855 3884 omni
897 3842 1056 3881 sensu
1085 3826 1346 3896 privatae,
1378 3827 1688 3895 compositis
1713 3842 1834 3882 cor-

252 3921 706 3992 ruptibilibusque
734 3920 1050 3989 corporibus
1097 3934 1212 3986 non,
1247 3927 1556 3989 gravantur.
1600 3917 1833 3973 Proinde

251 4014 425 4068 multa
453 4014 690 4083 reperies
719 4012 771 4068 in
816 4012 1051 4075 homine,
1082 4027 1220 4081 quae
1261 4026 1602 4080 nequaquam
1642 4023 1832 4064 natura

251 4106 451 4174 recipit
469 4105 740 4175 angelica;
774 4119 877 4157 non
907 4111 1083 4157 autem
1106 4102 1349 4157 subsistit
1373 4103 1426 4156 in
1448 4101 1639 4171 angelo
1664 4117 1755 4156 seu
1781 4101 1832 4155 in

250 4194 362 4252 alia
380 4203 652 4260 creatura,
675 4194 816 4265 quod
832 4195 1150 4249 naturaliter
1167 4194 1369 4248 homini
1393 4209 1494 4248 non
1518 4185 1663 4247 insit.
1685 4193 1749 4246 Et
1768 4207 1836 4246 ne

253 4288 429 4354 dicas,
450 4290 495 4343 si
515 4305 643 4358 ergo
673 4289 848 4342 omnis
875 4289 1080 4357 species
1110 4288 1250 4341 vitae
1281 4287 1332 4340 in
1360 4287 1577 4340 homine
1599 4295 1701 4350 est,
1727 4301 1834 4340 non

254 4397 446 4446 unam,
475 4381 568 4436 sed
599 4381 814 4444 multas,
841 4388 896 4433 et
931 4395 960 4433 a
991 4393 1050 4434 se
1072 4377 1380 4433 differentes
1404 4378 1543 4432 vitas
1571 4378 1832 4441 continet,

254 4473 467 4528 habens
492 4471 852 4526 irrationalem
879 4479 934 4526 el.
961 4471 1301 4535 rationalem,
1332 4469 1636 4525 sensualem
1677 4470 1834 4524 simul

253 4573 316 4621 et
343 4563 694 4635 germinalem
719 4581 732 4616 :
760 4564 967 4618 intuere
992 4563 1296 4633 diligentius
1334 4564 1604 4618 humanae
1626 4563 1836 4617 animae

255 4654 552 4724 potentias,
573 4668 711 4722 quae
738 4655 863 4706 dum
895 4653 966 4706 sit
997 4653 1158 4707 unius
1182 4651 1528 4721 ejusdemque
1551 4651 1841 4726 subsisten-

260 4742 392 4807 tiae,
418 4751 472 4796 et
500 4741 734 4802 virtutis,
766 4750 820 4796 et
840 4742 1166 4811 operationis
1192 4741 1245 4796 in
1265 4741 1514 4796 omnibus
1535 4741 1691 4796 simul
1718 4756 1836 4795 coro

257 4832 484 4901 poribus
533 4830 786 4885 humanis
827 4840 882 4886 et
909 4831 1252 4903 generaliter,
1279 4830 1418 4911 et/in
1457 4828 1680 4900 singulis
1712 4844 1837 4899 spe-

259 4921 494 4986 cialiter,
519 4933 744 4976 cunctos
781 4931 959 4976 tamen
987 4920 1179 4976 vitales
1207 4929 1405 4984 motus,
1422 4920 1844 4974 administratio-

257 5025 470 5081 aesque
498 5011 552 5065 in
575 5026 803 5081 corpore
829 5027 953 5077 suo,
982 5013 1121 5066 intra
1160 5026 1255 5068 seu
1295 5022 1446 5067 extra
1500 5018 1674 5082 potest
1720 5026 1844 5080 per-

259 5116 446 5172 agere.
479 5101 760 5170 Siquidem
788 5103 926 5157 ultra
953 5117 1240 5172 corporeos
1268 5118 1460 5158 sensus
1481 5111 1534 5156 et
1555 5103 1844 5157 ratiocina—

262 5203 363 5246 tur
385 5203 437 5246 et
465 5194 739 5265 intelligit,
769 5203 829 5249 ut
864 5195 1102 5266 angelica
1127 5195 1266 5260 vita;
1297 5195 1350 5249 in
1379 5194 1626 5249 sensibus
1649 5210 1842 5264 corpo-

263 5283 386 5341 reis
409 5286 673 5340 sentiendi
699 5301 808 5341 vnn
837 5295 1053 5342 exercet
1097 5286 1448 5342 similitudine
1500 5285 1844 5358 irrationabi-

1928 3191 2114 3244 vivens
2133 3189 2312 3242 anima
2343 3187 2430 3251 sit,
2465 3188 2654 3242 siletur
2673 3203 2703 3241 a
2729 3188 3029 3260 Scriptura,
3063 3199 3122 3246 ιιι
3152 3192 3513 3264 intelligamus

1929 3297 2045 3336 eam
2068 3281 2411 3335 novissimam
2442 3294 2506 3333 ac
2529 3279 2550 3310 ’
2575 3279 3096 3350 imperfectissimam
3149 3286 3515 3343 essentialiter

1929 3381 2142 3428 creatae
2171 3372 2311 3425 vitae
2340 3372 2826 3442 participationem.
2861 3375 2937 3430 Ac
2971 3390 3068 3444 per
3096 3376 3198 3431 hoc
3226 3377 3346 3447 plus
3372 3381 3516 3436 inter

1930 3464 2240 3534 corporales
2269 3478 2553 3529 numeros,
2595 3479 2756 3534 quam
2803 3465 2946 3520 inter
2992 3467 3182 3524 vitales
3223 3485 3516 3527 connume-

1931 3555 2158 3610 randutn
2210 3555 2390 3609 divina
2436 3555 2618 3609 sanxit
2669 3556 2982 3611 auctoritas.
3030 3557 3196 3613 Recte
3256 3559 3420 3630 igitur
3458 3559 3513 3615 in

1931 3646 2186 3715 operibus
2220 3653 2478 3715 quattuor
2517 3647 2722 3700 dierum
2747 3687 2762 3711 ,
2793 3647 2845 3701 in
2880 3649 3075 3718 quibus
3105 3651 3315 3720 species
3336 3652 3514 3706 caele-

1932 3736 2092 3789 stium
2124 3736 2572 3805 terrestriumquc
2601 3738 2958 3792 essentiarum
2988 3753 3052 3792 ex
3083 3741 3261 3796 causis
3287 3743 3514 3811 primor-

1933 3825 2165 3880 dialibus
2210 3827 2582 3894 producuntur
2624 3827 2676 3881 in
2718 3837 2997 3897 apertum,
3038 3838 3090 3885 et
3129 3831 3513 3898 perfectionem

1933 3932 2064 3972 suae
2117 3916 2456 3972 formatiouis
2507 3917 2814 3988 accipiunt,
2870 3919 3028 3988 hujus
3091 3921 3272 3974 vitalis
3335 3930 3514 3977 motus

1934 4005 2076 4060 nulla
2100 4007 2422 4078 signiﬁcatio
2449 4006 2764 4074 interposita
2789 4015 2887 4060 est.
2918 4007 3049 4060 Nam
3081 4016 3135 4062 ct
3163 4009 3213 4062 in
3247 4010 3402 4064 tertia
3426 4010 3515 4066 die

1936 4098 2144 4163 siletur,
2174 4098 2225 4151 in
2247 4114 2352 4165 qua
2382 4096 2670 4150 herbarum
2703 4097 3077 4167 lignorumque
3105 4100 3425 4168 gerntinatio
3447 4103 3516 4155 de

1939 4202 2082 4246 terra
2129 4190 2476 4259 praecipitur,
2521 4190 2571 4244 in
2616 4191 2810 4259 quibus
2856 4191 3338 4248 administrationis
3378 4209 3514 4250 suae

1938 4285 2188 4338 virtutem
2231 4283 2508 4353 corporeis
2555 4283 2804 4337 sensibus
2842 4283 3170 4338 manifestat.
3215 4284 3329 4338 Non
3368 4288 3513 4355 quod

1939 4377 2054 4446 ipsa
2091 4374 2297 4444 species
2325 4375 2465 4427 vitae
2509 4374 2563 4427 in
2595 4381 2786 4426 natura
2829 4389 3006 4428 rerum
3047 4375 3544 4443 proportionaliter'

1939 4463 2263 4520 subsistendi
2291 4463 2464 4516 locum
2490 4477 2592 4516 non
2617 4463 2890 4528 obtineat;
2925 4478 3031 4517 non
3057 4465 3202 4517 enim
3232 4465 3518 4533 parvipen-

1940 4553 2111 4608 denda
2141 4560 2226 4607 est
2248 4553 2328 4607 vis
2352 4551 2438 4604 illa
2464 4552 2723 4606 naturalis
2740 4593 2754 4618 ,
2788 4569 2924 4622 quae
2948 4555 3148 4617 omnia,
3181 4569 3319 4624 quae
3343 4564 3520 4610 terrae

1942 4642 2198 4698 radicitus
2231 4642 2535 4706 inhaerent,
2565 4651 2620 4695 ct
2649 4658 2715 4698 ex
2747 4652 2886 4697 terra
2917 4645 3190 4707 oriuntur,
3219 4646 3516 4701 secundum

1941 4735 2205 4788 infinitam
2254 4736 2696 4790 numerositatem
2739 4738 3078 4792 surculorum
3123 4739 3521 4811 herbarumque

1940 4835 1995 4882 et
2045 4826 2216 4880 nutrit
2251 4835 2307 4881 et
2345 4835 2534 4895 auget,
2587 4826 2746 4895 inque
2796 4829 3003 4896 species
3048 4832 3320 4900 proprias,
3363 4831 3520 4898 juxta

1944 4918 2276 4990 singulorum
2331 4935 2586 4988 generant
2633 4919 3069 4988 similitmlinem,
3120 4932 3176 4976 et
3221 4923 3517 4976 naturalem

1945 5011 2382 5080 consequentiam
2435 5009 2658 5074 ﬂorum,
2716 5010 3024 5077 fructuum,
3076 5015 3375 5076 seminum,
3423 5028 3520 5082 per

1947 5115 2199 5154 numeros
2253 5099 2489 5154 locorum
2537 5108 2591 5154 et
2640 5111 2939 5170 temporum
2991 5103 3256 5172 producit.
3321 5103 3518 5156 Verum

1947 5191 2201 5260 quoniam
2230 5199 2382 5244 extra
2409 5206 2604 5260 corpus
2632 5192 2706 5246 nil
2730 5207 2889 5264 agere
2916 5195 3216 5264 praevalet.
3261 5209 3358 5248 nec
3396 5209 3519 5263 per-

1946 5281 2121 5336 tectae
2157 5279 2332 5346 vitae,
2372 5281 2795 5359 corporibusque
2835 5284 3130 5348 absolutae,
3173 5284 3422 5336 virtutem
3466 5280 3519 5336 in

1545 5457 1800 5512 VARIAE
1831 5453 2116 5511 LECTION
2126 5454 2224 5509 ES.

351 5589 368 5619 ¹
402 5591 437 5643 Α
477 5593 825 5647 distribuitur.
933 5594 952 5624 '
979 5595 1017 5647 Α
1047 5596 1254 5650 donari.
1357 5595 1378 5626 ⁸
1405 5596 1442 5648 (ἶ
1476 5595 1821 5653 rationabilis.

265 5663 290 5692 ⁸
324 5666 374 5717 A
407 5679 596 5731 expers
625 5682 767 5728 esse;
802 5664 842 5720 C
869 5675 942 5718 est
966 5664 1122 5719 lineis
1153 5667 1367 5720 delevit.
1444 5666 1463 5695 ’
1503 5667 1540 5717 A
1575 5678 1644 5719 et.

1925 5593 1943 5624 ⁸
1970 5605 2015 5647 et
2063 5611 2166 5649 om.
2205 5597 2266 5648 Α.
2372 5596 2546 5650 'em'm
2579 5613 2686 5651 om.
2711 5596 2766 5650 C.
2877 5595 2894 5623 ⁶
2927 5595 2964 5649 (ἶ
2998 5597 3144 5665 rigat.
3249 5600 3268 5630 ⁷
3301 5601 3339 5656 C
3374 5603 3518 5660 dic-fa.
