3898 6154
345 310 456 370 πῖ

1752 300 2049 364 ν’]ΟᾹΝΝῙΒ
2086 303 2282 363 SCOTl

3488 288 3593 341 77.6

345 436 405 501 se
435 415 787 482 manifestat;
837 416 889 473 in
927 414 1171 472 numeris
1221 413 1522 483 corporalis
1549 423 1773 471 naturae
1801 431 1910 485 po-
1944 424 1990 479 Α
2022 415 2146 483 quia
2170 413 2225 466 in
2265 394 2597 478 atigmentam
2644 404 2758 474 ejus
2782 403 2825 467 θ,
2857 402 2996 469 quod
3040 400 3296 459 nutritur,
3344 397 3592 465 quicquid

345 515 478 577 tius,
505 528 668 584 quam
696 512 748 567 in
783 512 1072 582 speciebus
1100 511 1376 581 generalis
1409 512 1577 574 vitae.
1607 511 1817 573 divina,
1850 520 1911 564 ut

349 607 738 677 praediximus.
769 605 1095 660 auctoritate
1125 606 1384 675 deputata
1415 613 1518 659 est.
1554 603 1619 656 Et
1651 606 1911 671 quoniam

351 712 465 768 ipsa
515 712 609 768 per
635 712 714 758 se.
744 697 1061 767 germinalis
1084 697 1340 752 videlicet
1369 697 1499 757 vita,
1527 696 1647 749 sine
1702 694 1915 749 altioris

347 793 507 854 vitae,
543 788 812 842 sensualis
837 788 1040 842 diceet
1068 788 1372 848 rationalis,
1395 784 1779 838 cominunioue
1805 790 1914 850 po.

348 891 452 936 test
481 881 729 949 intelligi,
755 880 1185 934 ratioriaiiswero
1210 889 1267 933 et
1296 879 1569 932 scas-nalis
1592 878 1795 945 absque
1821 877 1910 929 illa

343 973 553 1028 nullum
587 976 788 1041 edrpus
815 982 1067 1042 vegi-tare
1091 972 1413 1025 naturaliter
1438 969 1711 1031 sinuntur,
1733 967 1912 1021 donec

342 1064 399 1119 in
445 1064 826 1133 superioribus
858 1066 1170 1119 animarum
1208 1062 1509 1117 viventium
1543 1059 1732 1114 formis
1757 1061 1915 1125 tiusi-

341 1170 582 1211 nuantur
601 1161 673 1222 '.a
692 1173 846 1212 sacra
863 1158 1143 1227 Scriptura
1167 1150 1439 1212 reservata
1461 1163 1542 1211 est
1564 1156 1605 1208 ’.
1627 1154 1820 1208 Anima
1840 1154 1913 1207 si-

341 1249 560 1316 quidem
578 1250 726 1305 omni
743 1264 908 1305 sensu
931 1264 1149 1315 carens,
1169 1260 1317 1305 metu
1338 1263 1557 1318 quoque
1573 1247 1722 1318 vitali
1741 1246 1909 1299 veluti

318 1324 547 1382 omnino
573 1338 760 1379 carere
783 1323 1013 1377 videtur.
1063 1323 1140 1375 Ae
1165 1337 1264 1389 per
1288 1322 1390 1374 boc
1414 1319 1595 1372 anima
1622 1317 1918 1372 solummo-

304 1412 392 1470 ‘do
411 1412 628 1477 dicitur,
659 1428 765 1467 non
796 1420 975 1465 autem
994 1410 1180 1464 vivens
1206 1408 1405 1463 anima.
1429 1405 1542 1463 Nec
1567 1408 1671 1461 boc
1691 1405 1914 1461 mirum.

322 1502 383 1561 Si
411 1505 556 1560 enim
582 1504 633 1558 in
669 1501 966 1558 infantibus
991 1502 1044 1555 in
1075 1509 1229 1556 utero
1253 1498 1530 1569 conceptis
1558 1505 1651 1551 aut
1667 1498 1736 1552 ex
1761 1505 1921 1553 utero

321 1595 723 1668 egredientibus
752 1593 875 1648 talis
905 1592 1086 1648 anima
1110 1590 1471 1653 existimatur,
1499 1585 1664 1642 veluti
1691 1587 1923 1642 rationis

323 1686 823 1758 intelligentiaeque
850 1683 1072 1740 omnino
1098 1696 1315 1752 expers,
1343 1694 1466 1737 cum
1491 1689 1551 1735 et
1588 1677 1922 1734 rationabilis

2016 505 2325 560 conveniens
2368 512 2465 564 est,
2490 497 2668 567 a/fert.
2702 494 2828 565 Ipsa
2860 495 3022 548 etiam
3049 489 3352 560 germinalis
3376 489 3592 549 dicitur,

2018 608 2066 651 et
2094 596 2237 648 circa
2284 590 2530 662 germina
2583 587 2991 646 consideratur;
3032 592 3236 635 necesse
3283 590 3357 633 est
3385 580 3425 609 '°
3452 580 3594 631 enim

2015 685 2179 738 etiam
2212 683 2268 735 in
2289 678 2612 750 germinibus
2628 674 2845 731 vitalem
2866 672 3135 742 quandam
3152 671 3394 723 virtutem
3410 680 3598 719 sensus

2019 785 2288 843 expertem
2314 768 2558 839 intelligi.
2591 767 2775 823 Altera
2814 780 2936 819 vero
2986 758 3201 833 praeter
3234 762 3370 813 Itane
3395 759 3596 828 species

2018 871 2154 923 vitae
2186 876 2283 926 est.
2312 880 2449 933 quae
2472 863 2637 915 ethoc
2670 859 2843 924 habet,
2870 857 3007 926 Quod
3033 848 3308 925 praedicta
3335 852 3591 921 possidet.

2019 966 2231 1032 insuper
2253 964 2412 1014 etiam
2430 973 2523 1027 per
2557 971 2771 1010 sensum
2794 950 3166 1005 administrari
3188 947 3408 1015 accepit.
3438 944 3595 1009 Quae

2017 1055 2217 1125 species
2249 1054 2304 1106 in
2338 1060 2534 1105 natura
2563 1064 2735 1101 rerum
2762 1046 2801 1077 ¹¹
2825 1040 3281 1097 irrationabilium
3309 1048 3411 1091 est.
3448 1036 3595 1090 Nam

2021 1154 2124 1206 non
2142 1151 2310 1205 solum
2329 1149 2494 1201 nutrit
2527 1154 2576 1199 et
2602 1152 2781 1213 auget,
2816 1139 2906 1196 sed
2939 1140 3100 1193 etiam
3132 1135 3436 1192 sensualem
3467 1148 3599 1201 ape—

2022 1248 2278 1299 ratiouem
2308 1239 2792 1308 perceptionemque
2821 1236 2867 1267 “
2899 1228 3075 1286 habet.
3102 1228 3340 1297 Perfecta
3358 1224 3597 1291 verohin

2022 1334 2239 1390 corpore
2260 1318 2371 1374 vita
2408 1320 2465 1373 in
2504 1317 2838 1382 rationabili,
2880 1317 3115 1372 humana
3154 1322 3303 1379 dico,
3345 1316 3617 1385 formatur

2022 1421 2250 1473 natura,
2296 1420 2344 1465 et
2396 1410 2645 1464 nutritiva
2694 1420 2807 1473 est,
2851 1418 2899 1462 et
2938 1408 3231 1473 sensualis,
3263 1418 3311 1461 et
3351 1408 3614 1461 rationem

2021 1505 2326 1574 participat,
2356 1514 2404 1556 et
2431 1503 2606 1556 animo
2637 1501 2678 1533 ⁸³
2700 1501 2983 1555 ministrat.
3016 1499 3158 1555 Idem
3190 1500 3241 1555 in
3269 1500 3459 1554 eodem
3491 1514 3613 1554 ser-

2024 1608 2217 1659 mone,
2257 1594 2449 1664 quinto
2484 1593 2694 1647 decimo
2730 1593 2938 1662 capite:
2984 1590 3146 1656 Tres,
3190 1591 3393 1661 inquit,
3431 1586 3617 1644 secun-

2024 1685 2152 1740 dum
2199 1684 2406 1739 vitalem
2456 1684 2700 1738 virtutem“
2744 1682 3071 1753 di/Terentias
3124 1680 3260 1737 ratio
3307 1682 3501 1736 invenit
3523 1680 3618 1733 ":

321 1787 382 1832 et
408 1776 787 1834 intellectualis
818 1776 839 1808 ³
869 1776 977 1857 sit,
1000 1774 1246 1844 quamvis
1267 1772 1497 1857 rationis
1523 1781 1587 1828 ἐι
1614 1766 1925 1827 intellectus
1958 1766 2000 1830 Β
2027 1778 2251 1847 primum
2272 1775 2481 1847 quidem
2505 1775 2807 1828 nutritivam
2824 1815 2838 1832 .
2863 1776 2976 1827 sine
2997 1773 3469 1835 sensu,secundam
3493 1787 3618 1827 vero

324 1867 525 1925 indicia
576 1868 630 1922 in
674 1850 983 1922 recentibus
1012 1866 1188 1921 adhuc
1216 1872 1272 1920 et
1301 1847 1633 1934 imperfectis
1676 1861 1919 1931 corporis

324 1956 611 2029 particulis
664 1972 771 2011 non
837 1956 1007 2027 possit
1052 1954 1440 2010 manifestare:
1491 1962 1694 2022 quanto
1748 1949 1921 2023 inagis

324 2049 509 2105 anima
537 2049 647 2113 illa,
680 2049 1069 2118 intelligentiae
1094 2048 1299 2103 viribus
1321 2057 1376 2102 et
1397 2048 1625 2102 rationis
1651 2050 1706 2101 et
1730 2040 1922 2101 sensus

324 2139 646 2196 naturaliter
675 2138 935 2193 destituta
954 2174 969 2203 ,
1003 2153 1107 2193 non
1141 2137 1414 2192 immerito
1445 2136 1659 2191 animae
1684 2137 1918 2192 viventis

321 2226 591 2285 vocabulo
619 2242 726 2282 non
759 2227 944 2283 debuit
988 2228 1043 2282 iu
1089 2227 1370 2298 Scriptura
1408 2227 1737 2299 signiﬁcari?
1776 2228 1919 2283 Dtsc.

327 2315 484 2377 Hunc
521 2333 740 2374 sensum
778 2319 1052 2389 approbo,
1089 2327 1148 2373 et
1185 2328 1410 2375 naturae
1441 2334 1623 2375 rerum
1644 2320 1922 2390 propheti—

324 2411 516 2480 eisque
541 2411 886 2466 sermonibus
912 2411 1204 2467 convenire
1232 2412 1521 2482 perspicio.
1558 2411 1923 2465 Veruntamen

325 2500 583 2570 quoniam
639 2497 793 2554 multi
845 2508 1002 2564 sunt,
1057 2500 1150 2570 qui
1203 2500 1498 2556 herbarum
1548 2498 1928 2571 lignorumque

326 2602 615 2659 corporeus
642 2587 812 2643 moles
833 2588 1056 2643 omnino
1104 2588 1321 2644 vitalem
1351 2598 1557 2645 motum
1586 2604 1691 2643 non
1719 2588 1922 2643 habere

330 2678 689 2742 contendunt,
714 2677 956 2733 dicentes
982 2678 1231 2744 humore,
1260 2692 1367 2750 quo
1388 2681 1683 2744 virescunt,
1706 2688 1761 2734 et
1780 2678 1925 2734 milia

329 2769 435 2827 alia
459 2771 572 2826 vita
604 2771 863 2841 vegetari,
898 2779 1043 2826 tuam
1072 2772 1402 2841 praedictam
1431 2773 1497 2826 de
1524 2773 1625 2827 bac
1658 2786 1716 2826 re
1742 2772 1926 2841 dispu-

335 2863 592 2919 .ationem
623 2864 772 2933 gravi
803 2863 1035 2933 quadam
1077 2859 1400 2921 auctoritate
1433 2865 1595 2920 velim
1637 2866 1880 2921 roborari
1908 2908 1923 2932 ,

333 2968 474 3025 quae
509 2962 697 3024 aperte
730 2954 1137 3025 pronuntiaret,
1169 2955 1369 3010 herbas
1402 2956 1729 3025 arboresque
1756 2956 1931 3026 quali-

326 3059 567 3117 cumque
610 3047 790 3118 Specie
836 3047 980 3103 vitae
1030 3046 1054 3080 ’⁵
1096 3046 1484 3104 administrari.
1522 3048 1661 3106 MAG.
1709 3046 1825 3105 Non
1874 3057 1931 3105 te

2022 1867 2326 1923 riutritivam
2361 1865 2570 1936 quidem
2608 1874 2657 1919 et
2697 1865 3032 1929 scnsitivam,
3068 1874 3328 1933 expertem
3369 1878 3491 1917 vero
3533 1879 3620 1916 ra-

2021 1959 2237 2015 tionalis
2264 1958 2583 2030 operationis
2604 2000 2616 2022 ,
2642 1958 2766 2012 item
2796 1958 3004 2011 tertiam
3036 1953 3398 2010 rationabilrm
3428 1963 3479 2009 et
3506 1962 3621 2026 per-

2022 2050 2212 2119 [cctam
2238 2089 2253 2113 ,
2278 2063 2582 2117 omnemque
2611 2047 2847 2100 virtutem
2877 2040 3252 2116 penetrantem.
3280 2044 3623 2115 Augustinus

2020 2143 2078 2196 in
2116 2141 2255 2196 libro
2288 2140 2356 2195 de
2393 2155 2520 2195 vera
2560 2137 2839 2206 Religione
2866 2135 2887 2190 ε’
2925 2135 3049 2190 Νοη
3076 2136 3144 2191 sit
3186 2134 3360 2193 nobis,
3404 2134 3617 2205 inQuit,

2026 2233 2208 2302 religio
2254 2232 2426 2286 cultus
2463 2231 2607 2284 illius
2648 2229 2817 2292 vitae,
2853 2242 2959 2298 qua
2995 2225 3247 2279 dicuntur
3283 2223 3497 2277 arbores
3546 2223 3620 2277 vi-

2025 2339 2170 2386 vere,
2200 2324 2447 2393 quoniam
2480 2317 2654 2372 nullus
2688 2332 2871 2371 sensus
2900 2315 2955 2368 in
2994 2312 3085 2366 illa
3112 2323 3209 2367 est.
3245 2304 3312 2364 Et
3342 2326 3407 2365 ea:
3434 2326 3500 2364 eo
3529 2318 3621 2381 ge-

2028 2431 2148 2468 nere
2173 2424 2249 2467 est
2280 2413 2380 2466 ista
2402 2453 2415 2475 ,
2441 2428 2548 2480 qua
2583 2408 2750 2463 nostri
2777 2405 3011 2476 corporis
3040 2404 3389 2459 numerositas
3419 2404 3623 2475 agitur,

2025 2526 2128 2581 qua
2153 2510 2312 2564 etiam
2339 2504 2516 2577 capilli
2542 2516 2589 2560 et
2615 2514 2732 2558 ossa
2759 2503 2964 2565 vivunt,
2991 2508 3125 2571 quae
3149 2499 3260 2553 sine
3288 2514 3445 2552 sensu
3476 2513 3627 2567 prae-

2026 2600 2290 2655 cidantur.
2322 2596 2436 2651 Hac
2459 2607 2630 2651 autem
2654 2594 2838 2648 melior
2862 2603 2934 2647 est
2960 2595 3067 2645 vita
3095 2589 3339 2653 sentiens,
3365 2597 3416 2643 et
3434 2596 3619 2642 tanien

2028 2694 2187 2748 vitam
2224 2690 2510 2745 bestiarum
2547 2686 2717 2743 colere
2756 2686 2859 2739 non
2894 2683 3159 2738 debemus.
3200 2679 3323 2735 Non
3362 2678 3432 2734 sit
3475 2677 3629 2733 nobis

2044 2767 2229 2839 religio
2265 2769 2347 2822 vel
2363 2770 2479 2836 ipsa
2511 2767 2744 2835 perfecta
2766 2776 2815 2815 et
2849 2779 3057 2832 sapiens
3094 2776 3324 2815 annnm
3346 2774 3629 2828 uiuimus,

2046 2861 2154 2915 sive
2170 2862 2223 2913 in
2244 2860 2541 2913 ministerio
2564 2858 2798 2927 partium
2823 2856 3083 2915 stabilita,
3103 2853 3208 2906 sive
3234 2853 3287 2903 in
3311 2851 3627 2903 ministerio

2036 2954 2417 3008 universitatis.
2452 2952 2517 3005 Et
2545 2952 2677 3007 haec
2724 2948 3043 3006 testimonia
3074 2943 3629 3017 praedictoruml'a-

2038 3053 2181 3099 trum
2216 3041 2285 3097 ad
2316 3058 2380 3097 ea
2412 3040 2744 3105 roboranda,
2776 3054 2917 3109 quae
2944 3036 3200 3095 diximus,
3225 3033 3543 3097 sufﬁciunt,
3567 3040 3629 3084 ut

329 3140 502 3206 latet,
534 3148 592 3194 ut
613 3140 871 3205 arbitror,
900 3141 1140 3195 omnium
1164 3140 1606 3211 philosophorum
1634 3140 1701 3196 de
1727 3141 1927 3197 mundo

2037 3133 2252 3200 opinor.
2275 3128 2726 3185 Disc.Sufticiunt
2743 3128 2988 3197 quidem,
3011 3135 3067 3180 et
3092 3125 3159 3178 ad
3182 3124 3285 3178 alia
3318 3132 3630 3177 transeun-

330 3234 728 3305 disputantium
763 3233 831 3287 de
866 3233 972 3287 hac
1006 3242 1163 3301 parte
1208 3241 1435 3285 naturae
1464 3233 1772 3287 unanimem
1813 3244 1932 3288 esse

334 3326 687 3383 sententiam.
716 3324 881 3378 Aiunt
910 3324 1086 3386 enim,
1114 3324 1294 3377 omnia
1341 3339 1587 3393 corpora,
1622 3338 1761 3394 quae
1789 3325 1929 3378 intra

335 3414 487 3471 hunc
523 3414 782 3469 mundum
821 3412 1134 3468 sensibilem
1177 3413 1542 3478 continentur,
1586 3413 1731 3469 vitali
1776 3424 1932 3469 motu

336 3500 629 3567 contineri,
663 3503 783 3557 sive.
806 3503 859 3556 in
890 3510 1033 3557 statu
1059 3502 1196 3566 sint,
1225 3504 1338 3557 sive
1362 3503 1412 3557 in
1444 3513 1609 3559 motu.
1637 3496 1783 3559 nec.
1807 3504 1935 3560 Om-

338 3593 502 3650 nibus
524 3591 1029 3663 pbilosopbautibus
1078 3606 1143 3646 ac
1187 3592 1208 3624 ⁸
1248 3592 1595 3664 philosophos
1635 3593 1934 3663 legentibus

339 3684 470 3740 illud
511 3683 850 3738 notissimum
891 3690 994 3737 est.
1048 3683 1180 3736 Nam
1226 3693 1281 3738 et
1314 3680 1470 3739 Plato
1506 3685 1560 3739 in
1601 3686 1845 3752 Timaeo,
1880 3695 1936 3742 et

337 3777 549 3834 Plinius
579 3777 846 3832 secundus
871 3777 922 3830 in
939 3774 1183 3830 Naturali
1213 3776 1471 3842 Historia,
1498 3778 1937 3836 manifestissime

339 3867 410 3923 de
424 3867 508 3922 bis
527 3880 625 3921 nos
643 3866 890 3921 edocent.
907 3866 1045 3920 MAG.
1066 3865 1122 3920 Si
1160 3862 1341 3935 itaque
1370 3875 1686 3923 sanctorum
1714 3868 1935 3925 Patrum

344 3955 656 4010 testimonia
679 3955 928 4025 quaeris,
948 3955 1071 4009 audi
1095 3950 1486 4011 nobilissimum
1502 3957 1780 4025 Basiliam,
1805 3959 1939 4013 Cae-

339 4063 537 4105 sareae
564 4048 940 4119 Cappadociae
977 4049 1307 4116 antistitem,
1348 4050 1399 4104 in
1445 4052 1672 4121 septima
1715 4052 1935 4106 bomilia

339 4142 650 4198 inGenesin
680 4160 692 4195 :
722 4140 967 4196 Eilucant
989 4159 1177 4212 aquae,
1205 4143 1396 4213 inquit,
1421 4144 1626 4214 reptilia
1641 4145 1938 4197 animarum

340 4232 602 4288 vivarum.
646 4232 804 4286 Nunc
845 4234 1072 4300 priurum
1116 4235 1408 4288 animatum
1458 4233 1661 4288 animal
1704 4245 1935 4290 creatur.

338 4320 594 4379 Gemina
625 4325 760 4378 enim
794 4333 843 4378 et
873 4324 1107 4389 arbores,
1139 4325 1235 4378 etsi
1263 4325 1428 4380 vivere
1450 4326 1698 4380 dicantur
1723 4336 1936 4397 propter

339 4414 805 4485 participationem
855 4416 1135 4469 nutritivae
1173 4426 1219 4470 et
1259 4418 1495 4472 auctivae
1524 4417 1544 4449 ⁸
1583 4419 1819 4483 virtutis,
1858 4428 1939 4473 ast

2036 3223 2186 3277 dum.
2214 3222 2284 3275 Μ.
2321 3221 2452 3277 Vide
2473 3225 2675 3291 itaque.
2726 3234 2889 3291 quam
2912 3213 3138 3289 pulchre
3177 3214 3499 3286 ingreditur
3535 3228 3627 3269 se—

2038 3317 2147 3369 ries
2182 3331 2384 3370 rerum.
2414 3315 2615 3369 divinis
2640 3313 2891 3368 ordinata
2912 3311 3175 3380 eloquiis.
3206 3308 3415 3373 Quinto
3442 3306 3629 3376 siqui-

2030 3406 2162 3462 dem
2183 3407 2269 3462 die
2296 3406 2666 3462 conditionem
2690 3392 3007 3460 animalium
3027 3399 3481 3471 quinquepertito
3498 3406 3631 3456 s‘en-

2041 3510 2103 3552 su
2133 3498 2452 3568 ponentium
2491 3500 2730 3569 primum
2761 3498 2805 3530 ¹³
2832 3488 3129 3566 depromit.

2111 3591 2201 3644 39.
2225 3589 2330 3645 Sed
2354 3590 2421 3646 de
2442 3590 2623 3647 anima
2645 3588 2897 3647 omnium
2917 3584 3381 3643 irrationabilium
3407 3586 3632 3641 anima-

2038 3681 2179 3740 lium
2211 3698 2323 3739 non
2346 3687 2702 3741 mediocriter
2731 3700 2978 3750 moveor,
3005 3700 3111 3755 qua
3143 3682 3353 3739 ratione
3392 3681 3631 3750 plurimi

2039 3784 2347 3831 sanctorum
2382 3768 2604 3823 Patrum
2647 3782 2770 3823 eum
2823 3764 3143 3836 corporibus
3191 3776 3308 3817 eam
3359 3759 3641 3827 interire,

2041 3870 2143 3920 nec
2195 3863 2396 3918 diutius
2429 3872 2749 3930 permanere
2777 3870 2935 3927 posse
2963 3852 3250 3908 afﬁrmant.
3292 3847 3538 3905 Basilius
3570 3846 3644 3901 si-

2033 3956 2258 4029 .(iuidem
2287 3954 2331 3986 ¹⁶
2358 3954 2410 4008 in
2435 3966 2574 4006 nona
2598 3948 2889 4020 "‘homilia
2921 3948 2973 4002 in
2997 3944 3231 4003 Genesin
3262 3941 3342 3994 ait
3371 3958 3386 3993 :
3422 3940 3649 3997 Educet:

2041 4063 2182 4105 terra
2212 4050 2443 4101 animam
2485 4046 2671 4099 vivam.
2714 4040 2924 4107 Quare,
2969 4034 3175 4108 inquit,
3214 4044 3353 4088 terra
3394 4028 3646 4086 animant

2040 4142 2246 4205 educit,
2277 4140 2379 4193 nisi
2408 4148 2463 4191 ut
2497 4138 2670 4190 discas
2708 4132 3060 4203 differentiam
3090 4130 3299 4183 animae
3325 4127 3543 4196 pecoris
3575 4125 3646 4178 ab

2041 4230 2218 4288 anima
2242 4228 2507 4284 hominis?
2533 4227 2605 4282 Et
2624 4226 2667 4259 “'
2691 4223 2849 4295 paulo
2871 4230 3027 4293 post:
3054 4217 3342 4289 Cognosces
3362 4215 3651 4286 quomodo

2042 4322 2220 4377 anima
2249 4319 2479 4374 hominis
2509 4316 2653 4387 facta
2682 4324 2798 4379 est;
2833 4327 2969 4367 nunc
3001 4321 3174 4365 autem
3214 4306 3343 4359 audi
3381 4306 3455 4359 de
3497 4302 3644 4358 irra-

2042 4404 2372 4467 tionabilium
2411 4406 2588 4461 anima
2616 4446 2630 4467 ,
2669 4404 2914 4476 quoniam
2945 4443 2960 4467 ,
2993 4400 3156 4473 juxta
3194 4396 3333 4468 quod
3366 4396 3650 4465 scripturn

346 4521 455 4562 non
488 4508 656 4562 etiam
694 4508 947 4561 animalia
969 4548 984 4572 ,
1026 4525 1187 4578 neque
1239 4511 1475 4564 animata
1541 4520 1680 4565 simi.
1730 4510 1938 4582 Grego-
1969 4471 2019 4530 υ
2043 4515 2153 4570 est,
2188 4502 2354 4557 omnis
2386 4491 2635 4554 anititalis'
2663 4494 2840 4549 anima
2873 4491 3088 4562 sanguis
3118 4488 3232 4559 ejus
3259 4495 3352 4541 es'.
3401 4485 3657 4556 Sanguis

344 4599 465 4653 rius
496 4598 625 4653 item
660 4597 936 4669 Nyssaeus
959 4601 1002 4664 ",
1033 4600 1123 4668 qui
1168 4601 1330 4655 etiam
1372 4601 1744 4658 Nazianzenus
1784 4618 1941 4658 voca-

344 4697 441 4745 tur
458 4701 509 4754 ι,
532 4689 793 4759 praedicti
814 4689 992 4745 Basilii
1015 4706 1302 4761 germanus
1323 4694 1514 4758 frater,
1534 4696 1586 4750 in
1609 4708 1860 4751 sermone
1878 4697 1955 4751 de

343 4782 588 4853 lmagine
614 4782 790 4851 capite
816 4792 1008 4838 octavo
1037 4802 1049 4837 :
1086 4784 1259 4850 Docet,
1292 4787 1463 4856 inquit
1487 4829 1504 4853 ,
1538 4790 1672 4842 ratio
1701 4790 1755 4842 in
1778 4789 1945 4843 tribus

340 4872 663 4943 differentiis
687 4874 893 4929 vitalem
923 4876 1306 4949 animalemque
1331 4879 1574 4934 virtutem
1596 4880 1941 4934 considerari.

347 4957 477 5015 Una
506 4963 646 5017 enim
670 4962 931 5031 quaedam
969 4974 1079 5028 est,
1117 4981 1252 5029 quae
1290 4968 1620 5020 solummodo
1657 4968 1948 5021 incremen-

348 5063 467 5108 tum
495 5055 585 5108 dat
613 5064 662 5109 et
692 5055 857 5108 nutrit
885 5071 903 5118 ;
933 5065 979 5109 et
1024 5067 1239 5110 vocatur
1268 5059 1475 5112 auctiva
1505 5059 1526 5091 ⁸
1552 5068 1599 5112 et
1632 5059 1910 5113 nutritoria
1929 5098 1944 5125 ,

2039 4582 2222 4650 autem
2260 4592 2531 4646 concretus
2568 4590 2623 4641 in
2654 4600 2864 4640 carnem
2911 4580 3109 4634 mutari
3148 4576 3468 4639 consuerit;
3521 4592 3656 4630 caro

2046 4702 2163 4743 vero
2196 4686 2443 4752 corrupta
2472 4682 2525 4734 in
2559 4677 2751 4734 terram
2785 4673 3064 4728 resolvitur
3086 4685 3104 4722 :
3130 4670 3518 4738 consequenter
3547 4679 3659 4721 ter-

2050 4795 2177 4833 rena
2213 4776 2473 4848 quaedam
2513 4782 2587 4825 est
2629 4767 2808 4822 anima
2836 4764 3220 4835 jumentbrtlm.
3266 4757 3484 4811 Ediscat
3526 4775 3658 4829 ergo

2049 4881 2189 4924 terra
2221 4846 2452 4920 animum
2486 4860 2751 4916 viventem.
2792 4854 2926 4909 Vide
2963 4846 3385 4924 canaequentiam
3426 4851 3661 4904 animae

2054 4960 2123 5013 ad
2168 4956 2504 5026 sanguinem,
2538 4947 2810 5019 sanguinis
2836 4946 2905 5000 ad
2934 4934 3174 5013 carnem,
3212 4932 3389 4995 carnis'
3427 4934 3507 4994 ad
3548 4951 3661 4995 tero

2057 5065 2210 5107 ram:
2259 5060 2307 5103 et
2353 5048 2541 5102 iterant
2588 5036 2848 5095 revolvens
2880 5054 2972 5108 per
2993 5035 3173 5090 eadem
3208 5028 3318 5087 redi
3349 5048 3381 5085 a
3412 5043 3570 5087 terra
3602 5032 3662 5088 in

1653 5217 1907 5275 \‘ARlAE
1941 5208 2343 5273 LECTIONES.

430 5334 448 5369 ³
475 5338 519 5392 Α
554 5338 932 5391 insinuaretur.
1012 5346 1033 5375 ι
1060 5338 1099 5390 (ἶ
1133 5348 1334 5393 servam
1366 5349 1464 5394 est.

1573 5342 1592 5371 ³
1630 5347 1669 5394 Α
1703 5334 2090 5395 intellectibilis.

2723 5324 2743 5353 ⁸
2769 5322 2811 5376 Ᾱ
2836 5314 2947 5373 alti.
3048 5316 3070 5348 ⁵
3101 5312 3191 5370 Sic
3220 5313 3301 5378 C;
3334 5312 3375 5366 Δ
3411 5315 3661 5369 activae.

2201 5334 2221 5364 "
2248 5335 2379 5387 vitae
2414 5345 2525 5382 om.
2556 5325 2616 5380 C.

348 5406 379 5440 ⁷
408 5404 449 5462 C
482 5406 689 5484 Nyseus
715 5450 729 5471 ,
758 5425 854 5484 per
884 5409 1079 5484 ubique
1105 5427 1118 5473 ;
1152 5413 1192 5461 A
1229 5392 1519 5480 Ngsseuns.
1606 5412 1626 5442 ⁸
1669 5382 1760 5466 ὃὶέ
1782 5382 1824 5466 ξ]
1908 5413 1949 5477 A
1985 5382 2180 5462 activa.
2214 5432 2217 5433 ν
2273 5404 2293 5434 ⁹
2325 5403 2431 5484 Pro
2469 5400 2582 5469 ejus
2610 5396 2649 5449 (Ι
2677 5410 2800 5447 non.
2972 5399 3047 5472 est
3077 5403 3186 5484 om;
3215 5386 3281 5438 Α.
3383 5382 3438 5484 ιιι,
3465 5400 3665 5484 υἷι-ατη

353 5491 469 5602 (In.
498 5458 562 5534 Cf
626 5458 788 5601 ,ςιΖᾶ
829 5458 1307 5600 pct'fltlic'tion'isque:l
1377 5483 1419 5512 ¹³
1454 5458 1759 5536 (faniam..-
1790 5458 1884 5513 νίδ
1988 5458 2228 5548 imponit.
2343 5473 2386 5504 ³⁵
2423 5458 2648 5541 primum
2683 5480 2792 5519 Olll.
2910 5460 2952 5492 ³⁸
2983 5458 3023 5513 (2
3052 5458 3279 5528 quidem.
3396 5458 3438 5484 "
3480 5467 3660 5523 vnn,

436 5563 551 5602 vm.
721 5559 767 5602 ut
797 5565 902 5602 oui.
991 5586 1003 5599 .

1879 5629 2059 5687 NOTA
2069 5631 2130 5684 Ε.

434 5739 461 5767 δ
494 5726 631 5782 Duos
660 5728 946 5799 Gregorios
978 5731 1179 5785 amicos
1209 5729 1506 5800 Nyssenutu
1536 5737 1590 5784 et
1619 5726 2020 5782 Nazianzeuum
2047 5737 2214 5778 unum
2238 5720 2383 5778 facit.
