  <div class='ocr_page' id='page_1' title='image "/cluster/home/n/w/nwhite01/storage/ocr_20150623/122/hvd.32044054759840/406.png"; bbox 0 0 3898 6154; ppageno 0'>
   <div class='ocr_carea' id='block_1_1' title="bbox 260 285 1779 357">
    <p class='ocr_par' dir='ltr' id='par_1_1' title="bbox 260 285 1779 347">
     <span class='ocr_line' id='line_1_1' title="bbox 260 285 1779 347; baseline 0.009 -14"><span class='ocrx_word' id='word_1_1' title='bbox 260 285 342 334; x_wconf 68' lang='grc' dir='ltr'><strong><em>ἳῦῑ</em></strong></span> <span class='ocrx_word' id='word_1_2' title='bbox 1145 285 1231 343; x_wconf 78' lang='lat' dir='ltr'><strong><em>DE</em></strong></span> <span class='ocrx_word' id='word_1_3' title='bbox 1276 289 1620 346; x_wconf 66' lang='lat' dir='ltr'><strong><em>l‘lVlSiONF.</em></strong></span> <span class='ocrx_word' id='word_1_4' title='bbox 1650 292 1779 347; x_wconf 69' lang='grc' dir='ltr'><strong><em>ΝΠ</em></strong></span> 
     </span>
    </p>
   </div>
   <div class='ocr_carea' id='block_1_2' title="bbox 1885 285 2699 357">
    <p class='ocr_par' dir='ltr' id='par_1_2' title="bbox 1900 297 2699 357">
     <span class='ocr_line' id='line_1_2' title="bbox 1900 297 2699 357; baseline 0.011 -12"><span class='ocrx_word' id='word_1_5' title='bbox 1900 297 1981 348; x_wconf 66' lang='grc' dir='ltr'><strong><em>ις</em></strong></span> <span class='ocrx_word' id='word_1_6' title='bbox 2040 327 2097 337; x_wconf 75' lang='lat'><strong><em>-~</em></strong></span> <span class='ocrx_word' id='word_1_7' title='bbox 2146 297 2207 349; x_wconf 74' lang='lat' dir='ltr'><strong><em>Li</em></strong></span> <span class='ocrx_word' id='word_1_8' title='bbox 2258 298 2344 349; x_wconf 61' lang='lat' dir='ltr'><strong><em>1th</em></strong></span> <span class='ocrx_word' id='word_1_9' title='bbox 2381 299 2699 357; x_wconf 63' lang='grc' dir='ltr'><strong><em>’τίςιηίυά</em></strong></span> 
     </span>
    </p>
   </div>
   <div class='ocr_carea' id='block_1_3' title="bbox 3364 308 3469 375">
    <p class='ocr_par' dir='ltr' id='par_1_3' title="bbox 3364 308 3469 375">
     <span class='ocr_line' id='line_1_3' title="bbox 3364 308 3469 375; baseline 0.057 -24"><span class='ocrx_word' id='word_1_10' title='bbox 3364 308 3469 375; x_wconf 57' lang='lat' dir='ltr'><strong><em>ne</em></strong></span> 
     </span>
    </p>
   </div>
   <div class='ocr_carea' id='block_1_4' title="bbox 249 392 1779 480">
    <p class='ocr_par' dir='ltr' id='par_1_4' title="bbox 249 392 1779 467">
     <span class='ocr_line' id='line_1_4' title="bbox 249 392 1779 467; baseline 0.013 -32"><span class='ocrx_word' id='word_1_11' title='bbox 249 401 465 443; x_wconf 73' lang='lat' dir='ltr'><strong><em>carnem,</em></strong></span> <span class='ocrx_word' id='word_1_12' title='bbox 493 402 525 437; x_wconf 89' lang='lat' dir='ltr'><strong><em>a</em></strong></span> <span class='ocrx_word' id='word_1_13' title='bbox 572 402 734 441; x_wconf 81' lang='lat' dir='ltr'><strong><em>carne</em></strong></span> <span class='ocrx_word' id='word_1_14' title='bbox 783 392 834 443; x_wconf 82' lang='lat' dir='ltr'><strong><em>in</em></strong></span> <span class='ocrx_word' id='word_1_15' title='bbox 866 394 1197 461; x_wconf 76' lang='lat' dir='ltr'><strong><em>sanguinem,</em></strong></span> <span class='ocrx_word' id='word_1_16' title='bbox 1253 416 1286 450; x_wconf 83' lang='grc' dir='ltr'><em>α</em></span> <span class='ocrx_word' id='word_1_17' title='bbox 1313 400 1569 467; x_wconf 74' lang='lat' dir='ltr'><strong><em>sanguine</em></strong></span> <span class='ocrx_word' id='word_1_18' title='bbox 1590 404 1641 454; x_wconf 77' lang='lat' dir='ltr'><strong><em>iu</em></strong></span> <span class='ocrx_word' id='word_1_19' title='bbox 1672 403 1779 455; x_wconf 83' lang='lat' dir='ltr'><strong><em>ani-</em></strong></span> 
     </span>
    </p>
   </div>
   <div class='ocr_carea' id='block_1_5' title="bbox 1885 392 3461 480">
    <p class='ocr_par' dir='ltr' id='par_1_5' title="bbox 1896 402 3461 480">
     <span class='ocr_line' id='line_1_5' title="bbox 1896 402 3461 480; baseline 0.005 -29"><span class='ocrx_word' id='word_1_20' title='bbox 1896 402 2117 467; x_wconf 78' lang='lat' dir='ltr'><strong><em>tiripuus</em></strong></span> <span class='ocrx_word' id='word_1_21' title='bbox 2132 402 2282 453; x_wconf 75' lang='lat' dir='ltr'><strong><em>unius</em></strong></span> <span class='ocrx_word' id='word_1_22' title='bbox 2313 418 2331 463; x_wconf 86' lang='lat'><strong><em>;</em></strong></span> <span class='ocrx_word' id='word_1_23' title='bbox 2353 406 2442 456; x_wconf 75' lang='lat' dir='ltr'><strong><em>sed</em></strong></span> <span class='ocrx_word' id='word_1_24' title='bbox 2462 404 2626 458; x_wconf 83' lang='lat' dir='ltr'><strong><em>multa</em></strong></span> <span class='ocrx_word' id='word_1_25' title='bbox 2641 405 2854 477; x_wconf 80' lang='lat' dir='ltr'><strong><em>quidem</em></strong></span> <span class='ocrx_word' id='word_1_26' title='bbox 2876 406 2928 461; x_wconf 80' lang='lat' dir='ltr'><strong><em>in</em></strong></span> <span class='ocrx_word' id='word_1_27' title='bbox 2954 408 2995 441; x_wconf 82' lang='grc'><strong><em>¹¹</em></strong></span> <span class='ocrx_word' id='word_1_28' title='bbox 3015 408 3278 480; x_wconf 80' lang='lat' dir='ltr'><strong><em>partibus,</em></strong></span> <span class='ocrx_word' id='word_1_29' title='bbox 3303 427 3461 461; x_wconf 80' lang='lat' dir='ltr'><strong><em>unum</em></strong></span> 
     </span>
    </p>
   </div>
   <div class='ocr_carea' id='block_1_6' title="bbox 233 473 1791 551">
    <p class='ocr_par' dir='ltr' id='par_1_6' title="bbox 233 473 1791 551">
     <span class='ocr_line' id='line_1_6' title="bbox 233 473 1791 551; baseline 0.011 -28"><span class='ocrx_word' id='word_1_30' title='bbox 233 489 361 526; x_wconf 74' lang='lat' dir='ltr'><strong><em>mam</em></strong></span> <span class='ocrx_word' id='word_1_31' title='bbox 379 512 394 535; x_wconf 88' lang='lat'><strong><em>,</em></strong></span> <span class='ocrx_word' id='word_1_32' title='bbox 420 482 466 525; x_wconf 88' lang='lat' dir='ltr'><strong><em>et</em></strong></span> <span class='ocrx_word' id='word_1_33' title='bbox 496 473 739 537; x_wconf 79' lang='lat' dir='ltr'><strong><em>invenies,</em></strong></span> <span class='ocrx_word' id='word_1_34' title='bbox 770 478 894 543; x_wconf 83' lang='lat' dir='ltr'><strong><em>quin</em></strong></span> <span class='ocrx_word' id='word_1_35' title='bbox 925 492 1065 530; x_wconf 77' lang='lat' dir='ltr'><strong><em>tet&#39;t&#39;tt</em></strong></span> <span class='ocrx_word' id='word_1_36' title='bbox 1093 482 1538 548; x_wconf 78' lang='lat' dir='ltr'><strong><em>estjnmentornm</em></strong></span> <span class='ocrx_word' id='word_1_37' title='bbox 1573 487 1753 540; x_wconf 79' lang='lat' dir='ltr'><strong><em>anima</em></strong></span> <span class='ocrx_word' id='word_1_38' title='bbox 1776 525 1791 551; x_wconf 92' lang='lat'><strong><em>,</em></strong></span> 
     </span>
    </p>
   </div>
   <div class='ocr_carea' id='block_1_7' title="bbox 231 564 1792 641">
    <p class='ocr_par' dir='ltr' id='par_1_7' title="bbox 231 564 1792 641">
     <span class='ocr_line' id='line_1_7' title="bbox 231 564 1792 641; baseline 0.01 -23"><span class='ocrx_word' id='word_1_39' title='bbox 231 582 289 618; x_wconf 83' lang='lat' dir='ltr'><strong><em>ue</em></strong></span> <span class='ocrx_word' id='word_1_40' title='bbox 310 564 598 629; x_wconf 72' lang='lat' dir='ltr'><strong><em>existimes,</em></strong></span> <span class='ocrx_word' id='word_1_41' title='bbox 628 567 974 636; x_wconf 64' lang='lat' dir='ltr'><strong><em>antiquiorem</em></strong></span> <span class='ocrx_word' id='word_1_42' title='bbox 1014 586 1124 624; x_wconf 83' lang='lat' dir='ltr'><strong><em>esse</em></strong></span> <span class='ocrx_word' id='word_1_43' title='bbox 1169 577 1401 641; x_wconf 84' lang='lat' dir='ltr'><strong><em>corporis</em></strong></span> <span class='ocrx_word' id='word_1_44' title='bbox 1427 577 1510 628; x_wconf 90' lang='lat' dir='ltr'><strong><em>sui</em></strong></span> <span class='ocrx_word' id='word_1_45' title='bbox 1545 580 1792 632; x_wconf 77' lang='lat' dir='ltr'><strong><em>substan-</em></strong></span> 
     </span>
    </p>
   </div>
   <div class='ocr_carea' id='block_1_8' title="bbox 230 656 1792 731">
    <p class='ocr_par' dir='ltr' id='par_1_8' title="bbox 230 656 1792 731">
     <span class='ocr_line' id='line_1_8' title="bbox 230 656 1792 731; baseline 0.01 -25"><span class='ocrx_word' id='word_1_46' title='bbox 230 656 377 716; x_wconf 78' lang='lat' dir='ltr'><strong><em>tiam,</em></strong></span> <span class='ocrx_word' id='word_1_47' title='bbox 426 670 589 725; x_wconf 79' lang='lat' dir='ltr'><strong><em>neque</em></strong></span> <span class='ocrx_word' id='word_1_48' title='bbox 640 670 1027 725; x_wconf 75' lang='lat' dir='ltr'><strong><em>permanentem</em></strong></span> <span class='ocrx_word' id='word_1_49' title='bbox 1073 672 1187 731; x_wconf 82' lang='lat' dir='ltr'><strong><em>post</em></strong></span> <span class='ocrx_word' id='word_1_50' title='bbox 1235 667 1410 719; x_wconf 79' lang='lat' dir='ltr'><strong><em>carnis</em></strong></span> <span class='ocrx_word' id='word_1_51' title='bbox 1457 667 1792 722; x_wconf 73' lang='lat' dir='ltr'><strong><em>solutionem.</em></strong></span> 
     </span>
    </p>
   </div>
   <div class='ocr_carea' id='block_1_9' title="bbox 228 743 1794 827">
    <p class='ocr_par' dir='ltr' id='par_1_9' title="bbox 228 743 1794 827">
     <span class='ocr_line' id='line_1_9' title="bbox 228 743 1794 827; baseline 0.011 -31"><span class='ocrx_word' id='word_1_52' title='bbox 228 743 507 812; x_wconf 75' lang='lat' dir='ltr'><strong><em>Gregorius</em></strong></span> <span class='ocrx_word' id='word_1_53' title='bbox 531 760 746 816; x_wconf 88' lang='lat' dir='ltr'><strong><em>quoque</em></strong></span> <span class='ocrx_word' id='word_1_54' title='bbox 781 748 1048 818; x_wconf 83' lang='lat' dir='ltr'><strong><em>Nyssaeus</em></strong></span> <span class='ocrx_word' id='word_1_55' title='bbox 1081 752 1134 805; x_wconf 89' lang='lat' dir='ltr'><strong><em>in</em></strong></span> <span class='ocrx_word' id='word_1_56' title='bbox 1165 768 1417 809; x_wconf 82' lang='lat' dir='ltr'><strong><em>sermone</em></strong></span> <span class='ocrx_word' id='word_1_57' title='bbox 1464 757 1531 810; x_wconf 90' lang='lat' dir='ltr'><strong><em>de</em></strong></span> <span class='ocrx_word' id='word_1_58' title='bbox 1558 755 1794 827; x_wconf 81' lang='lat' dir='ltr'><strong><em>linagine</em></strong></span> 
     </span>
    </p>
   </div>
   <div class='ocr_carea' id='block_1_10' title="bbox 226 834 1795 932">
    <p class='ocr_par' dir='ltr' id='par_1_10' title="bbox 226 834 1795 932">
     <span class='ocr_line' id='line_1_10' title="bbox 226 834 1795 932; baseline 0.01 -44"><span class='ocrx_word' id='word_1_59' title='bbox 226 834 448 904; x_wconf 84' lang='lat' dir='ltr'><strong><em>capitulo</em></strong></span> <span class='ocrx_word' id='word_1_60' title='bbox 486 835 700 892; x_wconf 85' lang='lat' dir='ltr'><strong><em>decimo</em></strong></span> <span class='ocrx_word' id='word_1_61' title='bbox 740 849 896 894; x_wconf 84' lang='lat' dir='ltr'><strong><em>sexto</em></strong></span> <span class='ocrx_word' id='word_1_62' title='bbox 926 841 983 894; x_wconf 71' lang='lat' dir='ltr'><strong><em>‘z</em></strong></span> <span class='ocrx_word' id='word_1_63' title='bbox 1022 840 1082 932; x_wconf 64' lang='lat' dir='ltr'><strong><em>Si</em></strong></span> <span class='ocrx_word' id='word_1_64' title='bbox 1137 855 1344 906; x_wconf 76' lang='lat' dir='ltr'><strong><em>autem,</em></strong></span> <span class='ocrx_word' id='word_1_65' title='bbox 1384 846 1592 915; x_wconf 89' lang='lat' dir='ltr'><strong><em>inquit,</em></strong></span> <span class='ocrx_word' id='word_1_66' title='bbox 1634 866 1795 919; x_wconf 83' lang='lat' dir='ltr'><strong><em>quae-</em></strong></span> 
     </span>
    </p>
   </div>
   <div class='ocr_carea' id='block_1_11' title="bbox 224 924 1789 1004">
    <p class='ocr_par' dir='ltr' id='par_1_11' title="bbox 224 924 1789 1004">
     <span class='ocr_line' id='line_1_11' title="bbox 224 924 1789 1004; baseline 0.012 -29"><span class='ocrx_word' id='word_1_67' title='bbox 224 924 338 977; x_wconf 78' lang='lat' dir='ltr'><strong><em>dam</em></strong></span> <span class='ocrx_word' id='word_1_68' title='bbox 371 925 424 977; x_wconf 82' lang='lat' dir='ltr'><strong><em>in</em></strong></span> <span class='ocrx_word' id='word_1_69' title='bbox 459 937 704 981; x_wconf 77' lang='lat' dir='ltr'><strong><em>creatura</em></strong></span> <span class='ocrx_word' id='word_1_70' title='bbox 751 924 1087 986; x_wconf 61' lang='lat' dir='ltr'><strong><em>nutritor-iani</em></strong></span> <span class='ocrx_word' id='word_1_71' title='bbox 1142 937 1494 1004; x_wconf 79' lang='lat' dir='ltr'><strong><em>operationem</em></strong></span> <span class='ocrx_word' id='word_1_72' title='bbox 1535 939 1789 1003; x_wconf 80' lang='lat' dir='ltr'><strong><em>habeant,</em></strong></span> 
     </span>
    </p>
   </div>
   <div class='ocr_carea' id='block_1_12' title="bbox 224 1015 1794 1099">
    <p class='ocr_par' dir='ltr' id='par_1_12' title="bbox 224 1015 1794 1099">
     <span class='ocr_line' id='line_1_12' title="bbox 224 1015 1794 1099; baseline 0.012 -32"><span class='ocrx_word' id='word_1_73' title='bbox 224 1031 308 1067; x_wconf 79' lang='lat' dir='ltr'><strong><em>seu</em></strong></span> <span class='ocrx_word' id='word_1_74' title='bbox 347 1015 535 1070; x_wconf 87' lang='lat' dir='ltr'><strong><em>iterum</em></strong></span> <span class='ocrx_word' id='word_1_75' title='bbox 576 1020 835 1087; x_wconf 79' lang='lat' dir='ltr'><strong><em>quaedam</em></strong></span> <span class='ocrx_word' id='word_1_76' title='bbox 869 1024 1116 1077; x_wconf 81' lang='lat' dir='ltr'><strong><em>sensitiva</em></strong></span> <span class='ocrx_word' id='word_1_77' title='bbox 1145 1027 1586 1083; x_wconf 77' lang='lat' dir='ltr'><strong><em>administrantur</em></strong></span> <span class='ocrx_word' id='word_1_78' title='bbox 1610 1042 1794 1099; x_wconf 79' lang='lat' dir='ltr'><strong><em>poten-</em></strong></span> 
     </span>
    </p>
   </div>
   <div class='ocr_carea' id='block_1_13' title="bbox 224 1104 1792 1191">
    <p class='ocr_par' dir='ltr' id='par_1_13' title="bbox 224 1104 1792 1191">
     <span class='ocr_line' id='line_1_13' title="bbox 224 1104 1792 1191; baseline 0.015 -38"><span class='ocrx_word' id='word_1_79' title='bbox 224 1104 320 1165; x_wconf 85' lang='lat' dir='ltr'><strong><em>tia,</em></strong></span> <span class='ocrx_word' id='word_1_80' title='bbox 350 1118 513 1173; x_wconf 78' lang='lat' dir='ltr'><strong><em>neque</em></strong></span> <span class='ocrx_word' id='word_1_81' title='bbox 536 1105 633 1159; x_wconf 80' lang='lat' dir='ltr'><strong><em>illa</em></strong></span> <span class='ocrx_word' id='word_1_82' title='bbox 662 1124 872 1163; x_wconf 73' lang='lat' dir='ltr'><strong><em>sensum</em></strong></span> <span class='ocrx_word' id='word_1_83' title='bbox 892 1152 905 1171; x_wconf 88' lang='lat'><strong><em>,</em></strong></span> <span class='ocrx_word' id='word_1_84' title='bbox 938 1128 1100 1182; x_wconf 79' lang='lat' dir='ltr'><strong><em>neque</em></strong></span> <span class='ocrx_word' id='word_1_85' title='bbox 1125 1116 1253 1169; x_wconf 76' lang='lat' dir='ltr'><strong><em>licet:</em></strong></span> <span class='ocrx_word' id='word_1_86' title='bbox 1281 1117 1596 1173; x_wconf 76' lang='lat' dir='ltr'><strong><em>intellectum</em></strong></span> <span class='ocrx_word' id='word_1_87' title='bbox 1627 1126 1792 1191; x_wconf 75' lang='lat' dir='ltr'><strong><em>porti-</em></strong></span> 
     </span>
    </p>
   </div>
   <div class='ocr_carea' id='block_1_14' title="bbox 222 1191 1790 1265">
    <p class='ocr_par' dir='ltr' id='par_1_14' title="bbox 222 1191 1790 1265">
     <span class='ocr_line' id='line_1_14' title="bbox 222 1191 1790 1265; baseline 0.015 -23"><span class='ocrx_word' id='word_1_88' title='bbox 222 1192 422 1259; x_wconf 80' lang='lat' dir='ltr'><strong><em>eipant;</em></strong></span> <span class='ocrx_word' id='word_1_89' title='bbox 472 1191 517 1245; x_wconf 94' lang='lat' dir='ltr'><strong><em>si</em></strong></span> <span class='ocrx_word' id='word_1_90' title='bbox 562 1211 681 1249; x_wconf 84' lang='lat' dir='ltr'><strong><em>vero</em></strong></span> <span class='ocrx_word' id='word_1_91' title='bbox 728 1197 783 1250; x_wconf 83' lang='lat' dir='ltr'><strong><em>in</em></strong></span> <span class='ocrx_word' id='word_1_92' title='bbox 839 1201 1017 1254; x_wconf 83' lang='lat' dir='ltr'><strong><em>anima</em></strong></span> <span class='ocrx_word' id='word_1_93' title='bbox 1068 1204 1406 1259; x_wconf 80' lang='lat' dir='ltr'><strong><em>iutellectuali</em></strong></span> <span class='ocrx_word' id='word_1_94' title='bbox 1447 1218 1496 1261; x_wconf 88' lang='lat' dir='ltr'><strong><em>et</em></strong></span> <span class='ocrx_word' id='word_1_95' title='bbox 1543 1212 1790 1265; x_wconf 77' lang='lat' dir='ltr'><strong><em>rationali</em></strong></span> 
     </span>
    </p>
   </div>
   <div class='ocr_carea' id='block_1_15' title="bbox 220 1283 1787 1373">
    <p class='ocr_par' dir='ltr' id='par_1_15' title="bbox 220 1283 1787 1373">
     <span class='ocr_line' id='line_1_15' title="bbox 220 1283 1787 1373; baseline 0.017 -42"><span class='ocrx_word' id='word_1_96' title='bbox 220 1283 574 1350; x_wconf 69' lang='lat' dir='ltr'><strong><em>perfectionem</em></strong></span> <span class='ocrx_word' id='word_1_97' title='bbox 612 1285 763 1339; x_wconf 81' lang='lat' dir='ltr'><strong><em>habet</em></strong></span> <span class='ocrx_word' id='word_1_98' title='bbox 815 1304 997 1351; x_wconf 86' lang='lat' dir='ltr'><strong><em>omne,</em></strong></span> <span class='ocrx_word' id='word_1_99' title='bbox 1039 1294 1179 1360; x_wconf 80' lang='lat' dir='ltr'><strong><em>quod</em></strong></span> <span class='ocrx_word' id='word_1_100' title='bbox 1219 1311 1322 1348; x_wconf 81' lang='lat' dir='ltr'><strong><em>non</em></strong></span> <span class='ocrx_word' id='word_1_101' title='bbox 1365 1298 1438 1352; x_wconf 86' lang='lat' dir='ltr'><strong><em>ita</em></strong></span> <span class='ocrx_word' id='word_1_102' title='bbox 1468 1309 1577 1365; x_wconf 81' lang='lat' dir='ltr'><strong><em>est,</em></strong></span> <span class='ocrx_word' id='word_1_103' title='bbox 1610 1303 1787 1373; x_wconf 84' lang='lat' dir='ltr'><strong><em>aequi-</em></strong></span> 
     </span>
    </p>
   </div>
   <div class='ocr_carea' id='block_1_16' title="bbox 221 1375 1790 1450">
    <p class='ocr_par' dir='ltr' id='par_1_16' title="bbox 221 1375 1790 1450">
     <span class='ocr_line' id='line_1_16' title="bbox 221 1375 1790 1450; baseline 0.017 -28"><span class='ocrx_word' id='word_1_104' title='bbox 221 1386 387 1424; x_wconf 82' lang='lat' dir='ltr'><strong><em>t-ocum</em></strong></span> <span class='ocrx_word' id='word_1_105' title='bbox 431 1375 640 1441; x_wconf 79' lang='lat' dir='ltr'><strong><em>quidem</em></strong></span> <span class='ocrx_word' id='word_1_106' title='bbox 680 1379 888 1432; x_wconf 81' lang='lat' dir='ltr'><strong><em>animae</em></strong></span> <span class='ocrx_word' id='word_1_107' title='bbox 933 1397 1044 1434; x_wconf 84' lang='lat' dir='ltr'><strong><em>esse</em></strong></span> <span class='ocrx_word' id='word_1_108' title='bbox 1080 1394 1277 1450; x_wconf 79' lang='lat' dir='ltr'><strong><em>potest,</em></strong></span> <span class='ocrx_word' id='word_1_109' title='bbox 1320 1404 1423 1442; x_wconf 74' lang='lat' dir='ltr'><strong><em>non</em></strong></span> <span class='ocrx_word' id='word_1_110' title='bbox 1464 1398 1637 1446; x_wconf 86' lang='lat' dir='ltr'><strong><em>tamen</em></strong></span> <span class='ocrx_word' id='word_1_111' title='bbox 1677 1409 1790 1449; x_wconf 85' lang='lat' dir='ltr'><strong><em>vere</em></strong></span> 
     </span>
    </p>
   </div>
   <div class='ocr_carea' id='block_1_17' title="bbox 218 1461 1787 1539">
    <p class='ocr_par' dir='ltr' id='par_1_17' title="bbox 218 1461 1787 1539">
     <span class='ocr_line' id='line_1_17' title="bbox 218 1461 1787 1539; baseline 0.018 -29"><span class='ocrx_word' id='word_1_112' title='bbox 218 1461 385 1513; x_wconf 84' lang='lat' dir='ltr'><strong><em>anima</em></strong></span> <span class='ocrx_word' id='word_1_113' title='bbox 404 1501 421 1525; x_wconf 89' lang='lat'><strong><em>,</em></strong></span> <span class='ocrx_word' id='word_1_114' title='bbox 452 1465 543 1515; x_wconf 86' lang='lat' dir='ltr'><strong><em>sed</em></strong></span> <span class='ocrx_word' id='word_1_115' title='bbox 574 1467 831 1533; x_wconf 83' lang='lat' dir='ltr'><strong><em>quaedam</em></strong></span> <span class='ocrx_word' id='word_1_116' title='bbox 860 1472 1093 1538; x_wconf 81' lang='lat' dir='ltr'><strong><em>operatio</em></strong></span> <span class='ocrx_word' id='word_1_117' title='bbox 1136 1474 1310 1529; x_wconf 71' lang='lat' dir='ltr'><strong><em>vitalis</em></strong></span> <span class='ocrx_word' id='word_1_118' title='bbox 1328 1514 1343 1539; x_wconf 94' lang='lat'><strong><em>,</em></strong></span> <span class='ocrx_word' id='word_1_119' title='bbox 1372 1482 1639 1535; x_wconf 81' lang='lat' dir='ltr'><strong><em>vocatione</em></strong></span> <span class='ocrx_word' id='word_1_120' title='bbox 1666 1484 1787 1537; x_wconf 85' lang='lat' dir='ltr'><strong><em>ani-</em></strong></span> 
     </span>
    </p>
   </div>
   <div class='ocr_carea' id='block_1_18' title="bbox 217 1554 1790 1644">
    <p class='ocr_par' dir='ltr' id='par_1_18' title="bbox 217 1554 1790 1644">
     <span class='ocr_line' id='line_1_18' title="bbox 217 1554 1790 1644; baseline 0.019 -44"><span class='ocrx_word' id='word_1_121' title='bbox 217 1565 323 1603; x_wconf 85' lang='lat' dir='ltr'><strong><em>mae</em></strong></span> <span class='ocrx_word' id='word_1_122' title='bbox 349 1561 522 1606; x_wconf 83' lang='lat' dir='ltr'><strong><em>uteus.</em></strong></span> <span class='ocrx_word' id='word_1_123' title='bbox 555 1554 662 1608; x_wconf 88' lang='lat' dir='ltr'><strong><em>Sed</em></strong></span> <span class='ocrx_word' id='word_1_124' title='bbox 691 1557 738 1608; x_wconf 87' lang='lat' dir='ltr'><strong><em>si</em></strong></span> <span class='ocrx_word' id='word_1_125' title='bbox 772 1557 843 1611; x_wconf 88' lang='lat' dir='ltr'><strong><em>ita</em></strong></span> <span class='ocrx_word' id='word_1_126' title='bbox 870 1569 989 1623; x_wconf 90' lang='lat' dir='ltr'><strong><em>est,</em></strong></span> <span class='ocrx_word' id='word_1_127' title='bbox 1024 1570 1081 1614; x_wconf 91' lang='lat' dir='ltr'><strong><em>ut</em></strong></span> <span class='ocrx_word' id='word_1_128' title='bbox 1124 1564 1197 1617; x_wconf 87' lang='lat' dir='ltr'><strong><em>illi</em></strong></span> <span class='ocrx_word' id='word_1_129' title='bbox 1238 1567 1455 1633; x_wconf 75' lang='lat' dir='ltr'><strong><em>volunt,</em></strong></span> <span class='ocrx_word' id='word_1_130' title='bbox 1495 1585 1595 1626; x_wconf 89' lang='lat' dir='ltr'><strong><em>cur</em></strong></span> <span class='ocrx_word' id='word_1_131' title='bbox 1635 1589 1790 1644; x_wconf 82' lang='lat' dir='ltr'><strong><em>gene-</em></strong></span> 
     </span>
    </p>
   </div>
   <div class='ocr_carea' id='block_1_19' title="bbox 220 1637 1785 1719">
    <p class='ocr_par' dir='ltr' id='par_1_19' title="bbox 220 1637 1785 1719">
     <span class='ocr_line' id='line_1_19' title="bbox 220 1637 1785 1719; baseline 0.02 -30"><span class='ocrx_word' id='word_1_132' title='bbox 220 1637 338 1693; x_wconf 81' lang='lat' dir='ltr'><strong><em>ralis</em></strong></span> <span class='ocrx_word' id='word_1_133' title='bbox 365 1641 512 1695; x_wconf 86' lang='lat' dir='ltr'><strong><em>vitae</em></strong></span> <span class='ocrx_word' id='word_1_134' title='bbox 540 1644 852 1713; x_wconf 78' lang='lat' dir='ltr'><strong><em>principalis</em></strong></span> <span class='ocrx_word' id='word_1_135' title='bbox 880 1648 1077 1704; x_wconf 80' lang='lat' dir='ltr'><strong><em>divisio</em></strong></span> <span class='ocrx_word' id='word_1_136' title='bbox 1115 1664 1201 1708; x_wconf 87' lang='lat' dir='ltr'><strong><em>est</em></strong></span> <span class='ocrx_word' id='word_1_137' title='bbox 1242 1654 1295 1709; x_wconf 90' lang='lat' dir='ltr'><strong><em>in</em></strong></span> <span class='ocrx_word' id='word_1_138' title='bbox 1337 1658 1574 1714; x_wconf 85' lang='lat' dir='ltr'><strong><em>animam</em></strong></span> <span class='ocrx_word' id='word_1_139' title='bbox 1618 1665 1785 1719; x_wconf 85' lang='lat' dir='ltr'><strong><em>ratio-</em></strong></span> 
     </span>
    </p>
   </div>
   <div class='ocr_carea' id='block_1_20' title="bbox 220 1815 1796 1908">
    <p class='ocr_par' dir='ltr' id='par_1_20' title="bbox 220 1815 1796 1908">
     <span class='ocr_line' id='line_1_20' title="bbox 220 1815 1796 1908; baseline 0.022 -41"><span class='ocrx_word' id='word_1_140' title='bbox 220 1815 487 1873; x_wconf 87' lang='lat' dir='ltr'><strong><em>intellectu</em></strong></span> <span class='ocrx_word' id='word_1_141' title='bbox 532 1827 853 1881; x_wconf 80' lang='lat' dir='ltr'><strong><em>carentem?</em></strong></span> <span class='ocrx_word' id='word_1_142' title='bbox 896 1827 1078 1896; x_wconf 83' lang='lat' dir='ltr'><strong><em>Quare</em></strong></span> <span class='ocrx_word' id='word_1_143' title='bbox 1116 1834 1218 1888; x_wconf 87' lang='lat' dir='ltr'><strong><em>sub</em></strong></span> <span class='ocrx_word' id='word_1_144' title='bbox 1263 1852 1371 1893; x_wconf 90' lang='lat' dir='ltr'><strong><em>uno</em></strong></span> <span class='ocrx_word' id='word_1_145' title='bbox 1414 1854 1612 1908; x_wconf 79' lang='lat' dir='ltr'><strong><em>genere</em></strong></span> <span class='ocrx_word' id='word_1_146' title='bbox 1654 1846 1796 1902; x_wconf 90' lang='lat' dir='ltr'><strong><em>vitae</em></strong></span> 
     </span>
    </p>
   </div>
   <div class='ocr_carea' id='block_1_21' title="bbox 216 1905 1791 1999">
    <p class='ocr_par' dir='ltr' id='par_1_21' title="bbox 216 1905 1791 1999">
     <span class='ocr_line' id='line_1_21' title="bbox 216 1905 1791 1999; baseline 0.022 -40"><span class='ocrx_word' id='word_1_147' title='bbox 216 1905 343 1961; x_wconf 83' lang='lat' dir='ltr'><strong><em>duae</em></strong></span> <span class='ocrx_word' id='word_1_148' title='bbox 368 1910 584 1979; x_wconf 86' lang='lat' dir='ltr'><strong><em>species</em></strong></span> <span class='ocrx_word' id='word_1_149' title='bbox 609 1914 713 1970; x_wconf 84' lang='lat' dir='ltr'><strong><em>sibi</em></strong></span> <span class='ocrx_word' id='word_1_150' title='bbox 743 1917 974 1976; x_wconf 87' lang='lat' dir='ltr'><strong><em>invicem</em></strong></span> <span class='ocrx_word' id='word_1_151' title='bbox 1002 1926 1310 1983; x_wconf 79' lang='lat' dir='ltr'><strong><em>contrariae</em></strong></span> <span class='ocrx_word' id='word_1_152' title='bbox 1336 1937 1651 1999; x_wconf 87' lang='lat' dir='ltr'><strong><em>ponuntur?</em></strong></span> <span class='ocrx_word' id='word_1_153' title='bbox 1674 1938 1791 1994; x_wconf 87' lang='lat' dir='ltr'><strong><em>Non</em></strong></span> 
     </span>
    </p>
   </div>
   <div class='ocr_carea' id='block_1_22' title="bbox 211 1996 1788 2093">
    <p class='ocr_par' dir='ltr' id='par_1_22' title="bbox 211 1996 1788 2093">
     <span class='ocr_line' id='line_1_22' title="bbox 211 1996 1788 2093; baseline 0.022 -45"><span class='ocrx_word' id='word_1_154' title='bbox 211 1996 345 2049; x_wconf 85' lang='lat' dir='ltr'><strong><em>enim</em></strong></span> <span class='ocrx_word' id='word_1_155' title='bbox 375 1999 642 2057; x_wconf 74' lang='lat' dir='ltr'><strong><em>rationale</em></strong></span> <span class='ocrx_word' id='word_1_156' title='bbox 679 2016 733 2059; x_wconf 90' lang='lat' dir='ltr'><strong><em>et</em></strong></span> <span class='ocrx_word' id='word_1_157' title='bbox 770 2006 1081 2068; x_wconf 81' lang='lat' dir='ltr'><strong><em>irrationale</em></strong></span> <span class='ocrx_word' id='word_1_158' title='bbox 1107 2014 1324 2072; x_wconf 89' lang='lat' dir='ltr'><strong><em>sibimet</em></strong></span> <span class='ocrx_word' id='word_1_159' title='bbox 1338 1996 1369 2050; x_wconf 44' lang='lat'><strong>3</strong></span> <span class='ocrx_word' id='word_1_160' title='bbox 1415 2022 1788 2093; x_wconf 73' lang='lat' dir='ltr'><strong><em>adversantur,</em></strong></span> 
     </span>
    </p>
   </div>
   <div class='ocr_carea' id='block_1_23' title="bbox 216 2087 1788 2182">
    <p class='ocr_par' dir='ltr' id='par_1_23' title="bbox 216 2087 1788 2182">
     <span class='ocr_line' id='line_1_23' title="bbox 216 2087 1788 2182; baseline 0.021 -44"><span class='ocrx_word' id='word_1_161' title='bbox 216 2088 301 2141; x_wconf 83' lang='lat' dir='ltr'><strong><em>sed</em></strong></span> <span class='ocrx_word' id='word_1_162' title='bbox 327 2087 689 2147; x_wconf 75' lang='lat' dir='ltr'><strong><em>differentiam</em></strong></span> <span class='ocrx_word' id='word_1_163' title='bbox 713 2098 1015 2165; x_wconf 81' lang='lat' dir='ltr'><strong><em>specierum</em></strong></span> <span class='ocrx_word' id='word_1_164' title='bbox 1040 2104 1199 2159; x_wconf 90' lang='lat' dir='ltr'><strong><em>unius</em></strong></span> <span class='ocrx_word' id='word_1_165' title='bbox 1223 2110 1437 2175; x_wconf 77' lang='lat' dir='ltr'><strong><em>generis</em></strong></span> <span class='ocrx_word' id='word_1_166' title='bbox 1460 2116 1788 2182; x_wconf 82' lang='lat' dir='ltr'><strong><em>exprimunt.</em></strong></span> 
     </span>
    </p>
   </div>
   <div class='ocr_carea' id='block_1_24' title="bbox 217 2173 1792 2274">
    <p class='ocr_par' dir='ltr' id='par_1_24' title="bbox 217 2173 1792 2274">
     <span class='ocr_line' id='line_1_24' title="bbox 217 2173 1792 2274; baseline 0.022 -45"><span class='ocrx_word' id='word_1_167' title='bbox 217 2173 397 2233; x_wconf 79' lang='lat' dir='ltr'><strong><em>Vivere</em></strong></span> <span class='ocrx_word' id='word_1_168' title='bbox 437 2191 616 2238; x_wconf 89' lang='lat' dir='ltr'><strong><em>autem</em></strong></span> <span class='ocrx_word' id='word_1_169' title='bbox 656 2194 713 2239; x_wconf 91' lang='lat' dir='ltr'><strong><em>et</em></strong></span> <span class='ocrx_word' id='word_1_170' title='bbox 754 2190 887 2243; x_wconf 91' lang='lat' dir='ltr'><strong><em>mori</em></strong></span> <span class='ocrx_word' id='word_1_171' title='bbox 928 2192 1144 2249; x_wconf 87' lang='lat' dir='ltr'><strong><em>sibimet</em></strong></span> <span class='ocrx_word' id='word_1_172' title='bbox 1168 2197 1190 2227; x_wconf 65' lang='grc'>⁸</span> <span class='ocrx_word' id='word_1_173' title='bbox 1244 2201 1464 2254; x_wconf 86' lang='lat' dir='ltr'><strong><em>omnino</em></strong></span> <span class='ocrx_word' id='word_1_174' title='bbox 1514 2219 1792 2274; x_wconf 87' lang='lat' dir='ltr'><strong><em>opponun-</em></strong></span> 
     </span>
    </p>
   </div>
   <div class='ocr_carea' id='block_1_25' title="bbox 216 2272 1792 2364">
    <p class='ocr_par' dir='ltr' id='par_1_25' title="bbox 216 2272 1792 2364">
     <span class='ocr_line' id='line_1_25' title="bbox 216 2272 1792 2364; baseline 0.022 -48"><span class='ocrx_word' id='word_1_175' title='bbox 216 2272 531 2324; x_wconf 82' lang='lat' dir='ltr'><strong><em>turzunum</em></strong></span> <span class='ocrx_word' id='word_1_176' title='bbox 558 2273 701 2326; x_wconf 89' lang='lat' dir='ltr'><strong><em>enim</em></strong></span> <span class='ocrx_word' id='word_1_177' title='bbox 754 2276 998 2333; x_wconf 84' lang='lat' dir='ltr'><strong><em>habitum</em></strong></span> <span class='ocrx_word' id='word_1_178' title='bbox 1047 2283 1351 2353; x_wconf 79' lang='lat' dir='ltr'><strong><em>signiﬁcat,</em></strong></span> <span class='ocrx_word' id='word_1_179' title='bbox 1401 2272 1629 2347; x_wconf 84' lang='lat' dir='ltr'><strong><em>alterum</em></strong></span> <span class='ocrx_word' id='word_1_180' title='bbox 1682 2299 1792 2364; x_wconf 87' lang='lat' dir='ltr'><strong><em>pri-</em></strong></span> 
     </span>
    </p>
   </div>
   <div class='ocr_carea' id='block_1_26' title="bbox 216 2356 1787 2445">
    <p class='ocr_par' dir='ltr' id='par_1_26' title="bbox 216 2356 1787 2445">
     <span class='ocr_line' id='line_1_26' title="bbox 216 2356 1787 2445; baseline 0.023 -39"><span class='ocrx_word' id='word_1_181' title='bbox 216 2356 520 2424; x_wconf 81' lang='lat' dir='ltr'><strong><em>vationem;</em></strong></span> <span class='ocrx_word' id='word_1_182' title='bbox 559 2362 772 2420; x_wconf 86' lang='lat' dir='ltr'><strong><em>habitus</em></strong></span> <span class='ocrx_word' id='word_1_183' title='bbox 813 2379 994 2425; x_wconf 85' lang='lat' dir='ltr'><strong><em>autem</em></strong></span> <span class='ocrx_word' id='word_1_184' title='bbox 1035 2382 1089 2427; x_wconf 90' lang='lat' dir='ltr'><strong><em>et</em></strong></span> <span class='ocrx_word' id='word_1_185' title='bbox 1128 2377 1360 2445; x_wconf 84' lang='lat' dir='ltr'><strong><em>privatio</em></strong></span> <span class='ocrx_word' id='word_1_186' title='bbox 1399 2381 1616 2438; x_wconf 85' lang='lat' dir='ltr'><strong><em>sibimet</em></strong></span> <span class='ocrx_word' id='word_1_187' title='bbox 1655 2401 1787 2441; x_wconf 80' lang='lat' dir='ltr'><strong><em>con-</em></strong></span> 
     </span>
    </p>
   </div>
   <div class='ocr_carea' id='block_1_27' title="bbox 219 2448 1786 2544">
    <p class='ocr_par' dir='ltr' id='par_1_27' title="bbox 219 2448 1786 2544">
     <span class='ocr_line' id='line_1_27' title="bbox 219 2448 1786 2544; baseline 0.025 -50"><span class='ocrx_word' id='word_1_188' title='bbox 219 2448 505 2504; x_wconf 82' lang='lat' dir='ltr'><strong><em>tradicunt.</em></strong></span> <span class='ocrx_word' id='word_1_189' title='bbox 538 2451 593 2506; x_wconf 88' lang='lat' dir='ltr'><strong><em>Si</em></strong></span> <span class='ocrx_word' id='word_1_190' title='bbox 624 2458 800 2524; x_wconf 77' lang='lat' dir='ltr'><strong><em>ergo’</em></strong></span> <span class='ocrx_word' id='word_1_191' title='bbox 851 2472 974 2528; x_wconf 90' lang='lat' dir='ltr'><strong><em>post</em></strong></span> <span class='ocrx_word' id='word_1_192' title='bbox 1017 2466 1339 2524; x_wconf 84' lang='lat' dir='ltr'><strong><em>solutionem</em></strong></span> <span class='ocrx_word' id='word_1_193' title='bbox 1387 2476 1633 2544; x_wconf 86' lang='lat' dir='ltr'><strong><em>corporis</em></strong></span> <span class='ocrx_word' id='word_1_194' title='bbox 1685 2489 1786 2533; x_wconf 86' lang='lat' dir='ltr'><strong><em>una</em></strong></span> 
     </span>
    </p>
   </div>
   <div class='ocr_carea' id='block_1_28' title="bbox 211 2541 1789 2639">
    <p class='ocr_par' dir='ltr' id='par_1_28' title="bbox 211 2541 1789 2639">
     <span class='ocr_line' id='line_1_28' title="bbox 211 2541 1789 2639; baseline 0.023 -48"><span class='ocrx_word' id='word_1_195' title='bbox 211 2541 412 2606; x_wconf 84' lang='lat' dir='ltr'><strong><em>species</em></strong></span> <span class='ocrx_word' id='word_1_196' title='bbox 444 2554 661 2611; x_wconf 86' lang='lat' dir='ltr'><strong><em>manet,</em></strong></span> <span class='ocrx_word' id='word_1_197' title='bbox 692 2548 862 2605; x_wconf 85' lang='lat' dir='ltr'><strong><em>altera</em></strong></span> <span class='ocrx_word' id='word_1_198' title='bbox 890 2555 1066 2622; x_wconf 88' lang='lat' dir='ltr'><strong><em>perit,</em></strong></span> <span class='ocrx_word' id='word_1_199' title='bbox 1099 2563 1369 2627; x_wconf 87' lang='lat' dir='ltr'><strong><em>quomodo</em></strong></span> <span class='ocrx_word' id='word_1_200' title='bbox 1396 2576 1585 2621; x_wconf 89' lang='lat' dir='ltr'><strong><em>earum</em></strong></span> <span class='ocrx_word' id='word_1_201' title='bbox 1618 2585 1789 2639; x_wconf 83' lang='lat' dir='ltr'><strong><em>genus</em></strong></span> 
     </span>
    </p>
   </div>
   <div class='ocr_carea' id='block_1_29' title="bbox 212 2638 1786 2730">
    <p class='ocr_par' dir='ltr' id='par_1_29' title="bbox 212 2638 1786 2730">
     <span class='ocr_line' id='line_1_29' title="bbox 212 2638 1786 2730; baseline 0.024 -50"><span class='ocrx_word' id='word_1_202' title='bbox 212 2638 368 2683; x_wconf 88' lang='lat' dir='ltr'><strong><em>totum</em></strong></span> <span class='ocrx_word' id='word_1_203' title='bbox 422 2647 580 2688; x_wconf 89' lang='lat' dir='ltr'><strong><em>suum</em></strong></span> <span class='ocrx_word' id='word_1_204' title='bbox 636 2641 917 2695; x_wconf 82' lang='lat' dir='ltr'><strong><em>servabit?</em></strong></span> <span class='ocrx_word' id='word_1_205' title='bbox 970 2644 1039 2699; x_wconf 89' lang='lat' dir='ltr'><strong><em>Ut</em></strong></span> <span class='ocrx_word' id='word_1_206' title='bbox 1084 2648 1229 2703; x_wconf 90' lang='lat' dir='ltr'><strong><em>enim</em></strong></span> <span class='ocrx_word' id='word_1_207' title='bbox 1277 2664 1537 2721; x_wconf 88' lang='lat' dir='ltr'><strong><em>pereunte</em></strong></span> <span class='ocrx_word' id='word_1_208' title='bbox 1587 2638 1786 2730; x_wconf 78' lang='lat' dir='ltr'><strong><em>genere</em></strong></span> 
     </span>
    </p>
   </div>
   <div class='ocr_carea' id='block_1_30' title="bbox 208 2722 1787 2812">
    <p class='ocr_par' dir='ltr' id='par_1_30' title="bbox 208 2722 1787 2812">
     <span class='ocr_line' id='line_1_30' title="bbox 208 2722 1787 2812; baseline 0.023 -40"><span class='ocrx_word' id='word_1_209' title='bbox 208 2732 387 2776; x_wconf 87' lang='lat' dir='ltr'><strong><em>omnes</em></strong></span> <span class='ocrx_word' id='word_1_210' title='bbox 416 2722 440 2753; x_wconf 81' lang='grc'>⁸</span> <span class='ocrx_word' id='word_1_211' title='bbox 468 2728 674 2794; x_wconf 81' lang='lat' dir='ltr'><strong><em>species</em></strong></span> <span class='ocrx_word' id='word_1_212' title='bbox 736 2730 877 2786; x_wconf 88' lang='lat' dir='ltr'><strong><em>illius</em></strong></span> <span class='ocrx_word' id='word_1_213' title='bbox 926 2739 1102 2804; x_wconf 87' lang='lat' dir='ltr'><strong><em>perire</em></strong></span> <span class='ocrx_word' id='word_1_214' title='bbox 1148 2755 1369 2800; x_wconf 85' lang='lat' dir='ltr'><strong><em>necesse</em></strong></span> <span class='ocrx_word' id='word_1_215' title='bbox 1413 2758 1525 2812; x_wconf 91' lang='lat' dir='ltr'><strong><em>est,</em></strong></span> <span class='ocrx_word' id='word_1_216' title='bbox 1580 2751 1651 2805; x_wconf 85' lang='lat' dir='ltr'><strong><em>ita</em></strong></span> <span class='ocrx_word' id='word_1_217' title='bbox 1706 2756 1787 2808; x_wconf 91' lang='lat' dir='ltr'><strong><em>in-</em></strong></span> 
     </span>
    </p>
   </div>
   <div class='ocr_carea' id='block_1_31' title="bbox 209 2815 1787 2929">
    <p class='ocr_par' dir='ltr' id='par_1_31' title="bbox 209 2815 1787 2929">
     <span class='ocr_line' id='line_1_31' title="bbox 209 2815 1787 2929; baseline 0.026 -68"><span class='ocrx_word' id='word_1_218' title='bbox 209 2815 535 2871; x_wconf 83' lang='lat' dir='ltr'><strong><em>tercuntibus</em></strong></span> <span class='ocrx_word' id='word_1_219' title='bbox 580 2823 863 2890; x_wconf 79' lang='lat' dir='ltr'><strong><em>speciebus</em></strong></span> <span class='ocrx_word' id='word_1_220' title='bbox 912 2827 1123 2884; x_wconf 87' lang='lat' dir='ltr'><strong><em>illorum</em></strong></span> <span class='ocrx_word' id='word_1_221' title='bbox 1164 2847 1332 2902; x_wconf 81' lang='lat' dir='ltr'><strong><em>genus</em></strong></span> <span class='ocrx_word' id='word_1_222' title='bbox 1379 2838 1600 2898; x_wconf 82' lang='lat' dir='ltr'><strong><em>interir‘e</em></strong></span> <span class='ocrx_word' id='word_1_223' title='bbox 1648 2847 1787 2929; x_wconf 64' lang='lat' dir='ltr'><strong><em>ratiq</em></strong></span> 
     </span>
    </p>
   </div>
   <div class='ocr_carea' id='block_1_32' title="bbox 209 2902 1785 3000">
    <p class='ocr_par' dir='ltr' id='par_1_32' title="bbox 209 2902 1785 3000">
     <span class='ocr_line' id='line_1_32' title="bbox 209 2902 1785 3000; baseline 0.026 -48"><span class='ocrx_word' id='word_1_224' title='bbox 209 2902 382 2971; x_wconf 76' lang='lat' dir='ltr'><strong><em>cogit;</em></strong></span> <span class='ocrx_word' id='word_1_225' title='bbox 433 2920 605 2976; x_wconf 72' lang='lat' dir='ltr'><strong><em>genus</em></strong></span> <span class='ocrx_word' id='word_1_226' title='bbox 655 2913 797 2968; x_wconf 88' lang='lat' dir='ltr'><strong><em>enim</em></strong></span> <span class='ocrx_word' id='word_1_227' title='bbox 847 2916 900 2970; x_wconf 93' lang='lat' dir='ltr'><strong><em>iu</em></strong></span> <span class='ocrx_word' id='word_1_228' title='bbox 931 2920 1044 2974; x_wconf 86' lang='lat' dir='ltr'><strong><em>suis</em></strong></span> <span class='ocrx_word' id='word_1_229' title='bbox 1097 2926 1378 2993; x_wconf 87' lang='lat' dir='ltr'><strong><em>speciebus</em></strong></span> <span class='ocrx_word' id='word_1_230' title='bbox 1425 2933 1684 3000; x_wconf 83' lang='lat' dir='ltr'><strong><em>salvator,</em></strong></span> <span class='ocrx_word' id='word_1_231' title='bbox 1729 2911 1785 2993; x_wconf 60' lang='lat' dir='ltr'><strong><em>ei</em></strong></span> 
     </span>
    </p>
   </div>
   <div class='ocr_carea' id='block_1_33' title="bbox 204 2995 1783 3095">
    <p class='ocr_par' dir='ltr' id='par_1_33' title="bbox 204 2995 1783 3095">
     <span class='ocr_line' id='line_1_33' title="bbox 204 2995 1783 3095; baseline 0.026 -52"><span class='ocrx_word' id='word_1_232' title='bbox 204 2995 409 3059; x_wconf 81' lang='lat' dir='ltr'><strong><em>species</em></strong></span> <span class='ocrx_word' id='word_1_233' title='bbox 438 2997 494 3051; x_wconf 89' lang='lat' dir='ltr'><strong><em>in</em></strong></span> <span class='ocrx_word' id='word_1_234' title='bbox 523 3014 742 3069; x_wconf 81' lang='lat' dir='ltr'><strong><em>genere.</em></strong></span> <span class='ocrx_word' id='word_1_235' title='bbox 778 3004 835 3059; x_wconf 92' lang='lat' dir='ltr'><strong><em>Si</em></strong></span> <span class='ocrx_word' id='word_1_236' title='bbox 868 3020 1048 3065; x_wconf 89' lang='lat' dir='ltr'><strong><em>autem</em></strong></span> <span class='ocrx_word' id='word_1_237' title='bbox 1081 3013 1408 3085; x_wconf 82' lang='lat' dir='ltr'><strong><em>formarum,</em></strong></span> <span class='ocrx_word' id='word_1_238' title='bbox 1445 3038 1537 3077; x_wconf 89' lang='lat' dir='ltr'><strong><em>seu</em></strong></span> <span class='ocrx_word' id='word_1_239' title='bbox 1576 3029 1783 3095; x_wconf 83' lang='lat' dir='ltr'><strong><em>specie-</em></strong></span> 
     </span>
    </p>
   </div>
   <div class='ocr_carea' id='block_1_34' title="bbox 210 3087 1778 3187">
    <p class='ocr_par' dir='ltr' id='par_1_34' title="bbox 210 3087 1778 3187">
     <span class='ocr_line' id='line_1_34' title="bbox 210 3087 1778 3187; baseline 0.027 -56"><span class='ocrx_word' id='word_1_240' title='bbox 210 3093 317 3135; x_wconf 90' lang='lat' dir='ltr'><strong><em>rum</em></strong></span> <span class='ocrx_word' id='word_1_241' title='bbox 340 3124 357 3149; x_wconf 93' lang='lat'><strong><em>,</em></strong></span> <span class='ocrx_word' id='word_1_242' title='bbox 387 3087 488 3141; x_wconf 91' lang='lat' dir='ltr'><strong><em>sub</em></strong></span> <span class='ocrx_word' id='word_1_243' title='bbox 518 3104 625 3144; x_wconf 88' lang='lat' dir='ltr'><strong><em>uno</em></strong></span> <span class='ocrx_word' id='word_1_244' title='bbox 653 3108 852 3163; x_wconf 81' lang='lat' dir='ltr'><strong><em>genere</em></strong></span> <span class='ocrx_word' id='word_1_245' title='bbox 883 3103 1296 3161; x_wconf 78' lang='lat' dir='ltr'><strong><em>constitutorum</em></strong></span> <span class='ocrx_word' id='word_1_246' title='bbox 1315 3149 1330 3173; x_wconf 92' lang='lat'><strong><em>,</em></strong></span> <span class='ocrx_word' id='word_1_247' title='bbox 1364 3116 1626 3179; x_wconf 80' lang='lat' dir='ltr'><strong><em>quaedam</em></strong></span> <span class='ocrx_word' id='word_1_248' title='bbox 1662 3120 1778 3187; x_wconf 89' lang='lat' dir='ltr'><strong><em>qui-</em></strong></span> 
     </span>
    </p>
   </div>
   <div class='ocr_carea' id='block_1_35' title="bbox 204 3169 1777 3269">
    <p class='ocr_par' dir='ltr' id='par_1_35' title="bbox 204 3169 1777 3269">
     <span class='ocr_line' id='line_1_35' title="bbox 204 3169 1777 3269; baseline 0.026 -47"><span class='ocrx_word' id='word_1_249' title='bbox 204 3169 317 3224; x_wconf 87' lang='lat' dir='ltr'><strong><em>dem</em></strong></span> <span class='ocrx_word' id='word_1_250' title='bbox 367 3177 500 3230; x_wconf 89' lang='lat' dir='ltr'><strong><em>mori</em></strong></span> <span class='ocrx_word' id='word_1_251' title='bbox 529 3192 757 3248; x_wconf 88' lang='lat' dir='ltr'><strong><em>possunt</em></strong></span> <span class='ocrx_word' id='word_1_252' title='bbox 785 3185 829 3250; x_wconf 70' lang='lat'><strong><em>7,</em></strong></span> <span class='ocrx_word' id='word_1_253' title='bbox 876 3196 932 3241; x_wconf 76' lang='lat' dir='ltr'><strong><em>et</em></strong></span> <span class='ocrx_word' id='word_1_254' title='bbox 974 3193 1295 3261; x_wconf 87' lang='lat' dir='ltr'><strong><em>moriuntur,</em></strong></span> <span class='ocrx_word' id='word_1_255' title='bbox 1339 3206 1604 3269; x_wconf 79' lang='lat' dir='ltr'><strong><em>quaedam</em></strong></span> <span class='ocrx_word' id='word_1_256' title='bbox 1649 3224 1777 3263; x_wconf 86' lang='lat' dir='ltr'><strong><em>vero</em></strong></span> 
     </span>
    </p>
   </div>
   <div class='ocr_carea' id='block_1_36' title="bbox 207 3266 1776 3366">
    <p class='ocr_par' dir='ltr' id='par_1_36' title="bbox 207 3266 1776 3366">
     <span class='ocr_line' id='line_1_36' title="bbox 207 3266 1776 3366; baseline 0.025 -51"><span class='ocrx_word' id='word_1_257' title='bbox 207 3277 297 3318; x_wconf 88' lang='lat' dir='ltr'><strong><em>nec</em></strong></span> <span class='ocrx_word' id='word_1_258' title='bbox 323 3266 347 3296; x_wconf 85' lang='grc'>⁸</span> <span class='ocrx_word' id='word_1_259' title='bbox 397 3281 625 3335; x_wconf 90' lang='lat' dir='ltr'><strong><em>possunt</em></strong></span> <span class='ocrx_word' id='word_1_260' title='bbox 656 3277 823 3341; x_wconf 90' lang='lat' dir='ltr'><strong><em>mori,</em></strong></span> <span class='ocrx_word' id='word_1_261' title='bbox 857 3294 955 3334; x_wconf 89' lang='lat' dir='ltr'><strong><em>nec</em></strong></span> <span class='ocrx_word' id='word_1_262' title='bbox 988 3285 1314 3353; x_wconf 87' lang='lat' dir='ltr'><strong><em>moriuntur,</em></strong></span> <span class='ocrx_word' id='word_1_263' title='bbox 1345 3266 1473 3360; x_wconf 80' lang='lat' dir='ltr'><strong><em>quid</em></strong></span> <span class='ocrx_word' id='word_1_264' title='bbox 1519 3296 1585 3349; x_wconf 87' lang='lat' dir='ltr'><strong><em>de</em></strong></span> <span class='ocrx_word' id='word_1_265' title='bbox 1636 3298 1776 3366; x_wconf 83' lang='lat' dir='ltr'><strong><em>ipsa-</em></strong></span> 
     </span>
    </p>
   </div>
   <div class='ocr_carea' id='block_1_37' title="bbox 208 3362 1775 3452">
    <p class='ocr_par' dir='ltr' id='par_1_37' title="bbox 208 3362 1775 3452">
     <span class='ocr_line' id='line_1_37' title="bbox 208 3362 1775 3452; baseline 0.024 -47"><span class='ocrx_word' id='word_1_266' title='bbox 208 3367 312 3407; x_wconf 89' lang='lat' dir='ltr'><strong><em>rum</em></strong></span> <span class='ocrx_word' id='word_1_267' title='bbox 358 3372 554 3427; x_wconf 77' lang='lat' dir='ltr'><strong><em>genere</em></strong></span> <span class='ocrx_word' id='word_1_268' title='bbox 599 3362 884 3420; x_wconf 88' lang='lat' dir='ltr'><strong><em>dicemus?</em></strong></span> <span class='ocrx_word' id='word_1_269' title='bbox 929 3368 1010 3424; x_wconf 80' lang='lat' dir='ltr'><strong><em>An</em></strong></span> <span class='ocrx_word' id='word_1_270' title='bbox 1057 3383 1112 3427; x_wconf 90' lang='lat' dir='ltr'><strong><em>et</em></strong></span> <span class='ocrx_word' id='word_1_271' title='bbox 1144 3376 1317 3444; x_wconf 84' lang='lat' dir='ltr'><strong><em>ipsum</em></strong></span> <span class='ocrx_word' id='word_1_272' title='bbox 1364 3381 1415 3434; x_wconf 90' lang='lat' dir='ltr'><strong><em>in</em></strong></span> <span class='ocrx_word' id='word_1_273' title='bbox 1456 3362 1775 3452; x_wconf 82' lang='lat' dir='ltr'><strong><em>quibusdam</em></strong></span> 
     </span>
    </p>
   </div>
   <div class='ocr_carea' id='block_1_38' title="bbox 206 3448 1773 3535">
    <p class='ocr_par' dir='ltr' id='par_1_38' title="bbox 206 3448 1773 3535">
     <span class='ocr_line' id='line_1_38' title="bbox 206 3448 1773 3535; baseline 0.024 -38"><span class='ocrx_word' id='word_1_274' title='bbox 206 3448 420 3515; x_wconf 85' lang='lat' dir='ltr'><strong><em>peribit,</em></strong></span> <span class='ocrx_word' id='word_1_275' title='bbox 455 3452 509 3505; x_wconf 92' lang='lat' dir='ltr'><strong><em>in</em></strong></span> <span class='ocrx_word' id='word_1_276' title='bbox 550 3456 873 3523; x_wconf 87' lang='lat' dir='ltr'><strong><em>quibusdam</em></strong></span> <span class='ocrx_word' id='word_1_277' title='bbox 907 3477 1012 3516; x_wconf 88' lang='lat' dir='ltr'><strong><em>non</em></strong></span> <span class='ocrx_word' id='word_1_278' title='bbox 1042 3467 1286 3533; x_wconf 87' lang='lat' dir='ltr'><strong><em>peribit?</em></strong></span> <span class='ocrx_word' id='word_1_279' title='bbox 1315 3470 1428 3525; x_wconf 87' lang='lat' dir='ltr'><strong><em>Non</em></strong></span> <span class='ocrx_word' id='word_1_280' title='bbox 1458 3448 1600 3530; x_wconf 79' lang='lat' dir='ltr'><strong><em>enim</em></strong></span> <span class='ocrx_word' id='word_1_281' title='bbox 1633 3480 1773 3535; x_wconf 87' lang='lat' dir='ltr'><strong><em>inte-</em></strong></span> 
     </span>
    </p>
   </div>
   <div class='ocr_carea' id='block_1_39' title="bbox 203 3551 1775 3636">
    <p class='ocr_par' dir='ltr' id='par_1_39' title="bbox 203 3551 1775 3636">
     <span class='ocr_line' id='line_1_39' title="bbox 203 3551 1775 3636; baseline 0.023 -48"><span class='ocrx_word' id='word_1_282' title='bbox 203 3552 349 3604; x_wconf 72' lang='lat' dir='ltr'><strong><em>grum</em></strong></span> <span class='ocrx_word' id='word_1_283' title='bbox 381 3551 558 3609; x_wconf 83' lang='lat' dir='ltr'><strong><em>potest</em></strong></span> <span class='ocrx_word' id='word_1_284' title='bbox 585 3559 942 3617; x_wconf 87' lang='lat' dir='ltr'><strong><em>permanere,</em></strong></span> <span class='ocrx_word' id='word_1_285' title='bbox 974 3556 1117 3623; x_wconf 89' lang='lat' dir='ltr'><strong><em>quod</em></strong></span> <span class='ocrx_word' id='word_1_286' title='bbox 1145 3561 1408 3627; x_wconf 86' lang='lat' dir='ltr'><strong><em>quasdam</em></strong></span> <span class='ocrx_word' id='word_1_287' title='bbox 1437 3579 1563 3621; x_wconf 85' lang='lat' dir='ltr'><strong><em>suas</em></strong></span> <span class='ocrx_word' id='word_1_288' title='bbox 1592 3579 1775 3636; x_wconf 87' lang='lat' dir='ltr'><strong><em>partes</em></strong></span> 
     </span>
    </p>
   </div>
   <div class='ocr_carea' id='block_1_40' title="bbox 206 3634 1775 3725">
    <p class='ocr_par' dir='ltr' id='par_1_40' title="bbox 206 3634 1775 3725">
     <span class='ocr_line' id='line_1_40' title="bbox 206 3634 1775 3725; baseline 0.022 -44"><span class='ocrx_word' id='word_1_289' title='bbox 206 3634 397 3692; x_wconf 85' lang='lat' dir='ltr'><strong><em>patitur</em></strong></span> <span class='ocrx_word' id='word_1_290' title='bbox 444 3636 710 3703; x_wconf 88' lang='lat' dir='ltr'><strong><em>perdere,</em></strong></span> <span class='ocrx_word' id='word_1_291' title='bbox 757 3655 817 3695; x_wconf 86' lang='lat' dir='ltr'><strong><em>ac</em></strong></span> <span class='ocrx_word' id='word_1_292' title='bbox 861 3658 958 3711; x_wconf 89' lang='lat' dir='ltr'><strong><em>per</em></strong></span> <span class='ocrx_word' id='word_1_293' title='bbox 1006 3647 1107 3702; x_wconf 89' lang='lat' dir='ltr'><strong><em>hoc</em></strong></span> <span class='ocrx_word' id='word_1_294' title='bbox 1146 3664 1250 3704; x_wconf 88' lang='lat' dir='ltr'><strong><em>non</em></strong></span> <span class='ocrx_word' id='word_1_295' title='bbox 1297 3654 1399 3707; x_wconf 84' lang='lat' dir='ltr'><strong><em>erit</em></strong></span> <span class='ocrx_word' id='word_1_296' title='bbox 1447 3672 1649 3725; x_wconf 83' lang='lat' dir='ltr'><strong><em>genus,</em></strong></span> <span class='ocrx_word' id='word_1_297' title='bbox 1682 3663 1775 3715; x_wconf 84' lang='lat' dir='ltr'><strong><em>sed</em></strong></span> 
     </span>
    </p>
   </div>
   <div class='ocr_carea' id='block_1_41' title="bbox 202 3719 1771 3809">
    <p class='ocr_par' dir='ltr' id='par_1_41' title="bbox 202 3719 1771 3809">
     <span class='ocr_line' id='line_1_41' title="bbox 202 3719 1771 3809; baseline 0.024 -42"><span class='ocrx_word' id='word_1_298' title='bbox 202 3719 405 3783; x_wconf 75' lang='lat' dir='ltr'><strong><em>generis</em></strong></span> <span class='ocrx_word' id='word_1_299' title='bbox 453 3724 631 3778; x_wconf 89' lang='lat' dir='ltr'><strong><em>ruina.</em></strong></span> <span class='ocrx_word' id='word_1_300' title='bbox 685 3727 740 3781; x_wconf 91' lang='lat' dir='ltr'><strong><em>Si</em></strong></span> <span class='ocrx_word' id='word_1_301' title='bbox 768 3731 911 3784; x_wconf 90' lang='lat' dir='ltr'><strong><em>enim</em></strong></span> <span class='ocrx_word' id='word_1_302' title='bbox 950 3737 1190 3790; x_wconf 91' lang='lat' dir='ltr'><strong><em>omnium</em></strong></span> <span class='ocrx_word' id='word_1_303' title='bbox 1232 3755 1459 3809; x_wconf 85' lang='lat' dir='ltr'><strong><em>corpore</em></strong></span> <span class='ocrx_word' id='word_1_304' title='bbox 1496 3756 1551 3800; x_wconf 91' lang='lat' dir='ltr'><strong><em>et</em></strong></span> <span class='ocrx_word' id='word_1_305' title='bbox 1592 3751 1771 3805; x_wconf 85' lang='lat' dir='ltr'><strong><em>anima</em></strong></span> 
     </span>
    </p>
   </div>
   <div class='ocr_carea' id='block_1_42' title="bbox 202 3810 1771 3898">
    <p class='ocr_par' dir='ltr' id='par_1_42' title="bbox 202 3810 1771 3898">
     <span class='ocr_line' id='line_1_42' title="bbox 202 3810 1771 3898; baseline 0.024 -40"><span class='ocrx_word' id='word_1_306' title='bbox 202 3810 608 3883; x_wconf 82' lang='lat' dir='ltr'><strong><em>constitutorum</em></strong></span> <span class='ocrx_word' id='word_1_307' title='bbox 650 3833 814 3872; x_wconf 90' lang='lat' dir='ltr'><strong><em>unum</em></strong></span> <span class='ocrx_word' id='word_1_308' title='bbox 857 3837 1027 3888; x_wconf 81' lang='lat' dir='ltr'><strong><em>genus</em></strong></span> <span class='ocrx_word' id='word_1_309' title='bbox 1065 3838 1185 3893; x_wconf 90' lang='lat' dir='ltr'><strong><em>est,</em></strong></span> <span class='ocrx_word' id='word_1_310' title='bbox 1220 3832 1362 3898; x_wconf 88' lang='lat' dir='ltr'><strong><em>quod</em></strong></span> <span class='ocrx_word' id='word_1_311' title='bbox 1400 3836 1597 3891; x_wconf 87' lang='lat' dir='ltr'><strong><em>animal</em></strong></span> <span class='ocrx_word' id='word_1_312' title='bbox 1633 3839 1771 3895; x_wconf 89' lang='lat' dir='ltr'><strong><em>dici-</em></strong></span> 
     </span>
    </p>
   </div>
   <div class='ocr_carea' id='block_1_43' title="bbox 203 3904 1773 3989">
    <p class='ocr_par' dir='ltr' id='par_1_43' title="bbox 203 3904 1773 3989">
     <span class='ocr_line' id='line_1_43' title="bbox 203 3904 1773 3989; baseline 0.024 -40"><span class='ocrx_word' id='word_1_313' title='bbox 203 3904 302 3964; x_wconf 85' lang='lat' dir='ltr'><strong><em>tur,</em></strong></span> <span class='ocrx_word' id='word_1_314' title='bbox 344 3907 593 3969; x_wconf 83' lang='lat' dir='ltr'><strong><em>quoniatn</em></strong></span> <span class='ocrx_word' id='word_1_315' title='bbox 629 3910 680 3964; x_wconf 91' lang='lat' dir='ltr'><strong><em>in</em></strong></span> <span class='ocrx_word' id='word_1_316' title='bbox 720 3928 786 3964; x_wconf 85' lang='lat' dir='ltr'><strong><em>eo</em></strong></span> <span class='ocrx_word' id='word_1_317' title='bbox 818 3918 997 3970; x_wconf 87' lang='lat' dir='ltr'><strong><em>omnia</em></strong></span> <span class='ocrx_word' id='word_1_318' title='bbox 1044 3921 1294 3976; x_wconf 80' lang='lat' dir='ltr'><strong><em>animalia</em></strong></span> <span class='ocrx_word' id='word_1_319' title='bbox 1344 3928 1773 3989; x_wconf 84' lang='lat' dir='ltr'><strong><em>substantialiter</em></strong></span> 
     </span>
    </p>
   </div>
   <div class='ocr_carea' id='block_1_44' title="bbox 200 3988 1769 4090">
    <p class='ocr_par' dir='ltr' id='par_1_44' title="bbox 200 3988 1769 4090">
     <span class='ocr_line' id='line_1_44' title="bbox 200 3988 1769 4090; baseline 0.025 -52"><span class='ocrx_word' id='word_1_320' title='bbox 200 3988 518 4059; x_wconf 76' lang='lat' dir='ltr'><strong><em>sttbsistunt;</em></strong></span> <span class='ocrx_word' id='word_1_321' title='bbox 551 4012 674 4050; x_wconf 90' lang='lat' dir='ltr'><strong><em>nam</em></strong></span> <span class='ocrx_word' id='word_1_322' title='bbox 704 4009 761 4053; x_wconf 90' lang='lat' dir='ltr'><strong><em>et</em></strong></span> <span class='ocrx_word' id='word_1_323' title='bbox 803 4003 981 4069; x_wconf 88' lang='lat' dir='ltr'><strong><em>homo,</em></strong></span> <span class='ocrx_word' id='word_1_324' title='bbox 1008 4017 1061 4060; x_wconf 87' lang='lat' dir='ltr'><strong><em>et</em></strong></span> <span class='ocrx_word' id='word_1_325' title='bbox 1101 4010 1204 4075; x_wconf 90' lang='lat' dir='ltr'><strong><em>leo,</em></strong></span> <span class='ocrx_word' id='word_1_326' title='bbox 1247 4024 1299 4067; x_wconf 89' lang='lat' dir='ltr'><strong><em>et</em></strong></span> <span class='ocrx_word' id='word_1_327' title='bbox 1332 4016 1447 4081; x_wconf 87' lang='lat' dir='ltr'><strong><em>bos,</em></strong></span> <span class='ocrx_word' id='word_1_328' title='bbox 1498 4029 1553 4072; x_wconf 91' lang='lat' dir='ltr'><strong><em>et</em></strong></span> <span class='ocrx_word' id='word_1_329' title='bbox 1599 4038 1769 4090; x_wconf 81' lang='lat' dir='ltr'><strong><em>equus</em></strong></span> 
     </span>
    </p>
   </div>
   <div class='ocr_carea' id='block_1_45' title="bbox 202 4075 1770 4181">
    <p class='ocr_par' dir='ltr' id='par_1_45' title="bbox 202 4075 1770 4181">
     <span class='ocr_line' id='line_1_45' title="bbox 202 4075 1770 4181; baseline 0.028 -54"><span class='ocrx_word' id='word_1_330' title='bbox 202 4075 251 4128; x_wconf 91' lang='lat' dir='ltr'><strong><em>in</em></strong></span> <span class='ocrx_word' id='word_1_331' title='bbox 279 4078 391 4147; x_wconf 90' lang='lat' dir='ltr'><strong><em>ipso</em></strong></span> <span class='ocrx_word' id='word_1_332' title='bbox 416 4098 581 4139; x_wconf 88' lang='lat' dir='ltr'><strong><em>unum</em></strong></span> <span class='ocrx_word' id='word_1_333' title='bbox 614 4099 761 4151; x_wconf 86' lang='lat' dir='ltr'><strong><em>sunt,</em></strong></span> <span class='ocrx_word' id='word_1_334' title='bbox 793 4104 842 4146; x_wconf 88' lang='lat' dir='ltr'><strong><em>et</em></strong></span> <span class='ocrx_word' id='word_1_335' title='bbox 877 4098 1232 4158; x_wconf 87' lang='lat' dir='ltr'><strong><em>substantiale</em></strong></span> <span class='ocrx_word' id='word_1_336' title='bbox 1264 4121 1461 4163; x_wconf 89' lang='lat' dir='ltr'><strong><em>unum:</em></strong></span> <span class='ocrx_word' id='word_1_337' title='bbox 1499 4118 1770 4181; x_wconf 88' lang='lat' dir='ltr'><strong><em>quomodo</em></strong></span> 
     </span>
    </p>
   </div>
   <div class='ocr_carea' id='block_1_46' title="bbox 200 4166 1769 4275">
    <p class='ocr_par' dir='ltr' id='par_1_46' title="bbox 200 4166 1769 4275">
     <span class='ocr_line' id='line_1_46' title="bbox 200 4166 1769 4275; baseline 0.027 -55"><span class='ocrx_word' id='word_1_338' title='bbox 200 4166 334 4224; x_wconf 89' lang='lat' dir='ltr'><strong><em>illius</em></strong></span> <span class='ocrx_word' id='word_1_339' title='bbox 363 4177 574 4242; x_wconf 80' lang='lat' dir='ltr'><strong><em>generis</em></strong></span> <span class='ocrx_word' id='word_1_340' title='bbox 602 4195 793 4237; x_wconf 86' lang='lat' dir='ltr'><strong><em>omnes</em></strong></span> <span class='ocrx_word' id='word_1_341' title='bbox 832 4189 1039 4255; x_wconf 84' lang='lat' dir='ltr'><strong><em>species</em></strong></span> <span class='ocrx_word' id='word_1_342' title='bbox 1062 4194 1334 4262; x_wconf 89' lang='lat' dir='ltr'><strong><em>peribunt,</em></strong></span> <span class='ocrx_word' id='word_1_343' title='bbox 1361 4201 1461 4255; x_wconf 83' lang='lat' dir='ltr'><strong><em>ea’</em></strong></span> <span class='ocrx_word' id='word_1_344' title='bbox 1504 4205 1615 4257; x_wconf 88' lang='lat' dir='ltr'><strong><em>sola</em></strong></span> <span class='ocrx_word' id='word_1_345' title='bbox 1647 4221 1769 4275; x_wconf 82' lang='lat' dir='ltr'><strong><em>per-</em></strong></span> 
     </span>
    </p>
   </div>
   <div class='ocr_carea' id='block_1_47' title="bbox 200 4272 1520 4346">
    <p class='ocr_par' dir='ltr' id='par_1_47' title="bbox 200 4272 1520 4346">
     <span class='ocr_line' id='line_1_47' title="bbox 200 4272 1520 4346; baseline 0.027 -35"><span class='ocrx_word' id='word_1_346' title='bbox 200 4273 458 4331; x_wconf 83' lang='lat' dir='ltr'><strong><em>manente,</em></strong></span> <span class='ocrx_word' id='word_1_347' title='bbox 505 4284 645 4337; x_wconf 88' lang='lat' dir='ltr'><strong><em>quae</em></strong></span> <span class='ocrx_word' id='word_1_348' title='bbox 692 4272 1002 4335; x_wconf 88' lang='lat' dir='ltr'><strong><em>hominibus</em></strong></span> <span class='ocrx_word' id='word_1_349' title='bbox 1050 4292 1134 4337; x_wconf 87' lang='lat' dir='ltr'><strong><em>est</em></strong></span> <span class='ocrx_word' id='word_1_350' title='bbox 1180 4285 1520 4346; x_wconf 81' lang='lat' dir='ltr'><strong><em>distributa?</em></strong></span> 
     </span>
    </p>
   </div>
   <div class='ocr_carea' id='block_1_48' title="bbox 199 4346 1765 4443">
    <p class='ocr_par' dir='ltr' id='par_1_48' title="bbox 199 4346 1765 4443">
     <span class='ocr_line' id='line_1_48' title="bbox 1566 4346 1757 4368; baseline 0.031 -21"><span class='ocrx_word' id='word_1_351' title='bbox 1566 4346 1641 4352; x_wconf 58' lang='lat'><strong><em>,__</em></strong></span> <span class='ocrx_word' id='word_1_352' title='bbox 1673 4346 1757 4368; x_wconf 72' lang='grc'><em>,.,-</em></span> 
     </span>
     <span class='ocr_line' id='line_1_49' title="bbox 199 4346 1765 4443; baseline 0.029 -44"><span class='ocrx_word' id='word_1_353' title='bbox 199 4346 312 4413; x_wconf 86' lang='lat' dir='ltr'><strong><em>hoc,</em></strong></span> <span class='ocrx_word' id='word_1_354' title='bbox 342 4352 386 4406; x_wconf 91' lang='lat' dir='ltr'><strong><em>si</em></strong></span> <span class='ocrx_word' id='word_1_355' title='bbox 426 4372 527 4411; x_wconf 89' lang='lat' dir='ltr'><strong><em>una</em></strong></span> <span class='ocrx_word' id='word_1_356' title='bbox 570 4363 780 4428; x_wconf 86' lang='lat' dir='ltr'><strong><em>species</em></strong></span> <span class='ocrx_word' id='word_1_357' title='bbox 808 4367 918 4421; x_wconf 87' lang='lat' dir='ltr'><strong><em>sola</em></strong></span> <span class='ocrx_word' id='word_1_358' title='bbox 945 4378 1326 4442; x_wconf 87' lang='lat' dir='ltr'><strong><em>permanserit,</em></strong></span> <span class='ocrx_word' id='word_1_359' title='bbox 1364 4385 1562 4438; x_wconf 82' lang='lat' dir='ltr'><strong><em>ceteris</em></strong></span> <span class='ocrx_word' id='word_1_360' title='bbox 1598 4389 1765 4443; x_wconf 84' lang='lat' dir='ltr'><strong><em>inter-</em></strong></span> 
     </span>
    </p>
   </div>
   <div class='ocr_carea' id='block_1_49' title="bbox 197 4444 1759 4545">
    <p class='ocr_par' dir='ltr' id='par_1_49' title="bbox 197 4444 1759 4545">
     <span class='ocr_line' id='line_1_50' title="bbox 197 4444 1759 4545; baseline 0.028 -54"><span class='ocrx_word' id='word_1_361' title='bbox 197 4444 453 4512; x_wconf 77' lang='lat' dir='ltr'><strong><em>euntibus,</em></strong></span> <span class='ocrx_word' id='word_1_362' title='bbox 498 4453 696 4517; x_wconf 84' lang='lat' dir='ltr'><strong><em>peribit</em></strong></span> <span class='ocrx_word' id='word_1_363' title='bbox 733 4456 893 4510; x_wconf 88' lang='lat' dir='ltr'><strong><em>etiam</em></strong></span> <span class='ocrx_word' id='word_1_364' title='bbox 936 4476 1125 4529; x_wconf 78' lang='lat' dir='ltr'><strong><em>genus,</em></strong></span> <span class='ocrx_word' id='word_1_365' title='bbox 1165 4469 1307 4535; x_wconf 87' lang='lat' dir='ltr'><strong><em>quod</em></strong></span> <span class='ocrx_word' id='word_1_366' title='bbox 1338 4488 1674 4545; x_wconf 77' lang='lat' dir='ltr'><strong><em>nequaquam</em></strong></span> <span class='ocrx_word' id='word_1_367' title='bbox 1708 4483 1759 4535; x_wconf 91' lang='lat' dir='ltr'><strong><em>in</em></strong></span> 
     </span>
    </p>
   </div>
   <div class='ocr_carea' id='block_1_50' title="bbox 200 4539 1763 4635">
    <p class='ocr_par' dir='ltr' id='par_1_50' title="bbox 200 4539 1763 4635">
     <span class='ocr_line' id='line_1_51' title="bbox 200 4539 1763 4635; baseline 0.031 -57"><span class='ocrx_word' id='word_1_368' title='bbox 200 4543 295 4582; x_wconf 86' lang='lat' dir='ltr'><strong><em>una</em></strong></span> <span class='ocrx_word' id='word_1_369' title='bbox 323 4539 497 4603; x_wconf 85' lang='lat' dir='ltr'><strong><em>specie</em></strong></span> <span class='ocrx_word' id='word_1_370' title='bbox 524 4540 710 4596; x_wconf 89' lang='lat' dir='ltr'><strong><em>stabit.</em></strong></span> <span class='ocrx_word' id='word_1_371' title='bbox 742 4544 1203 4610; x_wconf 80' lang='lat' dir='ltr'><strong><em>Quemadmodum</em></strong></span> <span class='ocrx_word' id='word_1_372' title='bbox 1241 4561 1385 4615; x_wconf 90' lang='lat' dir='ltr'><strong><em>enim</em></strong></span> <span class='ocrx_word' id='word_1_373' title='bbox 1418 4539 1523 4620; x_wconf 83' lang='lat' dir='ltr'><strong><em>una</em></strong></span> <span class='ocrx_word' id='word_1_374' title='bbox 1554 4572 1763 4635; x_wconf 71' lang='lat' dir='ltr'><strong><em>species</em></strong></span> 
     </span>
    </p>
   </div>
   <div class='ocr_carea' id='block_1_51' title="bbox 201 4621 1762 4735">
    <p class='ocr_par' dir='ltr' id='par_1_51' title="bbox 201 4621 1762 4735">
     <span class='ocr_line' id='line_1_52' title="bbox 201 4621 1762 4735; baseline 0.033 -63"><span class='ocrx_word' id='word_1_375' title='bbox 201 4621 349 4677; x_wconf 89' lang='lat' dir='ltr'><strong><em>ullum</em></strong></span> <span class='ocrx_word' id='word_1_376' title='bbox 376 4643 544 4695; x_wconf 85' lang='lat' dir='ltr'><strong><em>genus</em></strong></span> <span class='ocrx_word' id='word_1_377' title='bbox 573 4634 754 4701; x_wconf 80' lang='lat' dir='ltr'><strong><em>efﬁcit,</em></strong></span> <span class='ocrx_word' id='word_1_378' title='bbox 805 4657 910 4697; x_wconf 90' lang='lat' dir='ltr'><strong><em>non</em></strong></span> <span class='ocrx_word' id='word_1_379' title='bbox 958 4646 1128 4704; x_wconf 84' lang='lat' dir='ltr'><strong><em>video.</em></strong></span> <span class='ocrx_word' id='word_1_380' title='bbox 1159 4651 1290 4708; x_wconf 83' lang='lat' dir='ltr'><strong><em>Cum</em></strong></span> <span class='ocrx_word' id='word_1_381' title='bbox 1321 4657 1361 4688; x_wconf 77' lang='grc' dir='ltr'><strong><em>³ο</em></strong></span> <span class='ocrx_word' id='word_1_382' title='bbox 1402 4664 1546 4717; x_wconf 87' lang='lat' dir='ltr'><strong><em>enim</em></strong></span> <span class='ocrx_word' id='word_1_383' title='bbox 1592 4682 1762 4735; x_wconf 78' lang='lat' dir='ltr'><strong><em>genus</em></strong></span> 
     </span>
     <span class='ocr_line' id='line_1_53' title="bbox 201 4713 595 4735; baseline 0.033 -11"><span class='ocrx_word' id='word_1_384' title='bbox 503 4723 539 4735; x_wconf 88' lang='lat'><strong><em>..</em></strong></span> <span class='ocrx_word' id='word_1_385' title='bbox 574 4725 595 4735; x_wconf 67' lang='grc' dir='ltr'>η</span> 
     </span>
    </p>
   </div>
   <div class='ocr_carea' id='block_1_52' title="bbox 198 4713 1759 4819">
    <p class='ocr_par' dir='ltr' id='par_1_52' title="bbox 198 4713 1759 4819">
     <span class='ocr_line' id='line_1_54' title="bbox 1496 4713 1759 4735; baseline 0.034 -20"><span class='ocrx_word' id='word_1_386' title='bbox 1592 4713 1759 4735; x_wconf 61' lang='lat'><strong><em>0-....-</em></strong></span> 
     </span>
     <span class='ocr_line' id='line_1_55' title="bbox 198 4713 1759 4819; baseline 0.037 -58"><span class='ocrx_word' id='word_1_387' title='bbox 198 4713 469 4809; x_wconf 81' lang='lat' dir='ltr'><strong><em>multarum</em></strong></span> <span class='ocrx_word' id='word_1_388' title='bbox 503 4723 864 4787; x_wconf 79' lang='lat' dir='ltr'><strong><em>“formarum</em></strong></span> <span class='ocrx_word' id='word_1_389' title='bbox 913 4754 1005 4793; x_wconf 89' lang='lat' dir='ltr'><strong><em>seu</em></strong></span> <span class='ocrx_word' id='word_1_390' title='bbox 1049 4748 1347 4813; x_wconf 88' lang='lat' dir='ltr'><strong><em>specierum</em></strong></span> <span class='ocrx_word' id='word_1_391' title='bbox 1393 4756 1759 4819; x_wconf 74' lang='lat' dir='ltr'><strong><em>substantialis</em></strong></span> 
     </span>
    </p>
   </div>
   <div class='ocr_carea' id='block_1_53' title="bbox 198 4802 1758 4905">
    <p class='ocr_par' dir='ltr' id='par_1_53' title="bbox 198 4802 1758 4905">
     <span class='ocr_line' id='line_1_56' title="bbox 198 4802 1758 4905; baseline 0.037 -56"><span class='ocrx_word' id='word_1_392' title='bbox 198 4802 363 4857; x_wconf 81' lang='lat' dir='ltr'><strong><em>unitas</em></strong></span> <span class='ocrx_word' id='word_1_393' title='bbox 387 4808 477 4874; x_wconf 88' lang='lat' dir='ltr'><strong><em>sit,</em></strong></span> <span class='ocrx_word' id='word_1_394' title='bbox 510 4820 781 4881; x_wconf 87' lang='lat' dir='ltr'><strong><em>quomodo</em></strong></span> <span class='ocrx_word' id='word_1_395' title='bbox 809 4826 973 4880; x_wconf 82' lang='lat' dir='ltr'><strong><em>stabit</em></strong></span> <span class='ocrx_word' id='word_1_396' title='bbox 1001 4846 1189 4899; x_wconf 81' lang='lat' dir='ltr'><strong><em>genus,</em></strong></span> <span class='ocrx_word' id='word_1_397' title='bbox 1224 4839 1312 4892; x_wconf 90' lang='lat' dir='ltr'><strong><em>ubi</em></strong></span> <span class='ocrx_word' id='word_1_398' title='bbox 1338 4846 1619 4902; x_wconf 82' lang='lat' dir='ltr'><strong><em>nudtarum</em></strong></span> <span class='ocrx_word' id='word_1_399' title='bbox 1651 4851 1758 4905; x_wconf 81' lang='lat' dir='ltr'><strong><em>for-</em></strong></span> 
     </span>
    </p>
   </div>
   <div class='ocr_carea' id='block_1_54' title="bbox 197 4906 1761 5010">
    <p class='ocr_par' dir='ltr' id='par_1_54' title="bbox 197 4906 1761 5010">
     <span class='ocr_line' id='line_1_57' title="bbox 197 4906 1761 5010; baseline 0.038 -70"><span class='ocrx_word' id='word_1_400' title='bbox 197 4906 388 4951; x_wconf 83' lang='lat' dir='ltr'><strong><em>marum</em></strong></span> <span class='ocrx_word' id='word_1_401' title='bbox 427 4907 803 4972; x_wconf 87' lang='lat' dir='ltr'><strong><em>specierumve</em></strong></span> <span class='ocrx_word' id='word_1_402' title='bbox 854 4919 1228 4981; x_wconf 59' lang='lat' dir='ltr'><strong><em>substantialis</em></strong></span> <span class='ocrx_word' id='word_1_403' title='bbox 1277 4936 1455 4990; x_wconf 85' lang='lat' dir='ltr'><strong><em>unitas</em></strong></span> <span class='ocrx_word' id='word_1_404' title='bbox 1494 4955 1599 4993; x_wconf 90' lang='lat' dir='ltr'><strong><em>non</em></strong></span> <span class='ocrx_word' id='word_1_405' title='bbox 1640 4958 1761 5010; x_wconf 85' lang='lat' dir='ltr'><strong><em>pcr-</em></strong></span> 
     </span>
    </p>
   </div>
   <div class='ocr_carea' id='block_1_55' title="bbox 198 4992 1757 5089">
    <p class='ocr_par' dir='ltr' id='par_1_55' title="bbox 198 4992 1757 5089">
     <span class='ocr_line' id='line_1_58' title="bbox 198 4992 1757 5089; baseline 0.036 -56"><span class='ocrx_word' id='word_1_406' title='bbox 198 4992 404 5044; x_wconf 80' lang='lat' dir='ltr'><strong><em>manet?</em></strong></span> <span class='ocrx_word' id='word_1_407' title='bbox 442 4997 594 5062; x_wconf 80' lang='lat' dir='ltr'><strong><em>Quod</em></strong></span> <span class='ocrx_word' id='word_1_408' title='bbox 626 5012 807 5058; x_wconf 89' lang='lat' dir='ltr'><strong><em>autem</em></strong></span> <span class='ocrx_word' id='word_1_409' title='bbox 834 5011 1036 5067; x_wconf 84' lang='lat' dir='ltr'><strong><em>multae</em></strong></span> <span class='ocrx_word' id='word_1_410' title='bbox 1081 5021 1288 5085; x_wconf 79' lang='lat' dir='ltr'><strong><em>species</em></strong></span> <span class='ocrx_word' id='word_1_411' title='bbox 1342 5040 1505 5081; x_wconf 88' lang='lat' dir='ltr'><strong><em>unum</em></strong></span> <span class='ocrx_word' id='word_1_412' title='bbox 1547 5032 1656 5085; x_wconf 90' lang='lat' dir='ltr'><strong><em>sint</em></strong></span> <span class='ocrx_word' id='word_1_413' title='bbox 1708 5036 1757 5089; x_wconf 89' lang='lat' dir='ltr'><strong><em>in</em></strong></span> 
     </span>
    </p>
   </div>
   <div class='ocr_carea' id='block_1_56' title="bbox 195 5087 1754 5192">
    <p class='ocr_par' dir='ltr' id='par_1_56' title="bbox 195 5087 1754 5192">
     <span class='ocr_line' id='line_1_59' title="bbox 195 5087 1754 5192; baseline 0.034 -65"><span class='ocrx_word' id='word_1_414' title='bbox 195 5087 397 5149; x_wconf 71' lang='lat' dir='ltr'><strong><em>genere,</em></strong></span> <span class='ocrx_word' id='word_1_415' title='bbox 425 5102 645 5147; x_wconf 85' lang='lat' dir='ltr'><strong><em>sanctus</em></strong></span> <span class='ocrx_word' id='word_1_416' title='bbox 672 5095 963 5170; x_wconf 85' lang='lat' dir='ltr'><strong><em>Dionysius</em></strong></span> <span class='ocrx_word' id='word_1_417' title='bbox 990 5106 1181 5163; x_wconf 87' lang='lat' dir='ltr'><strong><em>edocet</em></strong></span> <span class='ocrx_word' id='word_1_418' title='bbox 1212 5112 1263 5165; x_wconf 92' lang='lat' dir='ltr'><strong><em>in</em></strong></span> <span class='ocrx_word' id='word_1_419' title='bbox 1292 5119 1467 5184; x_wconf 86' lang='lat' dir='ltr'><strong><em>capite</em></strong></span> <span class='ocrx_word' id='word_1_420' title='bbox 1491 5122 1556 5176; x_wconf 89' lang='lat' dir='ltr'><strong><em>de</em></strong></span> <span class='ocrx_word' id='word_1_421' title='bbox 1580 5130 1754 5192; x_wconf 64' lang='lat' dir='ltr'><strong><em>perfe-</em></strong></span> 
     </span>
    </p>
   </div>
   <div class='ocr_carea' id='block_1_57' title="bbox 195 5177 1755 5286">
    <p class='ocr_par' dir='ltr' id='par_1_57' title="bbox 195 5177 1755 5286">
     <span class='ocr_line' id='line_1_60' title="bbox 195 5177 1755 5286; baseline 0.035 -69"><span class='ocrx_word' id='word_1_422' title='bbox 195 5177 275 5218; x_wconf 75' lang='lat' dir='ltr'><strong><em>cto</em></strong></span> <span class='ocrx_word' id='word_1_423' title='bbox 296 5184 335 5223; x_wconf 73' lang='lat' dir='ltr'><strong><em>et</em></strong></span> <span class='ocrx_word' id='word_1_424' title='bbox 365 5188 463 5232; x_wconf 81' lang='lat' dir='ltr'><strong><em>uno</em></strong></span> <span class='ocrx_word' id='word_1_425' title='bbox 508 5184 725 5240; x_wconf 87' lang='lat' dir='ltr'><strong><em>dicens:</em></strong></span> <span class='ocrx_word' id='word_1_426' title='bbox 755 5188 939 5262; x_wconf 83' lang='lat' dir='ltr'><strong><em>Neque</em></strong></span> <span class='ocrx_word' id='word_1_427' title='bbox 959 5197 1095 5251; x_wconf 85' lang='lat' dir='ltr'><strong><em>enim</em></strong></span> <span class='ocrx_word' id='word_1_428' title='bbox 1110 5212 1182 5254; x_wconf 82' lang='lat' dir='ltr'><strong><em>est</em></strong></span> <span class='ocrx_word' id='word_1_429' title='bbox 1203 5206 1479 5263; x_wconf 80' lang='lat' dir='ltr'><strong><em>multitudo</em></strong></span> <span class='ocrx_word' id='word_1_430' title='bbox 1510 5231 1611 5268; x_wconf 81' lang='lat' dir='ltr'><strong><em>non</em></strong></span> <span class='ocrx_word' id='word_1_431' title='bbox 1640 5235 1755 5286; x_wconf 60' lang='lat' dir='ltr'><strong><em>par-</em></strong></span> 
     </span>
    </p>
   </div>
   <div class='ocr_carea' id='block_1_58' title="bbox 1901 491 3483 579">
    <p class='ocr_par' dir='ltr' id='par_1_58' title="bbox 1901 491 3483 579">
     <span class='ocr_line' id='line_1_61' title="bbox 1901 491 3483 579; baseline 0.015 -34"><span class='ocrx_word' id='word_1_432' title='bbox 1901 491 1957 547; x_wconf 75' lang='lat' dir='ltr'><strong><em>in</em></strong></span> <span class='ocrx_word' id='word_1_433' title='bbox 1982 501 2089 546; x_wconf 82' lang='lat' dir='ltr'><strong><em>toto</em></strong></span> <span class='ocrx_word' id='word_1_434' title='bbox 2103 510 2124 557; x_wconf 87' lang='lat'><strong><em>;</em></strong></span> <span class='ocrx_word' id='word_1_435' title='bbox 2153 502 2202 547; x_wconf 88' lang='lat' dir='ltr'><strong><em>et</em></strong></span> <span class='ocrx_word' id='word_1_436' title='bbox 2247 493 2413 549; x_wconf 70' lang='lat' dir='ltr'><strong><em>multa</em></strong></span> <span class='ocrx_word' id='word_1_437' title='bbox 2439 500 2824 562; x_wconf 76' lang='lat' dir='ltr'><strong><em>accidentibus.</em></strong></span> <span class='ocrx_word' id='word_1_438' title='bbox 2850 520 3011 559; x_wconf 81' lang='lat' dir='ltr'><strong><em>unum</em></strong></span> <span class='ocrx_word' id='word_1_439' title='bbox 3048 508 3102 561; x_wconf 83' lang='lat' dir='ltr'><strong><em>in</em></strong></span> <span class='ocrx_word' id='word_1_440' title='bbox 3146 509 3409 579; x_wconf 83' lang='lat' dir='ltr'><strong><em>subjecto;</em></strong></span> <span class='ocrx_word' id='word_1_441' title='bbox 3437 510 3483 568; x_wconf 67' lang='grc' dir='ltr'><strong><em>οι</em></strong></span> 
     </span>
    </p>
   </div>
   <div class='ocr_carea' id='block_1_59' title="bbox 1900 582 3484 672">
    <p class='ocr_par' dir='ltr' id='par_1_59' title="bbox 1900 582 3484 672">
     <span class='ocr_line' id='line_1_62' title="bbox 1900 582 3484 672; baseline 0.017 -38"><span class='ocrx_word' id='word_1_442' title='bbox 1900 582 2063 635; x_wconf 82' lang='lat' dir='ltr'><strong><em>multa</em></strong></span> <span class='ocrx_word' id='word_1_443' title='bbox 2094 584 2148 636; x_wconf 84' lang='lat' dir='ltr'><strong><em>in</em></strong></span> <span class='ocrx_word' id='word_1_444' title='bbox 2197 599 2412 639; x_wconf 83' lang='lat' dir='ltr'><strong><em>numero</em></strong></span> <span class='ocrx_word' id='word_1_445' title='bbox 2465 600 2556 642; x_wconf 84' lang='lat' dir='ltr'><strong><em>aut</em></strong></span> <span class='ocrx_word' id='word_1_446' title='bbox 2609 592 2907 661; x_wconf 76' lang='lat' dir='ltr'><strong><em>virtutibus,</em></strong></span> <span class='ocrx_word' id='word_1_447' title='bbox 2964 592 3123 652; x_wconf 76' lang='lat' dir='ltr'><strong><em>unum</em></strong></span> <span class='ocrx_word' id='word_1_448' title='bbox 3176 605 3380 672; x_wconf 84' lang='lat' dir='ltr'><strong><em>specie,</em></strong></span> <span class='ocrx_word' id='word_1_449' title='bbox 3433 617 3484 661; x_wconf 86' lang='lat' dir='ltr'><strong><em>et</em></strong></span> 
     </span>
    </p>
   </div>
   <div class='ocr_carea' id='block_1_60' title="bbox 1898 674 3487 755">
    <p class='ocr_par' dir='ltr' id='par_1_60' title="bbox 1898 674 3487 755">
     <span class='ocr_line' id='line_1_63' title="bbox 1898 674 3487 755; baseline 0.018 -28"><span class='ocrx_word' id='word_1_450' title='bbox 1898 674 2065 727; x_wconf 80' lang='lat' dir='ltr'><strong><em>multa</em></strong></span> <span class='ocrx_word' id='word_1_451' title='bbox 2106 677 2395 744; x_wconf 78' lang='lat' dir='ltr'><strong><em>speciebus,</em></strong></span> <span class='ocrx_word' id='word_1_452' title='bbox 2428 695 2588 733; x_wconf 70' lang='lat' dir='ltr'><strong><em>una»:</em></strong></span> <span class='ocrx_word' id='word_1_453' title='bbox 2632 683 2687 736; x_wconf 85' lang='lat' dir='ltr'><strong><em>in</em></strong></span> <span class='ocrx_word' id='word_1_454' title='bbox 2714 702 2921 754; x_wconf 81' lang='lat' dir='ltr'><strong><em>genere.</em></strong></span> <span class='ocrx_word' id='word_1_455' title='bbox 2957 689 3186 748; x_wconf 81' lang='lat' dir='ltr'><strong><em>Proinde</em></strong></span> <span class='ocrx_word' id='word_1_456' title='bbox 3226 693 3274 748; x_wconf 84' lang='lat' dir='ltr'><strong><em>si</em></strong></span> <span class='ocrx_word' id='word_1_457' title='bbox 3296 712 3487 755; x_wconf 82' lang='lat' dir='ltr'><strong><em>mones</em></strong></span> 
     </span>
    </p>
   </div>
   <div class='ocr_carea' id='block_1_61' title="bbox 1898 765 3487 847">
    <p class='ocr_par' dir='ltr' id='par_1_61' title="bbox 1898 765 3487 847">
     <span class='ocr_line' id='line_1_64' title="bbox 1898 765 3487 847; baseline 0.019 -31"><span class='ocrx_word' id='word_1_458' title='bbox 1898 765 2106 831; x_wconf 87' lang='lat' dir='ltr'><strong><em>species</em></strong></span> <span class='ocrx_word' id='word_1_459' title='bbox 2126 765 2178 818; x_wconf 90' lang='lat' dir='ltr'><strong><em>in</em></strong></span> <span class='ocrx_word' id='word_1_460' title='bbox 2220 782 2418 836; x_wconf 79' lang='lat' dir='ltr'><strong><em>genere</em></strong></span> <span class='ocrx_word' id='word_1_461' title='bbox 2439 786 2602 825; x_wconf 90' lang='lat' dir='ltr'><strong><em>unum</em></strong></span> <span class='ocrx_word' id='word_1_462' title='bbox 2627 786 2772 842; x_wconf 90' lang='lat' dir='ltr'><strong><em>sunt,</em></strong></span> <span class='ocrx_word' id='word_1_463' title='bbox 2794 783 3063 847; x_wconf 76' lang='lat' dir='ltr'><strong><em>quomodo</em></strong></span> <span class='ocrx_word' id='word_1_464' title='bbox 3085 783 3211 840; x_wconf 90' lang='lat' dir='ltr'><strong><em>illud</em></strong></span> <span class='ocrx_word' id='word_1_465' title='bbox 3229 803 3393 843; x_wconf 87' lang='lat' dir='ltr'><strong><em>unum</em></strong></span> <span class='ocrx_word' id='word_1_466' title='bbox 3422 806 3487 846; x_wconf 78' lang='lat' dir='ltr'><strong><em>ex</em></strong></span> 
     </span>
    </p>
   </div>
   <div class='ocr_carea' id='block_1_62' title="bbox 1897 857 3489 938">
    <p class='ocr_par' dir='ltr' id='par_1_62' title="bbox 1897 857 3489 938">
     <span class='ocr_line' id='line_1_65' title="bbox 1897 857 3489 938; baseline 0.019 -32"><span class='ocrx_word' id='word_1_467' title='bbox 1897 864 2052 922; x_wconf 87' lang='lat' dir='ltr'><strong><em>parte</em></strong></span> <span class='ocrx_word' id='word_1_468' title='bbox 2072 857 2290 924; x_wconf 86' lang='lat' dir='ltr'><strong><em>peribit,</em></strong></span> <span class='ocrx_word' id='word_1_469' title='bbox 2325 875 2389 913; x_wconf 82' lang='lat' dir='ltr'><strong><em>ex</em></strong></span> <span class='ocrx_word' id='word_1_470' title='bbox 2415 871 2570 931; x_wconf 87' lang='lat' dir='ltr'><strong><em>parte</em></strong></span> <span class='ocrx_word' id='word_1_471' title='bbox 2588 871 2965 934; x_wconf 85' lang='lat' dir='ltr'><strong><em>permanebit?</em></strong></span> <span class='ocrx_word' id='word_1_472' title='bbox 3003 875 3069 928; x_wconf 88' lang='lat' dir='ltr'><strong><em>Et</em></strong></span> <span class='ocrx_word' id='word_1_473' title='bbox 3094 878 3139 931; x_wconf 89' lang='lat' dir='ltr'><strong><em>si</em></strong></span> <span class='ocrx_word' id='word_1_474' title='bbox 3164 879 3289 934; x_wconf 89' lang='lat' dir='ltr'><strong><em>illud</em></strong></span> <span class='ocrx_word' id='word_1_475' title='bbox 3318 898 3489 938; x_wconf 82' lang='lat' dir='ltr'><strong><em>tinum</em></strong></span> 
     </span>
    </p>
   </div>
   <div class='ocr_carea' id='block_1_63' title="bbox 1895 945 3487 1032">
    <p class='ocr_par' dir='ltr' id='par_1_63' title="bbox 1895 945 3487 1032">
     <span class='ocr_line' id='line_1_66' title="bbox 1895 945 3487 1032; baseline 0.019 -36"><span class='ocrx_word' id='word_1_476' title='bbox 1895 945 2252 1002; x_wconf 81' lang='lat' dir='ltr'><strong><em>substantiale</em></strong></span> <span class='ocrx_word' id='word_1_477' title='bbox 2272 964 2436 1004; x_wconf 91' lang='lat' dir='ltr'><strong><em>unum</em></strong></span> <span class='ocrx_word' id='word_1_478' title='bbox 2457 960 2566 1019; x_wconf 88' lang='lat' dir='ltr'><strong><em>est,</em></strong></span> <span class='ocrx_word' id='word_1_479' title='bbox 2594 960 2865 1024; x_wconf 86' lang='lat' dir='ltr'><strong><em>quomodo</em></strong></span> <span class='ocrx_word' id='word_1_480' title='bbox 2880 965 3097 1032; x_wconf 87' lang='lat' dir='ltr'><strong><em>peribit,</em></strong></span> <span class='ocrx_word' id='word_1_481' title='bbox 3118 983 3242 1022; x_wconf 88' lang='lat' dir='ltr'><strong><em>cum</em></strong></span> <span class='ocrx_word' id='word_1_482' title='bbox 3265 970 3487 1027; x_wconf 86' lang='lat' dir='ltr'><strong><em>inomni</em></strong></span> 
     </span>
    </p>
   </div>
   <div class='ocr_carea' id='block_1_64' title="bbox 1892 1040 3487 1120">
    <p class='ocr_par' dir='ltr' id='par_1_64' title="bbox 1892 1040 3487 1120">
     <span class='ocr_line' id='line_1_67' title="bbox 1892 1040 3487 1120; baseline 0.016 -31"><span class='ocrx_word' id='word_1_483' title='bbox 1892 1046 2145 1092; x_wconf 87' lang='lat' dir='ltr'><strong><em>creatura</em></strong></span> <span class='ocrx_word' id='word_1_484' title='bbox 2168 1040 2302 1095; x_wconf 88' lang='lat' dir='ltr'><strong><em>haec</em></strong></span> <span class='ocrx_word' id='word_1_485' title='bbox 2323 1043 2427 1098; x_wconf 85' lang='lat' dir='ltr'><strong><em>tria</em></strong></span> <span class='ocrx_word' id='word_1_486' title='bbox 2480 1045 2980 1120; x_wconf 87' lang='lat' dir='ltr'><strong><em>incorruptibiliter,</em></strong></span> <span class='ocrx_word' id='word_1_487' title='bbox 3003 1059 3121 1112; x_wconf 89' lang='lat' dir='ltr'><strong><em>sine</em></strong></span> <span class='ocrx_word' id='word_1_488' title='bbox 3149 1061 3487 1119; x_wconf 85' lang='lat' dir='ltr'><strong><em>incremento</em></strong></span> 
     </span>
    </p>
   </div>
   <div class='ocr_carea' id='block_1_65' title="bbox 1895 1126 3484 1219">
    <p class='ocr_par' dir='ltr' id='par_1_65' title="bbox 1895 1126 3484 1219">
     <span class='ocr_line' id='line_1_68' title="bbox 1895 1126 3484 1219; baseline 0.024 -43"><span class='ocrx_word' id='word_1_489' title='bbox 1895 1126 1975 1180; x_wconf 85' lang='lat' dir='ltr'><strong><em>vel</em></strong></span> <span class='ocrx_word' id='word_1_490' title='bbox 1997 1128 2342 1187; x_wconf 88' lang='lat' dir='ltr'><strong><em>decremenlo</em></strong></span> <span class='ocrx_word' id='word_1_491' title='bbox 2361 1150 2729 1203; x_wconf 85' lang='lat' dir='ltr'><strong><em>permaneant,</em></strong></span> <span class='ocrx_word' id='word_1_492' title='bbox 2770 1148 3090 1212; x_wconf 77' lang='lat' dir='ltr'><strong><em>substantia,</em></strong></span> <span class='ocrx_word' id='word_1_493' title='bbox 3131 1153 3321 1219; x_wconf 81' lang='lat' dir='ltr'><strong><em>virtus,</em></strong></span> <span class='ocrx_word' id='word_1_494' title='bbox 3346 1169 3404 1211; x_wconf 87' lang='lat' dir='ltr'><strong><em>et</em></strong></span> <span class='ocrx_word' id='word_1_495' title='bbox 3437 1158 3484 1194; x_wconf 73' lang='lat'>&quot;</span> 
     </span>
    </p>
   </div>
   <div class='ocr_carea' id='block_1_66' title="bbox 1891 1219 3484 1311">
    <p class='ocr_par' dir='ltr' id='par_1_66' title="bbox 1891 1219 3484 1311">
     <span class='ocr_line' id='line_1_69' title="bbox 1891 1219 3484 1311; baseline 0.021 -42"><span class='ocrx_word' id='word_1_496' title='bbox 1891 1219 2157 1286; x_wconf 83' lang='lat' dir='ltr'><strong><em>operatio?</em></strong></span> <span class='ocrx_word' id='word_1_497' title='bbox 2170 1220 2236 1275; x_wconf 76' lang='lat' dir='ltr'><strong><em>Et</em></strong></span> <span class='ocrx_word' id='word_1_498' title='bbox 2250 1222 2293 1276; x_wconf 92' lang='lat' dir='ltr'><strong><em>si</em></strong></span> <span class='ocrx_word' id='word_1_499' title='bbox 2308 1227 2546 1280; x_wconf 88' lang='lat' dir='ltr'><strong><em>omnium</em></strong></span> <span class='ocrx_word' id='word_1_500' title='bbox 2561 1230 2873 1288; x_wconf 87' lang='lat' dir='ltr'><strong><em>animalium</em></strong></span> <span class='ocrx_word' id='word_1_501' title='bbox 2891 1245 3139 1307; x_wconf 80' lang='lat' dir='ltr'><strong><em>corpora,</em></strong></span> <span class='ocrx_word' id='word_1_502' title='bbox 3155 1247 3369 1311; x_wconf 79' lang='lat' dir='ltr'><strong><em>quando</em></strong></span> <span class='ocrx_word' id='word_1_503' title='bbox 3383 1248 3484 1301; x_wconf 84' lang='lat' dir='ltr'><strong><em>sol-</em></strong></span> 
     </span>
    </p>
   </div>
   <div class='ocr_carea' id='block_1_67' title="bbox 1892 1313 3481 1394">
    <p class='ocr_par' dir='ltr' id='par_1_67' title="bbox 1892 1313 3481 1394">
     <span class='ocr_line' id='line_1_70' title="bbox 1892 1313 3481 1394; baseline 0.021 -34"><span class='ocrx_word' id='word_1_504' title='bbox 1892 1317 2107 1374; x_wconf 76' lang='lat' dir='ltr'><strong><em>runtur,</em></strong></span> <span class='ocrx_word' id='word_1_505' title='bbox 2123 1326 2227 1366; x_wconf 89' lang='lat' dir='ltr'><strong><em>non</em></strong></span> <span class='ocrx_word' id='word_1_506' title='bbox 2245 1313 2310 1367; x_wconf 87' lang='lat' dir='ltr'><strong><em>ad</em></strong></span> <span class='ocrx_word' id='word_1_507' title='bbox 2328 1315 2549 1371; x_wconf 86' lang='lat' dir='ltr'><strong><em>nihilum</em></strong></span> <span class='ocrx_word' id='word_1_508' title='bbox 2567 1322 2902 1392; x_wconf 82' lang='lat' dir='ltr'><strong><em>rediguntur,</em></strong></span> <span class='ocrx_word' id='word_1_509' title='bbox 2919 1330 3011 1381; x_wconf 90' lang='lat' dir='ltr'><strong><em>sed</em></strong></span> <span class='ocrx_word' id='word_1_510' title='bbox 3025 1330 3078 1384; x_wconf 92' lang='lat' dir='ltr'><strong><em>in</em></strong></span> <span class='ocrx_word' id='word_1_511' title='bbox 3095 1332 3481 1394; x_wconf 81' lang='lat' dir='ltr'><strong><em>elementomm</em></strong></span> 
     </span>
    </p>
   </div>
   <div class='ocr_carea' id='block_1_68' title="bbox 1889 1397 3479 1493">
    <p class='ocr_par' dir='ltr' id='par_1_68' title="bbox 1889 1397 3479 1493">
     <span class='ocr_line' id='line_1_71' title="bbox 1889 1397 3479 1493; baseline 0.019 -45"><span class='ocrx_word' id='word_1_512' title='bbox 1889 1397 2198 1465; x_wconf 86' lang='lat' dir='ltr'><strong><em>qualitates,</em></strong></span> <span class='ocrx_word' id='word_1_513' title='bbox 2224 1416 2454 1470; x_wconf 88' lang='lat' dir='ltr'><strong><em>quarum</em></strong></span> <span class='ocrx_word' id='word_1_514' title='bbox 2478 1422 2746 1465; x_wconf 85' lang='lat' dir='ltr'><strong><em>concursu</em></strong></span> <span class='ocrx_word' id='word_1_515' title='bbox 2779 1416 3131 1473; x_wconf 87' lang='lat' dir='ltr'><strong><em>materialiter</em></strong></span> <span class='ocrx_word' id='word_1_516' title='bbox 3157 1420 3299 1477; x_wconf 81' lang='lat' dir='ltr'><strong><em>facta</em></strong></span> <span class='ocrx_word' id='word_1_517' title='bbox 3333 1438 3479 1493; x_wconf 86' lang='lat' dir='ltr'><strong><em>sunt,</em></strong></span> 
     </span>
    </p>
   </div>
   <div class='ocr_carea' id='block_1_69' title="bbox 1891 1490 3481 1585">
    <p class='ocr_par' dir='ltr' id='par_1_69' title="bbox 1891 1490 3481 1585">
     <span class='ocr_line' id='line_1_72' title="bbox 1891 1490 3481 1585; baseline 0.018 -42"><span class='ocrx_word' id='word_1_518' title='bbox 1891 1490 2068 1545; x_wconf 88' lang='lat' dir='ltr'><strong><em>redire</em></strong></span> <span class='ocrx_word' id='word_1_519' title='bbox 2114 1495 2377 1551; x_wconf 86' lang='lat' dir='ltr'><strong><em>naturalis</em></strong></span> <span class='ocrx_word' id='word_1_520' title='bbox 2430 1499 2570 1552; x_wconf 85' lang='lat' dir='ltr'><strong><em>ratio</em></strong></span> <span class='ocrx_word' id='word_1_521' title='bbox 2615 1505 2898 1573; x_wconf 75' lang='lat' dir='ltr'><strong><em>pet-Spieue</em></strong></span> <span class='ocrx_word' id='word_1_522' title='bbox 2948 1506 2992 1540; x_wconf 76' lang='lat'><strong>“</strong></span> <span class='ocrx_word' id='word_1_523' title='bbox 3039 1512 3321 1580; x_wconf 85' lang='lat' dir='ltr'><strong><em>perbibet:</em></strong></span> <span class='ocrx_word' id='word_1_524' title='bbox 3351 1533 3481 1585; x_wconf 75' lang='lat' dir='ltr'><strong><em>(pto-</em></strong></span> 
     </span>
    </p>
   </div>
   <div class='ocr_carea' id='block_1_70' title="bbox 1891 1582 3481 1667">
    <p class='ocr_par' dir='ltr' id='par_1_70' title="bbox 1891 1582 3481 1667">
     <span class='ocr_line' id='line_1_73' title="bbox 1891 1582 3481 1667; baseline 0.021 -34"><span class='ocrx_word' id='word_1_525' title='bbox 1891 1582 2050 1637; x_wconf 89' lang='lat' dir='ltr'><strong><em>modo</em></strong></span> <span class='ocrx_word' id='word_1_526' title='bbox 2101 1598 2291 1640; x_wconf 89' lang='lat' dir='ltr'><strong><em>eorum</em></strong></span> <span class='ocrx_word' id='word_1_527' title='bbox 2336 1591 2572 1657; x_wconf 83' lang='lat' dir='ltr'><strong><em>animae,</em></strong></span> <span class='ocrx_word' id='word_1_528' title='bbox 2624 1609 2745 1650; x_wconf 89' lang='lat' dir='ltr'><strong><em>cum</em></strong></span> <span class='ocrx_word' id='word_1_529' title='bbox 2789 1598 3033 1667; x_wconf 87' lang='lat' dir='ltr'><strong><em>profecto</em></strong></span> <span class='ocrx_word' id='word_1_530' title='bbox 3080 1605 3191 1661; x_wconf 89' lang='lat' dir='ltr'><strong><em>sint</em></strong></span> <span class='ocrx_word' id='word_1_531' title='bbox 3239 1609 3481 1667; x_wconf 77' lang='lat' dir='ltr'><strong><em>melioris</em></strong></span> 
     </span>
    </p>
   </div>
   <div class='ocr_carea' id='block_1_71' title="bbox 1890 1676 3479 1756">
    <p class='ocr_par' dir='ltr' id='par_1_71' title="bbox 1890 1676 3479 1756">
     <span class='ocr_line' id='line_1_74' title="bbox 1890 1676 3479 1756; baseline 0.02 -33"><span class='ocrx_word' id='word_1_532' title='bbox 1890 1678 2144 1740; x_wconf 82' lang='lat' dir='ltr'><strong><em>naturae,</em></strong></span> <span class='ocrx_word' id='word_1_533' title='bbox 2185 1676 2577 1750; x_wconf 90' lang='lat' dir='ltr'><strong><em>qualiscunque</em></strong></span> <span class='ocrx_word' id='word_1_534' title='bbox 2630 1685 2770 1739; x_wconf 87' lang='lat' dir='ltr'><strong><em>enim</em></strong></span> <span class='ocrx_word' id='word_1_535' title='bbox 2818 1689 3002 1743; x_wconf 85' lang='lat' dir='ltr'><strong><em>anima</em></strong></span> <span class='ocrx_word' id='word_1_536' title='bbox 3056 1694 3148 1756; x_wconf 90' lang='lat' dir='ltr'><strong><em>sit,</em></strong></span> <span class='ocrx_word' id='word_1_537' title='bbox 3200 1698 3479 1755; x_wconf 77' lang='lat' dir='ltr'><strong><em>meliorem</em></strong></span> 
     </span>
    </p>
   </div>
   <div class='ocr_carea' id='block_1_72' title="bbox 1893 1765 3469 1854">
    <p class='ocr_par' dir='ltr' id='par_1_72' title="bbox 1893 1765 3469 1854">
     <span class='ocr_line' id='line_1_75' title="bbox 1893 1765 3469 1854; baseline 0.016 -35"><span class='ocrx_word' id='word_1_538' title='bbox 1893 1776 2017 1819; x_wconf 77' lang='lat' dir='ltr'><strong><em>esse</em></strong></span> <span class='ocrx_word' id='word_1_539' title='bbox 2047 1765 2197 1825; x_wconf 87' lang='lat' dir='ltr'><strong><em>omni</em></strong></span> <span class='ocrx_word' id='word_1_540' title='bbox 2245 1782 2472 1838; x_wconf 86' lang='lat' dir='ltr'><strong><em>corpore</em></strong></span> <span class='ocrx_word' id='word_1_541' title='bbox 2518 1787 2678 1828; x_wconf 88' lang='lat' dir='ltr'><strong><em>nemo</em></strong></span> <span class='ocrx_word' id='word_1_542' title='bbox 2718 1778 3022 1846; x_wconf 88' lang='lat' dir='ltr'><strong><em>sapientum</em></strong></span> <span class='ocrx_word' id='word_1_543' title='bbox 3074 1766 3321 1854; x_wconf 68' lang='lat' dir='ltr'><strong><em>denegat,</em></strong></span> <span class='ocrx_word' id='word_1_544' title='bbox 3356 1806 3469 1844; x_wconf 71' lang='lat' dir='ltr'><strong><em>ont-</em></strong></span> 
     </span>
    </p>
   </div>
   <div class='ocr_carea' id='block_1_73' title="bbox 1898 1858 3474 1942">
    <p class='ocr_par' dir='ltr' id='par_1_73' title="bbox 1898 1858 3474 1942">
     <span class='ocr_line' id='line_1_76' title="bbox 1898 1858 3474 1942; baseline 0.013 -30"><span class='ocrx_word' id='word_1_545' title='bbox 1898 1858 2025 1915; x_wconf 91' lang='lat' dir='ltr'><strong><em>nino</em></strong></span> <span class='ocrx_word' id='word_1_546' title='bbox 2052 1861 2233 1930; x_wconf 88' lang='lat' dir='ltr'><strong><em>perire</em></strong></span> <span class='ocrx_word' id='word_1_547' title='bbox 2273 1875 2521 1932; x_wconf 88' lang='lat' dir='ltr'><strong><em>possunt,</em></strong></span> <span class='ocrx_word' id='word_1_548' title='bbox 2569 1869 2697 1925; x_wconf 82' lang='lat' dir='ltr'><strong><em>dum</em></strong></span> <span class='ocrx_word' id='word_1_549' title='bbox 2753 1871 2945 1925; x_wconf 88' lang='lat' dir='ltr'><strong><em>rationi</em></strong></span> <span class='ocrx_word' id='word_1_550' title='bbox 3003 1888 3108 1928; x_wconf 91' lang='lat' dir='ltr'><strong><em>non</em></strong></span> <span class='ocrx_word' id='word_1_551' title='bbox 3159 1882 3474 1942; x_wconf 82' lang='lat' dir='ltr'><strong><em>conveniat,</em></strong></span> 
     </span>
    </p>
   </div>
   <div class='ocr_carea' id='block_1_74' title="bbox 1896 1950 3477 2035">
    <p class='ocr_par' dir='ltr' id='par_1_74' title="bbox 1896 1950 3477 2035">
     <span class='ocr_line' id='line_1_77' title="bbox 1896 1950 3477 2035; baseline 0.013 -32"><span class='ocrx_word' id='word_1_552' title='bbox 1896 1950 2038 2018; x_wconf 86' lang='lat' dir='ltr'><strong><em>quod</em></strong></span> <span class='ocrx_word' id='word_1_553' title='bbox 2068 1952 2304 2008; x_wconf 88' lang='lat' dir='ltr'><strong><em>deterius</em></strong></span> <span class='ocrx_word' id='word_1_554' title='bbox 2334 1963 2436 2017; x_wconf 88' lang='lat' dir='ltr'><strong><em>est,</em></strong></span> <span class='ocrx_word' id='word_1_555' title='bbox 2468 1964 2686 2013; x_wconf 72' lang='lat' dir='ltr'><strong><em>uouere&quot;</em></strong></span> <span class='ocrx_word' id='word_1_556' title='bbox 2722 1969 2777 2013; x_wconf 89' lang='lat' dir='ltr'><strong><em>et</em></strong></span> <span class='ocrx_word' id='word_1_557' title='bbox 2802 1962 3019 2027; x_wconf 83' lang='lat' dir='ltr'><strong><em>salvari,</em></strong></span> <span class='ocrx_word' id='word_1_558' title='bbox 3044 1968 3188 2035; x_wconf 86' lang='lat' dir='ltr'><strong><em>quod</em></strong></span> <span class='ocrx_word' id='word_1_559' title='bbox 3216 1984 3345 2023; x_wconf 84' lang='lat' dir='ltr'><strong><em>vero</em></strong></span> <span class='ocrx_word' id='word_1_560' title='bbox 3369 1988 3477 2024; x_wconf 90' lang='lat' dir='ltr'><strong><em>me-</em></strong></span> 
     </span>
    </p>
   </div>
   <div class='ocr_carea' id='block_1_75' title="bbox 1895 2040 3495 2129">
    <p class='ocr_par' dir='ltr' id='par_1_75' title="bbox 1895 2040 3495 2129">
     <span class='ocr_line' id='line_1_78' title="bbox 1895 2040 3495 2129; baseline 0.014 -35"><span class='ocrx_word' id='word_1_561' title='bbox 1895 2040 2020 2107; x_wconf 89' lang='lat' dir='ltr'><strong><em>lius,</em></strong></span> <span class='ocrx_word' id='word_1_562' title='bbox 2056 2045 2329 2115; x_wconf 84' lang='lat' dir='ltr'><strong><em>corrumpi</em></strong></span> <span class='ocrx_word' id='word_1_563' title='bbox 2362 2055 2415 2101; x_wconf 90' lang='lat' dir='ltr'><strong><em>et</em></strong></span> <span class='ocrx_word' id='word_1_564' title='bbox 2458 2050 2664 2118; x_wconf 87' lang='lat' dir='ltr'><strong><em>perire,</em></strong></span> <span class='ocrx_word' id='word_1_565' title='bbox 2710 2059 2765 2105; x_wconf 91' lang='lat' dir='ltr'><strong><em>et</em></strong></span> <span class='ocrx_word' id='word_1_566' title='bbox 2809 2055 2952 2123; x_wconf 89' lang='lat' dir='ltr'><strong><em>quod</em></strong></span> <span class='ocrx_word' id='word_1_567' title='bbox 2983 2061 3340 2129; x_wconf 86' lang='lat' dir='ltr'><strong><em>compositum</em></strong></span> <span class='ocrx_word' id='word_1_568' title='bbox 3370 2057 3495 2127; x_wconf 52' lang='lat' dir='ltr'><strong><em>est;</em></strong></span> 
     </span>
    </p>
   </div>
   <div class='ocr_carea' id='block_1_76' title="bbox 1894 2135 3474 2219">
    <p class='ocr_par' dir='ltr' id='par_1_76' title="bbox 1894 2135 3474 2219">
     <span class='ocr_line' id='line_1_79' title="bbox 1894 2135 3474 2219; baseline 0.013 -33"><span class='ocrx_word' id='word_1_569' title='bbox 1894 2135 1946 2187; x_wconf 89' lang='lat' dir='ltr'><strong><em>in</em></strong></span> <span class='ocrx_word' id='word_1_570' title='bbox 1974 2135 2088 2189; x_wconf 89' lang='lat' dir='ltr'><strong><em>suis</em></strong></span> <span class='ocrx_word' id='word_1_571' title='bbox 2118 2138 2364 2204; x_wconf 88' lang='lat' dir='ltr'><strong><em>partibus</em></strong></span> <span class='ocrx_word' id='word_1_572' title='bbox 2393 2137 2678 2205; x_wconf 72' lang='lat' dir='ltr'><strong><em>disiunctis</em></strong></span> <span class='ocrx_word' id='word_1_573' title='bbox 2719 2147 3002 2212; x_wconf 80' lang='lat' dir='ltr'><strong><em>custodiri,</em></strong></span> <span class='ocrx_word' id='word_1_574' title='bbox 3034 2149 3259 2219; x_wconf 74' lang='lat' dir='ltr'><strong><em>simplex</em></strong></span> <span class='ocrx_word' id='word_1_575' title='bbox 3296 2164 3474 2207; x_wconf 79' lang='lat' dir='ltr'><strong><em>autem</em></strong></span> 
     </span>
    </p>
   </div>
   <div class='ocr_carea' id='block_1_77' title="bbox 1891 2225 3478 2313">
    <p class='ocr_par' dir='ltr' id='par_1_77' title="bbox 1891 2225 3478 2313">
     <span class='ocr_line' id='line_1_80' title="bbox 1891 2225 3478 2313; baseline 0.013 -35"><span class='ocrx_word' id='word_1_576' title='bbox 1891 2225 2146 2295; x_wconf 89' lang='lat' dir='ltr'><strong><em>omnique</em></strong></span> <span class='ocrx_word' id='word_1_577' title='bbox 2177 2229 2572 2298; x_wconf 89' lang='lat' dir='ltr'><strong><em>compositione</em></strong></span> <span class='ocrx_word' id='word_1_578' title='bbox 2603 2238 2797 2288; x_wconf 77' lang='lat' dir='ltr'><strong><em>earens</em></strong></span> <span class='ocrx_word' id='word_1_579' title='bbox 2841 2236 3172 2308; x_wconf 85' lang='lat' dir='ltr'><strong><em>dissolvique</em></strong></span> <span class='ocrx_word' id='word_1_580' title='bbox 3216 2245 3478 2313; x_wconf 82' lang='lat' dir='ltr'><strong><em>nequiens</em></strong></span> 
     </span>
    </p>
   </div>
   <div class='ocr_carea' id='block_1_78' title="bbox 1893 2316 3473 2399">
    <p class='ocr_par' dir='ltr' id='par_1_78' title="bbox 1893 2316 3473 2399">
     <span class='ocr_line' id='line_1_81' title="bbox 1893 2316 3473 2399; baseline 0.016 -31"><span class='ocrx_word' id='word_1_581' title='bbox 1893 2316 2168 2370; x_wconf 84' lang='lat' dir='ltr'><strong><em>interimi?</em></strong></span> <span class='ocrx_word' id='word_1_582' title='bbox 2205 2317 2377 2374; x_wconf 89' lang='lat' dir='ltr'><strong><em>Omne</em></strong></span> <span class='ocrx_word' id='word_1_583' title='bbox 2433 2330 2618 2377; x_wconf 82' lang='lat' dir='ltr'><strong><em>autem</em></strong></span> <span class='ocrx_word' id='word_1_584' title='bbox 2670 2332 2867 2395; x_wconf 80' lang='lat' dir='ltr'><strong><em>corpus</em></strong></span> <span class='ocrx_word' id='word_1_585' title='bbox 2920 2332 3279 2399; x_wconf 76' lang='lat' dir='ltr'><strong><em>Compositum</em></strong></span> <span class='ocrx_word' id='word_1_586' title='bbox 3332 2350 3473 2395; x_wconf 73' lang='lat' dir='ltr'><strong><em>eSse.</em></strong></span> 
     </span>
    </p>
   </div>
   <div class='ocr_carea' id='block_1_79' title="bbox 1891 2411 3472 2492">
    <p class='ocr_par' dir='ltr' id='par_1_79' title="bbox 1891 2411 3472 2492">
     <span class='ocr_line' id='line_1_82' title="bbox 1891 2411 3472 2492; baseline 0.013 -34"><span class='ocrx_word' id='word_1_587' title='bbox 1891 2421 2106 2463; x_wconf 82' lang='lat' dir='ltr'><strong><em>munem</em></strong></span> <span class='ocrx_word' id='word_1_588' title='bbox 2130 2423 2260 2464; x_wconf 89' lang='lat' dir='ltr'><strong><em>vero</em></strong></span> <span class='ocrx_word' id='word_1_589' title='bbox 2290 2411 2526 2466; x_wconf 85' lang='lat' dir='ltr'><strong><em>animant</em></strong></span> <span class='ocrx_word' id='word_1_590' title='bbox 2558 2415 2878 2485; x_wconf 87' lang='lat' dir='ltr'><strong><em>simplicem,</em></strong></span> <span class='ocrx_word' id='word_1_591' title='bbox 2927 2421 3049 2489; x_wconf 88' lang='lat' dir='ltr'><strong><em>quis</em></strong></span> <span class='ocrx_word' id='word_1_592' title='bbox 3094 2424 3314 2492; x_wconf 86' lang='lat' dir='ltr'><strong><em>sophiae</em></strong></span> <span class='ocrx_word' id='word_1_593' title='bbox 3357 2437 3472 2481; x_wconf 85' lang='lat' dir='ltr'><strong><em>slu-</em></strong></span> 
     </span>
    </p>
   </div>
   <div class='ocr_carea' id='block_1_80' title="bbox 1891 2496 3471 2582">
    <p class='ocr_par' dir='ltr' id='par_1_80' title="bbox 1891 2496 3471 2582">
     <span class='ocr_line' id='line_1_83' title="bbox 1891 2496 3471 2582; baseline 0.015 -34"><span class='ocrx_word' id='word_1_594' title='bbox 1891 2496 2133 2552; x_wconf 80' lang='lat' dir='ltr'><strong><em>(lentiinn</em></strong></span> <span class='ocrx_word' id='word_1_595' title='bbox 2164 2502 2419 2556; x_wconf 85' lang='lat' dir='ltr'><strong><em>nesciat?</em></strong></span> <span class='ocrx_word' id='word_1_596' title='bbox 2450 2503 2680 2574; x_wconf 86' lang='lat' dir='ltr'><strong><em>thnod</em></strong></span> <span class='ocrx_word' id='word_1_597' title='bbox 2726 2507 2811 2562; x_wconf 86' lang='lat' dir='ltr'><strong><em>his</em></strong></span> <span class='ocrx_word' id='word_1_598' title='bbox 2856 2511 3107 2567; x_wconf 89' lang='lat' dir='ltr'><strong><em>omnibus</em></strong></span> <span class='ocrx_word' id='word_1_599' title='bbox 3151 2515 3471 2582; x_wconf 80' lang='lat' dir='ltr'><strong><em>mirabilius,</em></strong></span> 
     </span>
    </p>
   </div>
   <div class='ocr_carea' id='block_1_81' title="bbox 1889 2593 3470 2674">
    <p class='ocr_par' dir='ltr' id='par_1_81' title="bbox 1889 2593 3470 2674">
     <span class='ocr_line' id='line_1_84' title="bbox 1889 2593 3470 2674; baseline 0.014 -33"><span class='ocrx_word' id='word_1_600' title='bbox 1889 2604 2080 2659; x_wconf 89' lang='lat' dir='ltr'><strong><em>quare,</em></strong></span> <span class='ocrx_word' id='word_1_601' title='bbox 2128 2593 2219 2661; x_wconf 90' lang='lat' dir='ltr'><strong><em>qui</em></strong></span> <span class='ocrx_word' id='word_1_602' title='bbox 2270 2594 2671 2653; x_wconf 87' lang='lat' dir='ltr'><strong><em>irrationabiles</em></strong></span> <span class='ocrx_word' id='word_1_603' title='bbox 2726 2602 2933 2658; x_wconf 88' lang='lat' dir='ltr'><strong><em>animas</em></strong></span> <span class='ocrx_word' id='word_1_604' title='bbox 2977 2615 3099 2674; x_wconf 88' lang='lat' dir='ltr'><strong><em>post</em></strong></span> <span class='ocrx_word' id='word_1_605' title='bbox 3148 2607 3470 2665; x_wconf 87' lang='lat' dir='ltr'><strong><em>solutionem</em></strong></span> 
     </span>
    </p>
   </div>
   <div class='ocr_carea' id='block_1_82' title="bbox 1889 2680 3469 2760">
    <p class='ocr_par' dir='ltr' id='par_1_82' title="bbox 1889 2680 3469 2760">
     <span class='ocr_line' id='line_1_85' title="bbox 1889 2680 3469 2760; baseline 0.012 -27"><span class='ocrx_word' id='word_1_606' title='bbox 1889 2680 2134 2749; x_wconf 84' lang='lat' dir='ltr'><strong><em>corporis</em></strong></span> <span class='ocrx_word' id='word_1_607' title='bbox 2177 2682 2399 2738; x_wconf 89' lang='lat' dir='ltr'><strong><em>interire</em></strong></span> <span class='ocrx_word' id='word_1_608' title='bbox 2443 2696 2714 2752; x_wconf 84' lang='lat' dir='ltr'><strong><em>asserunt,</em></strong></span> <span class='ocrx_word' id='word_1_609' title='bbox 2759 2704 2858 2746; x_wconf 88' lang='lat' dir='ltr'><strong><em>nec</em></strong></span> <span class='ocrx_word' id='word_1_610' title='bbox 2887 2693 3177 2759; x_wconf 83' lang='lat' dir='ltr'><strong><em>immerito,</em></strong></span> <span class='ocrx_word' id='word_1_611' title='bbox 3210 2706 3267 2750; x_wconf 91' lang='lat' dir='ltr'><strong><em>ut</em></strong></span> <span class='ocrx_word' id='word_1_612' title='bbox 3299 2700 3469 2760; x_wconf 88' lang='lat' dir='ltr'><strong><em>aiunt,</em></strong></span> 
     </span>
    </p>
   </div>
   <div class='ocr_carea' id='block_1_83' title="bbox 1887 2771 3470 2847">
    <p class='ocr_par' dir='ltr' id='par_1_83' title="bbox 1887 2771 3470 2847">
     <span class='ocr_line' id='line_1_86' title="bbox 1887 2771 3470 2847; baseline 0.014 -27"><span class='ocrx_word' id='word_1_613' title='bbox 1887 2771 2143 2838; x_wconf 88' lang='lat' dir='ltr'><strong><em>quoniam</em></strong></span> <span class='ocrx_word' id='word_1_614' title='bbox 2183 2773 2249 2825; x_wconf 87' lang='lat' dir='ltr'><strong><em>de</em></strong></span> <span class='ocrx_word' id='word_1_615' title='bbox 2297 2781 2438 2827; x_wconf 86' lang='lat' dir='ltr'><strong><em>terra</em></strong></span> <span class='ocrx_word' id='word_1_616' title='bbox 2472 2786 2718 2847; x_wconf 82' lang='lat' dir='ltr'><strong><em>sumptae</em></strong></span> <span class='ocrx_word' id='word_1_617' title='bbox 2746 2789 2869 2835; x_wconf 89' lang='lat' dir='ltr'><strong><em>sunt</em></strong></span> <span class='ocrx_word' id='word_1_618' title='bbox 2902 2782 3034 2837; x_wconf 89' lang='lat' dir='ltr'><strong><em>etin</em></strong></span> <span class='ocrx_word' id='word_1_619' title='bbox 3080 2786 3278 2840; x_wconf 85' lang='lat' dir='ltr'><strong><em>terram</em></strong></span> <span class='ocrx_word' id='word_1_620' title='bbox 3305 2790 3470 2842; x_wconf 83' lang='lat' dir='ltr'><strong><em>resol-</em></strong></span> 
     </span>
    </p>
   </div>
   <div class='ocr_carea' id='block_1_84' title="bbox 1889 2862 3469 2931">
    <p class='ocr_par' dir='ltr' id='par_1_84' title="bbox 1889 2862 3469 2931">
     <span class='ocr_line' id='line_1_87' title="bbox 1889 2862 3469 2931; baseline 0.013 -21"><span class='ocrx_word' id='word_1_621' title='bbox 1889 2866 2107 2922; x_wconf 88' lang='lat' dir='ltr'><strong><em>vuntur,</em></strong></span> <span class='ocrx_word' id='word_1_622' title='bbox 2156 2862 2367 2930; x_wconf 83' lang='lat' dir='ltr'><strong><em>magnis</em></strong></span> <span class='ocrx_word' id='word_1_623' title='bbox 2408 2864 2657 2921; x_wconf 84' lang='lat' dir='ltr'><strong><em>laudibus</em></strong></span> <span class='ocrx_word' id='word_1_624' title='bbox 2700 2869 3084 2927; x_wconf 86' lang='lat' dir='ltr'><strong><em>irrationabilis</em></strong></span> <span class='ocrx_word' id='word_1_625' title='bbox 3112 2875 3322 2930; x_wconf 87' lang='lat' dir='ltr'><strong><em>animae</em></strong></span> <span class='ocrx_word' id='word_1_626' title='bbox 3359 2878 3469 2931; x_wconf 83' lang='lat' dir='ltr'><strong><em>vir-</em></strong></span> 
     </span>
    </p>
   </div>
   <div class='ocr_carea' id='block_1_85' title="bbox 1890 2952 3471 3027">
    <p class='ocr_par' dir='ltr' id='par_1_85' title="bbox 1890 2952 3471 3027">
     <span class='ocr_line' id='line_1_88' title="bbox 1890 2952 3471 3027; baseline 0.016 -26"><span class='ocrx_word' id='word_1_627' title='bbox 1890 2958 2058 3004; x_wconf 92' lang='lat' dir='ltr'><strong><em>tutcm</em></strong></span> <span class='ocrx_word' id='word_1_628' title='bbox 2100 2952 2150 3005; x_wconf 89' lang='lat' dir='ltr'><strong><em>in</em></strong></span> <span class='ocrx_word' id='word_1_629' title='bbox 2187 2956 2435 3010; x_wconf 75' lang='lat' dir='ltr'><strong><em>sensibus</em></strong></span> <span class='ocrx_word' id='word_1_630' title='bbox 2482 2960 2741 3023; x_wconf 80' lang='lat' dir='ltr'><strong><em>exaltant,</em></strong></span> <span class='ocrx_word' id='word_1_631' title='bbox 2786 2972 2838 3016; x_wconf 90' lang='lat' dir='ltr'><strong><em>et</em></strong></span> <span class='ocrx_word' id='word_1_632' title='bbox 2875 2966 3213 3023; x_wconf 81' lang='lat' dir='ltr'><strong><em>rationabilis</em></strong></span> <span class='ocrx_word' id='word_1_633' title='bbox 3255 2971 3471 3027; x_wconf 86' lang='lat' dir='ltr'><strong><em>animae</em></strong></span> 
     </span>
    </p>
   </div>
   <div class='ocr_carea' id='block_1_86' title="bbox 1889 3039 3465 3127">
    <p class='ocr_par' dir='ltr' id='par_1_86' title="bbox 1889 3039 3465 3127">
     <span class='ocr_line' id='line_1_89' title="bbox 1889 3039 3465 3127; baseline 0.016 -35"><span class='ocrx_word' id='word_1_634' title='bbox 1889 3039 1944 3093; x_wconf 91' lang='lat' dir='ltr'><strong><em>in</em></strong></span> <span class='ocrx_word' id='word_1_635' title='bbox 1974 3042 2222 3098; x_wconf 83' lang='lat' dir='ltr'><strong><em>sensibus</em></strong></span> <span class='ocrx_word' id='word_1_636' title='bbox 2246 3050 2524 3115; x_wconf 82' lang='lat' dir='ltr'><strong><em>corporeis</em></strong></span> <span class='ocrx_word' id='word_1_637' title='bbox 2561 3052 2748 3106; x_wconf 87' lang='lat' dir='ltr'><strong><em>virtuti</em></strong></span> <span class='ocrx_word' id='word_1_638' title='bbox 2793 3054 3145 3123; x_wconf 62' lang='lat' dir='ltr'><strong><em>praelbruut?</em></strong></span> <span class='ocrx_word' id='word_1_639' title='bbox 3170 3058 3300 3127; x_wconf 83' lang='lat' dir='ltr'><strong><em>Quis</em></strong></span> <span class='ocrx_word' id='word_1_640' title='bbox 3321 3064 3465 3119; x_wconf 88' lang='lat' dir='ltr'><strong><em>enim</em></strong></span> 
     </span>
    </p>
   </div>
   <div class='ocr_carea' id='block_1_87' title="bbox 1888 3130 3466 3220">
    <p class='ocr_par' dir='ltr' id='par_1_87' title="bbox 1888 3130 3466 3220">
     <span class='ocr_line' id='line_1_90' title="bbox 1888 3130 3466 3220; baseline 0.016 -37"><span class='ocrx_word' id='word_1_641' title='bbox 1888 3130 2161 3185; x_wconf 81' lang='lat' dir='ltr'><strong><em>hominum</em></strong></span> <span class='ocrx_word' id='word_1_642' title='bbox 2209 3144 2367 3190; x_wconf 90' lang='lat' dir='ltr'><strong><em>acute</em></strong></span> <span class='ocrx_word' id='word_1_643' title='bbox 2413 3139 2579 3203; x_wconf 86' lang='lat' dir='ltr'><strong><em>videt,</em></strong></span> <span class='ocrx_word' id='word_1_644' title='bbox 2628 3149 2686 3194; x_wconf 91' lang='lat' dir='ltr'><strong><em>ut</em></strong></span> <span class='ocrx_word' id='word_1_645' title='bbox 2732 3144 2913 3214; x_wconf 86' lang='lat' dir='ltr'><strong><em>aquila</em></strong></span> <span class='ocrx_word' id='word_1_646' title='bbox 2966 3148 3466 3220; x_wconf 3' lang='lat' dir='ltr'><strong><em>etqdorcas?Quis</em></strong></span> 
     </span>
    </p>
   </div>
   <div class='ocr_carea' id='block_1_88' title="bbox 1882 3221 3465 3312">
    <p class='ocr_par' dir='ltr' id='par_1_88' title="bbox 1882 3221 3465 3312">
     <span class='ocr_line' id='line_1_91' title="bbox 1882 3221 3465 3312; baseline 0.016 -37"><span class='ocrx_word' id='word_1_647' title='bbox 1882 3221 2051 3290; x_wconf 89' lang='lat' dir='ltr'><strong><em>pollet</em></strong></span> <span class='ocrx_word' id='word_1_648' title='bbox 2087 3224 2359 3281; x_wconf 87' lang='lat' dir='ltr'><strong><em>odorifera</em></strong></span> <span class='ocrx_word' id='word_1_649' title='bbox 2407 3229 2479 3295; x_wconf 90' lang='lat' dir='ltr'><strong><em>vi,</em></strong></span> <span class='ocrx_word' id='word_1_650' title='bbox 2524 3241 2577 3285; x_wconf 91' lang='lat' dir='ltr'><strong><em>ut</em></strong></span> <span class='ocrx_word' id='word_1_651' title='bbox 2604 3235 2794 3289; x_wconf 87' lang='lat' dir='ltr'><strong><em>canis?</em></strong></span> <span class='ocrx_word' id='word_1_652' title='bbox 2836 3237 2901 3292; x_wconf 84' lang='lat' dir='ltr'><strong><em>Et</em></strong></span> <span class='ocrx_word' id='word_1_653' title='bbox 2932 3253 2998 3293; x_wconf 91' lang='lat' dir='ltr'><strong><em>ne</em></strong></span> <span class='ocrx_word' id='word_1_654' title='bbox 3035 3239 3251 3312; x_wconf 80' lang='lat' dir='ltr'><strong><em>longum</em></strong></span> <span class='ocrx_word' id='word_1_655' title='bbox 3285 3245 3465 3300; x_wconf 86' lang='lat' dir='ltr'><strong><em>videa-</em></strong></span> 
     </span>
    </p>
   </div>
   <div class='ocr_carea' id='block_1_89' title="bbox 1883 3313 3467 3395">
    <p class='ocr_par' dir='ltr' id='par_1_89' title="bbox 1883 3313 3467 3395">
     <span class='ocr_line' id='line_1_92' title="bbox 1883 3313 3467 3395; baseline 0.018 -31"><span class='ocrx_word' id='word_1_656' title='bbox 1883 3321 1971 3365; x_wconf 91' lang='lat' dir='ltr'><strong><em>tur</em></strong></span> <span class='ocrx_word' id='word_1_657' title='bbox 1998 3313 2065 3369; x_wconf 89' lang='lat' dir='ltr'><strong><em>de</em></strong></span> <span class='ocrx_word' id='word_1_658' title='bbox 2107 3317 2437 3375; x_wconf 86' lang='lat' dir='ltr'><strong><em>irrationalis</em></strong></span> <span class='ocrx_word' id='word_1_659' title='bbox 2476 3325 2687 3380; x_wconf 85' lang='lat' dir='ltr'><strong><em>animae</em></strong></span> <span class='ocrx_word' id='word_1_660' title='bbox 2716 3331 2955 3395; x_wconf 89' lang='lat' dir='ltr'><strong><em>potentia</em></strong></span> <span class='ocrx_word' id='word_1_661' title='bbox 2983 3331 3037 3385; x_wconf 89' lang='lat' dir='ltr'><strong><em>in</em></strong></span> <span class='ocrx_word' id='word_1_662' title='bbox 3066 3335 3314 3390; x_wconf 88' lang='lat' dir='ltr'><strong><em>sensibus</em></strong></span> <span class='ocrx_word' id='word_1_663' title='bbox 3355 3338 3467 3391; x_wconf 83' lang='lat' dir='ltr'><strong><em>sin-</em></strong></span> 
     </span>
    </p>
   </div>
   <div class='ocr_carea' id='block_1_90' title="bbox 1880 3404 3464 3488">
    <p class='ocr_par' dir='ltr' id='par_1_90' title="bbox 1880 3404 3464 3488">
     <span class='ocr_line' id='line_1_93' title="bbox 1880 3404 3464 3488; baseline 0.017 -34"><span class='ocrx_word' id='word_1_664' title='bbox 1880 3404 2127 3472; x_wconf 79' lang='lat' dir='ltr'><strong><em>gulorum</em></strong></span> <span class='ocrx_word' id='word_1_665' title='bbox 2161 3409 2472 3464; x_wconf 87' lang='lat' dir='ltr'><strong><em>animalium</em></strong></span> <span class='ocrx_word' id='word_1_666' title='bbox 2502 3413 2791 3481; x_wconf 82' lang='lat' dir='ltr'><strong><em>disserere,</em></strong></span> <span class='ocrx_word' id='word_1_667' title='bbox 2828 3420 2956 3488; x_wconf 86' lang='lat' dir='ltr'><strong><em>quid</em></strong></span> <span class='ocrx_word' id='word_1_668' title='bbox 3001 3422 3066 3476; x_wconf 89' lang='lat' dir='ltr'><strong><em>de</em></strong></span> <span class='ocrx_word' id='word_1_669' title='bbox 3114 3423 3464 3481; x_wconf 86' lang='lat' dir='ltr'><strong><em>diuturnitate</em></strong></span> 
     </span>
    </p>
   </div>
   <div class='ocr_carea' id='block_1_91' title="bbox 1880 3497 3463 3571">
    <p class='ocr_par' dir='ltr' id='par_1_91' title="bbox 1880 3497 3463 3571">
     <span class='ocr_line' id='line_1_94' title="bbox 1880 3497 3463 3571; baseline 0.016 -26"><span class='ocrx_word' id='word_1_670' title='bbox 1880 3497 2173 3551; x_wconf 85' lang='lat' dir='ltr'><strong><em>memoriae</em></strong></span> <span class='ocrx_word' id='word_1_671' title='bbox 2245 3500 2696 3560; x_wconf 85' lang='lat' dir='ltr'><strong><em>irrationabilium</em></strong></span> <span class='ocrx_word' id='word_1_672' title='bbox 2752 3518 2833 3563; x_wconf 88' lang='lat' dir='ltr'><strong><em>est</em></strong></span> <span class='ocrx_word' id='word_1_673' title='bbox 2897 3511 3249 3568; x_wconf 86' lang='lat' dir='ltr'><strong><em>dicendum?</em></strong></span> <span class='ocrx_word' id='word_1_674' title='bbox 3300 3516 3463 3571; x_wconf 84' lang='lat' dir='ltr'><strong><em>Canis</em></strong></span> 
     </span>
    </p>
   </div>
   <div class='ocr_carea' id='block_1_92' title="bbox 1882 3581 3464 3677">
    <p class='ocr_par' dir='ltr' id='par_1_92' title="bbox 1882 3581 3464 3677">
     <span class='ocr_line' id='line_1_95' title="bbox 1882 3581 3464 3677; baseline 0.015 -40"><span class='ocrx_word' id='word_1_675' title='bbox 1882 3581 2087 3653; x_wconf 88' lang='lat' dir='ltr'><strong><em>Ulyssis</em></strong></span> <span class='ocrx_word' id='word_1_676' title='bbox 2113 3596 2235 3654; x_wconf 89' lang='lat' dir='ltr'><strong><em>post</em></strong></span> <span class='ocrx_word' id='word_1_677' title='bbox 2264 3604 2435 3645; x_wconf 87' lang='lat' dir='ltr'><strong><em>annos</em></strong></span> <span class='ocrx_word' id='word_1_678' title='bbox 2477 3594 2662 3663; x_wconf 79' lang='lat' dir='ltr'><strong><em>viginti</em></strong></span> <span class='ocrx_word' id='word_1_679' title='bbox 2699 3597 2976 3653; x_wconf 90' lang='lat' dir='ltr'><strong><em>dominum</em></strong></span> <span class='ocrx_word' id='word_1_680' title='bbox 3020 3616 3175 3656; x_wconf 91' lang='lat' dir='ltr'><strong><em>suum</em></strong></span> <span class='ocrx_word' id='word_1_681' title='bbox 3205 3620 3464 3677; x_wconf 77' lang='lat' dir='ltr'><strong><em>recogno—</em></strong></span> 
     </span>
    </p>
   </div>
   <div class='ocr_carea' id='block_1_93' title="bbox 1880 3673 3460 3764">
    <p class='ocr_par' dir='ltr' id='par_1_93' title="bbox 1880 3673 3460 3764">
     <span class='ocr_line' id='line_1_96' title="bbox 1880 3673 3460 3764; baseline 0.02 -41"><span class='ocrx_word' id='word_1_682' title='bbox 1880 3673 1973 3726; x_wconf 87' lang='lat' dir='ltr'><strong><em>vit.</em></strong></span> <span class='ocrx_word' id='word_1_683' title='bbox 2018 3674 2267 3732; x_wconf 82' lang='lat' dir='ltr'><strong><em>Camelus</em></strong></span> <span class='ocrx_word' id='word_1_684' title='bbox 2317 3680 2566 3749; x_wconf 87' lang='lat' dir='ltr'><strong><em>injuriam</em></strong></span> <span class='ocrx_word' id='word_1_685' title='bbox 2629 3703 2659 3740; x_wconf 88' lang='lat' dir='ltr'><strong><em>a</em></strong></span> <span class='ocrx_word' id='word_1_686' title='bbox 2706 3692 2979 3761; x_wconf 82' lang='lat' dir='ltr'><strong><em>magistris</em></strong></span> <span class='ocrx_word' id='word_1_687' title='bbox 3032 3696 3244 3764; x_wconf 81' lang='lat' dir='ltr'><strong><em>patiens</em></strong></span> <span class='ocrx_word' id='word_1_688' title='bbox 3294 3701 3460 3754; x_wconf 89' lang='lat' dir='ltr'><strong><em>multo</em></strong></span> 
     </span>
    </p>
   </div>
   <div class='ocr_carea' id='block_1_94' title="bbox 1876 3773 3453 3855">
    <p class='ocr_par' dir='ltr' id='par_1_94' title="bbox 1876 3773 3453 3855">
     <span class='ocr_line' id='line_1_97' title="bbox 1876 3773 3453 3855; baseline 0.02 -39"><span class='ocrx_word' id='word_1_689' title='bbox 1876 3779 2140 3822; x_wconf 84' lang='lat' dir='ltr'><strong><em>annorum</em></strong></span> <span class='ocrx_word' id='word_1_690' title='bbox 2170 3773 2344 3840; x_wconf 86' lang='lat' dir='ltr'><strong><em>spatio</em></strong></span> <span class='ocrx_word' id='word_1_691' title='bbox 2368 3784 2552 3844; x_wconf 89' lang='lat' dir='ltr'><strong><em>aptum</em></strong></span> <span class='ocrx_word' id='word_1_692' title='bbox 2600 3779 2787 3835; x_wconf 88' lang='lat' dir='ltr'><strong><em>ultioni</em></strong></span> <span class='ocrx_word' id='word_1_693' title='bbox 2837 3792 2966 3839; x_wconf 81' lang='lat' dir='ltr'><strong><em>Suae</em></strong></span> <span class='ocrx_word' id='word_1_694' title='bbox 3000 3798 3208 3855; x_wconf 87' lang='lat' dir='ltr'><strong><em>spectat</em></strong></span> <span class='ocrx_word' id='word_1_695' title='bbox 3255 3792 3453 3854; x_wconf 83' lang='lat' dir='ltr'><strong><em>locum,</em></strong></span> 
     </span>
    </p>
   </div>
   <div class='ocr_carea' id='block_1_95' title="bbox 1877 3858 3459 3940">
    <p class='ocr_par' dir='ltr' id='par_1_95' title="bbox 1877 3858 3459 3940">
     <span class='ocr_line' id='line_1_98' title="bbox 1877 3858 3459 3940; baseline 0.019 -32"><span class='ocrx_word' id='word_1_696' title='bbox 1877 3858 1999 3909; x_wconf 89' lang='lat' dir='ltr'><strong><em>dum</em></strong></span> <span class='ocrx_word' id='word_1_697' title='bbox 2029 3859 2098 3911; x_wconf 88' lang='lat' dir='ltr'><strong><em>sit</em></strong></span> <span class='ocrx_word' id='word_1_698' title='bbox 2139 3861 2251 3929; x_wconf 82' lang='lat' dir='ltr'><strong><em>ipse</em></strong></span> <span class='ocrx_word' id='word_1_699' title='bbox 2277 3880 2485 3920; x_wconf 90' lang='lat' dir='ltr'><strong><em>memor</em></strong></span> <span class='ocrx_word' id='word_1_700' title='bbox 2506 3884 2718 3938; x_wconf 85' lang='lat' dir='ltr'><strong><em>semper</em></strong></span> <span class='ocrx_word' id='word_1_701' title='bbox 2741 3871 2987 3940; x_wconf 82' lang='lat' dir='ltr'><strong><em>injuriae.</em></strong></span> <span class='ocrx_word' id='word_1_702' title='bbox 3026 3879 3099 3933; x_wconf 90' lang='lat' dir='ltr'><strong><em>De</em></strong></span> <span class='ocrx_word' id='word_1_703' title='bbox 3123 3885 3459 3938; x_wconf 71' lang='lat' dir='ltr'><strong><em>naturalibus</em></strong></span> 
     </span>
    </p>
   </div>
   <div class='ocr_carea' id='block_1_96' title="bbox 1876 3958 3456 4043">
    <p class='ocr_par' dir='ltr' id='par_1_96' title="bbox 1876 3958 3456 4043">
     <span class='ocr_line' id='line_1_99' title="bbox 1876 3958 3456 4043; baseline 0.02 -46"><span class='ocrx_word' id='word_1_704' title='bbox 1876 3958 2052 4002; x_wconf 63' lang='lat' dir='ltr'><strong><em>autem</em></strong></span> <span class='ocrx_word' id='word_1_705' title='bbox 2080 3966 2266 4007; x_wconf 87' lang='lat' dir='ltr'><strong><em>eormn</em></strong></span> <span class='ocrx_word' id='word_1_706' title='bbox 2312 3958 2600 4013; x_wconf 76' lang='lat' dir='ltr'><strong><em>virtutibus</em></strong></span> <span class='ocrx_word' id='word_1_707' title='bbox 2645 3977 2810 4029; x_wconf 88' lang='lat' dir='ltr'><strong><em>pauca</em></strong></span> <span class='ocrx_word' id='word_1_708' title='bbox 2863 3967 3137 4023; x_wconf 71' lang='lat' dir='ltr'><strong><em>subiciunt</em></strong></span> <span class='ocrx_word' id='word_1_709' title='bbox 3187 3976 3456 4043; x_wconf 77' lang='lat' dir='ltr'><strong><em>exempla.</em></strong></span> 
     </span>
    </p>
   </div>
   <div class='ocr_carea' id='block_1_97' title="bbox 1874 4042 3457 4134">
    <p class='ocr_par' dir='ltr' id='par_1_97' title="bbox 1874 4042 3457 4134">
     <span class='ocr_line' id='line_1_100' title="bbox 1874 4042 3457 4134; baseline 0.018 -40"><span class='ocrx_word' id='word_1_710' title='bbox 1874 4042 2079 4100; x_wconf 88' lang='lat' dir='ltr'><strong><em>Tantae</em></strong></span> <span class='ocrx_word' id='word_1_711' title='bbox 2125 4050 2392 4104; x_wconf 86' lang='lat' dir='ltr'><strong><em>castitatis</em></strong></span> <span class='ocrx_word' id='word_1_712' title='bbox 2440 4052 2620 4108; x_wconf 84' lang='lat' dir='ltr'><strong><em>ferunt</em></strong></span> <span class='ocrx_word' id='word_1_713' title='bbox 2662 4071 2780 4111; x_wconf 90' lang='lat' dir='ltr'><strong><em>esse</em></strong></span> <span class='ocrx_word' id='word_1_714' title='bbox 2815 4062 3103 4131; x_wconf 68' lang='lat' dir='ltr'><strong><em>grypltum,</em></strong></span> <span class='ocrx_word' id='word_1_715' title='bbox 3130 4067 3220 4134; x_wconf 89' lang='lat' dir='ltr'><strong><em>qui</em></strong></span> <span class='ocrx_word' id='word_1_716' title='bbox 3249 4042 3457 4122; x_wconf 65' lang='lat' dir='ltr'><strong><em>u&quot;dum</em></strong></span> 
     </span>
    </p>
   </div>
   <div class='ocr_carea' id='block_1_98' title="bbox 1872 4135 3451 4226">
    <p class='ocr_par' dir='ltr' id='par_1_98' title="bbox 1872 4135 3451 4226">
     <span class='ocr_line' id='line_1_101' title="bbox 1872 4135 3451 4226; baseline 0.019 -42"><span class='ocrx_word' id='word_1_717' title='bbox 1872 4135 2038 4188; x_wconf 86' lang='lat' dir='ltr'><strong><em>semel</em></strong></span> <span class='ocrx_word' id='word_1_718' title='bbox 2062 4138 2342 4210; x_wconf 77' lang='lat' dir='ltr'><strong><em>conjugale</em></strong></span> <span class='ocrx_word' id='word_1_719' title='bbox 2387 4145 2714 4199; x_wconf 72' lang='lat' dir='ltr'><strong><em>consortium</em></strong></span> <span class='ocrx_word' id='word_1_720' title='bbox 2763 4150 3081 4217; x_wconf 85' lang='lat' dir='ltr'><strong><em>perdiderit,</em></strong></span> <span class='ocrx_word' id='word_1_721' title='bbox 3122 4171 3335 4226; x_wconf 79' lang='lat' dir='ltr'><strong><em>seraper</em></strong></span> <span class='ocrx_word' id='word_1_722' title='bbox 3358 4173 3451 4213; x_wconf 80' lang='lat' dir='ltr'><strong><em>ca-</em></strong></span> 
     </span>
    </p>
   </div>
   <div class='ocr_carea' id='block_1_99' title="bbox 1871 4225 3454 4320">
    <p class='ocr_par' dir='ltr' id='par_1_99' title="bbox 1871 4225 3454 4320">
     <span class='ocr_line' id='line_1_102' title="bbox 1871 4225 3454 4320; baseline 0.02 -46"><span class='ocrx_word' id='word_1_723' title='bbox 1871 4225 2107 4281; x_wconf 88' lang='lat' dir='ltr'><strong><em>stitatem</em></strong></span> <span class='ocrx_word' id='word_1_724' title='bbox 2149 4244 2301 4284; x_wconf 87' lang='lat' dir='ltr'><strong><em>suam</em></strong></span> <span class='ocrx_word' id='word_1_725' title='bbox 2342 4232 2652 4289; x_wconf 87' lang='lat' dir='ltr'><strong><em>inviolatam</em></strong></span> <span class='ocrx_word' id='word_1_726' title='bbox 2686 4242 2992 4307; x_wconf 63' lang='lat' dir='ltr'><strong><em>consenuit,</em></strong></span> <span class='ocrx_word' id='word_1_727' title='bbox 3042 4247 3238 4314; x_wconf 86' lang='lat' dir='ltr'><strong><em>prioris</em></strong></span> <span class='ocrx_word' id='word_1_728' title='bbox 3269 4250 3454 4320; x_wconf 81' lang='lat' dir='ltr'><strong><em>conju—</em></strong></span> 
     </span>
    </p>
   </div>
   <div class='ocr_carea' id='block_1_100' title="bbox 1869 4326 3457 4397">
    <p class='ocr_par' dir='ltr' id='par_1_100' title="bbox 1869 4326 3457 4397">
     <span class='ocr_line' id='line_1_103' title="bbox 1869 4326 3457 4397; baseline 0.014 -22"><span class='ocrx_word' id='word_1_729' title='bbox 1869 4326 1939 4389; x_wconf 69' lang='lat' dir='ltr'><strong><em>pii</em></strong></span> <span class='ocrx_word' id='word_1_730' title='bbox 1984 4332 2310 4377; x_wconf 84' lang='lat' dir='ltr'><strong><em>memorans.</em></strong></span> <span class='ocrx_word' id='word_1_731' title='bbox 2359 4327 2510 4392; x_wconf 85' lang='lat' dir='ltr'><strong><em>Quod</em></strong></span> <span class='ocrx_word' id='word_1_732' title='bbox 2556 4330 2718 4384; x_wconf 90' lang='lat' dir='ltr'><strong><em>etiam</em></strong></span> <span class='ocrx_word' id='word_1_733' title='bbox 2769 4333 2836 4387; x_wconf 88' lang='lat' dir='ltr'><strong><em>de</em></strong></span> <span class='ocrx_word' id='word_1_734' title='bbox 2883 4340 3095 4393; x_wconf 86' lang='lat' dir='ltr'><strong><em>turture</em></strong></span> <span class='ocrx_word' id='word_1_735' title='bbox 3134 4346 3457 4397; x_wconf 77' lang='lat' dir='ltr'><strong><em>naturarum</em></strong></span> 
     </span>
    </p>
   </div>
   <div class='ocr_carea' id='block_1_101' title="bbox 1874 4414 3449 4503">
    <p class='ocr_par' dir='ltr' id='par_1_101' title="bbox 1874 4414 3449 4503">
     <span class='ocr_line' id='line_1_104' title="bbox 1874 4414 3449 4503; baseline 0.015 -40"><span class='ocrx_word' id='word_1_736' title='bbox 1874 4414 2221 4479; x_wconf 78' lang='lat' dir='ltr'><strong><em>inquisitores</em></strong></span> <span class='ocrx_word' id='word_1_737' title='bbox 2276 4417 2512 4470; x_wconf 86' lang='lat' dir='ltr'><strong><em>tradunt.</em></strong></span> <span class='ocrx_word' id='word_1_738' title='bbox 2568 4416 2644 4472; x_wconf 89' lang='lat' dir='ltr'><strong><em>De</em></strong></span> <span class='ocrx_word' id='word_1_739' title='bbox 2692 4420 2890 4486; x_wconf 87' lang='lat' dir='ltr'><strong><em>pietate</em></strong></span> <span class='ocrx_word' id='word_1_740' title='bbox 2945 4426 3277 4483; x_wconf 88' lang='lat' dir='ltr'><strong><em>ciconiarum</em></strong></span> <span class='ocrx_word' id='word_1_741' title='bbox 3320 4449 3449 4503; x_wconf 74' lang='lat' dir='ltr'><strong><em>erga</em></strong></span> 
     </span>
    </p>
   </div>
   <div class='ocr_carea' id='block_1_102' title="bbox 1872 4500 3513 4586">
    <p class='ocr_par' dir='ltr' id='par_1_102' title="bbox 1872 4500 3513 4586">
     <span class='ocr_line' id='line_1_105' title="bbox 1872 4500 3513 4586; baseline 0.005 -29"><span class='ocrx_word' id='word_1_742' title='bbox 1872 4512 2122 4558; x_wconf 75' lang='lat' dir='ltr'><strong><em>nat-entes</em></strong></span> <span class='ocrx_word' id='word_1_743' title='bbox 2167 4500 2398 4560; x_wconf 79' lang='lat' dir='ltr'><strong><em>Basilius</em></strong></span> <span class='ocrx_word' id='word_1_744' title='bbox 2460 4507 2648 4563; x_wconf 80' lang='lat' dir='ltr'><strong><em>scribit</em></strong></span> <span class='ocrx_word' id='word_1_745' title='bbox 2697 4528 2712 4564; x_wconf 91' lang='lat'><strong>:</strong></span> <span class='ocrx_word' id='word_1_746' title='bbox 2760 4518 2915 4581; x_wconf 87' lang='lat' dir='ltr'><strong><em>patre</em></strong></span> <span class='ocrx_word' id='word_1_747' title='bbox 2968 4515 3230 4586; x_wconf 86' lang='lat' dir='ltr'><strong><em>siquidem</em></strong></span> <span class='ocrx_word' id='word_1_748' title='bbox 3294 4500 3450 4575; x_wconf 53' lang='lat' dir='ltr'><strong><em>sene.</em></strong></span> <span class='ocrx_word' id='word_1_749' title='bbox 3489 4532 3513 4565; x_wconf 61' lang='lat' dir='ltr'><strong><em>r</em></strong></span> 
     </span>
    </p>
   </div>
   <div class='ocr_carea' id='block_1_103' title="bbox 1881 4595 3453 4681">
    <p class='ocr_par' dir='ltr' id='par_1_103' title="bbox 1881 4595 3453 4681">
     <span class='ocr_line' id='line_1_106' title="bbox 1881 4595 3453 4681; baseline 0.018 -41"><span class='ocrx_word' id='word_1_750' title='bbox 1881 4595 2090 4650; x_wconf 64' lang='lat' dir='ltr'><strong><em>scent&#39;,</em></strong></span> <span class='ocrx_word' id='word_1_751' title='bbox 2123 4604 2173 4642; x_wconf 75' lang='lat' dir='ltr'><strong><em>et</em></strong></span> <span class='ocrx_word' id='word_1_752' title='bbox 2206 4608 2335 4658; x_wconf 77' lang='lat' dir='ltr'><strong><em>prae</em></strong></span> <span class='ocrx_word' id='word_1_753' title='bbox 2364 4596 2529 4650; x_wconf 85' lang='lat' dir='ltr'><strong><em>nimia</em></strong></span> <span class='ocrx_word' id='word_1_754' title='bbox 2555 4612 2842 4658; x_wconf 88' lang='lat' dir='ltr'><strong><em>senectute</em></strong></span> <span class='ocrx_word' id='word_1_755' title='bbox 2894 4606 3207 4666; x_wconf 85' lang='lat' dir='ltr'><strong><em>indumenta</em></strong></span> <span class='ocrx_word' id='word_1_756' title='bbox 3239 4615 3453 4681; x_wconf 82' lang='lat' dir='ltr'><strong><em>pluma-</em></strong></span> 
     </span>
    </p>
   </div>
   <div class='ocr_carea' id='block_1_104' title="bbox 1882 4684 3451 4775">
    <p class='ocr_par' dir='ltr' id='par_1_104' title="bbox 1882 4684 3451 4775">
     <span class='ocr_line' id='line_1_107' title="bbox 1882 4684 3451 4775; baseline 0.02 -45"><span class='ocrx_word' id='word_1_757' title='bbox 1882 4692 2000 4731; x_wconf 88' lang='lat' dir='ltr'><strong><em>rum</em></strong></span> <span class='ocrx_word' id='word_1_758' title='bbox 2028 4684 2305 4748; x_wconf 72' lang='lat' dir='ltr'><strong><em>perdi-nte,</em></strong></span> <span class='ocrx_word' id='word_1_759' title='bbox 2366 4691 2475 4744; x_wconf 87' lang='lat' dir='ltr'><strong><em>nati</em></strong></span> <span class='ocrx_word' id='word_1_760' title='bbox 2502 4695 2767 4761; x_wconf 87' lang='lat' dir='ltr'><strong><em>&#39;undiquc</em></strong></span> <span class='ocrx_word' id='word_1_761' title='bbox 2822 4700 3195 4768; x_wconf 80' lang='lat' dir='ltr'><strong><em>circumstant,</em></strong></span> <span class='ocrx_word' id='word_1_762' title='bbox 3229 4708 3451 4775; x_wconf 82' lang='lat' dir='ltr'><strong><em>suisque</em></strong></span> 
     </span>
    </p>
   </div>
   <div class='ocr_carea' id='block_1_105' title="bbox 1882 4776 3442 4866">
    <p class='ocr_par' dir='ltr' id='par_1_105' title="bbox 1882 4776 3442 4866">
     <span class='ocr_line' id='line_1_108' title="bbox 1882 4776 3442 4866; baseline 0.018 -42"><span class='ocrx_word' id='word_1_763' title='bbox 1882 4776 2078 4839; x_wconf 85' lang='lat' dir='ltr'><strong><em>pennis</em></strong></span> <span class='ocrx_word' id='word_1_764' title='bbox 2131 4776 2396 4846; x_wconf 69' lang='lat' dir='ltr'><strong><em>clinvvnt,</em></strong></span> <span class='ocrx_word' id='word_1_765' title='bbox 2470 4797 2523 4837; x_wconf 80' lang='lat' dir='ltr'><strong><em>et</em></strong></span> <span class='ocrx_word' id='word_1_766' title='bbox 2558 4801 2714 4840; x_wconf 70' lang='lat' dir='ltr'><strong><em>escas</em></strong></span> <span class='ocrx_word' id='word_1_767' title='bbox 2771 4792 2995 4859; x_wconf 71' lang='lat' dir='ltr'><strong><em>copiose</em></strong></span> <span class='ocrx_word' id='word_1_768' title='bbox 3035 4809 3442 4866; x_wconf 61' lang='lat' dir='ltr'><strong><em>praeparatum,</em></strong></span> 
     </span>
    </p>
   </div>
   <div class='ocr_carea' id='block_1_106' title="bbox 1878 4865 3435 4962">
    <p class='ocr_par' dir='ltr' id='par_1_106' title="bbox 1878 4865 3435 4962">
     <span class='ocr_line' id='line_1_109' title="bbox 1878 4865 3435 4962; baseline 0.019 -46"><span class='ocrx_word' id='word_1_769' title='bbox 1878 4865 2038 4917; x_wconf 85' lang='lat' dir='ltr'><strong><em>etiam</em></strong></span> <span class='ocrx_word' id='word_1_770' title='bbox 2079 4870 2129 4919; x_wconf 90' lang='lat' dir='ltr'><strong><em>in</em></strong></span> <span class='ocrx_word' id='word_1_771' title='bbox 2165 4875 2343 4925; x_wconf 79' lang='lat' dir='ltr'><strong><em>volatu</em></strong></span> <span class='ocrx_word' id='word_1_772' title='bbox 2395 4876 2629 4931; x_wconf 78' lang='lat' dir='ltr'><strong><em>v;lidum</em></strong></span> <span class='ocrx_word' id='word_1_773' title='bbox 2684 4879 2958 4949; x_wconf 72' lang='lat' dir='ltr'><strong><em>praestant</em></strong></span> <span class='ocrx_word' id='word_1_774' title='bbox 2983 4888 3266 4953; x_wconf 79' lang='lat' dir='ltr'><strong><em>auxilium,</em></strong></span> <span class='ocrx_word' id='word_1_775' title='bbox 3296 4894 3435 4962; x_wconf 86' lang='lat' dir='ltr'><strong><em>quie-</em></strong></span> 
     </span>
    </p>
   </div>
   <div class='ocr_carea' id='block_1_107' title="bbox 1875 4960 3436 5040">
    <p class='ocr_par' dir='ltr' id='par_1_107' title="bbox 1875 4960 3436 5040">
     <span class='ocr_line' id='line_1_110' title="bbox 1875 4960 3436 5040; baseline 0.019 -33"><span class='ocrx_word' id='word_1_776' title='bbox 1875 4965 1988 5010; x_wconf 91' lang='lat' dir='ltr'><strong><em>tum</em></strong></span> <span class='ocrx_word' id='word_1_777' title='bbox 2018 4960 2235 5015; x_wconf 84' lang='lat' dir='ltr'><strong><em>volatile</em></strong></span> <span class='ocrx_word' id='word_1_778' title='bbox 2257 4965 2514 5033; x_wconf 83' lang='lat' dir='ltr'><strong><em>utrinque</em></strong></span> <span class='ocrx_word' id='word_1_779' title='bbox 2538 4970 2780 5027; x_wconf 88' lang='lat' dir='ltr'><strong><em>levantes</em></strong></span> <span class='ocrx_word' id='word_1_780' title='bbox 2804 4976 2847 5006; x_wconf 83' lang='grc'><strong><em>¹⁸</em></strong></span> <span class='ocrx_word' id='word_1_781' title='bbox 2872 4993 2886 5040; x_wconf 90' lang='grc'><strong>;</strong></span> <span class='ocrx_word' id='word_1_782' title='bbox 2908 4989 2971 5031; x_wconf 89' lang='lat' dir='ltr'><strong><em>ac</em></strong></span> <span class='ocrx_word' id='word_1_783' title='bbox 2997 4981 3076 5033; x_wconf 89' lang='lat' dir='ltr'><strong><em>sic</em></strong></span> <span class='ocrx_word' id='word_1_784' title='bbox 3096 4981 3226 5036; x_wconf 89' lang='lat' dir='ltr'><strong><em>illud</em></strong></span> <span class='ocrx_word' id='word_1_785' title='bbox 3256 4986 3310 5038; x_wconf 87' lang='lat' dir='ltr'><strong><em>in</em></strong></span> <span class='ocrx_word' id='word_1_786' title='bbox 3331 5005 3436 5037; x_wconf 66' lang='lat' dir='ltr'><strong><em>ou.-</em></strong></span> 
     </span>
    </p>
   </div>
   <div class='ocr_carea' id='block_1_108' title="bbox 1872 5047 3436 5129">
    <p class='ocr_par' dir='ltr' id='par_1_108' title="bbox 1872 5047 3436 5129">
     <span class='ocr_line' id='line_1_111' title="bbox 1872 5047 3436 5129; baseline 0.02 -32"><span class='ocrx_word' id='word_1_787' title='bbox 1872 5047 2033 5101; x_wconf 83' lang='lat' dir='ltr'><strong><em>nibus</em></strong></span> <span class='ocrx_word' id='word_1_788' title='bbox 2066 5051 2342 5120; x_wconf 78' lang='lat' dir='ltr'><strong><em>adjuvant.</em></strong></span> <span class='ocrx_word' id='word_1_789' title='bbox 2390 5057 2500 5112; x_wconf 89' lang='lat' dir='ltr'><strong><em>llae</em></strong></span> <span class='ocrx_word' id='word_1_790' title='bbox 2546 5059 2713 5129; x_wconf 83' lang='lat' dir='ltr'><strong><em>igitur</em></strong></span> <span class='ocrx_word' id='word_1_791' title='bbox 2747 5076 2935 5122; x_wconf 73' lang='lat' dir='ltr'><strong><em>attines</em></strong></span> <span class='ocrx_word' id='word_1_792' title='bbox 2971 5074 3243 5126; x_wconf 86' lang='lat' dir='ltr'><strong><em>naturales</em></strong></span> <span class='ocrx_word' id='word_1_793' title='bbox 3277 5078 3436 5127; x_wconf 84' lang='lat' dir='ltr'><strong><em>virtu-</em></strong></span> 
     </span>
    </p>
   </div>
   <div class='ocr_carea' id='block_1_109' title="bbox 1872 5143 3430 5229">
    <p class='ocr_par' dir='ltr' id='par_1_109' title="bbox 1872 5143 3430 5229">
     <span class='ocr_line' id='line_1_112' title="bbox 1872 5143 3430 5229; baseline 0.021 -44"><span class='ocrx_word' id='word_1_794' title='bbox 1872 5144 1952 5189; x_wconf 89' lang='lat' dir='ltr'><strong><em>tcs</em></strong></span> <span class='ocrx_word' id='word_1_795' title='bbox 1972 5146 2243 5205; x_wconf 88' lang='lat' dir='ltr'><strong><em>quomodo</em></strong></span> <span class='ocrx_word' id='word_1_796' title='bbox 2263 5143 2305 5172; x_wconf 84' lang='grc'><strong><em>¹⁶</em></strong></span> <span class='ocrx_word' id='word_1_797' title='bbox 2327 5147 2385 5197; x_wconf 75' lang='lat' dir='ltr'><strong><em>ir:</em></strong></span> <span class='ocrx_word' id='word_1_798' title='bbox 2402 5150 2676 5205; x_wconf 85' lang='lat' dir='ltr'><strong><em>ationabili</em></strong></span> <span class='ocrx_word' id='word_1_799' title='bbox 2698 5158 2910 5212; x_wconf 83' lang='lat' dir='ltr'><strong><em>aninme</em></strong></span> <span class='ocrx_word' id='word_1_800' title='bbox 2932 5172 3156 5228; x_wconf 83' lang='lat' dir='ltr'><strong><em>possent</em></strong></span> <span class='ocrx_word' id='word_1_801' title='bbox 3175 5165 3214 5195; x_wconf 89' lang='lat'>&quot;</span> <span class='ocrx_word' id='word_1_802' title='bbox 3236 5166 3430 5229; x_wconf 56' lang='lat' dir='ltr'><strong><em>inesse,</em></strong></span> 
     </span>
    </p>
   </div>
   <div class='ocr_carea' id='block_1_110' title="bbox 1866 5227 3431 5331">
    <p class='ocr_par' dir='ltr' id='par_1_110' title="bbox 1866 5227 3431 5331">
     <span class='ocr_line' id='line_1_113' title="bbox 1866 5227 3431 5331; baseline 0.022 -57"><span class='ocrx_word' id='word_1_803' title='bbox 1866 5227 1908 5275; x_wconf 89' lang='lat' dir='ltr'><strong><em>si</em></strong></span> <span class='ocrx_word' id='word_1_804' title='bbox 1947 5233 2087 5280; x_wconf 84' lang='lat' dir='ltr'><strong><em>terra</em></strong></span> <span class='ocrx_word' id='word_1_805' title='bbox 2116 5244 2258 5286; x_wconf 66' lang='lat' dir='ltr'><strong><em>esset</em></strong></span> <span class='ocrx_word' id='word_1_806' title='bbox 2279 5235 2336 5296; x_wconf 68' lang='lat'><strong><em>&quot;,</em></strong></span> <span class='ocrx_word' id='word_1_807' title='bbox 2380 5248 2435 5291; x_wconf 89' lang='lat' dir='ltr'><strong><em>ut</em></strong></span> <span class='ocrx_word' id='word_1_808' title='bbox 2470 5242 2625 5296; x_wconf 81' lang='lat' dir='ltr'><strong><em>aiunt</em></strong></span> <span class='ocrx_word' id='word_1_809' title='bbox 2652 5248 2917 5312; x_wconf 78' lang='lat' dir='ltr'><strong><em>pracdiCti</em></strong></span> <span class='ocrx_word' id='word_1_810' title='bbox 2949 5251 3156 5316; x_wconf 81' lang='lat' dir='ltr'><strong><em>Patres,</em></strong></span> <span class='ocrx_word' id='word_1_811' title='bbox 3183 5254 3249 5307; x_wconf 86' lang='lat' dir='ltr'><strong><em>de</em></strong></span> <span class='ocrx_word' id='word_1_812' title='bbox 3274 5263 3431 5331; x_wconf 67' lang='lat' dir='ltr'><strong><em>terra</em></strong></span> 
     </span>
    </p>
   </div>
   <div class='ocr_carea' id='block_1_111' title="bbox 1480 5404 2137 5469">
    <p class='ocr_par' dir='ltr' id='par_1_111' title="bbox 1480 5404 2137 5469">
     <span class='ocr_line' id='line_1_114' title="bbox 1480 5404 2137 5469; baseline 0.011 -10"><span class='ocrx_word' id='word_1_813' title='bbox 1480 5404 1709 5459; x_wconf 69' lang='lat' dir='ltr'><strong>VARUE</strong></span> <span class='ocrx_word' id='word_1_814' title='bbox 1738 5407 1904 5464; x_wconf 84' lang='lat' dir='ltr'><strong><em>LEC&#39;l</em></strong></span> <span class='ocrx_word' id='word_1_815' title='bbox 1922 5411 2137 5469; x_wconf 68' lang='lat' dir='ltr'><strong><em>lONES.</em></strong></span> 
     </span>
    </p>
   </div>
   <div class='ocr_carea' id='block_1_112' title="bbox 270 5514 504 5575">
    <p class='ocr_par' dir='ltr' id='par_1_112' title="bbox 270 5514 504 5575">
     <span class='ocr_line' id='line_1_115' title="bbox 270 5514 504 5575; baseline 0.026 -6"><span class='ocrx_word' id='word_1_816' title='bbox 270 5514 504 5575; x_wconf 66' lang='lat' dir='ltr'><strong><em>&#39;Mltt.</em></strong></span> 
     </span>
    </p>
   </div>
   <div class='ocr_carea' id='block_1_113' title="bbox 191 5577 537 5646">
    <p class='ocr_par' dir='ltr' id='par_1_113' title="bbox 191 5577 537 5646">
     <span class='ocr_line' id='line_1_116' title="bbox 191 5577 537 5646; baseline 0.029 -14"><span class='ocrx_word' id='word_1_817' title='bbox 191 5577 215 5610; x_wconf 66' lang='lat'><strong>’</strong></span> <span class='ocrx_word' id='word_1_818' title='bbox 247 5596 302 5634; x_wconf 64' lang='grc' dir='ltr'><em>θη</em></span> <span class='ocrx_word' id='word_1_819' title='bbox 341 5604 444 5641; x_wconf 57' lang='grc'><strong><em>041.</em></strong></span> <span class='ocrx_word' id='word_1_820' title='bbox 478 5595 537 5646; x_wconf 79' lang='lat' dir='ltr'>C.</span> 
     </span>
    </p>
   </div>
   <div class='ocr_carea' id='block_1_114' title="bbox 193 5648 257 5677">
    <p class='ocr_par' dir='ltr' id='par_1_114' title="bbox 193 5648 257 5677">
     <span class='ocr_line' id='line_1_117' title="bbox 193 5648 257 5677; baseline 0.016 0"><span class='ocrx_word' id='word_1_821' title='bbox 193 5648 257 5677; x_wconf 63' lang='grc'><strong><em>16⁸</em></strong></span> 
     </span>
    </p>
   </div>
   <div class='ocr_carea' id='block_1_115' title="bbox 586 5530 1426 5596">
    <p class='ocr_par' dir='ltr' id='par_1_115' title="bbox 586 5530 1426 5596">
     <span class='ocr_line' id='line_1_118' title="bbox 586 5530 1426 5596; baseline 0.02 -17"><span class='ocrx_word' id='word_1_822' title='bbox 586 5530 605 5556; x_wconf 83' lang='grc'><strong><em>⁸</em></strong></span> <span class='ocrx_word' id='word_1_823' title='bbox 633 5530 684 5580; x_wconf 86' lang='lat' dir='ltr'><strong><em>in</em></strong></span> <span class='ocrx_word' id='word_1_824' title='bbox 705 5546 811 5584; x_wconf 81' lang='lat' dir='ltr'><strong><em>out.</em></strong></span> <span class='ocrx_word' id='word_1_825' title='bbox 838 5544 878 5584; x_wconf 83' lang='grc' dir='ltr'>Λ</span> <span class='ocrx_word' id='word_1_826' title='bbox 956 5533 976 5563; x_wconf 83' lang='grc'><strong>⁸</strong></span> <span class='ocrx_word' id='word_1_827' title='bbox 1004 5537 1036 5587; x_wconf 67' lang='grc' dir='ltr'>Α</span> <span class='ocrx_word' id='word_1_828' title='bbox 1062 5539 1163 5590; x_wconf 84' lang='lat' dir='ltr'><strong><em>sibi</em></strong></span> <span class='ocrx_word' id='word_1_829' title='bbox 1185 5541 1426 5596; x_wconf 44' lang='lat' dir='ltr'><strong><em>invicem.</em></strong></span> 
     </span>
    </p>
   </div>
   <div class='ocr_carea' id='block_1_116' title="bbox 619 5598 1042 5656">
    <p class='ocr_par' dir='ltr' id='par_1_116' title="bbox 619 5598 1042 5656">
     <span class='ocr_line' id='line_1_119' title="bbox 619 5598 1042 5656; baseline 0.021 -7"><span class='ocrx_word' id='word_1_830' title='bbox 619 5598 733 5651; x_wconf 76' lang='lat' dir='ltr'><strong><em>“’A</em></strong></span> <span class='ocrx_word' id='word_1_831' title='bbox 792 5601 916 5656; x_wconf 78' lang='lat' dir='ltr'><strong><em>Cur.</em></strong></span> <span class='ocrx_word' id='word_1_832' title='bbox 1000 5606 1042 5635; x_wconf 78' lang='grc' dir='ltr'><strong><em>ιι</em></strong></span> 
     </span>
    </p>
   </div>
   <div class='ocr_carea' id='block_1_117' title="bbox 1507 5547 1743 5602">
    <p class='ocr_par' dir='ltr' id='par_1_117' title="bbox 1507 5547 1743 5602">
     <span class='ocr_line' id='line_1_120' title="bbox 1507 5547 1743 5602; baseline 0.017 -4"><span class='ocrx_word' id='word_1_833' title='bbox 1507 5547 1525 5576; x_wconf 71' lang='grc'>⁸</span> <span class='ocrx_word' id='word_1_834' title='bbox 1561 5550 1596 5599; x_wconf 78' lang='grc' dir='ltr'>Α</span> <span class='ocrx_word' id='word_1_835' title='bbox 1626 5547 1743 5602; x_wconf 83' lang='lat' dir='ltr'><strong><em>sibi.</em></strong></span> 
     </span>
    </p>
   </div>
   <div class='ocr_carea' id='block_1_118' title="bbox 486 5761 1047 5831">
    <p class='ocr_par' dir='ltr' id='par_1_118' title="bbox 486 5761 1047 5831">
     <span class='ocr_line' id='line_1_121' title="bbox 486 5761 1047 5831; baseline 0.027 -15"><span class='ocrx_word' id='word_1_836' title='bbox 486 5761 749 5824; x_wconf 71' lang='lat' dir='ltr'><strong><em>PA‘l&#39;ltOL.</em></strong></span> <span class='ocrx_word' id='word_1_837' title='bbox 800 5770 1047 5831; x_wconf 73' lang='lat' dir='ltr'><strong><em>CXXII.</em></strong></span> 
     </span>
    </p>
   </div>
   <div class='ocr_carea' id='block_1_119' title="bbox 1825 5552 2131 5623">
    <p class='ocr_par' dir='ltr' id='par_1_119' title="bbox 1825 5552 2131 5623">
     <span class='ocr_line' id='line_1_122' title="bbox 1825 5552 2131 5623; baseline 0.029 -22"><span class='ocrx_word' id='word_1_838' title='bbox 1825 5552 1844 5581; x_wconf 79' lang='grc'>³</span> <span class='ocrx_word' id='word_1_839' title='bbox 1867 5557 1904 5603; x_wconf 77' lang='grc' dir='ltr'><strong>Α</strong></span> <span class='ocrx_word' id='word_1_840' title='bbox 1950 5557 2131 5623; x_wconf 82' lang='lat' dir='ltr'><strong><em>igitur.</em></strong></span> 
     </span>
    </p>
   </div>
   <div class='ocr_carea' id='block_1_120' title="bbox 1108 5610 2199 5687">
    <p class='ocr_par' dir='ltr' id='par_1_120' title="bbox 1108 5610 2199 5687">
     <span class='ocr_line' id='line_1_123' title="bbox 1108 5610 2199 5687; baseline 0.021 -29"><span class='ocrx_word' id='word_1_841' title='bbox 1108 5610 1145 5661; x_wconf 82' lang='grc' dir='ltr'><strong>Α</strong></span> <span class='ocrx_word' id='word_1_842' title='bbox 1203 5611 1491 5665; x_wconf 79' lang='lat' dir='ltr'><strong><em>multarum</em></strong></span> <span class='ocrx_word' id='word_1_843' title='bbox 1545 5633 1755 5687; x_wconf 24' lang='lat' dir='ltr'><strong><em>genus.‘</em></strong></span> <span class='ocrx_word' id='word_1_844' title='bbox 1812 5623 1923 5675; x_wconf 82' lang='lat' dir='ltr'><strong><em>&quot;in</em></strong></span> <span class='ocrx_word' id='word_1_845' title='bbox 1968 5610 2090 5680; x_wconf 50' lang='grc' dir='ltr'><strong><em>νωη.</em></strong></span> <span class='ocrx_word' id='word_1_846' title='bbox 2143 5633 2199 5681; x_wconf 83' lang='grc' dir='ltr'><strong><em>Λ.</em></strong></span> 
     </span>
    </p>
   </div>
   <div class='ocr_carea' id='block_1_121' title="bbox 279 5666 1972 5756">
    <p class='ocr_par' dir='ltr' id='par_1_121' title="bbox 279 5666 1972 5756">
     <span class='ocr_line' id='line_1_124' title="bbox 279 5666 1972 5756; baseline 0.027 -53"><span class='ocrx_word' id='word_1_847' title='bbox 279 5674 349 5706; x_wconf 73' lang='lat' dir='ltr'><strong><em>ua</em></strong></span> <span class='ocrx_word' id='word_1_848' title='bbox 366 5676 430 5717; x_wconf 89' lang='lat' dir='ltr'><strong><em>r.,</em></strong></span> <span class='ocrx_word' id='word_1_849' title='bbox 451 5666 534 5717; x_wconf 70' lang='lat' dir='ltr'><strong><em>AC</em></strong></span> <span class='ocrx_word' id='word_1_850' title='bbox 557 5684 706 5734; x_wconf 86' lang='lat' dir='ltr'><strong><em>quae.</em></strong></span> <span class='ocrx_word' id='word_1_851' title='bbox 774 5670 814 5698; x_wconf 84' lang='grc'>¹³</span> <span class='ocrx_word' id='word_1_852' title='bbox 837 5672 874 5722; x_wconf 84' lang='lat' dir='ltr'><strong><em>C</em></strong></span> <span class='ocrx_word' id='word_1_853' title='bbox 898 5674 997 5736; x_wconf 85' lang='lat' dir='ltr'><strong><em>Qui</em></strong></span> <span class='ocrx_word' id='word_1_854' title='bbox 1019 5680 1156 5731; x_wconf 65' lang='lat' dir='ltr'><strong><em>enim</em></strong></span> <span class='ocrx_word' id='word_1_855' title='bbox 1179 5682 1389 5735; x_wconf 75' lang='lat' dir='ltr'><strong><em>rolatt&#39;le</em></strong></span> <span class='ocrx_word' id='word_1_856' title='bbox 1435 5666 1696 5756; x_wconf 60' lang='lat' dir='ltr'><strong><em>utrimque</em></strong></span> <span class='ocrx_word' id='word_1_857' title='bbox 1738 5680 1972 5748; x_wconf 54' lang='lat' dir='ltr'><strong><em>leviores.</em></strong></span> 
     </span>
    </p>
   </div>
   <div class='ocr_carea' id='block_1_122' title="bbox 2213 5558 3410 5643">
    <p class='ocr_par' dir='ltr' id='par_1_122' title="bbox 2213 5558 3410 5643">
     <span class='ocr_line' id='line_1_125' title="bbox 2213 5558 3410 5643; baseline 0.025 -30"><span class='ocrx_word' id='word_1_858' title='bbox 2213 5560 2288 5614; x_wconf 77' lang='lat' dir='ltr'><strong><em>&#39;C</em></strong></span> <span class='ocrx_word' id='word_1_859' title='bbox 2312 5573 2503 5621; x_wconf 79' lang='lat' dir='ltr'><strong><em>onmis.</em></strong></span> <span class='ocrx_word' id='word_1_860' title='bbox 2684 5582 2896 5639; x_wconf 70' lang='lat' dir='ltr'><strong><em>possunt</em></strong></span> <span class='ocrx_word' id='word_1_861' title='bbox 2929 5570 3084 5631; x_wconf 83' lang='lat' dir='ltr'><strong><em>mori.</em></strong></span> <span class='ocrx_word' id='word_1_862' title='bbox 3162 5585 3183 5616; x_wconf 83' lang='grc'>⁸</span> <span class='ocrx_word' id='word_1_863' title='bbox 3210 5591 3243 5636; x_wconf 86' lang='lat'><strong><em>.\</em></strong></span> <span class='ocrx_word' id='word_1_864' title='bbox 3272 5597 3376 5640; x_wconf 68' lang='lat' dir='ltr'><strong><em>non</em></strong></span> <span class='ocrx_word' id='word_1_865' title='bbox 3396 5628 3410 5643; x_wconf 93' lang='lat'><strong><em>.</em></strong></span> 
     </span>
    </p>
   </div>
   <div class='ocr_carea' id='block_1_123' title="bbox 2286 5638 3413 5715">
    <p class='ocr_par' dir='ltr' id='par_1_123' title="bbox 2286 5638 3413 5715">
     <span class='ocr_line' id='line_1_126' title="bbox 2286 5638 3413 5715; baseline 0.023 -29"><span class='ocrx_word' id='word_1_866' title='bbox 2286 5638 2327 5665; x_wconf 76' lang='grc'>¹³</span> <span class='ocrx_word' id='word_1_867' title='bbox 2372 5650 2420 5689; x_wconf 84' lang='lat' dir='ltr'><strong><em>et</em></strong></span> <span class='ocrx_word' id='word_1_868' title='bbox 2466 5638 2689 5715; x_wconf 47' lang='lat'><strong><em>0:13.12.</em></strong></span> <span class='ocrx_word' id='word_1_869' title='bbox 2765 5644 2807 5674; x_wconf 66' lang='grc'><strong><em>⁸³</em></strong></span> <span class='ocrx_word' id='word_1_870' title='bbox 2855 5650 3123 5713; x_wconf 71' lang='lat' dir='ltr'><strong><em>perspicue</em></strong></span> <span class='ocrx_word' id='word_1_871' title='bbox 3176 5672 3286 5710; x_wconf 74' lang='lat' dir='ltr'><strong><em>(illi.</em></strong></span> <span class='ocrx_word' id='word_1_872' title='bbox 3350 5665 3413 5715; x_wconf 55' lang='grc' dir='ltr'><strong><em>Α.</em></strong></span> 
     </span>
    </p>
   </div>
   <div class='ocr_carea' id='block_1_124' title="bbox 2056 5697 3411 5787">
    <p class='ocr_par' dir='ltr' id='par_1_124' title="bbox 2056 5697 3411 5787">
     <span class='ocr_line' id='line_1_127' title="bbox 2056 5697 3411 5787; baseline 0.026 -36"><span class='ocrx_word' id='word_1_873' title='bbox 2056 5697 2096 5728; x_wconf 68' lang='grc'><strong><em>³⁸</em></strong></span> <span class='ocrx_word' id='word_1_874' title='bbox 2117 5701 2154 5753; x_wconf 89' lang='lat' dir='ltr'><strong>C</strong></span> <span class='ocrx_word' id='word_1_875' title='bbox 2180 5708 2423 5769; x_wconf 77' lang='lat' dir='ltr'><strong><em>quoniam</em></strong></span> <span class='ocrx_word' id='word_1_876' title='bbox 2506 5710 2605 5762; x_wconf 79' lang='grc' dir='ltr'><strong><em>¹⁷Α</em></strong></span> <span class='ocrx_word' id='word_1_877' title='bbox 2626 5697 2865 5779; x_wconf 59' lang='lat' dir='ltr'><strong><em>possunt:</em></strong></span> <span class='ocrx_word' id='word_1_878' title='bbox 2950 5697 3107 5773; x_wconf 57' lang='grc' dir='ltr'><strong><em>ἀνω</em></strong></span> <span class='ocrx_word' id='word_1_879' title='bbox 3128 5734 3260 5781; x_wconf 78' lang='lat' dir='ltr'><strong><em>esset</em></strong></span> <span class='ocrx_word' id='word_1_880' title='bbox 3282 5735 3321 5783; x_wconf 63' lang='grc' dir='ltr'><strong><em>,λ</em></strong></span> <span class='ocrx_word' id='word_1_881' title='bbox 3344 5743 3411 5787; x_wconf 80' lang='lat' dir='ltr'><strong><em>st.</em></strong></span> 
     </span>
    </p>
   </div>
   <div class='ocr_carea' id='block_1_125' title="bbox 2985 5818 3061 5877">
    <p class='ocr_par' dir='ltr' id='par_1_125' title="bbox 2985 5818 3061 5877">
     <span class='ocr_line' id='line_1_128' title="bbox 2985 5818 3061 5877; baseline 0.066 -5"><span class='ocrx_word' id='word_1_882' title='bbox 2985 5818 3061 5877; x_wconf 59' lang='grc'><strong><em>24</em></strong></span> 
     </span>
    </p>
   </div>
  </div>
