3898 6154
414 330 514 386 759

1831 301 2115 358 JOANNIS
2153 296 2344 353 SCOTI

3533 264 3639 316 750

421 366 513 386 Ιυυ

408 447 549 502 orta.
572 448 626 491 et
653 436 707 491 in
743 445 940 490 terram
965 433 1164 487 iterum
1191 425 1206 458 ¹
1232 404 1491 481 resoluta.
1512 429 1598 474 aut
1619 417 1661 472 si
1692 428 1823 470 vere
1836 412 1964 466 sub-
1997 414 2042 473 Δ
2073 408 2193 470 ϋυε.
2217 406 2324 459 imo
2354 366 2574 456 (θωπιῖώ
2593 398 2715 467 Pius
2737 407 2899 464 (ιυθιη
2934 390 2989 444 ³⁸⁸
3009 381 3324 442 Ῐιοηδῖιιῖικη
3353 378 3395 410 ⁸⁸
3415 366 3639 447 Pomm.

2083 500 2120 502 η
2200 500 2208 502 μ
2594 492 2609 502 κ
2713 489 2746 502 μ
2901 494 3061 502 λθ---
3114 474 3349 502 ..~l..o:l:n
3397 486 3456 502 ιι-
3497 482 3634 502 saan

406 528 677 586 Itan‘ialis
717 528 897 583 anima
932 538 1041 582 non
1075 528 1240 582 esset,
1275 515 1518 571 invenire
1569 525 1678 567 non
1723 519 1970 580 possum.

406 627 472 679 Et
502 625 546 678 si
595 620 772 674 anima
822 626 965 669 terra
1019 619 1123 670 est,
1153 619 1207 660 et
1256 615 1402 657 terra
1430 614 1669 679 corpus,
1705 593 1978 662 quomodo

407 728 600 784 corpus
620 710 796 764 anima
826 711 1064 765 vocatur,
1089 714 1211 756 cum
1239 676 1540 752 differentia
1564 686 1794 743 naturali
1820 684 1977 752 longe

408 825 436 864 a
477 823 536 863 se
570 804 802 861 invicem
851 795 1188 867 discrepent?
1238 792 1306 847 Et
1333 790 1378 844 si
1425 798 1620 855 corpus
1649 787 1735 834 est
1777 775 1975 838 anima,

406 896 712 955 necessario
747 889 965 947 habebit
998 864 1184 950 vitam,
1218 894 1359 951 quae
1400 891 1519 931 eam
1548 871 1820 932 vivificct;
1863 864 1979 919 nul-

409 990 517 1042 tum
551 984 815 1054 siquidem
863 991 1057 1046 corpus
1084 981 1187 1036 est,
1235 967 1379 1040 quod
1418 966 1530 1019 vita
1572 970 1628 1016 et
1677 956 1859 1026 specie
1884 967 1979 1007 ca-

408 1087 545 1142 reat.
568 1041 803 1144 alioquin
831 1084 936 1123 non
961 1041 1082 1120 erit
1125 1074 1337 1130 corpus.
1381 1055 1458 1110 Ac
1481 1067 1581 1124 per
1604 1051 1707 1104 hoc
1733 1044 1838 1101 erit
1866 1041 1984 1096 ani-

411 1181 496 1220 ma
520 1164 758 1226 animae,
782 1174 874 1215 seu
907 1157 1013 1211 vita
1040 1154 1205 1207 vitae.
1241 1147 1347 1203 Sed
1370 1157 1528 1200 nemo
1559 1138 1859 1199 existimet,
1885 1145 1984 1186 nos

411 1258 539 1310 talia
580 1254 761 1309 dicere
790 1246 957 1305 veluti
1000 1255 1218 1300 sensum
1261 1244 1569 1292 sanctorum
1618 1228 1841 1283 Patrum
1885 1222 1983 1276 de-

410 1353 699 1410 struentes,
731 1340 823 1396 sed
850 1337 1047 1409 potius,
1084 1331 1213 1404 quid
1263 1330 1330 1384 de
1377 1327 1461 1380 his
1498 1317 1871 1377 rationabilius
1904 1323 1986 1368 te-

415 1443 671 1504 nendum,
704 1451 803 1507 pro
847 1432 1054 1487 viribus
1105 1424 1307 1482 nostris
1349 1423 1693 1489 quaerentes,
1739 1410 1842 1465 hoc
1878 1414 1984 1469 est,

414 1543 597 1590 utrum
636 1524 1033 1584 irrationabiles
1076 1519 1287 1573 animae
1315 1510 1630 1581 corporibus
1666 1502 1858 1560 solutis
1905 1500 1987 1552 in-

413 1714 525 1769 suis
546 1723 832 1780 corporum
869 1715 1088 1759 suorum
1123 1690 1644 1753 administrationem
1673 1685 1988 1737 deserentes

414 1769 689 1859 salvantur
714 1800 756 1863 ',
789 1795 918 1851 illud
961 1786 1345 1861 ubique,quod
1388 1781 1530 1837 veris
1564 1769 1989 1832 ratiocinationi-

413 1898 514 1951 lms
547 1892 847 1964 quaesitum
892 1897 947 1941 ct
994 1890 1264 1953 repertum
1318 1884 1376 1931 et
1416 1871 1757 1930 conclusum,
1802 1864 1987 1918 incon-

416 2000 574 2042 cusse
605 1990 869 2043 tenentes,
895 1977 1036 2045 quod
1065 1971 1239 2026 omnis
1268 1968 1401 2028 vita,
1443 1963 1557 2016 sive
1586 1957 1764 2011 anima
1793 1962 1991 2019 corpus

424 2081 686 2150 regitans,
744 2068 1158 2143 participatione
1209 2062 1368 2115 unins
1417 2050 1783 2126 primordialis
1846 2046 1991 2100 vitae

419 2186 513 2224 seu
569 2166 780 2220 animae
862 2158 1156 2213 subsistere
1196 2151 1217 2182 ³
1264 2164 1357 2203 seu
1437 2146 1603 2198 vitam
1680 2136 1991 2206 acceperit,

418 2272 579 2330 quam
656 2248 1162 2324 participationem,
1209 2255 1324 2295 sive
1400 2237 1452 2289 in
1532 2225 1994 2287 administratione

421 2364 707 2421 corporum
762 2348 872 2408 sit,
930 2343 1043 2397 sive
1112 2351 1216 2391 non
1277 2334 1385 2394 sit,
1451 2326 1671 2382 omnino
1745 2321 1996 2375 deserere

422 2442 680 2501 naturalis
727 2440 748 2471 ⁸
801 2452 904 2491 non
974 2431 1105 2486 sinit
1173 2427 1328 2481 ratio.
1408 2419 1618 2474 Nullius
1684 2427 1807 2483 ergo
1873 2422 1997 2464 sen-

422 2550 541 2590 sum
598 2524 1016 2601 praeiudicando
1066 2519 1189 2573 talia
1244 2514 1495 2575 dicimus,
1553 2505 1647 2561 sed
1698 2499 1997 2572 legentibus

423 2591 694 2681 suadendo
725 2591 1029 2675 studiosius
1079 2620 1361 2682 quaerere,
1410 2610 1464 2657 et
1509 2595 1651 2668 quod
1695 2594 1762 2647 iis
1804 2591 2000 2661 proba-

425 2716 584 2769 bilius
620 2712 849 2773 videtur,
881 2704 1127 2761 consulta
1160 2698 1407 2758 veritate,
1434 2689 1800 2745 indubitanter
1820 2678 1994 2750 sequi.

428 2805 811 2861 Verumtamen
841 2794 1185 2853 crediderim,
1233 2794 1448 2843 sanctos
1493 2774 2003 2850 philosophicosque

430 2900 595 2960 viros,
658 2892 996 2956 solertesque
1053 2886 1105 2938 in
1162 2877 1341 2933 veraci
1404 2884 1587 2927 rerum
1640 2861 1999 2935 indagatione,

431 2955 731 3052 huiusmodi
793 2955 1094 3031 doctrinam
1153 2956 1365 3037 publice
1425 2955 1715 3031 protulisse
1784 2957 2002 3022 propter

430 3076 745 3148 insipientes
797 3068 1078 3127 homines,
1137 3058 1290 3115 carni
1350 3052 1603 3133 omnino‘,
1656 3047 1796 3101 sicut
1842 3044 2000 3097 bruta

431 3163 925 3231 irrationabiliaque
972 3154 1245 3216 animalia,
1293 3146 1519 3207 deditos,
1567 3155 1635 3196 nc
1676 3139 1753 3193 sic
1792 3136 1845 3189 in
1879 3147 2003 3187 ear-

434 3272 555 3312 nem
591 3255 870 3313 caderent,
917 3247 1139 3317 ejusque
1169 3236 1451 3295 desideriis
1478 3231 1765 3290 servirent,
1811 3222 1905 3278 sed
1950 3228 2008 3274 ut

436 3346 561 3400 talis
582 3308 967 3397 irrationabilis
1008 3308 1289 3389 creaturae
1318 3326 1524 3379 vilitate
1566 3308 1761 3377 territi,
1812 3313 1878 3367 ad
1923 3323 2009 3362 ra-

437 3431 708 3488 tionabilis
737 3437 961 3482 n::turae
987 3424 1006 3454 '
1046 3419 1382 3491 dignitatem,
1415 3414 1468 3466 in
1495 3424 1601 3480 qua
1627 3402 1828 3461 conditi
1862 3406 2005 3460 sunt,

443 3521 685 3577 moribus
706 3514 967 3571 correctis
1018 3525 1077 3564 se
1114 3490 1407 3577 erigerent.
1454 3499 1607 3568 Quod
1654 3496 1768 3565 ipse
1809 3490 2013 3560 Gregoo

440 3614 553 3668 rius
576 3611 629 3663 in
657 3606 974 3660 duodecimo
997 3602 1017 3632 ⁸
1040 3597 1218 3667 capite
1245 3596 1311 3650 de
1354 3590 1591 3659 lmagine
1618 3584 1775 3655 plane
1817 3579 2011 3651 aperit.

441 3702 574 3757 Nam
602 3708 888 3771 postquam
932 3692 1085 3756 dixit,
1137 3680 1559 3742 irrationabilem
1590 3676 1829 3731 animam
1854 3684 1962 3725 non
1989 3670 2008 3700 "

440 3810 562 3853 esse
585 3805 714 3846 vere
746 3762 1016 3845 animam,
1068 3777 1225 3849 paulo
1265 3782 1386 3846 post
1430 3767 1750 3839 subiunxit:
1799 3762 2014 3817 Discant

443 3895 702 3945 amatores
733 3879 909 3934 carnis
946 3891 1047 3929 non
1095 3868 1244 3924 valde
1265 3866 1328 3920 de
1357 3865 1378 3896 ⁸
1401 3860 1688 3916 visibilibus
1731 3851 2016 3910 secundum

444 3991 650 4036 sensum
690 3970 906 4040 alligare
952 3959 1362 4031 intelligentiam,
1389 3953 1478 4008 sed
1507 3953 1562 4005 in
1599 3948 1896 4001 animarum
1929 3938 2019 3992 ob-

443 4061 820 4125 servationibus
844 4069 1060 4116 vacare;
1084 4066 1203 4105 vera
1224 4047 1411 4118 quippe
1440 4041 1617 4097 anima
1641 4037 1696 4089 in
1726 4029 2020 4087 hominibus

445 4155 830 4214 consideratur,
854 4159 1034 4201 sensus
1056 4155 1171 4194 vero
1194 4138 1349 4192 etiam
1382 4132 1436 4186 in
1459 4121 1906 4184 irrationabilibus
1928 4133 2022 4171 ae-

711 4206 948 4294 liabetur.
996 4233 1142 4288 Disc.
1186 4222 1565 4293 Unusquisque
1593 4213 1735 4284 quod
1776 4209 1890 4263 vult
1921 4206 2022 4261 eli-

447 4298 562 4410 gat,
608 4342 664 4391 et
702 4329 846 4401 quod
893 4325 1044 4396 eligit
1084 4325 1385 4387 sequatur:
1435 4322 1535 4363 nos
1588 4315 1768 4359 autem
1811 4298 1878 4353 ad
1936 4310 2023 4359 ea,

452 4407 589 4498 quae
618 4426 848 4482 restant,
875 4407 1264 4471 consideranda
1293 4410 1649 4456 transeamus.

518 4517 610 4571 ιο.
631 4512 773 4567 Mss.
794 4505 1092 4563 Prodamnt
1111 4512 1278 4568 aquae
1297 4490 1473 4562 reptile
1500 4487 1705 4541 animae
1724 4478 1961 4542 viventis,
1981 4486 2029 4529 et

452 4603 661 4662 volatile
698 4614 853 4671 super
874 4607 1066 4649 terram
1098 4589 1190 4643 sub
1230 4584 1557 4653 firmamento
1588 4573 1737 4629 caeli.
1781 4569 1878 4624 Hic
1899 4582 2033 4636 quo-

458 4714 564 4772 que
599 4658 824 4751 subaudi
864 4688 1074 4742 animae
1105 4678 1363 4739 viventis,
1416 4681 1475 4726 ut
1517 4667 1781 4737 mtelligas
1821 4658 2034 4715 volatile

1204 4769 1213 4772 -
1388 4764 1398 4772 -
1609 4760 1617 4768 -
1839 4749 2030 4772 ad“-

463 4749 561 4772 ,η
602 4749 621 4751 _

460 4788 672 4844 animae
698 4778 938 4835 viventis.
983 4774 1103 4828 Plus
1133 4769 1276 4825 enim
1315 4764 1527 4819 animae
1571 4757 1799 4812 viventis
1839 4749 2035 4805 indicia

462 4882 519 4937 in
546 4873 792 4932 sensibus
821 4865 1132 4928 volatilium,
1173 4872 1333 4924 quam
1368 4851 1591 4921 piscium
1628 4846 2034 4914 dignoscantur.

463 4970 631 5034 Nam,
650 4972 711 5018 ut
735 4955 1074 5017 aitBasilius,
1101 4949 1312 5004 auderes
1354 4958 1410 4995 in
1446 4935 1671 5006 piscibus
1714 4929 1898 4983 tardus
1940 4935 2037 4987 est,

1975 5013 2037 5034 .._

465 5013 631 5034 ωσι-’σν
656 5013 710 5018 --
737 5013 801 5016 τυ
832 5013 835 5014 ν
1061 5013 1069 5017 .

465 5066 580 5121 visu
610 5055 865 5113 obtusiore
886 5055 1093 5119 propter
1119 5051 1307 5109 aquam
1352 5038 1542 5090 autem,
1590 5034 1637 5078 et
1674 5034 1831 5090 neque
1879 5013 2045 5070 multa

467 5148 721 5212 memoria
745 5146 801 5199 in
831 5139 934 5193 illis
966 5144 1061 5198 est,
1086 5144 1245 5201 neque
1262 5132 1561 5197 pnuntasm,
1585 5128 1744 5183 neque
1772 5114 2048 5163 consuetu-

647 5236 887 5309 cogm’tio.
933 5226 1079 5282 llaec
1102 5233 1278 5275 autem
1306 5228 1485 5270 omnia
1516 5223 1617 5262 non
1652 5205 1827 5258 minus
1850 5200 1902 5251 in
1929 5196 2047 5249 avi-

469 5245 609 5302 diuis

2081 500 2275 555 Μαι-ἱιο
2326 507 2507 550 autem
2540 489 2846 560 quaeritur.
2892 494 3064 553 quare
3114 474 3351 530 volatilia
3396 486 3458 526 es
3495 482 3636 536 aqua

2076 586 2333 652 producta
2377 582 2643 634 dicantur.
2700 572 3021 631 Credibilius
3073 579 3307 635 namque
3361 562 3646 625 videretur,

2077 670 2521 743 quemadmodum
2544 665 2798 721 animalia
2831 672 3033 717 terram
3061 655 3359 713 habitantia
3407 654 3473 707 de
3508 662 3649 708 terra

2078 741 2426 833 perhibentur
2478 765 2685 821 creata,
2737 755 2810 808 ita
2862 752 3027 806 etiam
3076 748 3252 818 pisces
3301 741 3649 806 solummodo,

2079 832 2250 924 aquae
2288 851 2502 921 quidem
2535 857 2892 924 possessores,
2918 841 2985 894 de
3012 852 3187 906 aqua;
3230 832 3465 887 volatilia
3506 846 3650 892 vero.

2078 958 2217 1014 quae
2249 942 2373 996 aera
2405 914 2639 997 tranant,
2672 937 2739 991 de
2760 914 2887 988 aere
2919 942 3133 999 quoque
3166 924 3362 980 creari.
3403 922 3512 976 Sed
3538 921 3653 975 huic

2079 1032 2382 1104 quaestioni
2409 1025 2800 1083 rationabiliter
2847 1021 2888 1052 “
2934 1015 3257 1077 occurritur,
3302 1012 3346 1066 si
3397 1024 3651 1078 aquarum

2083 1132 2271 1178 natura
2297 1119 2683 1176 consideretur.
2722 1114 2959 1180 Quarum
2987 1108 3123 1160 duae
3147 1102 3355 1172 species
3386 1106 3533 1161 sunt,
3559 1111 3653 1149 una

2081 1212 2297 1285 quidem
2335 1207 2542 1263 marina
2568 1214 2625 1261 et
2649 1200 2897 1264 ﬂuvialis,
2935 1196 3321 1259 crassiortsque
3368 1187 3653 1257 qualitatis,

2083 1304 2251 1357 altera
2281 1315 2406 1355 vero
2431 1295 2697 1367 vaporalis
2721 1301 2778 1348 et
2797 1287 3071 1350 nebulosa,
3096 1283 3387 1349 leviorque.
3426 1278 3496 1332 Et
3519 1290 3657 1330 cras-

2083 1395 2194 1450 sior
2220 1390 2435 1461 quidem
2474 1396 2687 1441 terrena
2726 1379 2997 1437 soliditate
3046 1373 3283 1435 fulcitur,
3328 1368 3494 1423 levior
3539 1380 3656 1418 vero

2084 1488 2243 1541 aerea
2270 1478 2615 1551 suspenditur
2635 1472 2946 1533 serenitate,
2971 1468 3141 1521 donec
3169 1464 3223 1515 in
3250 1456 3656 1515 crassitudinem

2083 1584 2325 1633 vertatur
2351 1582 2406 1627 et
2429 1559 2909 1641 ponderositatem,
2934 1570 3096 1627 quam
3123 1552 3336 1608 exilitas
3360 1546 3476 1615 ejus
3501 1545 3651 1600 sustio

2088 1681 2217 1723 nere
2247 1680 2353 1720 non
2382 1667 2579 1732 potest.
2618 1655 2756 1709 llinc
2780 1649 3064 1707 coniicitur
3096 1640 3329 1697 naturali
3354 1636 3655 1692 considera~

2018 1759 2060 1819 B
2091 1758 2253 1819 tione,
2301 1750 2510 1822 reptilia
2560 1746 2773 1800 animae
2817 1737 3067 1801 viventis,
3122 1735 3227 1788 hoc
3271 1737 3378 1793 est,
3426 1726 3657 1781 omnium

2090 1845 2313 1918 piscium
2356 1852 2552 1912 genera
2581 1844 2635 1891 et
2666 1833 2874 1905 species
2899 1845 2965 1885 ex
2986 1823 3235 1882 crassiori
3259 1832 3523 1891 aquarum
3551 1829 3660 1882 δῃο-

2088 1939 2192 2000 cie,
2222 1932 2456 1991 volatilia
2485 1943 2612 1984 vero
2638 1927 2682 1959 ι’
2711 1922 2958 1980 similiter
2988 1920 3039 1973 in
3070 1913 3354 1987 generibus
3377 1917 3434 1963 et
3460 1906 3657 1976 specie-

2092 2029 2190 2082 bus
2228 2025 2340 2079 suis
2382 2036 2452 2076 ex
2495 2015 2679 2073 leviori
2718 2011 2911 2069 creari.
2951 2007 3018 2062 Et
3042 2003 3294 2075 quoniam
3321 1998 3465 2053 aéris
3490 1993 3658 2063 hujus,

2090 2116 2181 2186 qui
2208 2122 2292 2169 est
2320 2113 2458 2166 inter
2486 2108 2669 2162 lunam
2697 2114 2752 2158 et
2779 2111 2976 2155 terram
2995 2136 3016 2160 ,—
3043 2093 3273 2164 spatium
3304 2089 3356 2144 in
3393 2088 3533 2141 duas
3551 2098 3663 2153 par-

2094 2215 2175 2259 tes
2201 2199 2473 2260 dividitur,
2510 2208 2737 2266 quarum
2781 2188 3028 2257 superior
3069 2196 3260 2239 serena
3302 2176 3521 2247 quidem
3568 2180 3661 2233 est,

2095 2291 2356 2358 nullisque
2381 2260 2890 2356 perturbationibus,
2923 2290 3061 2345 quae
3095 2288 3162 2327 ex
3199 2268 3431 2324 terrenis
3467 2260 3662 2333 aquati-

2093 2385 2277 2452 cisque
2307 2378 2592 2449 vaporibus
2622 2377 2675 2428 in
2705 2373 2831 2427 aere
2873 2373 3186 2426 nascuntur,
3224 2357 3493 2417 obnoxia,
3545 2350 3665 2406 inice

2097 2447 2378 2528 riui-{vero
2414 2465 2633 2522 humida
2684 2470 2769 2517 est
2821 2466 2876 2514 et
2925 2448 3336 2524 corpulentioris
3381 2438 3663 2514 qualitatis,

2098 2564 2331 2619 motibus
2371 2567 2676 2619 ventorum,
2712 2544 3212 2622 conglobationibus
3245 2539 3494 2598 nubium,
3537 2542 3668 2590 cete-

2101 2655 2302 2723 risque,
2334 2663 2471 2719 quae
2508 2662 2571 2702 ex
2611 2619 2886 2698 vicinitate
2929 2647 3106 2692 terrae
3154 2638 3531 2699 aquarumque
3571 2619 3670 2674 etii-

2099 2744 2334 2803 ciuntur,
2375 2732 2777 2792 accommodata
2810 2748 2824 2783 :
2851 2722 3107 2797 quidquid
3136 2736 3202 2777 ex
3230 2718 3319 2772 illa
3345 2724 3501 2785 parte
3544 2711 3672 2766 aéris

2101 2831 2351 2888 humidae
2397 2837 2736 2895 aquosaeque
2782 2805 3057 2889 qualitatis
3105 2810 3343 2882 gignitur
3371 2845 3387 2870 ,
3437 2819 3506 2859 ex
3560 2804 3674 2856 aére

2101 2923 2275 2981 creari
2305 2936 2411 2976 non
2443 2921 2795 2987 incongruum
2820 2920 2903 2967 est
2935 2908 3174 2966 credere.
3213 2902 3328 2958 Non
3376 2898 3527 2954 enim
3560 2911 3674 2967 pos-

2103 3024 2222 3071 sent
2250 3010 2483 3067 volatilia
2511 2985 2650 3063 han'c
2679 3013 2886 3075 partem
2914 2999 3058 3056 aéris
3089 2994 3246 3050 terris
3272 2990 3542 3059 aquisque
3568 2985 3681 3039 vici-

2107 3122 2230 3162 nam
2260 3115 2611 3164 transmeare,
2650 3099 2694 3153 si
2734 3096 2927 3152 aéreae
2970 3098 3193 3145 naturae
3237 3082 3478 3140 omnino
3511 3081 3682 3133 essent

2105 3193 2366 3264 expertia.
2403 3189 2520 3247 Jam
2554 3201 2680 3242 vero
2705 3186 2833 3240 dum
2860 3183 2915 3236 in
2940 3180 3020 3234 eis
3048 3184 3102 3234 et
3139 3174 3327 3229 levitas
3365 3179 3677 3240 pennarum,

2108 3298 2163 3344 et
2185 3286 2387 3342 ossium
2421 3280 2746 3342 concavitas,
2776 3284 2832 3330 et
2858 3268 3112 3327 volitandi
3154 3264 3384 3321 facilitas
3423 3255 3680 3329 dignosci-

2112 3386 2217 3440 tur,
2239 3369 2578 3444 apertissime
2607 3368 2765 3422 datur
2804 3357 3051 3428 intelligi,
3089 3369 3194 3409 non
3231 3351 3405 3407 solum
3434 3360 3506 3399 ex
3535 3358 3682 3412 aqua,

2109 3480 2297 3523 verum
2321 3462 2481 3518 etiam
2499 3475 2565 3513 ex
2587 3457 2712 3510 aére
2735 3459 2937 3509 creata.
2961 3447 3113 3515 Quod
3129 3443 3288 3498 etiam
3313 3454 3377 3491 ιι
3393 3434 3685 3506 atnpbibio-

2113 3575 2231 3615 rum
2256 3565 2450 3611 natura
2473 3547 2724 3604 facillime
2747 3543 2790 3575 ¹³
2834 3538 3183 3612 perspicitur,
3203 3544 3343 3602 quae
3379 3537 3435 3582 et
3464 3529 3522 3580 in
3561 3534 3686 3590 aqua

2113 3659 2168 3703 et
2198 3646 2251 3698 in
2283 3644 2428 3704 aére,
2451 3636 2540 3692 vel
2560 3637 2613 3690 in
2640 3646 2779 3702 aqua
2824 3641 2881 3683 et
2906 3628 2961 3681 in
2993 3635 3136 3680 terra
3169 3611 3686 3674 vivuntNolatilium

2116 3746 2347 3803 namque
2365 3719 2626 3800 quaedam
2648 3729 2796 3785 sunt,
2812 3730 2950 3788 quae
2969 3711 3204 3769 vicissim
3221 3716 3277 3763 et
3290 3708 3344 3760 in
3361 3704 3488 3758 aére
3504 3702 3693 3768 degunt

2115 3836 2174 3882 et
2201 3829 2254 3878 in
2285 3836 2444 3892 aqua,
2468 3827 2525 3874 et
2557 3816 2684 3870 dum
2715 3814 2769 3867 in
2794 3823 2935 3879 aqua
2966 3806 3169 3866 vivunt,
3191 3797 3417 3869 piscium
3445 3792 3691 3846 forniam,

2118 3920 2245 3975 dum
2272 3884 2398 3970 vero
2423 3913 2477 3967 in
2502 3910 2656 3973 aére,
2678 3901 2974 3959 volatilium
3002 3895 3228 3951 induunt
3256 3889 3320 3941 “.
3379 3886 3443 3939 Et
3473 3884 3579 3937 hoc
3606 3890 3696 3949 per

2120 4026 2216 4067 ses
2239 4019 2452 4063 menses
2488 4007 2691 4057 mutata
2717 3993 2894 4065 specie
2919 3988 3151 4051 faciunt;
3184 3996 3275 4036 ses
3302 3976 3446 4033 enim
3473 3972 3534 4026 in
3565 3981 3697 4036 aqua

2122 4101 2356 4157 natitant
2381 4135 2396 4160 ,
2426 4102 2482 4148 et
2505 4105 2599 4146 sex
2627 4089 2679 4142 in
2708 4086 2835 4139 aére
2869 4078 3118 4138 volitant,
3156 4072 3284 4125 etin
3323 4076 3527 4119 terram
3566 4060 3699 4112 sicut

2125 4201 2305 4247 cetera
2346 4182 2578 4240 volatilia
2625 4172 2980 4233 descendunt.
3017 4167 3084 4220 Et
3117 4164 3253 4217 haec
3290 4154 3498 4225 species
3529 4149 3701 4203 avium

2078 4307 2081 4310 ν
2127 4278 2386 4353 gregatim
2415 4286 2625 4341 semper
2649 4268 2762 4323 sive
2803 4264 2857 4317 in
2899 4262 3044 4322 aere,
3093 4256 3204 4309 sive
3233 4252 3293 4304 in
3315 4261 3451 4316 aqua
3481 4238 3700 4295 incedit,

2128 4330 2373 4428 :t'lfulica
2395 4365 2440 4397 ”
2462 4330 2777 4432 appellatur.
2814 4353 2893 4407 Ex
2918 4365 3023 4420 quo
3050 4347 3205 4401 datur
3240 4334 3483 4405 intelligi,
3516 4330 3705 4383 utrius"

2060 4433 2106 4491 θ
2131 4477 2236 4534 que
2270 4455 2544 4518 elementi,
2579 4450 2722 4506 aeris
2768 4443 3017 4499 videlicet
3064 4445 3119 4490 et
3155 4445 3328 4503 aquae
3359 4420 3705 4481 substantiam

2135 4553 2377 4611 volatilia
2398 4546 2738 4619 participare.
2777 4538 2914 4593 Sunt
2939 4541 3116 4588 autem
3144 4521 3439 4594 amphibia,
3471 4518 3577 4570 hoc
3609 4519 3707 4570 est,

2138 4642 2420 4716 dupliciter
2448 4636 2775 4698 viventia,et
2798 4629 2843 4662 “
2865 4628 2916 4680 in
2944 4634 3086 4678 terra
3115 4618 3237 4672 etin
3262 4614 3303 4644 "
3334 4625 3491 4679 aqua,
3510 4606 3708 4675 phocae

2982 4715 2985 4716 ν
3088 4709 3125 4716 _
3242 4704 3275 4716 Α.
3430 4694 3689 4716 ..λημ-

2139 4748 2194 4793 et
2213 4694 2489 4792 rcrocodili
2529 4725 2802 4792 multaque
2831 4715 3046 4773 similia.
3086 4709 3180 4764 Est
3205 4704 3369 4760 etiam
3395 4698 3539 4751 aliud
3566 4694 3610 4725 ‘°
3634 4707 3714 4743 ar-

2142 4837 2476 4902 gumentum,
2516 4834 2623 4889 quo
2658 4811 2960 4871 conficitur,
2992 4799 3223 4857 volatilia
3248 4811 3315 4850 es
3342 4789 3565 4846 humido
3598 4785 3715 4837 aere

2148 4873 2288 4974 iacta
2314 4929 2462 4975 esse;
2494 4910 2698 4978 spirant
2722 4902 2864 4957 enim
2890 4905 2945 4952 ct
2974 4892 3260 4961 respirant,
3293 4884 3515 4948 ideoque
3564 4885 3619 4930 et
3668 4873 3717 4925 in

2148 5008 2307 5062 terris
2348 5011 2404 5057 et
2448 5003 2501 5054 in
2548 4997 2670 5051 aére
2700 4989 2960 5046 habitant,
3002 4992 3139 5049 aqua
3189 4988 3318 5028 vero
3368 4965 3721 5024 sufl‘ocautur,

2146 5097 2232 5153 cui
2271 5082 2483 5160 sempei'
2515 5085 2884 5155 supernatant,
2906 5079 3117 5143 praeter
3151 5064 3239 5118 illa
3268 5056 3564 5129 amphibia,
3592 5060 3727 5118 quae

2148 5196 2337 5257 sponte
2374 5181 2531 5236 undis
2575 5191 2633 5229 se
2678 5175 2942 5239 mergunt.
2982 5162 3163 5217 Pisces
3201 5167 3353 5215 vero,
3396 5149 3461 5204 de
3494 5156 3636 5212 aqua
3666 5150 3727 5190 ac

1750 5330 2001 5385 venit:
2037 5298 2436 5380 LEtl'l‘lONlZS.

555 5470 784 5526 *iterum
808 5482 921 5522 om.
950 5464 1011 5518 Α.
1091 5461 1111 5490 ⁸
1137 5460 1178 5511 Δ
1226 5453 1521 5526 solvantur.

753 5513 786 5571 ’ί
808 5513 1157 5592 iners—almae
1225 5526 1244 5555 ‘
1264 5524 1304 5578 C
1337 5534 1449 5598 stt;
1482 5522 1522 5568 Α

490 5576 598 5598 ,ιιι-
629 5576 689 5596 ut
808 5576 851 5592 ιι
881 5576 923 5589 ν.
941 5576 1077 5586 ...υ-ν.
1100 5576 1151 5581 ν-.ν
1277 5576 1291 5578 ν
1434 5576 1443 5579 ν

490 5618 534 5644 “
554 5612 595 5665 C
623 5609 964 5663 naturaliter.
1043 5602 1083 5631 "
1113 5599 1214 5650 Pro
1242 5609 1359 5647 vero
1383 5591 1427 5665 εὶ
1445 5596 1513 5665 et.
1665 5582 1703 5633 Α
1738 5576 1913 5665 fmilia.

554 5645 595 5665 υ
627 5645 964 5663 “unum...”
1115 5645 1127 5650 -
1160 5645 1165 5647 .
1254 5645 1257 5647 .

491 5683 566 5739 De
612 5681 772 5736 fulica
806 5676 876 5730 cf.
905 5674 1029 5739 Virg
1088 5670 1285 5729 Gvnrp,
1323 5665 1355 5716 Ι,
1401 5660 1521 5711 δυι.
1602 5653 1691 5704 "et
1724 5666 1812 5702 om
1867 5645 1927 5698 C.

1597 5442 1616 5473 '
1642 5440 1731 5495 Sic
1766 5437 1847 5492 C:
1893 5434 1937 5486 Α
1992 5429 2209 5485 animae
2250 5417 2657 5495 participatione
2705 5410 2941 5495 opimant
2985 5399 3307 5495 subsistere;

1787 5509 1804 5539 τ
1833 5507 1934 5558 Pro
1982 5516 2085 5552 non
2107 5499 2146 5550 (ᾧ
2176 5508 2243 5547 et.

1994 5573 2039 5603 "
2062 5569 2101 5621 Ο
2130 5568 2441 5618 induuntur.

2009 5640 2105 5690 “in
2131 5654 2237 5688 0:".
2271 5639 2330 5686 Ω.

3386 5387 3407 5419 ⁸
3456 5392 3587 5437 natu
3597 5374 3726 5429 ralis

2324 5454 2435 5473 ...ιι
2483 5454 2655 5469 κυνην
2998 5454 3005 5455 ,

2324 5493 2344 5523 ⁸
2375 5454 2575 5542 deveni.
2612 5487 2671 5536 (Σ.
2748 5482 2767 5511 ⁹
2792 5478 2971 5530 omnia
2996 5473 3178 5524 oin.A.
3251 5462 3301 5542 λθ
3338 5454 3716 5542 Αριειηιηηυκι.

2437 5507 2719 5677 ὲυιξϊιίέᾗηὶ
3242 5507 3427 5595 Praef-
3450 5542 3498 5591 P-
3526 5507 3746 5572 “Vm:

2464 5628 2549 5677 ,⁸ιὶ
2601 5648 2625 5674 u
2673 5660 2687 5674 .

2418 5630 2499 5680 “.‘t
2535 5628 2687 5677 illud.
