3898 6154
203 279 292 333 7n
1004 275 1092 331 DE
1129 275 1465 332 InvISona
1501 274 1845 330 NA'IIIRAE.
1908 307 1955 319 .-
1993 227 2192 334 Linea
2233 234 2587 347 QUARTUS;

3356 286 3459 341 7i")

198 403 359 458 paene
382 386 495 442 sola
511 384 684 456 spissa
715 385 879 439 creati
914 389 954 448 ι,
987 387 1237 455 quoniam
1268 386 1476 455 spirare
1501 385 1590 440 et'
1611 386 1781 455 respi-
1812 396 1852 451 Α
1886 387 2142 454 ιμιίιιὶιαιο
2193 390 2408 445 condita
2468 399 2628 451 sunt,
2687 389 2910 444 subvehi
2963 392 3062 445 sub
3119 393 3458 449 lirmamenm

198 495 331 542 mre,
360 479 502 534 sicut
530 487 741 533 terrena
786 488 842 531 et
883 478 1042 532 aerea
1073 479 1345 542 animalia,
1393 494 1497 535 non
1529 487 1772 548 possunt,

196 580 331 627 tactu
380 578 561 623 terrae
595 578 652 624 et
683 568 827 623 aéris
863 568 1123 623 citissime
1157 577 1402 640 pereunt,
1441 584 1546 623 non
1591 576 1771 623 tamen

192 659 486 728 spiratione
514 666 570 713 et
594 657 950 729 respiratione
973 659 1192 713 omnino
1222 659 1523 728 privantur.
1565 657 1698 713 Nam
1727 659 1771 713 si

191 754 404 823 penitus
449 753 811 823 privarentur,
865 751 1081 820 penitus
1132 766 1236 805 non
1282 751 1608 816 dormirent;
1650 753 1774 804 dor-

190 845 350 899 miunt
374 855 569 908 autem,
597 851 659 897 ut
683 843 767 900 ait.
781 841 1005 906 Plinius,
1044 842 1240 912 pisces;
1283 842 1565 912 pulmones
1609 844 1773 914 igitur

187 934 452 1003 spirantes
478 941 535 986 et
566 932 893 1001 respirantes
919 931 1138 986 habent.
1179 933 1285 987 Sed
1314 933 1490 1001 ipsum
1520 932 1769 1002 spiritum

190 1039 287 1077 non
310 1039 380 1078 ex
410 1023 512 1077 isto
539 1021 921 1091 mrpulentiori
947 1024 1090 1086 aere,
1118 1023 1210 1077 sed
1232 1038 1296 1077 ex
1325 1023 1413 1078 illo
1435 1024 1767 1089 tenuissimo,

187 1114 760 1182 omniaque‘corporea
807 1121 1124 1182 penetrante
1170 1113 1461 1183 accipiunt.
1503 1114 1769 1180 Quoniam

188 1203 345 1272 igitur
370 1204 547 1271 pisces
576 1211 631 1257 et
659 1202 893 1257 volatilia
940 1202 1056 1272 plus
1098 1203 1294 1259 ceteris
1337 1204 1659 1259 animalibus
1702 1210 1768 1260 ei

187 1292 401 1346 humida
423 1301 613 1346 natura
643 1308 707 1346 ac
737 1306 905 1360 paene
933 1293 1047 1346 sola
1075 1293 1247 1347 creari
1276 1308 1462 1347 eorum
1480 1294 1769 1363 qualitates

186 1382 467 1438 manifeste
486 1384 793 1450 declarant;
817 1384 1033 1437 humida
1059 1399 1291 1454 namque
1313 1393 1437 1439 sunt
1467 1395 1522 1440 et
1539 1385 1763 1457 frigida:

184 1486 468 1545 prepterea
497 1492 560 1530 ex
590 1477 745 1545 aquis
768 1477 986 1545 produci
1017 1476 1197 1530 divina
1222 1476 1502 1547 Scriptura
1524 1493 1764 1534 comme-

185 1578 374 1622 morat.
441 1569 499 1621 Et
552 1569 789 1623 intentus
835 1568 1015 1636 aspice
1056 1586 1071 1622 :
1118 1584 1222 1622 non
1255 1568 1395 1623 dixit
1441 1571 1700 1640 producat
1747 1571 1766 1601 ³

183 1670 336 1729 aqua,
368 1660 466 1713 sed
494 1660 782 1730 producant
810 1677 999 1729 aquae,
1045 1669 1103 1714 ut
1146 1660 1435 1731 intelligas,
1480 1677 1761 1732 aquarum,

1876 479 2030 534 caeli.
2088 480 2353 546 Quoniam
2417 481 2698 535 subtilitati
2765 492 2819 535 et
2898 484 3266 552 spiritualftati
3336 491 3459 543 situ-

1875 568 2091 636 plicium
2153 569 2577 635 elementorum,
2640 586 2810 640 quae,
2878 575 3019 630 sicut
3080 581 3460 649 citposuixnns,

1876 659 2205 714 iirmamenti
2258 676 2352 715 seu
2409 661 2542 715 caeli
2603 663 2865 718 vocabulo
2916 668 3094 721 divina
3153 671 3459 742 signiﬁcant

1873 748 2116 818 eloquia,
2164 749 2309 805 nulla
2358 752 2565 821 species
2612 755 2961 820 animalium,
3005 761 3460 827 qnemadm‘odum

1874 841 2088 905 avium,
2136 842 2370 896 naturali
2421 844 2772 900 similitudine
2818 848 3213 918 appropinquat
3252 850 3292 914 ⁸,
3344 855 3460 908 iure

1872 931 1974 986 sub
2004 930 2344 1007 ﬁrmamento
2374 934 2508 988 caeli
2542 932 2780 991 volatilia
2818 936 2933 991 ﬁeri
2964 936 3116 1005 jnssa
3156 951 3309 1006 sunt,
3354 943 3457 998 hoc

1873 1030 1957 1073 est
1985 1061 1999 1080 .
2030 1021 2084 1075 in
2115 1022 2310 1076 vicinia
2339 1024 2751 1093 purissimorum
2784 1041 2847 1081 ac
2874 1043 3009 1095 pene
3038 1029 3455 1100 iucorporalinm

1873 1104 2261 1168 elementorum
2328 1115 2626 1183 qualitatis.
2697 1116 2808 1171 Sub
2873 1120 3210 1176 lirmameuto
3276 1125 3459 1194 itaque

1871 1201 2007 1255 caeli
2052 1201 2268 1256 volatile
2313 1215 2548 1266 creatur,
2599 1205 2699 1258 hoc
2735 1215 2818 1259 est
2855 1222 3055 1275 prope,
3096 1210 3236 1264 inl'ra
3277 1223 3453 1267 tamen

1872 1292 2234 1359 spiritualium
2280 1308 2562 1363 corporum
2607 1295 2934 1350 latissimam
2978 1298 3295 1355 exilitatem.
3347 1302 3455 1355 lla-

1872 1394 2063 1439 ctenus
2101 1385 2166 1439 de
2198 1385 2505 1440 conditione
2541 1386 2765 1455 piscium
2807 1394 2864 1442 et
2904 1387 3199 1443 volatilium
3242 1391 3293 1443 in
3346 1393 3455 1460 pri-

1872 1474 2226 1528 mordialibns
2285 1476 2486 1530 causis.
2544 1477 2741 1531 Eorum
2795 1492 2923 1533 vero
3002 1478 3053 1532 in
3119 1496 3319 1549 genera
3401 1492 3451 1535 ct

1870 1569 2079 1639 Species
2137 1570 2413 1639 processio
2464 1571 2711 1640 sequitur
2753 1588 2766 1624 :
2807 1570 3112 1642 Creavitque
3146 1572 3288 1626 Dens
3326 1589 3451 1637 κητῆ

1868 1661 2125 1728 grandia,
2176 1670 2223 1714 et
2268 1674 2472 1714 omnem
2518 1662 2749 1713 animam
2796 1662 3075 1726 viventem,
3124 1671 3178 1717 et
3222 1663 3449 1731 reliqua.

183 1761 236 1804 ut
262 1750 522 1815 diximus,
558 1751 691 1806 duas
737 1751 946 1820 species
987 1765 1124 1813 esse,
1178 1752 1501 1806 crassiorem
1549 1753 1764 1821 quidem
1801 1773 1843 1831 Β
1872 1758 2054 1815 κῆτος,
2097 1752 2199 1806 hoc
2236 1759 2321 1805 est
2368 1750 2566 1814 bellua,
2625 1751 2867 1805 neutrius
2915 1752 3129 1822 generis
3166 1760 3249 1808 est
3309 1756 3450 1824 apud

184 1841 230 1892 in
256 1839 449 1909 pelago
475 1848 529 1899 et
551 1839 885 1903 ﬂuminibus,
914 1838 1167 1894 leviorem
1193 1855 1320 1896 vero
1343 1841 1394 1895 in
1422 1842 1567 1896 aére.
1607 1842 1759 1896 Ideo-

180 1936 276 1998 que
304 1927 550 1982 distinxit
580 1929 961 1992 narrationem,
989 1929 1175 1985 dicens
1200 1947 1215 1983 :
1241 1928 1542 1984 Producant
1571 1946 1758 2001 aquae,

180 2019 367 2073 deinde
396 2018 669 2089 subjungit
696 2036 708 2072 :
745 2020 949 2089 reptilia
978 2020 1185 2073 animae
1214 2021 1426 2074 viventis
1445 2060 1459 2084 ,
1482 2030 1530 2075 et
1553 2020 1760 2075 volatile

178 2124 325 2176 super
367 2119 585 2163 terram.
623 2110 701 2164 Ac
748 2110 792 2163 si
836 2119 1021 2177 aperte
1065 2110 1267 2165 diceret
1300 2126 1313 2163 :
1344 2126 1606 2180 aquarum
1652 2127 1757 2166 una

178 2200 380 2266 Species
433 2199 669 2254 crassior
715 2198 928 2267 quidem
978 2199 1173 2267 pisces,
1223 2199 1391 2254 altera
1433 2215 1578 2265 vero,
1620 2214 1760 2269 quae

180 2287 343 2340 levior
371 2294 477 2349 est,
517 2284 750 2340 volatilia
787 2287 1069 2357 producat.
1108 2287 1259 2353 Quod
1307 2287 1470 2341 etiam
1511 2304 1578 2343 ex
1632 2289 1762 2358 ipsis

176 2376 489 2447 corporibus
546 2391 669 2446 qnis
727 2386 900 2446 petest
950 2378 1283 2449 dignoscere.
1347 2376 1530 2435 Pisces
1588 2381 1759 2451 siqui-

176 2468 287 2521 dem
347 2467 672 2522 crassiornm
722 2473 1008 2538 corporum
1057 2470 1458 2540 ponderositate
1505 2473 1754 2541 gravari,

175 2556 407 2611 'volatilia
460 2572 588 2612 vero
641 2573 940 2627 pennarum
988 2560 1204 2616 levitate
1255 2561 1311 2615 in
1358 2561 1526 2616 altum
1585 2562 1758 2617 suble—

176 2648 279 2706 i'ari
353 2651 615 2707 videmus.
694 2652 847 2719 Quod
903 2660 1083 2707 autem
1140 2653 1218 2706 ait
1278 2670 1291 2706 :
1351 2641 1507 2723 super
1561 2664 1754 2707 terram

173 2742 260 2795 sub
296 2744 634 2812 ﬁrmamento
682 2743 834 2809 caeli,
886 2753 1072 2816 aperte
1109 2739 1414 2816 signiﬁcat,
1459 2744 1751 2800 volatilium

174 2846 399 2904 corpora
451 2842 669 2891 terreno
723 2835 959 2906 pondere
1023 2852 1129 2890 non
1200 2834 1422 2890 omnino
1493 2852 1751 2907 praegra-

173 2926 311 2991 vari,
365 2925 458 2981 sed
521 2942 684 2997 super
739 2914 936 2981 terram
988 2928 1041 2982 in
1104 2928 1262 2992 aéra,
1321 2929 1474 2997 cujus
1528 2930 1746 2984 lmmida

1869 1841 2139 1907 Graecos,
2183 1852 2238 1897 et
2280 1843 2569 1913 singularis
2616 1844 2867 1908 numeri;
2912 1843 3191 1913 pluraliter
3229 1855 3448 1914 autem,

1868 1932 2007 1988 sicut
2035 1941 2091 1988 et
2118 1943 2297 1989 cetera
2349 1934 2486 2003 apud
2532 1949 2625 1989 eos
2656 1935 2918 1990 neutralia
2950 1937 3165 1990 nomina
3186 1978 3200 2001 ,
3230 1961 3264 1993 α
3294 1938 3447 1993 litera

1869 2022 2202 2087 terminatur,
2224 2022 2283 2079 τὸ
2302 2032 2469 2089 κῆτος,
2502 2027 2567 2080 τὰ
2588 2025 2608 2054 ⁵
2632 2028 2784 2083 auria
2812 2028 2841 2078 ς’
2861 2026 3053 2080 deinde
3077 2041 3172 2097 per
3197 2043 3451 2099 synaere-

1864 2114 1945 2167 sin
1974 2113 1994 2144 ⁸
2025 2115 2254 2168 duarum
2303 2116 2626 2186 syllabarum
2680 2118 2730 2170 in
2781 2133 2939 2171 unam
2965 2159 2980 2183 ,
3033 2119 3137 2175 hoc
3175 2130 3255 2175 est
3283 2142 3304 2176 ι
3335 2131 3388 2177 et
3414 2146 3447 2179 α

1866 2207 1916 2259 in
1974 2229 2037 2270 η,
2090 2210 2459 2274 ητὲα,κητή’;
2507 2218 2562 2263 et
2610 2211 2834 2263 duormn
2892 2219 3252 2277 accentuum,
3301 2216 3441 2269 acuti

1863 2294 2113 2350 videlicet
2153 2303 2208 2350 et
2254 2297 2463 2367 gravis,
2502 2298 2552 2350 in
2596 2314 2792 2362 unum,
2836 2301 2886 2353 id
2931 2308 3012 2354 est
3058 2300 3112 2355 in
3152 2296 3173 2333 ⁷
3207 2303 3440 2357 circum-

1861 2383 2057 2439 ﬂexum
2086 2401 2102 2449 ;
2134 2387 2284 2446 κητὲα
2312 2387 2456 2441 enim
2489 2387 2539 2441 in
2570 2388 2862 2456 penultinta
2892 2392 3124 2453 acuitur,
3166 2392 3218 2446 in
3256 2393 3442 2448 ultima

1862 2489 1992 2527 vero
2020 2485 2275 2544 gravatur
2301 2493 2315 2540 ;
2345 2489 2470 2541 κητῆ
2497 2482 2677 2531 autem
2710 2478 2760 2531 in
2790 2471 2896 2533 line
2926 2480 3363 2537 circumﬂectitur
3392 2496 3441 2537 ⁸.

1862 2563 1968 2620 Sed
2017 2558 2144 2621 huic
2191 2564 2366 2631 libro,
2414 2580 2482 2620 Ite
2522 2566 2732 2637 longius
2767 2568 3163 2636 progrediatur,
3200 2570 3322 2625 ﬁnis
3358 2580 3443 2625 est

1858 2655 2243 2724 imponendos,
2282 2664 2341 2709 ut
2371 2656 2627 2721 arbitror,
2663 2657 2706 2711 si
2749 2657 2842 2711 tibi
2883 2658 3113 2713 videtur.
3155 2661 3299 2717 Dtsc.
3348 2661 3440 2716 Vi-

1857 2747 2014 2801 detur
2059 2748 2313 2817 quidem,
2362 2757 2415 2802 et
2458 2745 2810 2815 jamdudum,
2858 2748 2901 2804 si
2946 2749 3229 2820 prolixitas
3276 2753 3441 2807 ratio—

1856 2845 1981 2893 num
2013 2855 2117 2895 non
2149 2839 2484 2905 retardaret,
2514 2839 2802 2894 terminum
2835 2836 3218 2909 postulaverat.
3256 2843 3441 2914 Expli-

1850 2931 1918 2981 cit
1949 2928 2077 2983 liber
2105 2930 2287 2983 tertius
2320 2934 2452 2985 nutu
2485 2934 2737 2984 ΦΥΣΕΩΝ.

1058 3115 1453 3194 INCIPIT
1515 3096 1809 3195 LIBER
1857 3102 2479 3235 QUARTus‘f.

360 3244 496 3320 Hac.
560 3263 740 3320 Prima
806 3249 1026 3321 nostrae
1089 3267 1456 3338 physiologiae
1523 3267 1751 3322 intentio
1779 3273 1823 3335 ί]
1853 3268 2061 3333 stentia,
2093 3268 2191 3322 sibi
2224 3269 2439 3323 invicem
2470 3267 2827 3323 coexistentia.
2857 3268 3085 3324 Trinitas
3098 3269 3225 3323 haec
3254 3282 3439 3325 sancta

176 3356 205 3427 ι)
234 3358 563 3428 accipuaque
582 3357 807 3412 materia
824 3366 964 3422 erat,
978 3359 1118 3428 quod
1134 3358 1155 3389 ’
1172 3360 1566 3435 ὑπερουσιὸτης,
1584 3360 1684 3414 hoc
1707 3359 1749 3390 ¹⁰

174 3455 250 3499 est
310 3445 782 3516 superessentialis
823 3454 1045 3515 natura,
1079 3447 1148 3501 sit
1201 3448 1244 3477 ⁸¹
1299 3462 1459 3502 causa
1515 3448 1747 3501 creatrix

176 3532 517 3588 existentium
563 3542 620 3588 et
665 3550 772 3588 non
824 3535 1170 3590 existentium
1216 3536 1493 3599 omnium,
1538 3551 1566 3588 a
1605 3535 1749 3589 nullo

175 3628 385 3684 ereata,
452 3637 619 3676 unum
680 3620 1037 3694 principium,
1090 3631 1196 3676 una
1244 3623 1426 3693 origo,
1498 3639 1637 3678 unus
1697 3633 1752 3678 et

174 3708 496 3773 universalis
534 3710 910 3766 universorum
935 3709 1075 3773 fons,
1107 3725 1137 3762 a
1172 3709 1319 3764 nullo
1346 3725 1599 3775 manans,
1623 3710 1748 3764 dum

172 3803 235 3861 ab
256 3820 327 3862 eo
357 3815 581 3862 manant
603 3802 780 3862 omnia
804 3849 819 3870 ,
847 3800 1062 3863 trinitas
1091 3801 1469 3865 coessentialis
1498 3801 1551 3858 in
1579 3802 1750 3856 tribus

168 3891 501 3962 substantiis,
536 3893 785 3971 ἄναρχος,
818 3898 919 3950 hoc
947 3904 1031 3951 est
1060 3898 1177 3952 sine
1217 3897 1504 3968 principio,
1547 3891 1748 3968 princiz

167 3982 309 4051 pium
340 3995 395 4039 et
423 3985 578 4047 linis,
612 4001 716 4039 una
748 3986 989 4052 bonitas,
1021 3986 1163 4041 Deus
1186 4003 1325 4043 unus
1345 4028 1360 4054 ,
1390 3988 1664 4061 ὃμοούσιος
1693 4000 1747 4043 et

170 4072 492 4148 ὖπιρούσιος,
524 4075 578 4129 id
629 4083 712 4130 est
750 4077 1121 4131 coessentialis
1160 4085 1215 4131 et
1257 4079 1745 4147 superessentialis,

168 4172 246 4227 et,
276 4173 337 4217 ut
372 4165 449 4218 ait
484 4174 702 4220 sanctus
739 4164 1105 4236 Epiphanius,
1145 4166 1432 4237 episcopus
1477 4167 1745 4223 Constan-

168 4252 269 4307 tiae
279 4252 459 4324 Cypri,
475 4255 743 4310 inAncora
753 4267 804 4309 to
816 4271 908 4310 seu
926 4271 1173 4311 sermone
1193 4258 1237 4293 ¹²
1252 4257 1318 4312 de
1331 4257 1434 4312 ﬂde
1453 4276 1465 4310 :
1488 4257 1611 4311 Tria
1623 4272 1746 4311 san-

165 4353 275 4409 cta,
309 4348 412 4398 tria
451 4356 764 4411 consancta,
806 4350 909 4400 tria
947 4350 1154 4418 agentia
1188 4349 1256 4415 υ,
1297 4350 1401 4403 tria
1441 4351 1741 4420 coagentia,

166 4431 267 4485 tria
292 4432 575 4500 [armantia
604 4434 670 4500 η’,
700 4436 801 4489 tria
826 4436 1347 4504 confarmantia,tria
1377 4442 1644 4510 operantia
1676 4441 1740 4503 η,

165 4525 262 4576 tria
294 4527 623 4595 cooperantia
656 4526 721 4590 “,
761 4528 864 4580 tria
916 4528 1277 4591 subsistentia,
1317 4532 1419 4583 tria
1473 4530 1739 4583 consubsi-

1856 3368 2087 3423 vocatur,
2120 3359 2223 3412 tria
2251 3359 2548 3423 existentia,
2582 3377 2688 3414 una
2718 3354 3060 3414 consonantia
3083 3401 3098 3423 ,
3129 3377 3235 3415 una
3256 3360 3437 3414 Deitas

1853 3444 2084 3512 ejusdem
2118 3447 2158 3477 "
2199 3448 2472 3512 cssentiae,
2509 3447 2742 3517 ejusdem
2770 3449 3005 3521 uirtutis,
3029 3448 3262 3518 ejusdem
3310 3453 3435 3504 snb-

1852 3533 2116 3588 sistentiae
2150 3536 2215 3600 "‘,
2254 3536 2451 3591 similia
2484 3537 2726 3591 similiter
2754 3534 2816 3603 ³⁸,
2841 3536 3207 3608 aequalitatem
3235 3543 3437 3610 gratiae

1852 3635 2135 3692 operantur
2158 3625 2338 3680 Patris
2365 3636 2411 3680 et
2441 3624 2570 3680 Filii
2593 3624 2894 3696 et‘Splritus
2919 3627 3110 3680 sancti.
3140 3626 3255 3693 Quo
3279 3632 3435 3681 modo

1853 3724 2029 3768 autem
2075 3728 2195 3770 sunt
2220 3717 2285 3779 ’°,
2328 3704 2453 3785 ipsis
2495 3715 2807 3786 relinquitur
2847 3716 3050 3769 docere.
3086 3714 3257 3769 Nemo
3298 3719 3433 3770 enim

1852 3805 1988 3857 novit
2021 3802 2233 3857 Patrem
2266 3805 2365 3858 nisi
2399 3803 2443 3856 F
2448 3805 2592 3870 ilius,
2610 3808 2771 3874 neque
2803 3802 3005 3858 Filium
3037 3806 3141 3859 nisi
3172 3803 3351 3872 Pater,
3383 3820 3430 3861 et

1849 3910 2140 3973 (utcunque
2186 3893 2362 3949 Filius
2421 3895 2760 3959 revelaverit;
2816 3894 3077 3949 reveletur
3127 3906 3303 3950 autem
3342 3916 3435 3966 per

1850 3988 2106 4058 Spiritum
2145 3988 2405 4045 sanctum.
2441 3982 2566 4044 Non
2594 3998 2717 4061 ergo
2745 3982 2874 4042 haec
2902 3984 3006 4037 tria
3036 3984 3312 4038 existentia
3340 3998 3429 4037 ant

1847 4100 1910 4136 ea:
1938 4084 2051 4153 ipso
2070 4123 2083 4147 ,
2113 4094 2205 4137 aut
2230 4099 2322 4154 per
2350 4084 2517 4153 ipsum
2535 4122 2550 4148 ,
2581 4091 2670 4135 aut
2699 4081 2768 4135 ad
2798 4082 2969 4152 ipsum
2992 4121 3009 4148 ,
3037 4083 3093 4137 in
3120 4091 3431 4154 unoquoque

1846 4171 2001 4240 digne
2048 4171 2430 4241 intelliguntur,
2484 4172 2620 4224 sicut
2672 4170 2786 4241 ipsa
2827 4171 3053 4227 revelant
3089 4180 3227 4245 φῶς,
3276 4180 3383 4247 πῦρ
3413 4214 3426 4234 ,

1846 4252 2064 4334 πνεῦμα,
2093 4263 2191 4315 hoc
2218 4270 2292 4315 est
2330 4260 2423 4314 lux
2444 4300 2459 4326 ,
2499 4261 2667 4331 ignis,
2697 4262 2934 4332 spiritus.
2969 4260 3148 4326 Haec,
3182 4271 3239 4314 ut
3277 4262 3385 4315 dixi
3412 4301 3425 4319 ,

1845 4354 1913 4405 ab
1938 4350 2236 4421 Epiphanio
2266 4350 2483 4414 tradita,
2512 4358 2569 4403 ut
2598 4350 2845 4420 quisquis
2875 4350 3255 4419 interrogatus,
3286 4364 3425 4417 quae

1844 4440 1945 4494 tria
1971 4449 2026 4493 et
2047 4440 2175 4509 quid
2200 4454 2362 4493 unum
2392 4440 2445 4492 in
2474 4448 2658 4493 sancta
2690 4434 2955 4494 Trinitate
2986 4440 3144 4494 debet
3167 4440 3387 4495 credere
3409 4480 3422 4499 .

1845 4545 1974 4584 sana
2005 4530 2106 4583 title
2135 4528 2457 4600 respondere
2484 4522 2692 4593 valeat,
2729 4539 2818 4582 aut
2860 4531 2923 4584 ad
2962 4530 3120 4585 iidem
3160 4531 3427 4587 accedens

1447 4686 1697 4741 \‘ARIAE
1744 4683 2141 4739 LEC'I‘lO‘XES.

244 4844 263 4876 ⁸
287 4844 334 4898 Α
358 4844 602 4912 quoniam
634 4841 700 4912 de
728 4842 1152 4912 aqua....gcrcati
1181 4849 1345 4912 s_uttl._
1377 4840 1424 4912 ᾖ
1448 4838 1487 4891 Α
1507 4854 1596 4912 ac.

1689 4837 1783 4909 "VA
1826 4838 2076 4909 deducat.
2155 4838 2174 4867 ‘
2202 4818 2711 4909 AapprOpinquant.
2787 4841 2808 4871 '
2835 4843 2912 4906 τὸ,
2947 4844 3010 4896 τά
3046 4852 3135 4897 0m
3190 4846 3255 4899 Δ.
3330 4848 3354 4880 ⁸
3386 4852 3425 4905 (ἶ

161 4906 432 4981 synlemsia
460 4930 476 4976 ;
509 4914 547 4969 l'.
577 4906 845 4987 cannon.
867 4979 887 4987 _
917 4911 936 4941 ⁷
965 4910 1018 4963 in
1042 4925 1155 4987 oni.
1187 4910 1253 4963 A.
1272 4979 1283 4987 _
1327 4909 1349 4940 ⁸
1372 4906 1462 4987 Sic
1699 4906 1869 4987 literis
1910 4908 2158 4987 miniatis
2188 4927 2201 4962 :
2242 4906 2848 4987 Incipit'quart‘uhsnaapi
2890 4914 3110 4985 quarm,
3157 4914 3198 4969 F
3231 4916 3423 4987 Incipit

867 4979 1051 5049 ’quod
1105 4996 1215 5049 om.
1257 4979 1321 5049 Α.

162 4994 373 5082 quartus
422 4994 537 5058 περὶ
576 4994 792 5054 φύσεων.
869 4994 888 5009 ’
914 4994 1049 5060 quoa
1105 4996 1211 5032 om.
1257 4994 1321 5032 Α.
1409 4994 1448 5007 ’⁷
1469 4994 1529 5058 ,Α

184 5050 207 5081 ⁸
232 5049 327 5105 Sic
346 5052 448 5107 CF.
472 5072 487 5115 ;
516 5054 557 5103 A
592 5054 776 5103 activa.
853 5048 897 5081 ¹⁸
925 5051 1015 5104 Sic
1037 5049 1122 5103 CF
1150 5065 1164 5113 ;
1193 5047 1237 5101 A
1268 5048 1564 5117 formamus.

184 5050 207 5081 ⁸
232 5049 327 5105 Sic
346 5052 448 5107 CF.
472 5049 497 5115 ς’
516 5054 557 5103 Α
582 5049 776 5103 ἰειΊὶνη.

161 5118 505 5192 ejusdemque.

163 5199 278 5241 sunt
308 5205 410 5244 om.
442 5192 506 5243 Α.

1405 4977 1448 5007 ιο
1487 4977 1529 5030 Α
1585 4978 1658 5029 id.
1735 4979 1775 5007 ἰ

1642 5046 1685 5078 ¹⁰
1732 5044 1824 5102 Sic

586 5121 626 5150 “‘
656 5120 745 5172 Sic
775 5119 891 5183 CF;
920 5120 1151 5186 ejusdem
1181 5115 1383 5171 virtutis
1404 5157 1416 5181 ,
1447 5115 1678 5185 ejusdem
1705 5118 2065 5173 subsistentiae
2092 5115 2200 5170 om.
2226 5117 2291 5169 A.

1825 4978 1868 5031 A
1966 4978 2067 5031 uod
2116 4979 2206 5033 sit.

1878 4994 2004 5111 C11;
2034 5048 2078 5101 Α
2117 5064 2206 5111 0pc

2284 4978 2327 5008 ”
2365 4977 2544 5041 Corr.,
2592 4977 2721 5033 ACF
2752 4977 2806 5034 in
2850 4977 3104 5037 accurato
3144 4977 3418 5042 scrn‘one.

2034 5048 2078 5101 A
2117 5048 2401 5122 Operativa.
2439 5049 2519 5122 _f‘
2550 5050 2640 5122 Sic
2665 5049 2772 5122 (2F;
2800 5051 2843 5104 A
2871 5055 3217 5122 cooperativa.
3297 5058 3337 5088 ¹⁷
3369 5060 3408 5111 Α

2366 5119 2406 5150 ιο
2436 5117 2525 5172 Sic
2557 5119 2640 5172 CF
2671 5135 2682 5182 ;
2712 5121 2751 5172 Ν
2779 5136 2842 5173 ea:
2869 5117 3047 5177 simili;
3125 5124 3171 5155 ¹⁰
3196 5124 3285 5178 Sic
3307 5125 3409 5189 Cl";

1662 5340 1841 5396 ΝΟΤΑ
1853 5340 1912 5394 Ε.

228 5536 256 5564 ι
300 5523 451 5579 Errat
480 5524 770 5594 Magister;
802 5539 923 5578 nam
952 5538 1125 5590 neque
1155 5545 1309 5583 κητσα
1367 5525 1418 5578 in
1447 5523 1999 5594 pennitimajcuitur,
2055 5506 2151 5576 nec
2197 5516 2321 5581 nisi;
2347 5524 2397 5576 in
2429 5522 2533 5577 line
2575 5524 2777 5578 circum
2810 5521 3043 5577 ﬂectitur
3070 5538 3082 5585 ;
3129 5519 3220 5573 scd
3260 5530 3425 5577 γῆτπη

160 5593 433 5660 pluraliter
459 5591 723 5650 formatur
767 5600 937 5660 κόττα,
977 5600 1124 5652 κήτη.
1154 5594 1180 5633 b
1212 5594 1307 5648 llic
1336 5591 1523 5663 incipit
1550 5594 1717 5649 codex
1748 5591 1807 5646 F.

2304 5615 2315 5629 ε
