3898 6154
456 259 484 311 7
505 257 563 313 ιδ

1807 248 2088 307 ιοΑΝΝιδ
2128 250 2321 307 SCOTI

3630 258 3723 315 ’1η

460 373 541 424 sic
570 368 868 423 erudiatur.
902 366 967 419 Et
1002 365 1129 419 mihi
1162 363 1373 419 videtur
1415 361 1676 432 Spiritum
1724 376 1822 433 pro
1866 362 2045 417 calore
2076 377 2118 429 Α
2151 363 2456 431 incognitae
2487 362 2768 419 doctrinae
2805 363 3057 420 ductibus
3080 364 3441 435 periculosus,
3464 367 3725 425 subtilissi-

464 461 740 532 posuisse,
772 458 923 528 quasi
955 457 1182 510 dixisset
1208 457 1259 508 in
1287 454 1671 518 similitudine,
1703 453 1790 506 lux
1815 493 1829 517 ,
1868 453 2041 522 ignis,

462 550 611 605 calor
638 549 679 602 ‘.
714 546 819 602 Sed
848 562 947 600 cur
976 546 1147 600 lucem
1176 545 1351 615 primo
1379 544 1546 606 dixit,
1581 558 1685 597 non
1716 551 1799 598 est
1826 542 2043 596 mirum.

466 640 598 696 Nam
641 650 694 694 et
719 639 881 694 Pater
906 638 990 692 lux
1023 648 1141 702 est,
1185 646 1239 691 et
1271 637 1440 707 ignis,
1485 645 1538 690 et
1585 635 1769 701 calor;
1798 643 1852 689 et
1879 633 2046 689 Filius

463 743 548 790 est
598 733 719 794 lux,
770 728 1181 801 ignis,’calor;
1241 738 1296 782 et
1351 727 1588 795 Spiritus
1643 734 1863 781 sanctus
1920 724 2042 790 lux,

466 823 626 894 ignis,
656 820 822 875 calor.
856 819 1126 873 lllmninat
1150 819 1295 872 enim
1326 816 1505 881 Pater,
1540 817 1809 871 illuminat
1838 815 2045 881 Filius,

466 914 736 969 illuminat
789 911 1027 981 Spiritus
1076 920 1332 974 sanctus;
1383 925 1449 962 ex
1498 909 1627 978 ipsis
1674 908 1819 965 enim
1868 906 2051 961 omnis

466 1003 694 1059 scientia
741 1010 797 1055 et
835 1000 1099 1070 sapientia
1141 999 1393 1052 donatur.
1448 998 1569 1053 Urit
1612 998 1794 1062 Pater,
1822 997 1932 1051 urit
1956 995 2049 1049 Fi-

473 1094 608 1158 lius,
637 1092 751 1146 urit
780 1090 1015 1160 Spiritus
1045 1097 1299 1152 sanctus,
1331 1090 1457 1157 quia
1496 1088 1657 1142 simul
1698 1097 1881 1143 nostra
1920 1086 2052 1141 deli-

472 1192 559 1236 cta
608 1186 968 1241 consumunt,
999 1185 1055 1231 et
1082 1191 1223 1241 nos,
1269 1176 1416 1230 velut
1462 1175 1830 1231 holocaustum
1879 1175 2051 1244 quod-

471 1278 593 1331 dam
613 1319 627 1341 ,
657 1288 751 1343 per
778 1273 960 1325 θέωσιν
983 1309 998 1335 ,
1029 1270 1081 1323 id
1106 1278 1188 1323 est
1231 1268 1661 1335 deilicationem,
1695 1271 1747 1322 iu
1792 1269 2053 1322 unitatem

472 1380 626 1419 suam
672 1367 1016 1418 convertunt.
1049 1358 1306 1415 Caleficat
1345 1358 1526 1424 Pater,
1567 1358 1813 1414 caleficat
1853 1356 2051 1421 Filius,

472 1454 721 1510 ealeticat
746 1460 766 1489 ³
798 1450 1031 1521 Spiritus
1060 1457 1310 1513 sanctus,
1350 1449 1475 1519 quia
1506 1463 1611 1502 uno
1638 1450 1937 1516 eodemque
1959 1461 2053 1500 ca-

482 1545 657 1600 ritatis
694 1551 843 1598 aestu
871 1549 925 1597 et
954 1556 1051 1595 nos
1081 1538 1263 1594 fovent
1291 1547 1346 1593 et
1376 1538 1651 1604 nutriunt,
1682 1553 1745 1593 ac
1783 1537 1950 1593 veluti
1989 1551 2056 1591 ex

478 1636 815 1692 informitate
860 1633 881 1663 ³
919 1632 1152 1702 quadam
1195 1629 1620 1700 imperfectionis
1665 1638 1886 1685 nostrae
1936 1636 2058 1699 post

2150 471 2360 511 morum
2392 456 2788 524 intellectuum,
2818 458 2991 512 instar
3026 460 3266 513 cautium
3313 459 3613 527 latentium,
3637 479 3721 515 ua-

2150 562 2348 614 vesque
2372 555 2593 616 repente
2621 548 3006 619 l‘raugentium,
3033 549 3430 621 caliginositate
3450 552 3724 625 naufragiis

2150 648 2453 709 promptus,
2480 641 2671 709 suique
2702 639 3011 709 prolixitate
3038 649 3266 711 cogente
3288 642 3344 695 in
3382 643 3621 711 quintum
3663 646 3720 697 li-

2148 728 2305 782 brum
2347 739 2651 799 porrectus.
2685 730 2875 784 Divina
2908 739 3086 785 tamen
3122 730 3412 786 clementia
3441 734 3485 766 ι’
3515 735 3722 789 ducente

2147 828 2202 873 et
2249 819 2581 888 gubernante
2623 822 2688 888 “,
2719 836 3085 891 prospereque
3130 821 3257 876 ﬂatu
3303 823 3473 877 divini
3513 824 3721 896 Spiritus

2150 918 2367 965 nostrae
2395 912 2548 966 navis
2574 913 2862 966 carbasum
2898 913 3176 981 implente,
3207 922 3381 968 tutum
3412 915 3553 970 inter
3597 918 3715 973 haec

2152 1012 2470 1071 rectumque
2499 1004 2602 1057 iter
2625 1012 2929 1073 carpentes,
2955 1005 3021 1057 ad
3042 1012 3275 1072 portum,
3300 1020 3462 1074 quem
3492 1010 3718 1077 petimus,

2152 1093 2258 1147 leni
2309 1109 2470 1147 cursu
2528 1093 2685 1150 liberi
2730 1103 2895 1163 atque
2938 1094 3111 1149 illaesi
3156 1105 3467 1164 perventurt
3526 1112 3712 1152 sumus.

2154 1187 2301 1243 Dtsc.
2333 1188 2624 1243 Tendenda
2671 1187 2786 1242 vela
2827 1189 2892 1253 η,
2918 1188 3421 1258 navigandumque;
3484 1190 3720 1245 accelerat

2154 1293 2390 1348 namque
2414 1281 2554 1334 ratio
2582 1279 2752 1348 perita
2809 1279 2967 1349 hujus
3000 1281 3044 1310 ³³
3092 1280 3263 1347 ponti,
3307 1280 3485 1334 nullas
3532 1291 3721 1334 veretur

2156 1371 2329 1426 minas
2385 1371 2647 1424 undarum
2674 1370 2752 1433 “*,
2784 1371 2957 1425 nullos
2995 1370 3271 1425 anfractus
3313 1368 3564 1442 Syrtesve
3613 1388 3721 1426 cau-

2157 1472 2304 1517 tesve
2331 1460 2605 1525 formidat,
2634 1462 2721 1515 cui
2752 1461 3119 1516 delectabilius
3149 1469 3233 1515 est
3258 1463 3308 1515 in
3335 1462 3529 1516 abditis
3576 1463 3718 1519 divini

2155 1554 2345 1609 oceani
2391 1552 2619 1608 fretibus
2647 1554 2692 1585 "
2733 1554 2986 1608 virtutem
3015 1569 3166 1608 suam
3195 1566 3470 1619 exercere,
3508 1570 3655 1623 quam
3678 1558 3718 1609 iu

2160 1643 2333 1718 planis
2350 1647 2657 1717 apertisque
2688 1646 2861 1700 otiosa
2889 1646 3191 1715 quiescere,
3215 1646 3305 1699 ubi
3329 1648 3435 1699 vim
3464 1664 3606 1700 suam
3633 1663 3721 1702 non

473 1730 633 1802 primi
661 1727 895 1782 hominis
937 1725 1142 1794 lapsum
1190 1724 1242 1777 in
1296 1723 1470 1777 virum
1500 1721 1832 1792 perfectum,
1865 1721 1918 1776 in
1947 1720 2057 1792 ple-

2167 1740 2308 1795 valet
2336 1740 2578 1810 aperire;
2604 1740 2657 1793 in
2679 1737 2869 1791 sudore
2895 1739 3032 1791 enim
3058 1737 3230 1792 vultus
3251 1740 3334 1791 sui
3369 1755 3549 1808 panem
3568 1756 3719 1803 suum,

474 1821 773 1877 nitudinem
805 1817 995 1872 aetatis
1035 1815 1273 1879 Christi,
1304 1814 1558 1870 educant.
1593 1812 1687 1868 Vir
1713 1821 1892 1867 autem
1935 1826 2058 1882 per-

478 1914 647 1967 fectus
675 1919 759 1966 est
782 1910 1054 1973 Christus,
1083 1908 1135 1961 in
1164 1920 1272 1975 quo
1303 1906 1482 1960 omnia
1511 1913 1882 1960 consummata
1912 1911 2058 1965 sunt,

477 2002 631 2072 cujus
659 2000 855 2055 aetatis
887 1995 1163 2068 plenitudo
1191 2004 1275 2050 est
1302 1994 1700 2049 consummatio
1727 1993 1921 2048 salutis
1950 1992 2063 2045 uni-

479 2092 705 2147 versalis
740 2088 1051 2152 Ecclesiae,
1100 2099 1239 2157 quae
1285 2086 1338 2138 in
1389 2084 1591 2154 angelis
1644 2091 1699 2138 et
1755 2081 2062 2136 hominibus

480 2182 776 2238 constituta
805 2188 907 2233 est.

551 2275 606 2328 In
637 2272 875 2327 secundo
903 2269 1040 2323 libro
1073 2269 1137 2322 de
1162 2277 1354 2322 natura
1383 2277 1566 2322 creata
1594 2276 1649 2323 et
1672 2266 1936 2322 creatrice
1962 2266 2064 2320 dis-

481 2362 833 2435 putabamus,
876 2376 1038 2429 quam
1086 2358 1137 2411 in
1168 2357 1445 2428 principiis
1492 2373 1706 2419 rerum,
1756 2356 1809 2410 id
1856 2363 1959 2420 est,
2009 2355 2060 2407 in

484 2450 924 2521 primordialibus
970 2449 1150 2502 causis
1198 2448 1495 2501 subsistere
1533 2447 1785 2501 diximus.
1837 2444 1970 2499 Nam
2011 2455 2066 2499 et

482 2545 549 2597 ab
580 2558 685 2596 una
712 2540 733 2571 ⁸
758 2539 998 2594 omnium
1027 2554 1188 2592 causa
1209 2578 1223 2601 ,
1257 2551 1396 2606 quae
1436 2546 1519 2591 est
1559 2551 1768 2590 summa
1810 2534 2022 2590 bonitas
2047 2573 2062 2596 ,

481 2633 636 2702 cujus
666 2630 940 2701 preprium
982 2638 1088 2691 est,
1127 2633 1305 2681 omnia
1352 2627 1417 2681 de
1466 2643 1571 2679 non
1601 2626 1957 2680 existentibus
2009 2624 2060 2677 in

485 2722 770 2777 existentia
802 2736 898 2775 sua
929 2718 1182 2774 ineli‘abili
1216 2719 1414 2773 virtute
1452 2719 1785 2787 producere,
1827 2726 2059 2771 creatur.

483 2814 673 2868 Cetera
694 2826 846 2876 vero,
868 2826 1006 2880 quae
1032 2820 1153 2880 post
1173 2824 1289 2863 eam
1315 2809 1336 2841 ⁸
1356 2818 1507 2875 sunt,
1530 2809 1943 2879 participatione
1965 2823 2061 2862 sua

486 2918 672 2958 creare
701 2918 806 2957 non
834 2910 1031 2957 cessat.
1065 2900 1279 2955 Tertius
1307 2900 1445 2955 liber
1483 2902 1721 2971 disputat
1763 2899 1831 2954 de
1869 2911 2061 2953 natura

485 3003 670 3049 creata
692 3003 873 3050 etnon
899 3002 1143 3057 creante,
1171 2993 1272 3048 hoc
1297 3001 1383 3047 est
1408 2992 1473 3047 de
1500 2990 1782 3046 effectibus
1805 2989 2064 3045 extremis

485 3084 917 3160 primordialium
945 3099 1234 3139 causarum
1255 3124 1269 3148 ,
1298 3083 1388 3152 qui
1416 3097 1599 3136 rerum
1637 3082 1876 3145 omnium
1920 3079 2060 3132 exti-
2092 3075 2134 3135 C

488 3191 630 3230 mam
659 3176 905 3229 obtinent
946 3174 1287 3243 portionem;
1331 3182 1507 3227 motus
1548 3172 1689 3226 enim
1732 3170 2067 3240 progressio-

488 3281 615 3320 num
646 3262 1016 3319 universitatis
1045 3265 1095 3317 in
1120 3264 1199 3317 eis
1225 3262 1417 3316 desiuit
1436 3301 1450 3326 ,
1480 3276 1585 3314 non
1612 3260 1818 3314 habens
1844 3257 2068 3312 inferius

487 3355 702 3424 egredi,
746 3356 871 3423 quia
915 3354 967 3407 iu
1011 3353 1328 3423 corporibus
1374 3352 1698 3406 constitutus
1742 3358 1845 3405 est.
1874 3349 1932 3403 lu
1960 3364 2068 3418 quo

486 3448 624 3502 libro
649 3448 809 3500 etiam
854 3447 919 3500 de
959 3444 1395 3515 primordialbus
1424 3444 1602 3499 causis
1632 3444 1797 3498 multa
1823 3443 2069 3498 conside—

489 3537 757 3601 ravimus,
788 3536 960 3605 deque
991 3534 1129 3600 Deo,
1175 3536 1397 3605 ejusque
1439 3535 1673 3607 imagine
1712 3535 1764 3589 in
1807 3536 1986 3589 animo
2014 3544 2068 3589 et

492 3630 702 3683 ratione
730 3638 785 3681 et
816 3644 975 3681 sensu
1001 3666 1015 3690 ,
1048 3636 1101 3679 et
1132 3627 1197 3681 de
1224 3626 1368 3696 quali
1401 3626 1569 3681 nihilo
1611 3627 1753 3681 facta
1794 3635 1920 3681 sunt
1952 3642 2068 3679 out-

489 3719 612 3780 uia,
658 3728 713 3771 et
758 3717 1028 3786 quomodo
1073 3712 1307 3769 Verbum
1353 3716 1446 3770 Dei
1493 3716 1828 3785 unigenitum
1857 3726 1911 3770 et
1941 3716 2069 3770 facit

490 3805 669 3859 .unnia
695 3815 749 3858 et
778 3807 827 3857 in
858 3804 1111 3858 onmihus
1141 3803 1217 3857 fit.
1265 3804 1437 3858 Pauca
1484 3819 1699 3874 quoque
1726 3804 1791 3858 de
1816 3804 2069 3875 operibus

485 3897 691 3964 primae
724 3894 1078 3965 intelligibilis
1102 3894 1463 3964 septimanae,
1505 3911 1675 3964 usque
1714 3895 1780 3949 ad
1807 3904 2016 3951 sextum
2048 3896 2069 3927 ⁸

482 3987 625 4039 diem
642 4025 656 4048 ,
688 3984 1059 4039 traciavimus.

552 4078 605 4131 ‘2.
636 4076 871 4144 Quartus
922 4078 1044 4143 hic,
1082 4077 1151 4132 ab
1190 4078 1444 4146 operibus
1490 4087 1676 4133 sextae
1724 4080 2069 4148 propheticae

485 4167 951 4238 tontetnplatiouis
977 4168 1045 4223 de
1064 4168 1369 4223 conditione
1400 4170 1767 4225 universitatis
1789 4171 2067 4235 inchoatis,

484 4258 711 4312 reditum
743 4258 983 4312 omnium
1009 4258 1062 4312 in
1088 4272 1205 4311 eam
1229 4267 1498 4322 naturam,
1515 4274 1654 4328 quae
1679 4273 1778 4313 nec
1801 4270 1952 4314 creat
1970 4274 2069 4315 nec

479 4357 713 4413 creatur,
730 4350 1188 4413 cousideraturus,
1208 4347 1367 4403 finem
1389 4350 1733 4404 constituat'.
1749 4348 1913 4419 Cujus
1933 4350 2065 4404 ditii-

2166 1830 2259 1884 Dei
2289 1829 2537 1883 videlicet
2586 1830 2805 1882 verbum
2845 1828 2912 1893 ¹⁸,
2935 1829 3085 1901 jussit
3128 1837 3211 1883 est
3257 1831 3418 1896 vesci,
3445 1840 3722 1900 terramque

2165 1936 2352 1977 sacrae
2382 1920 2719 1990 Scripturae,
2749 1920 2930 1991 spinas
2958 1929 3010 1975 et
3047 1921 3272 1976 tribulos
3300 1923 3404 1976 sibi
3443 1912 3721 1992 germinan-

2167 2021 2297 2077 tem,
2330 2011 2432 2066 boc
2457 2021 2559 2077 est,
2590 2011 2895 2065 divinorum
2926 2010 3291 2066 intellectuum
3333 2013 3527 2068 exilem
3572 2015 3723 2069 densi-

2168 2116 2329 2161 tatem
2355 2107 2534 2161 colere
2566 2106 2632 2171 ι’,
2664 2106 3005 2175 studiumque
3043 2106 3340 2175 sapientiae
3377 2108 3720 2175 spernentibus

2166 2199 2365 2253 inviam
2418 2199 2649 2253 assiduis
2699 2200 2944 2252 tbeoriae
2982 2199 3255 2268 gressibus
3310 2198 3719 2264 lustrare,dontc

2164 2290 2387 2343 inveniat
2461 2288 2630 2342 locum
2689 2287 2911 2341 Domino
2972 2288 3046 2350 ⁸⁸,
3106 2288 3501 2342 tabernaculum
3550 2289 3645 2342 Deo
3686 2288 3720 2321 ¹⁹

2164 2380 2353 2443 Iacob,
2387 2379 2491 2433 hoc
2517 2388 2620 2442 est,
2652 2379 2822 2432 donec
2850 2378 2917 2432 ad
2948 2378 3191 2432 veritatis
3216 2378 3719 2446 contemplationem,

2166 2486 2327 2541 quam
2357 2470 2506 2539 lapsu
2555 2469 2713 2539 primi
2744 2468 2979 2523 hominis
3012 2468 3355 2537 perdiderat,
3387 2468 3640 2537 frequenti
3671 2467 3721 2518 l2-

2169 2573 2405 2617 terarum
2430 2560 2734 2613 divinarum
2762 2558 3139 2627 Iaboriosoque
3181 2558 3359 2612 studio
3416 2558 3634 2612 ducente
3680 2565 3725 2610 et

2165 2652 2453 2722 adjuvante
2480 2659 2535 2704 et
2560 2659 2901 2720 cooperante,
2924 2650 3061 2705 etad
3094 2650 3193 2704 hoc
3227 2658 3474 2703 movente
3500 2649 3543 2679 "
3572 2647 3724 2701 divina

2165 2742 2361 2812 gratia,
2392 2740 2665 2795 redeundo
2702 2738 3002 2809 perveniat,
3051 2738 3412 2808 perveniendo
3451 2737 3644 2809 diligat,
3662 2735 3727 2789 di-

2165 2834 2377 2903 ligendo
2398 2839 2728 2902 permaneat,
2755 2827 3115 2898 permanendo
3138 2828 3400 2896 quiescat.

2234 2924 2286 2978 5.
2313 2924 2452 2978 MAG.
2481 2922 2627 2977 Dixit
2668 2936 2881 2991 quoque
2915 2921 3056 2975 Deus
3087 2938 3098 2973 :
3129 2917 3396 2973 Prodnrat
3450 2930 3580 2972 terra
3635 2918 3730 2970 atti-

2167 3030 2305 3068 mant
2338 3014 2582 3067 viventem
2619 3013 2672 3065 in
2700 3027 2883 3081 genere
2930 3027 3044 3075 suo,
3061 3011 3327 3080 jnmenta,
3357 3020 3404 3063 et
3454 3010 3666 3078 reptilia,
3690 3020 3729 3061 et

2170 3106 2360 3159 bestias
2381 3115 2553 3159 terrae
2597 3104 2884 3158 secundant
2926 3105 3119 3173 species
3148 3119 3271 3156 suas
3305 3112 3363 3157 et
3390 3111 3583 3156 cetera.
3623 3102 3733 3154 Pra-

2169 3195 2346 3258 ducat,
2381 3193 2579 3263 inquit,
2603 3204 2743 3247 terra
2786 3194 3018 3246 animam
3048 3193 3329 3255 viventem;
3360 3208 3425 3247 ac
3475 3193 3517 3246 si
3564 3202 3733 3261 aperte

2170 3286 2371 3340 diceret
2401 3301 2415 3338 :
2443 3283 2714 3338 Producat
2743 3293 2881 3337 terra
2905 3282 3103 3336 animal
3133 3283 3337 3337 vivens.
3370 3283 3461 3337 lite
3486 3283 3730 3350 siquidem

2170 3385 2378 3444 tropus,
2417 3374 2509 3442 qui
2538 3373 2736 3428 dicitur
2759 3371 3070 3443 συνεκδοχή,
3096 3373 3199 3427 hoc
3223 3382 3307 3426 est
3348 3374 3647 3441 conceptio,
3686 3372 3728 3423 in

2170 3463 2365 3517 divinis
2387 3462 2615 3531 eloquiis
2663 3463 3050 3517 usitatissimus
3084 3450 3186 3516 est.
3217 3460 3365 3529 Quae
3410 3462 3579 3517 forma
3610 3462 3730 3515 locu-

2170 3554 2336 3611 tionis
2368 3562 2536 3609 totum
2570 3570 2597 3607 a
2622 3564 2796 3624 parte,
2836 3562 2891 3608 et
2919 3563 3125 3623 partem
3153 3569 3179 3605 a
3202 3563 3311 3608 toto
3331 3555 3584 3623 concipit.
3607 3552 3728 3607 Solet

2171 3644 2352 3713 itaque
2376 3658 2528 3698 sacra
2561 3643 2840 3712 Scriptura
2870 3651 3037 3698 totum
3069 3643 3267 3696 animal
3307 3644 3522 3697 animae
3560 3643 3733 3697 solum-

2170 3735 2330 3790 modo
2373 3732 2634 3788 vocabulo
2678 3733 3005 3804 signiﬁcare.
3036 3732 3091 3787 ln
3135 3733 3286 3788 Actis
3340 3734 3732 3802 apostolorum:

2170 3824 2421 3891 Eramus,
2449 3825 2642 3894 inquit,
2666 3826 2720 3877 in
2748 3828 2865 3879 navi
2885 3826 3137 3879 ducentae
3163 3827 3490 3894 septuaginta
3520 3826 3732 3881 animae;

2169 3915 2432 3983 siquidem
2476 3915 2691 3968 animae
2733 3930 2837 3967 non
2888 3923 3046 3968 erant
3102 3914 3217 3969 sine
3265 3914 3598 3983 corporibus.
3620 3913 3733 3967 itc'tt

2170 4004 2221 4056 in
2249 4001 2444 4058 Genesi
2472 4022 2483 4056 :
2519 4000 2709 4057 Omnes
2740 4004 2945 4056 animae
2966 4005 3149 4056 domus
3171 4003 3355 4065 Jacob,
3379 4020 3511 4072 quae
3527 4006 3736 4072 ingressa

2170 4102 2243 4145 est
2273 4093 2327 4145 in
2364 4093 2672 4161 Aegyptum,
2702 4092 2845 4160 fuero:
2874 4091 3201 4159 septuaginta
3223 4091 3289 4142 “.
3315 4091 3368 4143 In
3401 4090 3737 4162 Evangelio"

2169 4199 2236 4238 ex
2283 4199 2448 4239 carne
2507 4193 2650 4238 totus
2694 4184 2857 4239 homo
2897 4194 3122 4238 vocatur
3165 4202 3177 4237 :
3222 4183 3284 4237 Et
3351 4183 3570 4238 l'erbam
3632 4200 3739 4238 caro

2170 4274 2368 4343 factum
2394 4283 2489 4338 est,
2518 4274 2618 4328 hoc
2641 4285 2724 4327 est
2745 4275 2966 4328 verbum
2997 4273 3195 4328 factum
3223 4286 3303 4328 est
3327 4274 3373 4305 ⁸³
3407 4283 3548 4328 totus
3576 4276 3737 4335 hamo,

2172 4376 2358 4427 carne,
2382 4364 2585 4439 anima,
2610 4373 2895 4435 menteque
2930 4365 3249 4420 subsistens.
3276 4361 3343 4419 Et
3368 4364 3495 4418 alibi
3530 4383 3542 4418 :
3582 4363 3737 4427 Spiri-

479 4440 655 4495 cultas
677 4440 719 4505 ',
741 4440 1182 4510 diversorumque
1203 4454 1459 4495 sensuum
1474 4455 1735 4496 occursus
1764 4450 1927 4510 atque
1955 4442 2060 4495 col-

2172 4464 2254 4508 tns
2288 4455 2494 4524 quidem
2518 4464 2787 4524 promptus
2817 4464 2913 4520 est,
2964 4472 3089 4508 caro
3139 4471 3257 4508 vero
3292 4456 3529 4521 inﬁrma,
3578 4452 3739 4509 carnis

478 4527 702 4580 luctatio
734 4537 937 4582 tantum
967 4528 1188 4583 terroris
1219 4529 1374 4583 nobis
1398 4529 1610 4593 incutit,
1634 4539 1695 4584 ut
1746 4530 1799 4584 in
1850 4519 2069 4601 compa-

484 4618 694 4673 ratione
721 4618 890 4688 ipsius
920 4629 1032 4674 tres
1071 4619 1455 4688 praecedentes
1507 4619 1652 4684 libri,
1687 4622 1864 4675 instar
1919 4620 2066 4691 plani

480 4707 676 4777 pelagi,
708 4706 1071 4777 fluctuumque
1096 4709 1387 4764 serenitate
1415 4709 1619 4779 absque
1647 4710 1756 4765 ullo
1787 4710 2069 4782 naufragio

479 4797 820 4868 navigabilis,
836 4807 889 4852 tu
898 4807 1005 4852 tum
1022 4799 1319 4870 legentibus
1333 4809 1565 4855 meatum
1580 4801 1838 4869 praebere
1855 4803 2071 4857 videan-

481 4896 593 4951 tur,
617 4887 729 4957 ipse
749 4903 878 4942 vero
904 4890 1160 4945 tortuosis
1182 4888 1514 4945 anfractibus
1536 4891 1729 4955 invius,
1752 4893 2071 4964 obliquitale

482 4979 866 5033 sententiarum
894 4980 1162 5050 proclivus
1188 4981 1231 5046 ',
1281 4982 1543 5039 tractibus
1570 4982 1829 5054 Syrtium,
1860 4987 1961 5041 hoc.
1986 4998 2069 5042 est

2173 4542 2434 4601 vocabulo
2482 4554 2647 4600 totam
2680 4562 2831 4601 suam
2860 4546 3251 4601 immanitatem
3285 4548 3617 4617 significans,
3641 4545 3737 4615 spi-

2172 4638 2276 4709 ritu
2307 4653 2435 4693 vero
2461 4648 2709 4717 sanctum
2758 4638 3045 4709 Spiritum,
3076 4651 3382 4710 promptum
3431 4641 3645 4710 quidem
3693 4648 3740 4691 et

2169 4730 2610 4784 corroborautem
2645 4745 2704 4785 se
2732 4732 2799 4784 ad
2830 4730 3249 4799 redemptionem
3280 4732 3500 4785 humani
3546 4731 3742 4802 generis

2173 4821 2223 4870 in
2256 4817 2567 4875 difficultate
2601 4820 2887 4890 passionis.
2913 4821 3078 4887 Quem
3104 4820 3363 4892 Spiritum
3417 4824 3597 4877 crucis
3621 4819 3740 4891 pati-

2174 4909 2296 4964 bulo
2338 4911 2474 4966 ﬁxus
2504 4910 2650 4965 Patri
2679 4914 3075 4967 commendavit
3098 4914 3285 4969 dicens
3310 4932 3321 4963 τ
3360 4913 3538 4980 Pater,
3565 4915 3617 4967 in
3639 4927 3739 4964 uta-

2176 5016 2273 5053 nus
2297 5011 2413 5054 tuas
2443 5003 2747 5056 commendo
2799 5003 3040 5073 spiritum
3070 5021 3261 5057 meum.
3290 5006 3367 5058 Ac
3416 5008 3462 5059 si
3490 5006 3738 5060 dixisset:

1785 5140 2038 5200 VARIAE
2076 5146 2480 5206 LEC'l'lONES.

565 5270 579 5300 ‘
606 5269 698 5325 Sic
728 5268 811 5326 CF
832 5285 847 5336 ;
872 5270 913 5323 Α
936 5278 984 5320 et
1016 5265 1182 5336 calor.
1235 5266 1279 5336 γ’
1309 5265 1399 5320 Sic
1418 5266 1503 5320 CF
1530 5283 1545 5331 ;
1570 5268 1676 5321 Aet
1709 5266 1963 5336 caliticat.

490 5353 692 5410 postea.
769 5342 789 5371 ⁶
819 5334 908 5394 Sic
932 5337 1054 5396 CF:
1085 5334 1129 5384 Α
1154 5335 1414 5410 quintum.

496 5404 535 5443 ⁵ο
560 5413 838 5465 clementia
873 5425 984 5462 om.
1016 5411 1077 5460 Α.
1161 5404 1203 5438 ⁸⁸
1240 5406 1280 5456 A
1302 5406 1637 5473 gubernante
1660 5423 1843 5473 opera.

493 5484 645 5534 “Sic
676 5481 759 5535 CF
782 5499 793 5539 ;
814 5481 1023 5533 undaru
1049 5496 1075 5527 η
1102 5491 1212 5531 o~u.
1254 5477 1316 5527 A.
1396 5476 1439 5506 "
1461 5477 1549 5530 Sic
1573 5475 1658 5529 CF
1686 5494 1699 5535 ;
1756 5483 1798 5529 A
1818 5480 1991 5540 fretis.

2043 5269 2063 5301 ³
2094 5268 2184 5325 Sic
2214 5268 2300 5325 CF
2332 5286 2345 5335 ;
2379 5275 2418 5322 Α
2452 5270 2849 5332 informatione.

1490 5336 1508 5367 ⁷
1529 5336 1620 5390 Sic
1660 5335 1787 5400 CF;
1814 5339 1854 5391 Α
1880 5342 2178 5392 constituet.

1924 5409 1964 5439 "
1990 5410 2078 5463 Sic
2114 5407 2233 5472 CF;
2269 5411 2307 5460 Α
2335 5411 2606 5463 tendctuh
2647 5407 2766 5461 sunt
2792 5412 2929 5464 vela.

2075 5480 2115 5510 ¹⁶
2145 5482 2233 5534 Sic
2262 5478 2382 5540 Ci“;
2417 5480 2507 5532 Dei
2560 5479 2798 5532 videlicet
2852 5481 3061 5534 verbum
3092 5494 3204 5533 om.
3260 5485 3303 5533 Α

2925 5275 2943 5300 ⁸
2968 5287 3070 5323 una
3102 5273 3283 5323 om.A.

2256 5340 2277 5370 ⁸
2303 5341 2393 5393 Sic
2420 5338 2506 5393 CF
2534 5355 2549 5405 ;
2593 5343 2629 5390 Α
2654 5341 3008 5409 difficultatis.

3363 5274 3383 5302 ’
3409 5271 3499 5325 Sic
3532 5268 3652 5330 CF;
3689 5273 3723 5321 .\

3085 5341 3105 5371 ’
3130 5340 3219 5395 Sic
3244 5341 3330 5396 CF
3355 5357 3372 5406 ;
3398 5342 3439 5393 Α
3465 5342 3726 5403 proclivis.

3012 5410 3054 5441 ’³
3081 5410 3170 5464 Sic
3192 5409 3315 5475 CF;
3364 5410 3525 5479 hujus
3550 5426 3635 5461 om
3666 5411 3725 5461 Α.

3015 5497 3061 5533 nt
3092 5494 3204 5533 om.
3260 5485 3303 5533 Α
3405 5481 3443 5509 "
3496 5480 3589 5532 Sic
3612 5476 3725 5539 CF;

489 5552 573 5602 cul
606 5568 656 5600 re
682 5569 788 5602 oui.
821 5552 881 5602 Α.
964 5550 1005 5579 ⁸⁸
1029 5549 1118 5599 Sic
1140 5543 1258 5611 CF;
1295 5545 1334 5595 Α
1369 5543 1593 5619 Domini.
1748 5551 1836 5601 Sic
1860 5550 1983 5610 (EF;
2038 5550 2079 5604 A
2146 5553 2251 5603 μή.
2333 5550 2373 5580 ²⁰
2410 5550 2451 5601 Α
2482 5561 2742 5603 manente.
2814 5552 2853 5581 "
2886 5549 3011 5615 CF;
3042 5554 3373 5619 septuaginta
3401 5550 3463 5606 Υ.
3545 5551 3591 5581 ⁸⁸
3640 5550 3725 5602 Sic

491 5621 575 5672 cf.
608 5636 623 5685 ἱ
661 5626 684 5670 \
724 5639 772 5671 ιη
810 5624 878 5671 py
921 5620 1095 5685 "Belin
1127 5633 1349 5688 quaque.

1424 5617 1466 5648 ³³
1496 5621 1585 5669 διες
1626 5616 1709 5671 CF
1747 5636 1759 5682 ;
1797 5623 1828 5668 .\
1871 5626 2079 5672 vcrbnnt
2108 5622 2278 5683 [uetus
2307 5630 2404 5671 est.
