3898 6154
241 289 333 357 765

1059 294 1148 351 DE
1186 294 1526 352 DIVISIONE
1564 293 1913 350 NATURAE.
1951 329 2019 338 -—
2056 297 2255 353 LIBER
2297 301 2644 370 QUARTUS.

3398 310 3500 366 746

236 405 488 474 Spiritum
543 420 573 462 a
633 420 718 460 me
768 415 824 462 et
871 421 900 461 a
945 414 999 463 te
1084 410 1462 478 procedentem
1510 407 1562 464 in
1620 423 1814 463 manus
1840 410 1889 470 Α
1917 411 2256 478 homine;sic
2281 415 2321 446 ¹⁰
2343 416 2396 469 in
2427 417 2979 488 seipsum'reformavit
3019 436 3083 475 ex
3103 419 3261 475 caelis
3295 423 3498 477 veniens

233 505 347 551 tuas
385 496 723 559 commendo,
749 498 1006 567 quoniam
1034 500 1381 569 impassibilis
1409 508 1511 565 est,
1541 499 1711 554 donec
1729 515 1814 554 so-

231 583 308 637 lus
360 584 513 638 carni
561 587 893 656 compatiar,
928 589 1020 658 qui
1085 590 1233 644 solus
1277 605 1495 645 carnem
1526 590 1728 658 accepi,
1759 596 1814 643 et

228 689 353 727 caro
380 672 556 729 factus
580 691 718 729 sum.
751 675 869 732 Non
899 679 1043 747 quod
1071 687 1127 735 et
1154 680 1266 750 ipse
1296 680 1564 751 passibilis
1607 680 1680 734 sit
1729 695 1814 734 se-

224 763 454 818 cundum
481 765 836 830 divinitatem,
861 767 954 822 sed
984 769 1127 838 quod
1157 769 1211 824 in
1259 786 1384 825 eum
1436 771 1809 837 humanitatis,

224 870 385 923 quam
428 855 573 910 solus
594 868 960 928 assumpserat
991 858 1033 926 ί,
1062 862 1410 930 passibilitas,
1444 872 1497 918 et
1524 866 1726 934 passio,
1757 874 1812 920 et

223 958 369 997 mors
397 943 653 1009 refertur,
678 946 1131 1019 humanitatique,
1156 967 1316 1021 quam
1338 953 1440 1008 sibi
1468 954 1521 1008 in
1546 956 1808 1010 unitatem

220 1035 553 1091 substantiae
587 1051 952 1110 assumpserat
981 1043 1026 1106 ’,
1067 1058 1382 1115 compassus
1437 1055 1541 1100 est.
1580 1046 1810 1117 Ideoque

219 1124 339 1192 quia
376 1140 694 1195 compassus
744 1144 850 1186 non
878 1131 1150 1187 immerito
1172 1134 1392 1199 dicitur,
1422 1144 1476 1189 et
1499 1150 1626 1190 vere
1676 1137 1809 1191 dici-

218 1225 303 1268 tur
327 1232 539 1286 passus.
573 1217 687 1273 Non
727 1222 869 1275 enim
903 1231 1150 1292 separata
1182 1233 1265 1279 est
1293 1225 1344 1278 in
1401 1227 1648 1295 passione
1700 1243 1805 1281 una

215 1306 512 1362 substantia
527 1310 684 1364 Verbi
698 1320 753 1366 et
764 1311 1087 1367 hominis.Et
1105 1323 1162 1369 ut
1178 1315 1377 1370 certius
1398 1308 1804 1374 corroboratum
1849 1383 1857 1392 ,

214 1397 538 1452 auctoritate
560 1401 876 1468 perspicias,
909 1404 1031 1457 audi
1063 1405 1398 1473 praedictum
1445 1407 1803 1478 Epiplianium

214 1486 263 1540 in
292 1503 546 1543 sermone
586 1494 652 1547 de
702 1493 851 1550 Fide.
883 1495 1078 1562 Semel,
1104 1499 1297 1568 inquit,
1329 1510 1564 1555 mortuus
1606 1511 1681 1555 est
1710 1519 1802 1569 pro

210 1576 377 1639 nobis,
422 1581 683 1635 sustinens
709 1585 818 1651 pati
867 1602 959 1653 pro
1006 1588 1197 1641 nostris
1237 1588 1610 1657 passianibus;
1647 1590 1803 1644 semel

209 1670 436 1736 gustavit
482 1682 722 1735 mortem,
754 1687 969 1728 mortem
1020 1688 1194 1731 autem
1255 1695 1416 1750 usque
1458 1680 1527 1733 ad
1563 1697 1799 1747 crucem;

1918 503 2025 572 ipse
2050 514 2262 559 sanctus
2291 507 2431 562 Deus
2470 506 2729 576 Verbum;
2759 512 2891 571 sicut
2921 513 2994 566 ait
3042 514 3220 569 beatus
3265 512 3453 572 Petrus
3478 535 3499 571 .·

1921 593 2265 663 Mortiﬁcatus
2294 615 2470 664 carne,
2500 601 2787 669 viviﬁcatus
2831 610 3003 656 autem
3045 604 3265 673 spiritu;
3312 615 3359 659 et
3397 607 3495 661 ite-

1916 703 2033 740 rum
2059 707 2077 744 :
2105 687 2313 743 Christo
2353 707 2472 760 ergo
2495 692 2719 759 patiente
2745 709 2839 762 pro
2864 694 3009 747 nobis
3040 710 3218 759 carne,
3257 703 3305 748 et
3335 713 3427 749 nos
3456 696 3496 728 "

1913 777 1968 829 in
1993 777 2209 830 eandem
2244 777 2639 849 intelligentiam
2663 784 2863 835 armari
2893 783 2969 847 “;
3003 783 3077 837 sic
3112 782 3155 841 ’ἕ
3179 782 3338 837 veluti
3366 800 3497 839 san-

1912 868 2027 935 guis
2059 867 2113 921 in
2138 868 2438 923 vestimento
2476 868 2759 939 deputatur
2783 870 2989 939 ferenti,
3034 872 3283 941 deputata
3327 884 3402 928 est
3449 876 3497 928 ei

1910 956 2085 1024 passio
2132 956 2308 1010 carnis
2357 956 2411 1010 in
2462 956 2742 1023 Deitatem,
2784 958 2990 1014 Deitate
3038 960 3112 1014 nil
3149 959 3399 1029 patiente,
3436 972 3493 1014 ut

1912 1059 2014 1096 non
2043 1045 2096 1097 in
2123 1044 2384 1099 hominem
2412 1046 2622 1101 haberet
2648 1048 3073 1119 mundussspem,
3104 1050 3194 1105 sed
3226 1038 3286 1104 in
3316 1049 3495 1104 Domi-

1911 1135 2027 1188 nico
2051 1134 2282 1203 homine,
2332 1137 2536 1193 Deitate
2583 1149 2808 1209 recepta,
2842 1151 3173 1210 reputaretur
3220 1143 3273 1197 in
3322 1143 3492 1211 ipsam

1907 1226 2105 1299 passio,
2135 1237 2190 1283 ut
2240 1226 2385 1296 ﬁeret
2441 1245 2535 1299 pro
2583 1231 2778 1285 mundo
2819 1247 2884 1284 ex
2931 1230 3136 1293 Deitate
3183 1232 3489 1302 impassibili

1908 1316 2083 1382 salus,
2109 1327 2165 1371 ut
2190 1319 2245 1372 in
2267 1335 2424 1374 carne
2457 1319 2599 1388 facta
2628 1322 2824 1390 passio.
2856 1331 2901 1375 et
2937 1321 3140 1377 Deitate
3163 1322 3237 1378 nil
3263 1323 3489 1390 patiente

1909 1424 2071 1478 neque
2106 1408 2413 1474 sustinente,
2453 1410 2509 1462 in
2538 1426 2650 1463 eam
2696 1410 2840 1479 ﬁeret
2879 1411 3127 1479 deputata
3155 1412 3350 1480 passio,
3392 1412 3487 1464 im-

1904 1499 2044 1570 pleta
2079 1499 2123 1531 “
2163 1499 2460 1571 Scriptura,
2488 1517 2620 1571 quae
2640 1502 2810 1557 dicit:
2850 1500 2909 1557 Si
2932 1502 3068 1556 enim
3109 1504 3485 1573 cognovissent,

1906 1606 2168 1661 nunquam
2196 1590 2478 1648 Dominum
2507 1590 2706 1662 gloriae
2751 1592 3151 1661 cruciﬁxissent.
3186 1590 3484 1662 Cruci/ixus

1903 1693 1977 1737 est
2011 1700 2153 1755 ergo,
2191 1684 2472 1755 cruciﬁxus
2510 1696 2584 1740 est
2613 1686 2887 1753 Dominus,
2916 1696 2964 1741 et
3003 1688 3286 1741 adoramus
3318 1688 3484 1741 cruci-

209 1758 377 1812 rolens
431 1778 527 1830 pro
575 1765 719 1819 nobis
764 1764 985 1821 Verbum
1022 1769 1076 1822 in
1100 1782 1316 1826 mortem
1368 1773 1523 1837 venit,
1556 1783 1609 1827 ut
1658 1791 1797 1827 mor-
1830 1778 1875 1836 Β
1903 1774 2092 1842 ﬁxum,
2123 1774 2406 1843 sepultum,
2432 1786 2480 1830 et
2507 1786 2855 1845 resurgentem
2886 1778 3041 1832 tertia
3073 1779 3181 1842 die,
3207 1788 3254 1833 et
3287 1780 3338 1832 in
3370 1796 3481 1833 cae-

206 1859 301 1904 tem
372 1855 725 1922 interimeret;
784 1858 1005 1916 Verbum
1076 1878 1199 1916 caro
1274 1864 1473 1933 factum
1522 1876 1640 1929 est,
1691 1884 1795 1921 non

205 1944 405 2009 patiens
433 1944 485 1996 in
520 1944 741 2013 Deitate,
784 1953 1101 2020 compatiens
1125 1964 1300 2009 autem
1332 1973 1448 2009 cum
1470 1958 1795 2012 humanitate

205 2032 253 2085 in
277 2036 717 2104 impossibilitate.
756 2040 942 2096 Passio
966 2055 1136 2098 autem
1160 2046 1258 2100 sibi
1289 2047 1535 2117 deputata
1554 2058 1650 2113 est,
1683 2052 1793 2120 ipso

202 2134 442 2177 manente
475 2127 530 2178 in
573 2129 1027 2198 impossibilitate;
1054 2149 1194 2186 mors
1236 2135 1284 2187 ei
1318 2146 1552 2204 reputata
1600 2147 1696 2199 est,
1732 2154 1790 2191 eo

203 2226 439 2268 manente
462 2218 512 2270 in
548 2219 958 2275 immortalitate.
984 2221 1102 2291 Ipse
1144 2224 1281 2277 enim
1323 2224 1455 2279 dixit
1479 2240 1497 2277 .'
1533 2226 1642 2296 Ego
1673 2244 1789 2282 sum

199 2308 328 2369 vita;
352 2309 463 2361 vita
492 2319 661 2363 autem
686 2328 949 2383 nunquam
972 2315 1217 2381 moritur,
1240 2317 1330 2371 sed
1352 2319 1485 2372 venit
1506 2319 1785 2388 viviﬁcare,

199 2414 286 2460 pro
311 2399 465 2452 nobis
497 2411 718 2455 mortem
745 2405 1026 2473 accipiens.
1063 2406 1186 2461 Non
1208 2408 1347 2462 enim
1394 2425 1485 2476 per
1525 2411 1784 2465 hominem

196 2496 298 2539 erat
324 2490 479 2544 nobis
504 2492 626 2557 vita,
652 2509 813 2558 neque
865 2510 955 2565 per
994 2512 1202 2551 carnem
1226 2498 1371 2551 nobis
1398 2515 1532 2567 spes.
1563 2498 1784 2554 Maledi-

196 2585 302 2631 ctus
322 2582 491 2646 enim,
517 2582 705 2651 inquit,
737 2602 954 2655 sperans
977 2588 1029 2641 in
1052 2589 1338 2654 hominem,
1363 2600 1409 2644 et
1435 2603 1453 2640 :
1493 2588 1597 2657 Qui
1628 2591 1780 2645 habet

193 2682 325 2737 spem
374 2673 434 2725 in
480 2673 751 2741 homine’,
792 2679 890 2730 erit
913 2678 1048 2732 sicut
1085 2680 1307 2749 agrestis
1348 2682 1540 2749 myrice
1568 2680 1608 2734 ⁸.
1639 2681 1780 2747 Quid

192 2775 305 2827 ergo
331 2761 614 2817 dicemus?
653 2765 771 2820 Non
797 2768 951 2823 homo
990 2767 1231 2825 Christus
1253 2787 1318 2824 ea:
1348 2772 1449 2837 his,
1472 2789 1605 2841 quae
1627 2789 1778 2838 prae-

190 2849 323 2902 dicta
347 2855 516 2907 sunt?
553 2853 843 2928 Unicuique
886 2858 1087 2913 clarum
1116 2871 1214 2926 est,
1239 2864 1365 2931 quia
1424 2864 1615 2933 absque
1664 2863 1775 2917 ulla

190 2940 529 3010 ambiguitate
557 2945 866 3015 conﬁtemur
905 2948 1184 3005 Dominum
1214 2951 1377 3007 Deum
1412 2952 1638 3008 Verbum
1679 2956 1772 3009 ho-

187 3031 369 3084 minem
426 3033 648 3101 factum,
676 3055 778 3091 non
821 3040 1062 3108 Opinione
1112 3042 1202 3095 sed
1256 3045 1488 3097 veritate.
1524 3044 1627 3101 Sed
1666 3062 1768 3100 non

1894 1864 1971 1918 los
2004 1866 2386 1922 ascendentem.
2420 1866 2491 1921 Ut
2536 1876 2717 1922 autem
2745 1882 3062 1939 cognoscas,
3094 1869 3235 1937 quod
3273 1886 3376 1922 non
3418 1871 3481 1922 de

1895 1956 2019 2021 alio,
2047 1972 2234 2011 verum
2257 1958 2322 2011 de
2360 1957 2563 2027 Spiritu
2607 1968 2801 2014 sancto
2824 1960 3027 2015 dictum
3055 1969 3141 2013 est
3174 1973 3188 2012 :
3225 1946 3387 2012 Pater
3426 1960 3479 2012 in

1892 2062 2077 2100 manus
2109 2057 2226 2099 tuas
2256 2048 2557 2101 commendo
2583 2047 2842 2118 Spiritum
2872 2064 3063 2112 meum,
3093 2048 3217 2102 audi
3246 2050 3477 2102 eundem

1890 2137 1945 2191 in
1970 2138 2156 2192 eodem
2201 2154 2215 2191 :
2254 2137 2313 2197 Si
2353 2138 2647 2202 audieritis,
2680 2140 2871 2209 inquit,
2899 2141 3023 2211 quia
3064 2140 3119 2192 in
3142 2139 3356 2193 dextera
3384 2138 3476 2191 Dei

1889 2227 2148 2284 exaltatus
2182 2229 2243 2290 ”,
2295 2240 2341 2283 et
2391 2231 2786 2296 promissionem
2843 2231 3073 2300 Spiritus
3127 2233 3384 2301 accipiens
3434 2231 3476 2261 “

1888 2335 1919 2371 a
1948 2317 2143 2385 Patre;
2172 2330 2263 2372 aut
2291 2332 2308 2370 :
2332 2318 2653 2373 Praestolari
2679 2320 3074 2390 promissionem
3107 2316 3284 2372 Patris
3314 2335 3473 2389 quam

1886 2407 2109 2460 audistis
2141 2408 2271 2470 mei;
2295 2417 2426 2462 aut:
2461 2408 2599 2473 Quia
2627 2409 2840 2477 spiritus
2881 2424 2998 2461 eum
3030 2408 3242 2462 immisit
3290 2409 3344 2460 in
3382 2408 3462 2460 ds-

1884 2507 2118 2562 sertum;
2171 2509 2259 2550 aut
2301 2498 2441 2568 quod
2498 2497 2606 2567 ipse
2655 2497 2828 2550 dicit:
2856 2496 3034 2551 Nolite
3073 2498 3301 2567 cogitare
3340 2495 3467 2566 quid

1882 2588 2092 2651 dicatis,
2127 2588 2254 2659 quia
2287 2586 2517 2657 Spiritus
2535 2588 2574 2619 ¹⁷
2606 2586 2789 2642 Patris
2813 2584 3288 2657 mei,quiloquitur
3313 2587 3365 2640 in
3383 2602 3466 2639 uo-

1881 2681 1989 2745 bis;
2009 2691 2097 2734 aut
2126 2695 2144 2732 :
2172 2679 2233 2737 Si
2262 2693 2437 2736 autem
2478 2682 2533 2736 in
2564 2681 2769 2752 Spiritu
2809 2680 2904 2736 Dei
2950 2681 3103 2751 ejicio
3143 2681 3420 2735 daemonia
3446 2698 3465 2744 ;

1877 2783 2003 2825 aut:
2025 2771 2128 2838 Qui
2152 2782 2325 2826 autem
2356 2773 2675 2844 blasphemat
2700 2774 2754 2827 in
2785 2773 3044 2843 Spiritum
3073 2783 3337 2835 sanctum,
3362 2790 3466 2825 non

1874 2862 2173 2935 demittetur
2212 2865 2282 2927 ei,
2317 2874 2364 2917 et
2392 2863 2628 2934 reliqua;
2658 2872 2748 2917 aut
2783 2879 2802 2916 :
2835 2860 2996 2916 Pater
3031 2861 3084 2916 in
3111 2879 3298 2922 manus
3346 2873 3463 2916 tuas

1873 2951 2174 3005 commendo
2197 2953 2437 3022 spiritum
2465 2967 2635 3008 meum
2657 2969 2675 3016 ;
2699 2961 2791 3004 aut
2830 2967 2849 3006 :
2887 2951 3029 3005 Puer
3062 2962 3235 3010 autem
3266 2968 3463 3004 cresce-

1874 3041 1959 3097 bat
2000 3051 2045 3095 et
2078 3041 2480 3112 confortabatur
2504 3043 2611 3112 ipse
2650 3043 2875 3111 spiritu;
2915 3053 3003 3114 aut
3035 3058 3055 3099 :
3100 3042 3257 3095 Jesus
3287 3053 3458 3095 autem

186 3118 332 3173 homo
358 3123 499 3174 venit
527 3123 581 3176 in
609 3125 896 3194 profectum
916 3127 1153 3187 Deitatis.
1184 3129 1306 3185 Non
1331 3134 1466 3186 enim
1485 3135 1539 3190 in
1570 3136 1775 3189 homine
1802 3120 1846 3179 (ἶ
1878 3130 2060 3202 plenus
2091 3132 2294 3202 Spiritu
2336 3144 2518 3187 sancto
2547 3149 2776 3188 reversus
2816 3142 2890 3187 est
2927 3134 2990 3186 ab
3017 3132 3287 3197 .Iorduue;
3324 3142 3413 3185 aut
3440 3149 3458 3185 :

186 3219 290 3262 erat
312 3213 463 3266 nobis
495 3231 609 3282 spes
636 3217 1016 3281 salutis;nemo
1057 3222 1192 3275 enim
1234 3224 1463 3277 omnium
1510 3226 1776 3284 hominum

186 3299 244 3351 ab
264 3300 474 3357 Adamo
504 3303 527 3335 ⁸
551 3306 717 3374 pctuit
745 3310 951 3372 operari
980 3310 1219 3370 salutem.
1247 3313 1353 3368 Sed
1382 3314 1518 3369 Deus
1554 3314 1774 3373 Verbum

185 3386 327 3443 homo
338 3391 540 3459 factus,
566 3411 627 3447 ne
645 3412 759 3461 spes
775 3410 952 3452 nostra
969 3401 1021 3453 in
1038 3401 1317 3468 hominem,
1333 3405 1424 3458 sed
1445 3407 1497 3460 in
1526 3406 1689 3461 Deum
1704 3409 1776 3463 vi-

184 3487 367 3532 rentem
380 3489 432 3533 et
446 3498 641 3545 verum,
660 3484 852 3552 factum
866 3489 1123 3544 hominem
1137 3492 1279 3560 ﬁeret
1295 3490 1526 3551 “.Omnis
1540 3498 1672 3551 enim
1688 3517 1775 3553 sa-

184 3570 376 3637 cerdos,
391 3589 463 3625 ex
477 3573 771 3630 hominibus
799 3590 1062 3648 acceptus,
1077 3599 1171 3651 pro
1185 3584 1478 3642 hominibus
1496 3588 1769 3641 constitui-

182 3665 281 3720 tur,
285 3659 454 3728 juxta
475 3663 613 3731 quod
626 3665 876 3733 scriptum
897 3679 991 3723 est.
1007 3668 1157 3725 Unde
1172 3688 1237 3727 ex
1251 3682 1426 3726 nostra
1446 3675 1771 3730 humanitate

180 3750 367 3816 arrepit
394 3750 656 3807 Dominus
685 3758 890 3812 veniens
904 3775 1134 3825 carnem,
1153 3773 1200 3815 et
1223 3763 1376 3818 homo
1391 3764 1565 3833 factus
1587 3775 1661 3819 est
1678 3784 1769 3821 no-

180 3837 249 3891 bis
271 3838 407 3895 Deus
434 3840 685 3909 Verbum,
700 3857 754 3900 ut
770 3848 824 3901 in
843 3848 1043 3903 Deitate
1055 3852 1272 3906 daretur
1292 3854 1437 3907 nobis
1458 3855 1623 3923 salus,
1638 3868 1686 3912 et
1713 3858 1766 3913 in

178 3944 265 3980 sua
286 3931 621 3987 humanitate
649 3932 915 4003 pateretur
933 3956 1027 4007 pro
1051 3941 1196 3995 nobis
1221 3942 1540 4010 hominibus,
1562 3948 1765 4015 passio-

176 4034 282 4072 nem
300 4038 393 4090 per
403 4027 703 4093 passionem
721 4029 943 4096 solvens,
958 4043 1005 4087 et
1027 4043 1241 4088 mortem
1254 4053 1345 4105 per
1356 4054 1506 4091 suam
1522 4042 1760 4095 mortem'

175 4108 518 4178 mortiﬁcans.
567 4113 829 4184 Deputata
857 4130 932 4175 est
969 4131 1145 4177 autem
1184 4126 1361 4193 passio
1390 4128 1446 4181 in
1479 4126 1757 4194 Deitatem,

175 4205 217 4287 et
258 4201 471 4287 quidem
510 4202 716 4260 Deitate
761 4226 863 4263 non
891 4212 1138 4280 patiente,
1169 4225 1407 4285 reputata
1437 4227 1611 4270 autem
1639 4237 1758 4287 pas-

172 4285 306 4359 sione
338 4284 562 4356 Deitati,
605 4295 732 4364 quia
760 4298 837 4351 sic
866 4298 1189 4371 beneplacuit
1219 4284 1445 4358 uenienti
1485 4284 1667 4360 sancto
1708 4319 1755 4362 et

171 4376 482 4446 impassibili
538 4382 719 4441 Verbo.
764 4387 861 4443 Est
925 4402 1100 4447 autem
1145 4395 1448 4464 hujusmoa‘i
1490 4399 1753 4468 quoddam

1881 3221 2131 3277 Reversus
2161 3234 2233 3278 est
2255 3224 2411 3278 .lesus
2446 3224 2501 3278 in
2528 3226 2716 3278 virtute
2742 3223 2993 3296 spiritus;
3024 3234 3148 3277 aut:
3182 3223 3335 3290 Quod
3360 3241 3456 3276 na-

1877 3323 1988 3366 tum
2030 3324 2104 3368 est
2150 3331 2216 3369 ea:
2254 3316 2460 3379 spiritu,
2490 3316 2706 3386 spiritus
2732 3326 2841 3379 est;
2868 3326 2959 3385 aut
2983 3332 3001 3371 :
3026 3315 3087 3369 Et
3134 3332 3238 3385 ego.
3266 3315 3457 3384 rogabo

1876 3402 2111 3467 Patrem,
2168 3415 2214 3459 et
2254 3406 2417 3459 alium
2450 3404 2786 3469 Paracletum
2813 3406 2956 3460 dabit
2988 3406 3152 3473 vobis,
3199 3405 3455 3476 Spiritum

1874 3496 2140 3559 veritatis;
2187 3508 2321 3549 aut:
2359 3495 2537 3567 Quare
2586 3497 2812 3566 implevit
2857 3495 3085 3551 Satanas
3127 3513 3216 3551 cor
3264 3508 3410 3550 tuum
3440 3538 3455 3562 ,

1875 3583 2109 3637 Ananiae
2147 3584 2277 3639 dixit
2304 3582 2516 3650 Petrus,
2558 3587 2789 3640 mentiris
2832 3586 2874 3617 ¹⁸
2905 3586 3128 3656 Spiritui
3164 3598 3381 3653 sancto;
3408 3599 3454 3640 et

1868 3675 2081 3743 posthac
2107 3678 2180 3730 '9:
2200 3675 2323 3739 Non
2348 3677 2640 3732 hominibus
2666 3679 2910 3733 mentitas
2929 3695 3000 3745 es,
3018 3680 3105 3733 sed
3122 3678 3228 3733 Deo
3253 3697 3269 3733 :
3294 3680 3456 3750 igitur

1870 3768 2010 3817 Deus
2050 3781 2116 3819 ex
2146 3764 2275 3829 Deo,
2320 3778 2367 3819 et
2414 3765 2554 3821 Deus
2586 3766 2811 3837 Spiritus
2850 3779 3063 3823 sanctas
3105 3779 3197 3823 est.
3252 3767 3452 3823 Hacte-

1868 3869 1969 3907 nus
2024 3868 2091 3908 ex
2143 3854 2456 3924 Epiphanio.
2506 3855 2649 3910 Dtsc.
2700 3855 2985 3913 Transitus
3032 3858 3169 3922 iste,
3206 3859 3451 3931 quamvis

1864 3945 2073 4016 longius
2105 3960 2136 3999 a
2163 3946 2208 3977 '°
2236 3947 2510 4016 proposito
2538 3948 2786 4000 videatur
2828 3948 3140 4011 recessisse,
3186 3949 3331 4007 utiiis
3373 3959 3445 4002 ta-

1864 4055 1987 4091 men
2017 4047 2100 4091 est
2132 4038 2436 4092 volentibus
2478 4052 2688 4091 sacram
2731 4037 3067 4107 Scripturam
3098 4038 3399 4108 intelligere
3429 4055 3443 4097 ;

1859 4131 2030 4184 suasit
2058 4130 2225 4199 enim,
2252 4128 2565 4184 deitatem“
2602 4128 2758 4187 \‘crbi
2784 4130 3445 4199 et“impassibilemesse.

1856 4227 1911 4272 et
1966 4232 2097 4279 suae
2151 4219 2471 4272 lnuuanitati
2521 4233 2899 4289 compassam;
2956 4220 3221 4291 approbat
3256 4221 3444 4285 etiam,

1855 4312 1997 4380 quod
2024 4311 2284 4366 Dominus
2313 4311 2451 4369 dixit
2494 4312 2545 4365 in
2594 4311 2926 4382 Evangelio:
2975 4313 3206 4382 Spiritus
3235 4315 3445 4384 quidem

1853 4411 2123 4471 promptus
2151 4412 2251 4467 est,
2297 4419 2423 4459 caro
2468 4419 2585 4459 vero
2630 4401 2895 4472 inﬁrmat
2920 4403 3141 4464 itidem:
3177 4404 3359 4471 Pater,
3388 4406 3444 4461 in

168 4472 483 4565 eremplum,
518 4476 680 4531 veluti
703 4479 750 4533 si
773 4482 888 4551 quis
918 4484 1272 4565 vestimentum
1312 4488 1548 4555 indutus,
1575 4492 1628 4544 in
1657 4477 1738 4545 ve.-
1774 4474 1820 4531 ί)
1845 4506 2029 4559 manus
2053 4500 2170 4549 tuas
2191 4492 2490 4549 commendo
2519 4492 2759 4560 spiritum
2777 4508 2967 4557 meum,
3002 4509 3107 4547 non
3128 4495 3194 4549 de
3208 4494 3313 4555 alio
3334 4496 3444 4565 spi-

170 4557 398 4614 stimento
418 4573 595 4618 autem
611 4571 824 4640 sanguis
848 4589 1062 4641 sparsus
1086 4560 1336 4644 pollueret
1368 4580 1746 4646 vestimentum,

169 4655 209 4696 et
232 4654 451 4720 sanguis
492 4655 547 4709 iii
575 4660 934 4716 vestimentum
973 4666 1177 4719 veniens
1219 4684 1323 4721 non
1366 4678 1599 4739 tangeret
1635 4689 1750 4726 cor-

166 4744 499 4834 pus-induti,
565 4749 906 4819 deputaretur
958 4766 1131 4811 autem
1188 4761 1426 4831 contagio
1478 4764 1749 4834 sanguinis

167 4830 448 4887 vestimenti
479 4838 533 4890 in
559 4855 674 4899 eum
710 4845 799 4911 qui
829 4846 1184 4903 vestimentum
1214 4850 1235 4881 ⁸
1288 4830 1566 4907 induitur:
1596 4856 1746 4909 sicin

165 4932 310 4975 carne
335 4941 530 4993 passus
560 4939 637 4987 est
679 4930 939 5001 Christus,
973 4936 1027 4992 in
1072 4939 1186 5008 ipso
1234 4942 1353 4996 dico
1403 4946 1425 4977 ⁸
1476 4943 1747 4999 Dominiro

1851 4580 1954 4633 ritu
1995 4580 2221 4645 dictum,
2253 4583 2347 4636 sed
2385 4583 2450 4636 de
2491 4581 2694 4652 Spiritu
2742 4594 2948 4639 sancto.
2976 4583 3083 4640 Sed
3133 4586 3199 4639 ad
3242 4601 3435 4656 propo-

1851 4671 2011 4727 situm
2057 4672 2233 4727 redire
2271 4682 2502 4742 Oportet.

1920 4760 1973 4813 4.
2018 4760 2159 4816 MAG.
2210 4758 2481 4815 Producat
2531 4774 2673 4817 terra
2725 4767 2960 4819 animam
3008 4768 3294 4834 viventem;
3339 4770 3439 4825 hoc

1849 4860 1971 4911 est,
2035 4852 2298 4922 producat
2347 4860 2488 4907 terra
2543 4854 2742 4908 animal
2791 4856 2996 4913 vivens.
3056 4858 3220 4921 Vide,
3275 4876 3434 4930 quam

1850 4944 2090 5013 pulchre,
2120 4942 2273 5011 juxta
2303 4946 2633 5015 praedictum
2662 4957 2896 5019 tropum,
2925 4959 2979 5004 et
3002 4959 3171 5006 totum
3203 4967 3233 5006 a
3259 4962 3435 5023 parte,

1456 5117 1707 5177 VARIAE
1748 5119 2142 5185 LECTIONES.

209 5227 471 5319 ,ξιξΪΨλῧ
496 5232 913 5319 ίλξθεείζρθπζίλ
976 5244 1115 5319 ῗδίς
1140 5247 1232 5319 CF
1249 5265 1263 5312 ;
1292 5250 1334 5302 A
1375 5261 1664 5319 acceperat.

156 5301 382 5373 miricae.
501 5301 533 5373 ⁸ί
558 5302 651 5358 Sic
700 5301 778 5373 A';
829 5310 913 5366 CF
969 5313 1021 5366 in
1067 5301 1258 5370 Adam:

154 5362 261 5452 liii;
412 5372 729 5452 vestimento.
766 5362 778 5373 ’
826 5362 854 5408 δ
880 5362 1311 5452 *δὶέήέιῗξῄέίίεο

155 5441 377 5489 memini.
509 5441 551 5471 "
600 5442 642 5495 Α
691 5460 845 5503 sicut.

591 5515 686 5594 seti
740 5517 781 5572 Ρ
827 5536 965 5575 corr.
1029 5503 1354 5594 acceptu'itis.

156 5580 566 5706 ayf'ynggllili
592 5584 766 5641 adscr.
797 5601 862 5644 te.
945 5594 985 5624 '9
1024 5596 1112 5648 Sic
1151 5580 1267 5663 'CF’;
1292 5580 1481 5669 Apost
1521 5580 1668 5657 haec.

1777 5253 1798 5283 ³
1828 5252 1918 5311 Sic
1952 5254 2070 5315 CF;
2105 5256 2142 5309 Α
2183 5256 2233 5309 in
2268 5258 2545 5310 hominem.

1360 5318 1380 5349 ⁶
1411 5318 1502 5374 Sic
1540 5320 1655 5386 CF;
1704 5321 1844 5388 ﬁeret
1884 5339 1992 5377 om.
2038 5324 2100 5377 A.

1713 5392 1753 5422 ¹⁰
1804 5391 1892 5446 Sic
1947 5394 2063 5458 CF;
2119 5395 2163 5449 A

976 5452 1020 5484 “‘
1050 5455 1142 5512 Sic
1192 5456 1310 5522 CF;
1362 5458 1407 5512 A
1470 5471 1525 5511 ut
1579 5461 1900 5529 impleretur.
2034 5452 2078 5495 ‘7'
2136 5452 2231 5519 Sic,
2268 5465 2397 5520 AC!"

1029 5530 1354 5589 acceperitis.
1465 5529 1503 5561 ¹⁷
1537 5530 1626 5585 Sic
1672 5531 1841 5589 Mle
1890 5534 1981 5587 sed
2026 5534 2065 5588 F
2102 5536 2278 5589 adscr.
2332 5546 2405 5589 est

1537 5553 1626 5585 me
1672 5553 1790 5589 ium
1828 5553 1841 5593 ;
1890 5553 1981 5587 seu
2026 5553 2054 5588 r
2102 5553 2278 5589 anser.
2332 5553 2426 5590 est.

1537 5602 1668 5657 ’iaec.
1797 5602 1841 5633 ²⁰
1872 5601 1961 5658 Sic
2001 5605 2076 5669 A;
2125 5624 2155 5659 η
2207 5622 2313 5659 oni.
2369 5606 2474 5663 Cl“.

2354 5260 2545 5338 itinera.
2639 5260 2698 5338 ,δ
2742 5262 2832 5317 Sic
2885 5266 2964 5328 A;
3022 5267 3062 5322 C
3104 5268 3353 5338 miricai,‘
3386 5268 3425 5325 Ρ

2235 5327 2254 5357 ⁷
2310 5327 2398 5380 Sic
2451 5325 2566 5391 CE;
2626 5330 2669 5384 A
2721 5325 2961 5394 mortem
2992 5353 3160 5393 suam.
3284 5325 3424 5391 "Sic

2179 5412 2397 5477 ﬂuent;
2494 5398 2534 5428 “
2570 5400 2619 5477 _A
2647 5418 2779 5477 lpos.
2881 5405 2923 5433 "
2959 5404 3048 5477 Sit;
3081 5404 3193 5467 CF;
3238 5404 3278 5456 Α
3335 5424 3419 5459 ar-

2034 5465 2078 5495 "
2136 5465 2226 5519 Sic
2268 5465 2433 5530 ACF;
2490 5469 2581 5521 sed
2647 5469 2686 5523 F
2738 5487 2879 5524 corr.
2932 5465 3196 5526 Maltinus
3253 5476 3410 5536 fuero.

2034 5534 2065 5588 Γ
2102 5536 2278 5589 adscr.
2332 5546 2426 5590 est.
2572 5537 2615 5573 ¹⁸
2658 5537 2853 5595 Cnui.:
2911 5542 3040 5595 Mil"
3087 5547 3331 5595 mentiri:
3388 5547 3424 5595 δι’

2678 5550 2811 5607 um].
2843 5561 2853 5595 ;
2911 5550 3040 5595 ΑΕΓ
3087 5550 3290 5599 mentiri
3315 5565 3331 5605 ,’

2589 5609 2630 5637 It
2673 5609 2709 5658 Α
2758 5622 2801 5659 αξξ
2860 5611 3135 5666 Dcitnlt‘tll-
3238 5627 3280 5679 '3
3332 5614 3420 5686 Si?
