3898 6154
250 278 348 333 760

1078 280 1164 333 DE
1201 280 1537 337 υιγιδιοΝΕ
1574 285 1923 341 NATCRAE.
1961 314 2021 324 —-
2063 283 2265 337 LIBER
2304 279 2683 349 ρυλιιτυεοη

3399 279 3500 330 τ.·.ο

247 409 334 449 ars
359 389 474 457 illa,
503 407 641 460 quae
676 392 861 446 dividit
883 407 1079 461 genera
1113 393 1164 445 in
1192 394 1419 463 species,
1449 402 1504 448 et
1530 396 1735 464 species
1774 396 1825 450 in
1856 405 1902 461 Α
1931 397 2027 452 Est
2051 397 2194 452 enim
2215 394 2617 467 generalissima
2645 394 2907 460 quaedam
2944 398 3107 458 atque
3145 388 3166 420 ’
3202 394 3503 446 communis

247 498 443 554 genera
499 482 734 546 resolvit,
782 498 921 551 quae
996 482 1277 544 διαλεκτική
1329 483 1547 549 dicitur,
1601 500 1704 541 non
1761 486 1830 539 ab

249 571 502 629 humanis
545 571 1033 627 machinationibus
1072 572 1143 628 sit
1172 572 1334 637 facta,
1386 573 1481 628 sed
1539 574 1591 627 in
1640 582 1829 627 natura

250 678 455 727 rerum,
485 662 553 716 ab
585 672 806 718 auctore
827 664 1067 718 omnium
1108 665 1322 728 artium,
1374 679 1512 735 quae
1542 680 1664 718 vero
1688 677 1833 717 artes

248 763 401 819 sunt,
430 755 672 819 condita,
699 765 752 809 et
781 771 809 809 a
846 755 1179 824 sapientibus
1208 756 1445 820 inventa,
1465 767 1521 812 et
1550 757 1616 810 ad
1640 755 1834 810 utilita-

250 850 359 898 tem
392 843 578 897 solerti
605 846 621 874 ³
651 858 827 897 rerum
859 844 1111 915 indagine
1138 845 1158 875 ³
1190 846 1407 899 usitata.

321 932 376 986 5.
412 932 554 988 Disc.
583 933 664 989 Ex
685 934 790 996 bis,
821 934 1058 1003 quaeuui
1102 933 1273 998 fallor,
1310 933 1695 989 rationabiliter
1723 949 1752 987 a
1783 942 1835 987 te

251 1024 395 1079 dicta
426 1032 571 1087 sunt,
611 1025 657 1078 si
700 1024 820 1094 quis
850 1025 1095 1087 voluerit,
1139 1034 1315 1095 potest
1351 1026 1514 1080 etiam
1541 1026 1647 1079 alio
1676 1026 1834 1080 modo

250 1112 547 1184 intelligere
571 1115 712 1183 quod
738 1116 997 1185 scriptum
1016 1124 1124 1169 est:
1147 1116 1446 1171 Producant
1471 1132 1637 1185 aquae
1658 1116 1835 1185 reptile

250 1204 460 1255 animae
489 1204 721 1268 circulis,
749 1214 799 1259 et
831 1204 1036 1259 volatile
1068 1222 1224 1275 super
1252 1214 1470 1270 terram,
1500 1214 1558 1259 ut
1607 1220 1712 1260 non
1743 1221 1830 1261 so-

252 1292 359 1347 lum
403 1294 739 1361 simpliciter,
782 1296 1229 1366 quemadmodum
1262 1298 1507 1367 superius
1546 1307 1832 1352 tractatutn

251 1391 353 1444 ea,
381 1384 662 1454 intelligat,
690 1387 868 1456 pisces
892 1397 948 1441 et
975 1386 1208 1441 volatilia
1237 1388 1303 1442 de
1321 1390 1421 1443 hoc
1453 1389 1646 1443 visibili
1676 1398 1835 1459 atque

254 1473 519 1528 tractabili
564 1477 887 1547 humidoque
930 1493 993 1532 ac
1032 1477 1226 1550 frigido
1255 1494 1516 1548 aquarum
1569 1481 1835 1536 elemento

252 1572 434 1617 creata
480 1580 619 1628 esse,
668 1581 853 1621 verum
902 1569 1064 1623 etiam
1109 1569 1286 1625 altiori
1339 1585 1498 1626 sensu
1532 1588 1597 1627 ex
1638 1574 1837 1627 abditis

252 1655 640 1727 profundisque
684 1668 906 1716 naturae
955 1661 1183 1728 sinibus,
1231 1662 1283 1716 iu
1314 1662 1508 1732 quibus
1548 1663 1836 1718 causaliter

1931 487 2171 541 omnium
2219 494 2435 545 natura,
2468 482 2535 536 ab
2570 499 2676 536 uno
2706 481 2943 534 omnium
2995 478 3256 547 principio
3301 490 3503 544 creata,

1931 594 1996 633 ex
2028 594 2133 648 qua
2167 577 2327 631 veluti
2358 574 2689 645 amplissimo
2738 572 2885 626 fonte
2929 586 3024 640 per
3064 584 3225 640 poros
3269 570 3507 626 occultos

1934 668 2244 739 corporales
2280 675 2566 721 creaturae
2605 664 2769 719 veluti
2815 664 3032 734 quidam
3076 661 3229 716 rivali
3261 663 3508 717 derivan-

1936 777 2043 833 tur,
2071 776 2124 821 et
2170 766 2223 819 in
2264 765 2506 819 diversas
2550 763 2753 818 formas
2801 761 3132 832 singularum
3168 776 3347 816 rerum
3384 776 3510 816 eru—

1936 864 2103 910 ctant.
2141 854 2424 911 Praedicta
2463 853 2730 923 siquidem
2780 853 2860 906 vis
2906 867 3002 921 per
3045 852 3254 906 diversa
3302 852 3508 906 semina

1935 962 2002 1000 ex
2031 945 2245 1000 arcanis
2275 952 2499 999 naturae
2524 943 2845 1014 proveniens
2868 982 2884 1004 ,
2922 942 3262 1010 primumque
3291 941 3344 996 in
3382 941 3511 1011 ipsis

1936 1037 2232 1093 seminibus
2261 1050 2569 1105 erumpens,
2600 1033 2792 1089 deinde
2819 1033 3049 1087 diversis
3077 1032 3392 1087 humoribus
3417 1033 3514 1085 ad-

1939 1125 2125 1190 mixta,
2158 1126 2211 1178 in
2248 1124 2457 1194 species
2498 1121 2736 1192 singulas
2777 1120 3060 1175 sensibiles
3102 1120 3310 1175 ebullit.
3363 1120 3507 1174 DISC.

1938 1212 2074 1265 Rata
2114 1214 2247 1266 haec
2278 1212 2497 1280 verique
2537 1209 2757 1273 similia,
2807 1208 3278 1279 physiologiaeque
3325 1223 3511 1278 speru-

1938 1304 2226 1359 lationibns
2270 1302 2614 1357 conveniunt.
2670 1300 2932 1367 Quoniam
2984 1314 3111 1353 vero
3160 1300 3361 1362 homo,
3421 1299 3511 1367 qui

1939 1403 2090 1450 sexta
2117 1394 2273 1447 “.die
2301 1394 2550 1448 conditus
2575 1403 2676 1455 est,
2711 1392 2761 1443 in
2791 1405 3018 1444 munero
3042 1389 3354 1443 animalium
3381 1405 3512 1444 con-

1939 1488 2198 1550 stituitur,
2244 1501 2384 1556 quae
2428 1485 2527 1540 sub
2575 1500 2680 1539 uno
2724 1497 2921 1554 genere
2966 1481 3511 1550 comprehenduntur,

1940 1591 2067 1630 num
2100 1576 2152 1629 in
2185 1576 2284 1630 hoc
2311 1583 2596 1645 praecepto
2624 1573 2826 1636 divino,
2854 1587 2961 1642 quo
2983 1571 3204 1637 iubetur
3234 1579 3376 1623 terra
3402 1569 3514 1621 ani-

1941 1682 2082 1719 mam
2108 1666 2269 1719 vivam
2292 1664 2600 1734 producere,
2628 1661 3003 1733 intelligendus
3028 1660 3100 1715 sit
3120 1675 3219 1713 nec
3244 1674 3333 1723 ne,
3357 1656 3513 1711 velim

251 1757 304 1802 et
351 1749 771 1817 primordialiter
826 1751 964 1807 facta
1009 1762 1155 1818 sunt,
1204 1754 1257 1808 in
1304 1770 1502 1825 genera
1535 1764 1589 1809 et
1633 1756 1839 1825 species
1873 1754 1910 1811 ll
1940 1774 1970 1811 a
2003 1766 2054 1811 te
2080 1758 2287 1811 audire.
2315 1757 2452 1811 MAG.
2480 1755 2630 1819 lianc
2655 1755 3054 1825 inquisitionem
3088 1769 3191 1808 non
3226 1752 3381 1807 facile
3406 1750 3514 1805 sol-

252 1840 500 1894 deducta.
529 1841 664 1907 Quid
691 1844 832 1898 enim
863 1846 1061 1910 obstat,
1083 1862 1171 1913 ne,
1204 1848 1345 1902 sicut
1374 1856 1549 1903 terrae
1578 1848 1842 1903 vocabulo

254 1940 484 1987 naturae
524 1932 857 2002 significatur
902 1935 1147 1991 soliditas
1188 1946 1243 1992 et
1275 1935 1549 2001 fertilitas,
1582 1937 1653 1990 ita
1681 1938 1842 1992 etiam

254 2034 519 2086 aquarum
567 2021 961 2092 significatione
1002 2023 1240 2095 ejusdem
1273 2034 1501 2081 naturae
1553 2026 1730 2080 abdita
1765 2027 1848 2081 in-

253 2110 529 2182 telligatur
556 2113 916 2182 profunditas,
964 2125 1026 2170 ut
1053 2118 1293 2172 omnium
1324 2118 1664 2184 animalium,
1706 2134 1846 2188 quae

252 2201 367 2257 sive
413 2218 479 2257 ex
524 2212 683 2265 terra.
716 2207 830 2262 sive
881 2224 947 2261 ex
998 2208 1157 2278 aquis
1206 2208 1456 2279 leguntur
1502 2208 1699 2272 creari,
1737 2224 1844 2264 una

254 2295 551 2366 eademque
602 2307 960 2367 cognoscatur
1021 2300 1210 2371 origo,
1272 2300 1520 2369 quamvis
1576 2300 1846 2354 dividatur

255 2399 441 2440 eorum
462 2387 923 2455 speculatio?‘Alia
949 2388 1212 2456 siquidem
1236 2389 1287 2441 in
1317 2389 1500 2455 quinta
1528 2384 1844 2456 prophetica

259 2477 487 2540 theoria,
532 2477 634 2530 alia
686 2478 736 2530 in
768 2487 920 2533 sexta
968 2478 1180 2532 condita
1243 2479 1406 2533 csse'
1456 2487 1840 2533 memorantur.

261 2564 362 2621 Nec
399 2568 503 2622 hoc
534 2567 652 2621 sine
689 2568 897 2623 ratione
930 2567 1126 2622 factum
1172 2568 1509 2622 crediderim.
1542 2566 1663 2649 Veri
1701 2567 1844 2621 enim

260 2656 434 2711 simile
455 2656 691 2721 videtur,
722 2659 863 2727 quod
889 2658 1007 2712 ideo
1034 2666 1245 2711 terrena
1276 2658 1527 2712 animalia
1553 2666 1701 2711 sexta
1736 2657 1840 2719 die,

260 2750 311 2802 in
339 2764 446 2818 qua
487 2749 653 2804 etiam
698 2750 857 2804 homo
892 2748 1062 2805 factus
1090 2759 1196 2814 est,
1237 2750 1302 2804 de
1336 2759 1475 2804 terra
1504 2750 1721 2820 produci
1754 2748 1844 2817 ju-

260 2840 480 2904 bentur,
509 2841 762 2910 quoniam
815 2839 1068 2907 majorem
1098 2840 1499 2896 similitudinem
1533 2840 1764 2895 hominis
1790 2840 1844 2894 in

260 2941 452 2984 natura
485 2945 580 2984 sua
630 2931 880 2984 videntur
918 2930 1137 2984 habere.
1173 2928 1342 2985 Omne
1378 2929 1666 2998 siquidem,
1702 2928 1845 2998 quod

261 3018 312 3072 in
365 3029 564 3073 natura
606 3019 851 3073 animalis
899 3020 1133 3074 hominis
1171 3028 1384 3089 praeter
1430 3019 1759 3074 intellectum
1790 3026 1844 3072 et

260 3110 524 3163 rationem
572 3110 931 3178 cognoscitur,
962 3108 1274 3164 naturaliter
1311 3110 1375 3163 iis
1402 3108 1579 3163 inesse
1615 3108 1838 3178 physica

262 3199 627 3268 speculatione
662 3199 953 3253 invenitur.
1000 3199 1139 3255 MAG.
1166 3199 1278 3254 Non
1326 3199 1521 3266 solum,
1542 3207 1601 3254 ut
1622 3200 1835 3269 Opinor.

262 3290 332 3343 nil
359 3288 559 3351 obstat,
585 3304 768 3344 verum
799 3290 982 3353 etiam,
1007 3300 1065 3344 ut
1108 3291 1178 3344 ita
1210 3291 1570 3360 intelligamus
1591 3307 1675 3357 ea,
1699 3305 1839 3361 quae

262 3378 461 3448 scripta
493 3388 637 3445 sunt,
687 3380 978 3435 secundum
1020 3380 1299 3434 veritatem
1342 3397 1519 3436 rerum
1550 3381 1833 3447 factarum,

262 3468 396 3521 ratio
473 3468 583 3539 ipsa
668 3468 925 3523 intentius
1001 3470 1335 3524 considerata
1422 3486 1519 3525 nos
1589 3471 1832 3525 advocat.

266 3559 357 3614 Est
411 3561 556 3614 enim
615 3560 889 3631 multiplex
941 3567 997 3614 et
1057 3559 1297 3614 infinitus
1352 3562 1653 3616 divinorum
1719 3560 1831 3616 elo-

264 3651 510 3719 quiorum
537 3649 855 3705 intellectus.
892 3648 1166 3718 Siquidem
1195 3650 1247 3704 in
1280 3666 1452 3720 penna
1481 3654 1702 3720 pavonis
1732 3667 1833 3706 una

266 3740 560 3809 eademque
595 3740 858 3795 mirabilis
880 3756 941 3794 ac
972 3740 1191 3810 pulchra
1224 3742 1693 3799 innumerabilium
1742 3761 1834 3801 co-

268 3827 434 3881 lorum
457 3829 689 3882 varietas
713 3829 1043 3899 cont5picitur
1066 3831 1118 3884 in
1149 3847 1253 3885 uno
1278 3832 1572 3901 eodemque
1597 3832 1618 3865 "
1660 3833 1777 3889 loco
1814 3834 1838 3867 ⁸

266 3919 501 3987 ejusdem
533 3935 742 3988 pennae
772 3922 1146 3991 portiunculae
1187 3922 1226 3976 ‘.
1280 3923 1348 3978 Et
1398 3925 1610 3994 quidem
1643 3934 1833 3980 natura

267 4007 377 4075 ipsa
436 4024 615 4062 rerum
673 4008 740 4063 ad
795 4010 939 4064 hunc
986 4011 1209 4065 attrahit
1256 4012 1603 4069 intellectum.
1669 4014 1835 4070 Terra

268 4112 494 4165 namque
560 4097 662 4152 ista
728 4099 997 4153 sensibilis
1049 4111 1103 4154 et
1160 4115 1299 4169 aqua
1353 4117 1578 4171 corpora
1617 4118 1836 4173 compo-

265 4184 362 4238 sita
391 4193 518 4239 sunt
559 4201 625 4240 ex
664 4186 1011 4255 qualitatibus
1041 4197 1295 4258 quattuor
1322 4190 1742 4259 elementorum;
1781 4200 1837 4249 et

267 4274 393 4329 nihil
426 4275 492 4329 de
521 4291 578 4330 se
607 4276 851 4346 gignunt,
880 4277 1130 4348 nullaque
1157 4280 1362 4349 species
1383 4290 1607 4337 naturae
1626 4282 1647 4315 '
1676 4297 1740 4337 ex
1770 4284 1835 4339 iis

268 4366 520 4430 nascitur,
559 4367 806 4436 quamvis
850 4383 919 4422 ex
966 4368 1044 4423 eis
1070 4369 1089 4400 ⁸
1128 4370 1272 4424 nasci
1306 4370 1568 4425 videatur.
1613 4370 1703 4426 Vis
1739 4388 1833 4427 au-

1943 1859 2113 1912 verim
2141 1859 2200 1921 “,
2239 1858 2282 1912 si
2317 1857 2652 1913 solummodo
2678 1857 2859 1910 divina
2886 1856 3162 1925 Scriptura
3201 1852 3514 1923 pronuntia-

1944 1957 2026 2001 ret
2055 1966 2067 2000 :
2102 1946 2369 2003 Producat
2400 1958 2540 2000 terra
2581 1946 2813 1999 animam
2852 1947 3117 1999 viventem.
3165 1943 3361 1997 Verum
3393 1942 3516 2011 quia

1944 2041 2186 2096 addidit:
2219 2042 2274 2094 in
2303 2057 2485 2111 genere
2514 2056 2629 2103 suo,
2674 2039 2989 2108 planissime
3030 2038 3301 2109 patefecit,
3338 2038 3516 2091 omnia

1945 2131 2197 2185 animalia
2246 2130 2298 2183 in
2349 2131 2450 2184 hoc
2499 2138 2788 2200 praecepto
2836 2129 3119 2183 contineri.
3173 2127 3327 2181 Nulla
3374 2129 3514 2183 cnim

1945 2220 2155 2288 species
2184 2230 2286 2283 est,
2319 2234 2459 2288 quae
2491 2220 2542 2273 in
2575 2234 2771 2290 genere
2820 2234 2917 2274 suo
2958 2222 3178 2273 omnino
3209 2234 3313 2273 non
3351 2218 3516 2272 collu-

1944 2334 2119 2376 catur.
2157 2322 2262 2377 Sed
2294 2323 2417 2391 quia
2448 2323 2583 2377 haec
2613 2320 2782 2376 forma
2816 2322 3085 2385 animalis,
3133 2337 3271 2391 quae
3316 2322 3369 2375 in
3418 2322 3517 2375 lto-

1947 2411 2089 2466 mine
2117 2412 2408 2467 constituta
2437 2421 2539 2475 est,
2571 2421 2871 2466 ceterorqu
2911 2412 3220 2465 animalium
3252 2420 3515 2475 naturam,

1944 2516 2085 2571 quae
2113 2502 2211 2556 sub
2254 2503 2444 2557 eodem
2490 2515 2687 2572 genere
2733 2510 2875 2565 sunt,
2926 2502 3184 2572 dignitate
3218 2502 3441 2555 rationis
3467 2513 3519 2556 et

1944 2593 2328 2665 intelligentiae
2354 2602 2593 2664 superat,
2644 2594 2867 2662 provide
2910 2594 3221 2663 pr0phetica
3254 2602 3518 2648 comtem-

1945 2694 2111 2763 platio
2139 2707 2258 2747 eam
2289 2692 2487 2748 ceteris
2526 2692 2848 2747 animalibus
2890 2693 3182 2762 adjungere
3224 2692 3422 2757 voluit,
3463 2701 3521 2746 ut

1942 2781 2306 2836 conditionem
2336 2781 2525 2849 ipsius,
2548 2779 2702 2849 juxta
2726 2790 3101 2836 suaenaturae
3123 2780 3517 2843 excellentiam,

1943 2869 2108 2926 latius
2136 2880 2189 2924 et
2214 2871 2486 2941 copiosius
2516 2871 2569 2925 in
2601 2870 2707 2926 fine
2734 2872 2993 2933 onmium,
3029 2886 3169 2940 quae
3197 2887 3226 2925 a
3245 2871 3516 2925 Deo-facta

1943 2970 2097 3025 sunt,
2123 2970 2389 3016 narraret.
2442 2960 2663 3030 Species
2711 2962 2876 3030 igitur
2909 2962 3158 3015 animalis
3198 2962 3431 3016 maxima
3464 2970 3519 3015 et

1867 3098 1910 3160 Ο
1943 3052 2333 3122 pretiosissima
2381 3050 2462 3105 bis
2511 3050 2563 3105 in
2608 3050 2860 3119 operibus
2904 3058 3089 3105 sextae
3137 3050 3518 3121 spcculatiouis

1943 3162 2445 3209 commemoratur:
2490 3153 2725 3222 primum
2772 3153 2987 3222 quidem
3036 3153 3087 3207 in
3139 3166 3335 3223 genere
3380 3168 3516 3214 suo,

1940 3244 2081 3313 quod
2108 3250 2193 3298 est
2218 3242 2415 3296 animal
2440 3282 2455 3306 ,
2487 3241 2710 3311 jubetur
2737 3243 2779 3279 "
2816 3258 2846 3296 a
2873 3252 3014 3298 terra
3044 3243 3294 3312 produci;
3329 3242 3519 3297 deinde

1941 3334 2100 3402 paulo
2127 3341 2271 3402 post,
2310 3340 2612 3388 ceterorum
2661 3332 2973 3386 animalium
3024 3332 3337 3386 brevissima
3374 3333 3510 3387 divi-

1940 3420 2094 3475 sione
2122 3420 2285 3485 facta,
2324 3420 2561 3476 conditio
2587 3420 2704 3490 ejus
2746 3421 2811 3473 ad
2859 3419 3146 3490 imaginem
3177 3429 3231 3474 et
3258 3420 3508 3473 similitu-

1940 3512 2119 3566 dinem
2150 3512 2242 3566 Dei
2274 3511 2649 3565 introducitur.
2703 3511 2847 3566 Dtsc.
2896 3510 3011 3566 Una
3065 3511 3244 3579 itaque
3272 3512 3314 3542 ¹³
3348 3510 3515 3564 forma

1939 3610 1994 3656 et
2020 3602 2162 3655 inter
2190 3610 2368 3655 cetera
2400 3600 2651 3657 animalia
2681 3600 2748 3656 de
2773 3610 2913 3655 terra
2942 3601 3276 3670 producitur,
3304 3617 3365 3655 ac
3391 3617 3511 3655 mox
3556 3650 3563 3657 .

1940 3693 2006 3746 ad
2034 3691 2321 3762 imaginem
2353 3691 2445 3745 Dei
2484 3691 2598 3746 fieri
2630 3691 2978 3760 perhibetur;
3025 3692 3165 3760 quod
3208 3692 3401 3747 merito
3430 3707 3514 3745 me

1939 3791 2136 3844 movet.
2169 3779 2226 3836 Si
2252 3780 2395 3836 enim
2423 3796 2582 3835 omne
2612 3780 2737 3833 illud
2768 3795 2952 3850 genus,
2993 3781 3134 3851 quod
3171 3781 3367 3835 dicitur
3395 3782 3504 3833 ani-

1940 3885 2066 3950 mal,
2096 3900 2215 3939 cum
2246 3885 2496 3939 omnibus
2525 3885 2637 3939 suis
2665 3884 2853 3939 formis
2884 3884 2950 3937 ad
2980 3885 3257 3953 imaginem
3286 3893 3333 3937 et
3370 3886 3513 3936 sinti-

1937 3986 2207 4040 litudinem
2255 3984 2355 4040 Dei
2400 3985 2574 4049 fleret,
2615 4000 2718 4038 non
2764 3983 3105 4052 perturbaret
3147 3997 3231 4036 me
3270 3980 3513 4036 forta~sis

1936 4079 2078 4147 quod
2106 4077 2287 4141 doces,
2327 4078 2598 4131 hominem
2641 4075 2857 4145 quidem
2890 4083 2941 4128 et
2973 4076 3037 4129 de
3069 4083 3211 4128 terra
3255 4074 3398 4126 inter
3420 4087 3510 4125 ce-

1936 4174 2053 4221 tera
2082 4166 2334 4220 animalia
2364 4164 2606 4234 produci,
2646 4172 2699 4217 et
2735 4163 3072 4233 postmodum
3121 4162 3187 4216 ad
3223 4162 3509 4229 imaginem

1934 4263 1991 4310 et
2018 4254 2422 4309 similitudinem
2468 4253 2557 4308 Dei
2608 4252 2883 4307 fabricari.
2928 4251 3045 4304 Jam
3096 4266 3224 4306 vero
3258 4251 3509 4320 quoniam

1934 4343 2105 4400 solum
2128 4344 2417 4408 hominem,
2439 4354 2493 4396 et
2513 4341 2712 4395 nullum
2736 4342 2876 4395 aliud
2900 4340 3097 4394 animal
3120 4348 3331 4409 praeter
3345 4339 3516 4392 honu-

268 4462 367 4507 lem
412 4456 701 4520 seminum,
750 4471 889 4525 quae
933 4458 985 4512 in
1022 4461 1101 4513 eis
1141 4468 1283 4522 sunt,
1311 4469 1566 4530 operante
1593 4461 1678 4516 ina
1709 4462 1837 4528 vim,
1868 4446 1917 4506 D
1942 4445 2166 4509 nem,ad
2190 4444 2472 4515 imaginem
2496 4443 2587 4497 Dei
2610 4442 2782 4497 creari
2808 4441 2985 4495 divina
3009 4440 3246 4509 perhibet
3265 4439 3511 4501 historia,

267 4560 398 4613 quae
426 4547 684 4600 nutritiva
712 4547 929 4613 dicitur,
978 4551 1270 4605 secundum
1319 4552 1465 4621 leges
1506 4561 1561 4609 et
1605 4553 1840 4610 rationes

270 4634 471 4700 insitas;
510 4646 774 4705 quantum
836 4638 965 4693 sinit
1011 4640 1191 4695 divina
1258 4643 1613 4712 providentia,
1658 4644 1711 4699 in
1756 4645 1840 4701 di—

269 4728 446 4781 versas
473 4728 683 4795 species
711 4729 999 4784 herbarum
1019 4771 1033 4794 ,
1071 4732 1439 4798 surculorum,
1490 4735 1833 4801 animalium,

271 4828 359 4881 per
393 4830 593 4885 genera
624 4825 678 4870 et
706 4817 907 4873 formas
947 4834 1013 4874 ex
1049 4821 1272 4876 secretis
1308 4831 1585 4877 creaturae
1628 4824 1834 4880 sinibus

272 4908 512 4975 erumpit.
544 4909 623 4962 Ac
652 4923 750 4978 per
779 4910 881 4966 hoc
910 4911 1052 4966 unde
1078 4922 1221 4966 terra
1252 4923 1307 4968 et
1343 4930 1479 4984 aqua
1522 4915 1747 4971 visibilis
1778 4926 1833 4972 et

272 4997 566 5052 tractabilis
596 4998 648 5051 in
677 5013 802 5054 suas
829 5000 1101 5055 naturales
1126 5003 1339 5071 species
1371 5012 1426 5057 et
1464 5004 1751 5074 qualitates
1778 5014 1835 5059 et

271 5086 596 5151 quantitates
642 5101 986 5155 processere,
1042 5090 1165 5145 inde
1205 5093 1406 5155 omnia,
1457 5107 1594 5162 quae
1640 5109 1704 5148 ex
1752 5094 1833 5149 eis

274 5179 412 5232 nasci
443 5179 713 5245 videntur,
760 5182 1121 5251 generationis
1144 5198 1273 5243 suae
1301 5185 1564 5255 originem
1590 5195 1827 5241 sumunt.

1942 4537 2097 4591 valde
2126 4538 2310 4600 miror,
2359 4534 2626 4603 quomodo
2673 4533 2810 4587 inter
2852 4532 3094 4601 jmnenta
3124 4541 3179 4586 et
3206 4530 3414 4600 reptilia
3458 4540 3516 4585 et

1938 4626 2141 4681 bestias
2164 4634 2338 4679 terrae
2363 4624 2522 4677 homo
2552 4637 2581 4676 a
2609 4621 2652 4653 “
2682 4630 2823 4675 terra
2853 4620 3179 4692 producitur,
3209 4629 3264 4674 ct
3293 4619 3358 4673 ad
3384 4621 3515 4674 ima-

1940 4725 2117 4795 ginem
2151 4723 2267 4788 Dei,
2313 4722 2470 4791 longe
2517 4730 2574 4775 ct
2619 4719 3112 4789 incomparabiliter
3151 4718 3290 4771 ultra
3332 4727 3512 4771 cetera

1939 4815 2182 4869 universa
2236 4810 2528 4875 animalia,
2576 4810 2722 4865 solus
2771 4808 3055 4873 formatur,
3105 4808 3315 4861 dicente
3362 4806 3511 4861 Scri-
3566 4820 3583 4837 ·

1939 4910 2093 4972 plura
2117 4917 2141 4957 ι
2160 4899 2447 4955 Faciamus
2479 4899 2740 4953 hominem
2767 4898 2836 4951 ad
2861 4898 3139 4968 imaginem
3176 4906 3224 4951 et
3265 4895 3513 4951 similitu—

1936 5005 2109 5058 dinem
2153 5011 2381 5057 nostram
2410 5042 2424 5067 ,
2455 5009 2510 5056 et
2560 5001 2702 5071 quod
2747 5009 2831 5055 est
2877 4998 3208 5063 mirabilius,
3242 4996 3511 5066 quomodo

1938 5111 1968 5149 a
1993 5096 2035 5127 ¹⁵
2066 5104 2207 5149 terra
2242 5093 2556 5163 producitur
2590 5093 2729 5147 inter
2754 5106 2837 5157 ea,
2869 5091 3063 5160 quibus
3095 5087 3416 5158 praefertur.
3454 5092 3515 5140 et

1938 5183 2202 5238 dominari
2245 5181 2483 5250 jubetur.
2530 5181 2819 5252 Suhjunxit
2863 5180 3006 5239 enim
3054 5177 3331 5253 Scriptura
3377 5194 3395 5230 ι
3443 5174 3511 5229 Et

1543 5334 1792 5389 \‘AlilAE
1829 5331 2205 5389 LECTIONES

342 5471 355 5500 ⁸
387 5470 477 5523 Sic
504 5469 630 5528 CF;
680 5468 721 5521 Α
760 5469 996 5521 ‘solertis.
1093 5471 1112 5500 ¹
1140 5469 1230 5522 Sic
1270 5467 1385 5527 CF;
1426 5470 1470 5537 Α
1501 5468 1783 5537 indaginis.

1882 5468 1902 5499 ³
1942 5466 2032 5521 Sic
2083 5466 2206 5529 CF;
2238 5483 2345 5520 esse
2393 5469 2573 5528 orn.A.

2670 5463 2695 5501 ε
2732 5463 2779 5527 Α,
2804 5479 2911 5516 uua
2937 5460 3229 5527 eademque
3346 5473 3367 5501 η
3393 5454 3506 5527 loco

277 5554 376 5591 om.
407 5542 466 5591 Α.
543 5539 566 5569 ⁸
596 5524 686 5592 Sic
712 5537 826 5599 CF;
863 5538 901 5591 Α
935 5539 1283 5607 portiuncula.
1359 5524 1397 5607 τί
1417 5535 1508 5592 Sic
1543 5524 1662 5600 CF”;
1698 5538 1739 5590 Α
1778 5548 2000 5607 naturae
2033 5524 2244 5607 species.
2319 5537 2342 5567 ⁸
2370 5524 2639 5607 nascitur,
2667 5524 2909 5607 quamvis.
2933 5545 2997 5583 ex
3023 5530 3096 5582 eis
3121 5524 3232 5607 pm.
3291 5529 3328 5577 Α
3353 5524 3410 5607 η’
3458 5533 3499 5607 Α

277 5618 340 5658 et.
435 5609 476 5639 ¹⁶
505 5608 597 5662 Sic
625 5607 741 5670 CF;
770 5606 810 5660 A
845 5610 899 5659 in
929 5606 1099 5662 Sexta.

282 5678 482 5730 ridetur.
562 5678 604 5709 "
637 5678 725 5731 Sic
749 5676 864 5742 CF;
896 5678 936 5730 A
973 5678 1147 5747 igitur.
1226 5679 1266 5707 “‘
1296 5676 1385 5729 Sic
1409 5675 1522 5739 Cl“;
1556 5677 1596 5728 Α
1628 5693 1673 5730 e.

1180 5608 1218 5639 ¹²
1259 5607 1345 5659 Sic
1374 5606 1414 5662 C
1438 5624 1451 5667 ;
1488 5607 1525 5659 A
1556 5623 1660 5660 non
1689 5616 1795 5659 tam
1824 5604 1982 5661 facile
2007 5600 2345 5669 absolverit";
2375 5605 2413 5663 Ρ
2441 5622 2541 5669 non
2575 5600 2728 5672 facile
2753 5600 3022 5661 solverent.

1226 5679 1266 5707 “‘
1296 5676 1385 5729 Sic
1409 5675 1522 5731 Cl“:
1556 5677 1596 5728 Α
1628 5693 1673 5730 e.
1753 5676 1797 5707 "
1826 5676 1914 5731 Sic
1936 5675 2052 5731 CF:
2084 5676 2121 5729 Α
2152 5692 2197 5728 e.

1869 5691 2197 5744 ICbl‘;;\€.

3120 5598 3266 5653 “Dic
3304 5598 3423 5664 LF,
3466 5604 3509 5657 Δ
