3898 6154
386 285 484 340 ’ῖῖῖῑ

1728 299 2010 355 JOANNIS
2045 302 2242 358 SCOTI

3541 316 3648 371 τω

381 399 579 461 praesit
607 400 833 470 piscibus
859 406 1042 470 nutris,
1073 416 1118 459 et
1148 406 1444 463 volatilibus
1471 410 1639 474 caeli,
1659 422 1708 465 et
1752 413 1927 467 bestiis
1947 456 1963 474 ,
1993 421 2038 476 Α
2069 414 2122 467 in
2154 415 2329 485 aliqua
2369 420 2591 473 materia
2638 437 2700 475 ex
2730 423 3075 491 qualitatibus
3118 435 3374 496 quattuor
3420 427 3642 484 clemen-

389 490 759 562 anirersaeque
776 504 1071 561 creaturae,
1092 498 1332 566 omnique
1356 499 1550 569 reptili,
1576 502 1715 571 quod
1735 516 1968 558 moretur

386 578 441 629 in
490 588 651 633 terra.
702 582 841 639 MAG.
897 582 1007 638 Nec
1054 586 1350 655 immerito,
1392 605 1492 645 nec
1521 590 1969 649 irrationabiliter

388 672 641 726 moveris.
695 672 836 729 Haec
867 676 1011 730 enim
1048 679 1359 735 cautissime
1399 690 1454 737 et
1493 682 1845 743 solertissima
1886 687 1967 740 iu-

385 762 678 828 qnisitione
708 764 865 835 digna
895 777 1040 823 sunt.
1074 769 1135 823 Et
1177 770 1412 838 primum
1442 774 1685 842 quidem,
1714 786 1774 829 ut
1803 777 1966 831 intel—

388 851 544 918 ligas,
594 864 797 908 remota
848 857 1013 912 totius
1058 859 1426 930 ambiguitatis
1453 863 1704 933 caligine,
1737 867 1878 934 quod
1912 868 1965 921 in

386 943 675 1000 universali
707 947 1022 1004 animalium
1051 966 1251 1021 genere
1280 954 1441 1009 homo
1470 957 1721 1013 conditus
1744 960 1832 1024 sit,
1865 960 1965 1014 hoc

384 1034 679 1090 maximqu
710 1039 925 1109 suscipe
957 1053 1336 1112 argumentum
1360 1086 1374 1112 ,
1418 1047 1740 1116 tripertitam
1778 1050 1967 1104 videli-

381 1135 467 1180 cet
496 1128 659 1199 hujus
682 1132 898 1200 generis
925 1133 1243 1189 divisionem
1290 1137 1344 1190 in
1378 1138 1629 1208 ‘jumenta
1667 1149 1723 1194 et
1751 1141 1963 1210 reptilia

382 1218 712 1291 bestiasque.
743 1222 893 1290 Quae
924 1225 1119 1281 divisio
1164 1242 1271 1282 non
1304 1229 1420 1285 sine
1465 1246 1627 1286 causa
1675 1232 1813 1288 facta
1856 1242 1961 1297 est,

381 1320 438 1369 ut
471 1312 718 1366 aestimo.
768 1314 902 1369 Nam
954 1318 1005 1371 in
1047 1318 1167 1373 aliis
1205 1320 1417 1385 diebus,
1448 1322 1499 1376 id
1528 1332 1611 1378 est
1639 1323 1691 1377 in
1727 1326 1882 1379 tertia
1911 1335 1964 1379 et

379 1402 594 1471 quinta,
615 1405 666 1457 in
691 1406 886 1473 quibus
915 1425 1109 1479 genera
1138 1420 1191 1466 et
1219 1414 1425 1481 species
1445 1428 1960 1483 commemorantur,

383 1492 529 1546 nulla
575 1494 771 1549 divisio
814 1500 1027 1566 generis
1078 1501 1132 1555 in
1178 1504 1387 1572 species
1434 1505 1821 1572 introducitur,
1869 1508 1962 1561 sed

381 1584 701 1655 simpliciter
751 1598 843 1641 aut
896 1590 1071 1645 solum
1123 1608 1295 1662 genus
1361 1603 1415 1650 et
1462 1596 1789 1652 indiscretae
1842 1614 1963 1667 spe~

381 1676 515 1740 cies,
547 1686 604 1730 ut
630 1676 682 1730 in
717 1680 894 1744 tertia,
929 1697 1035 1750 qua
1068 1676 1356 1738 herbarum
1388 1686 1837 1756 surculorumque
1864 1703 1958 1757 ge-

381 1782 511 1822 nera
539 1769 859 1839 speciesque
881 1772 948 1826 de
977 1782 1117 1828 terra
1161 1776 1290 1830 oriri
1330 1774 1610 1844 iubentur,
1655 1789 1746 1834 aut
1790 1780 1963 1835 solum

380 1872 550 1926 genus
581 1867 635 1914 et
665 1876 769 1914 una
798 1863 1009 1932 species
1036 1865 1230 1934 ipsius,
1284 1877 1344 1922 ut
1389 1869 1442 1922 in
1485 1871 1695 1938 quinta,
1736 1871 1963 1939 piscium

379 1950 595 2018 quidem
627 1968 797 2021 genus
825 1957 1033 2025 reptle,
1081 1959 1260 2012 avium
1306 1976 1433 2016 vero
1482 1963 1689 2018 volatile
1732 1978 1962 2029 vocans,

380 2056 555 2111 neque
598 2043 700 2105 hoc
745 2062 919 2117 neque
960 2048 1087 2102 illud
1119 2049 1172 2103 in
1203 2052 1411 2118 species
1437 2053 1701 2108 dividens.
1734 2055 1868 2109 Nam
1909 2057 1961 2108 in

378 2148 445 2187 co
471 2134 614 2202 quod
644 2134 781 2191 dixit
809 2154 821 2189 :
857 2136 1163 2210 Creavitque
1204 2140 1345 2195 Deus
1378 2151 1485 2207 cete
1516 2145 1759 2212 grandia,
1796 2146 1965 2215 mags

379 2223 656 2290 speciem!
710 2241 810 2295 pro
841 2242 1041 2297 genere
1079 2230 1488 2300 intelligendum
1534 2234 1658 2287 est’
1697 2235 1963 2302 posuisse,

377 2331 541 2385 qttam
568 2333 738 2388 genus
763 2319 816 2373 in
846 2325 1079 2391 speciem
1109 2322 1375 2378 divisisse.
1406 2322 1686 2391 Quomodo
1713 2325 1857 2381 enim
1886 2327 1965 2380 di-

379 2406 517 2461 visio
560 2408 777 2478 generis
821 2409 874 2463 in
926 2426 1087 2465 unam
1134 2413 1370 2482 speciem
1420 2423 1603 2484 posset
1650 2415 1788 2478 ﬁeri,
1837 2417 1962 2469 dum

377 2501 555 2555 omnis
595 2502 788 2558 divisio
832 2520 938 2558 non
987 2507 1165 2561 minus
1219 2524 1382 2578 quam
1446 2510 1498 2564 in
1552 2512 1760 2565 duobus
1818 2512 1964 2565 inve.

378 2592 563 2646 nitur?
600 2591 765 2648 Sexta
818 2605 997 2655 autem
1044 2599 1131 2653 die
1167 2615 1272 2655 non
1313 2602 1484 2655 solum
1525 2602 1743 2672 generis
1778 2604 1963 2658 condi-

379 2685 492 2749 tio,
536 2698 723 2739 verum
773 2687 936 2758 etiam
992 2690 1129 2743 trina
1186 2690 1378 2747 divisio
1439 2692 1605 2761 ipsius
1653 2694 1705 2747 in
1757 2694 1964 2763 species

376 2781 651 2841 narratur.
708 2774 899 2842 Dixit,
953 2777 1169 2847 inquit,
1234 2779 1375 2835 Deus
1420 2799 1437 2835 :
1496 2780 1763 2836 Producat
1822 2793 1964 2836 terra

377 2866 608 2931 ultimam
647 2866 893 2929 viventem
934 2869 990 2932 in
1025 2886 1207 2939 genere
1252 2889 1369 2937 suo,
1408 2874 1674 2943 jumenta,
1715 2884 1763 2929 et
1809 2874 1966 2945 repti-

376 2954 471 3018 Iia,
519 2966 565 3008 et
616 2955 804 3022 bestias
844 2970 1038 3025 terrae,
1076 2962 1360 3017 secundum
1398 2966 1591 3033 species
1654 2982 1800 3020 suas.
1868 2963 1961 3019 Vel

375 3047 671 3102 secundum
724 3051 1061 3120 septuaginta
1122 3052 1445 3123 interpretes
1493 3074 1507 3110 :
1568 3054 1712 3111 Dixit
1771 3056 1960 3111 Deus:

378 3138 583 3197 Educat
623 3150 762 3206 terra
801 3145 1033 3198 animam
1072 3147 1239 3199 vivam
1277 3147 1559 3209 secundum
1600 3166 1792 3219 genus,
1832 3166 1963 3219 qua—

376 3230 667 3299 drupedia,
708 3244 755 3284 ct
798 3234 1031 3299 re;tilia,
1072 3247 1119 3289 et
1160 3237 1348 3292 bestias
1386 3240 1670 3295 secundum
1707 3257 1889 3310 genus,
1914 3250 1961 3295 et

375 3322 572 3389 factum
608 3334 682 3377 est
721 3324 815 3378 sic.
857 3326 1002 3383 llaec
1039 3328 1258 3398 itaque,
1314 3337 1373 3384 ut
1426 3331 1699 3397 arbitror,
1761 3331 1959 3401 triper-

378 3413 500 3483 titio
546 3415 713 3481 totius
742 3417 883 3473 vitae
913 3427 1132 3475 terreno
1155 3420 1417 3490 'corpori
1442 3421 1810 3488 adhaerentis,
1838 3423 1958 3477 ani-

377 3503 591 3574 malque
619 3521 715 3575 per
737 3507 981 3577 copulam
1012 3509 1077 3563 ad
1112 3525 1307 3579 corpus
1346 3510 1653 3574 efﬁcientis,
1687 3521 1771 3568 est
1816 3512 1960 3567 enim

376 3598 576 3653 animal
605 3603 849 3671 corporis
890 3613 946 3659 et
990 3605 1201 3659 animae
1228 3621 1349 3660 cum
1399 3622 1557 3662 sensu
1601 3608 1623 3638 ⁸
1671 3610 1957 3674 connexio,

377 3687 642 3757 triplicem
671 3701 876 3747 motum
919 3694 1177 3748 insinuat.
1224 3695 1289 3749 Et
1317 3695 1531 3765 quidem
1563 3700 1835 3754 ternarius
1871 3700 1960 3755 ille

378 3781 641 3841 motusin
672 3781 892 3839 homine
936 3784 1073 3849 solo,
1117 3785 1208 3855 qni
1241 3786 1387 3842 solus
1437 3798 1522 3843 est
1572 3789 1593 3820 ⁸
1638 3790 1959 3847 rationabile

376 3872 593 3936 animal,
648 3875 986 3949 intelligitur,
1038 3879 1300 3950 quosdam
1349 3879 1567 3950 quidem
1620 3892 1800 3937 motus
1828 3899 1957 3940 suos

375 3964 567 4043 rationi
593 3966 836 4022 subditos
859 3969 1083 4043 habens,
1109 3970 1197 4041 qui
1218 3969 1584 4039 jmneutorum
1606 3988 1699 4028 seu
1724 3974 1961 4044 quadru-

372 4057 566 4133 pedum
603 4058 866 4133 yocabulo
909 4059 1203 4130 signiﬁcari
1252 4060 1522 4123 videntur,
1580 4061 1736 4117 Verbi
1762 4063 1957 4138 gratia,

374 4155 556 4210 movet
582 4149 1081 4223 quinquepertitum
1112 4151 1355 4220 corporis
1386 4167 1605 4211 sensum
1653 4153 1959 4222 disciplina-

369 4240 496 4317 lgter
525 4241 579 4295 in
605 4243 966 4313 cognitionem
994 4244 1330 4299 sensibilium
1360 4261 1541 4311 rerum
1565 4246 1748 4302 solerti
1770 4262 1956 4301 earum

371 4330 757 4408 intelligentiae
781 4333 984 4406 studio.
1011 4334 1111 4401 Qui
1144 4343 1323 4391 motus
1362 4351 1467 4390 non
1512 4336 1958 4392 irrationabiliter

2074 515 2253 557 torum
2280 504 2421 561 facta
2450 511 2491 573 ’,
2525 510 2816 565 constituta
2849 522 2952 567 est.
3004 512 3061 568 Si
3088 531 3279 569 sonum
3311 532 3402 570 seu
3429 518 3650 573 odorem

2068 596 2328 661 senseris,
2350 612 2417 653 ex
2444 600 2568 655 aere
2591 611 2846 669 quattuor
2858 604 3137 660 elementis
3163 607 3485 674 composito,
3503 608 3652 662 simi-

2068 682 2210 745 liter,
2235 686 2277 739 si
2302 695 2513 756 gustum
2542 692 2635 742 seu
2665 699 2887 756 tactum,
2910 707 2975 748 ex
2998 695 3462 763 compactionibus
3481 711 3653 766 aquae

2070 783 2349 844 terraeque
2376 779 2622 834 accidere
2648 796 2752 834 non
2785 781 3074 838 dubitabis.
3107 782 3221 838 Non
3254 785 3528 839 immerito
3556 787 3651 857 igi-

2067 874 2156 917 tur
2181 881 2475 936 corporeus
2506 884 2696 926 sensus
2710 873 3072 943 quadrupedis
3089 874 3136 906 ¹⁹
3158 875 3478 944 vocabulum
3499 892 3622 931 accc
3637 909 3650 916 -

2066 954 2165 1023 pit,
2204 958 2456 1024 quoniam
2488 974 2668 1026 omne,
2708 962 2853 1031 quod
2899 964 3102 1027 sentit,
3150 980 3255 1019 non
3304 966 3525 1019 aliunde
3556 968 3651 1020 nisi

2065 1061 2128 1099 ex
2160 1056 2415 1116 quattuor
2442 1051 2725 1108 elementis
2741 1054 3004 1125 originem
3025 1057 3191 1113 ducit.
3232 1057 3513 1125 Quosdam
3532 1075 3651 1113 vero

2064 1154 2127 1191 ex
2188 1140 2427 1195 inferiori
2483 1151 2673 1197 natura
2718 1153 2960 1215 sumptos
3012 1157 3160 1201 recte
3194 1148 3399 1202 dixeris
3433 1149 3481 1179 “
3523 1150 3649 1203 irra—

2065 1231 2365 1296 tionabiles,
2393 1233 2494 1288 hoc
2524 1235 2821 1289 estrationi
2850 1236 3178 1301 resistentes,
3212 1248 3271 1292 ut
3296 1248 3378 1295 est
3403 1239 3580 1303 furor,
3602 1251 3650 1295 et

2063 1323 2350 1391 cupiditas,
2384 1323 2783 1394 inordinatique
2812 1328 3172 1395 corporalium
3204 1345 3470 1383 sensuum
3501 1345 3653 1400 appe-

2066 1414 2211 1474 titus,
2242 1413 2293 1467 in
2322 1413 2634 1469 abusionem
2660 1417 2948 1473 attributes
2991 1420 3033 1450 "
3070 1421 3417 1476 sensibilibus
3447 1431 3652 1476 creatu-

2066 1504 2157 1558 ris.
2186 1504 2249 1557 Et
2271 1506 2525 1573 quoniam
2541 1506 2593 1559 bi
2622 1507 2668 1539 ⁸³
2687 1517 2864 1562 motus
2880 1524 2944 1564 ex
2965 1509 3427 1564 irrationabilibns
3455 1511 3653 1564 anima-

2063 1593 2204 1647 libus
2227 1594 2497 1650 humanae
2525 1607 2747 1652 naturae
2783 1598 2971 1653 inserti
3013 1608 3165 1664 sunt,
3215 1615 3320 1654 non
3358 1602 3653 1675 incongrue

2062 1685 2361 1740 bestiarum
2384 1688 2741 1756 appellatione
2762 1690 3155 1760 significantur,
3181 1695 3508 1765 praesertim
3536 1709 3651 1748 cum

2068 1790 2279 1847 semper
2308 1777 2353 1817 ιθ
2376 1778 2782 1835 rationabilibus
2814 1780 3113 1852 disciplinis
3147 1782 3404 1837 reluctari
3437 1800 3542 1837 non
3570 1785 3651 1839 de-

2067 1868 2281 1935 sinant,
2319 1877 2373 1924 et
2415 1878 2508 1923 aut
2546 1870 2634 1924 vix
2665 1878 2759 1924 aut
2788 1888 3060 1941 nunquam
3094 1873 3301 1927 domari
3331 1872 3406 1927 ab
3433 1875 3515 1929 eis
3540 1889 3653 1943 pos-

2068 1958 2204 2023 sint,
2236 1968 2524 2029 motusque
2562 1960 2912 2017 rationabiles
2956 1960 3123 2017 feroci
3153 1962 3352 2032 impetu
3396 1963 3653 2018 dilaniare

2066 2065 2281 2120 semper
2305 2059 2576 2120 appetant.
2612 2049 2749 2104 Sunt
2778 2059 3055 2120 praetcrea
3083 2053 3135 2106 in
3167 2051 3389 2107 animali
3422 2053 3652 2107 rationa-

2066 2141 2155 2196 bili
2187 2142 2380 2197 occulti
2412 2142 2629 2212 quidam
2660 2152 2869 2207 motus,
2906 2130 3102 2213 quibus
3155 2143 3397 2198 maxime
3467 2159 3651 2214 corpus

2065 2232 2163 2287 sibi
2191 2232 2536 2301 coniunctum
2561 2232 2921 2299 administrat,
2955 2243 3007 2288 et
3051 2243 3175 2288 sunt
3214 2235 3264 2287 in
3291 2234 3513 2287 auctiva
3539 2234 3582 2265 "
3603 2242 3652 2287 et

2069 2325 2319 2378 nutritiva
2349 2332 2503 2393 parte
2521 2325 2735 2379 animae
2759 2324 3038 2380 constituti
3056 2324 3118 2376 ".
3148 2324 3246 2392 Qui
3274 2327 3540 2394 quoniam
3568 2342 3652 2379 na-

2066 2415 2221 2468 turali
2255 2414 2512 2470 facilitate
2556 2430 2653 2470 sua
2684 2425 2950 2486 peragunt
2974 2414 3145 2471 oﬂlcia
3165 2457 3181 2482 ,
3216 2424 3271 2472 ct
3300 2418 3464 2486 quasi
3496 2417 3653 2471 lateo-

2067 2515 2168 2569 tcr,
2202 2505 2326 2575 quia
2366 2507 2579 2560 animae
2616 2507 2973 2572 intentionem
3005 2508 3151 2562 nullo
3178 2508 3335 2563 modo
3363 2509 3652 2564 sollicitant

2066 2604 2227 2665 atque
2257 2595 2607 2666 perturbant,
2653 2597 2697 2652 si
2736 2606 2915 2652 tamen
2944 2598 3227 2669 integritas
3250 2608 3490 2656 naturae
3517 2601 3651 2656 inco-

2066 2686 2227 2740 lumis
2254 2686 2529 2751 extiterit,
2579 2687 2756 2741 silenti
2808 2689 3040 2757 quodam
3086 2697 3265 2744 meatu
3313 2691 3651 2763 corporalem

2064 2778 2407 2832 harmoniam
2463 2786 2847 2847 penetrantes,
2909 2780 3179 2849 reptilium
3231 2782 3650 2850 appellationem

2065 2886 2172 2923 non
2206 2871 2651 2926 irrationabiliter
2677 2887 2944 2928 meruere.
2986 2872 3194 2928 Ceteris
3234 2889 3362 2929 vero
3398 2874 3648 2930 animab-

2062 2960 2182 3025 bus,
2228 2972 2444 3033 praeter
2470 2962 2641 3018 solum
2687 2963 2982 3028 hominem,
3033 2978 3100 3018 ex
3145 2964 3315 3018 tribus
3356 2965 3653 3034 praedictis

2067 3054 2298 3108 nrotibus
2347 3054 2453 3109 duo
2494 3055 2863 3127 tantummodo
2894 3056 2934 3087 ’⁷
2983 3055 3185 3119 insunt,
3227 3071 3366 3111 unus
3412 3058 3651 3127 quidem,

2066 3147 2155 3217 qui
2200 3147 2254 3215 in
2300 3148 2548 3203 sensibus
2574 3149 2617 3179 "‘
2640 3158 2724 3203 est
2747 3149 2963 3220 proprie
2992 3150 3215 3205 rationis
3256 3151 3532 3221 regimine
3575 3167 3652 3207 ως

2067 3252 2210 3299 rens,
2244 3253 2306 3291 ac
2331 3251 2427 3308 per
2457 3238 2500 3269 "
2532 3239 2632 3293 hoc
2663 3240 2924 3306 bestialis,
2956 3240 3094 3296 alter
3122 3243 3213 3317 qui
3242 3242 3551 3299 nutritivae
3579 3245 3648 3297 vi-

2065 3337 2151 3384 tae
2171 3332 2480 3398 deputatur,
2505 3330 2683 3400 reptili
2714 3330 2931 3397 similis;
2957 3348 3091 3403 quos
3111 3334 3270 3389 homo
3298 3348 3431 3388 cum
3463 3334 3651 3391 ceteris

2064 3421 2385 3477 animalibus
2418 3422 2741 3492 participat,
2784 3431 2841 3479 et
2880 3411 3154 3494 reciproca
3182 3433 3359 3479 cetera
3395 3427 3651 3481 animalia

2062 3526 2184 3565 cum
2242 3511 2357 3581 ipso
2399 3513 2742 3583 participant.
2798 3510 3032 3569 Videsne
3080 3514 3243 3586 igitur
3278 3516 3564 3573 hominem
3601 3517 3649 3570 in

2061 3602 2310 3659 onmibus
2339 3602 2681 3669 animalibus,
2706 3613 2761 3659 ct
2788 3606 2967 3659 omnia
2993 3606 3046 3659 in
3077 3607 3391 3671 homine,et
3423 3625 3590 3678 super
3606 3610 3649 3640 "

2060 3694 2241 3748 omnia
2277 3694 2584 3749 hominem?
2608 3696 2676 3750 Et
2703 3696 2748 3751 si
2780 3697 2901 3766 quis
2940 3697 3199 3753 intentius
3230 3707 3470 3755 naturae
3491 3699 3653 3769 ipsius

2062 3786 2361 3842 mirabilem
2406 3801 2471 3842 ac
2515 3788 2729 3857 penitus
2780 3787 3100 3844 inetl'abilem
3150 3791 3526 3848 conditionem
3575 3794 3651 3848 in-

2061 3875 2327 3943 SpCXt‘t‘ll,
2357 3874 2502 3931 clare
2548 3875 2805 3941 inveniet,
2837 3877 3063 3932 eundem
3118 3877 3393 3933 hominem
3437 3889 3497 3935 et
3548 3879 3650 3935 for—

2062 3980 2201 4018 mam
2234 3965 2502 4033 quandam
2534 3965 2577 3997 ¹¹
2613 3965 2665 4020 in
2706 3979 2903 4036 genere
2944 3966 3256 4021 animalium
3299 3981 3454 4025 esse.
3485 3979 3544 4022 et
3560 3983 3647 4022 su-

2061 4071 2153 4126 per
2180 4057 2224 4089 ²¹
2249 4071 2462 4111 omnem
2494 4055 2721 4113 formam
2755 4056 3040 4111 animalem
3088 4056 3410 4119 subsistere,
3465 4073 3529 4112 ac
3560 4072 3652 4126 per

2062 4150 2161 4203 hoc
2207 4157 2262 4202 ct
2305 4146 2712 4217 aliirmationcm
2743 4156 2796 4203 et
2824 4149 3165 4218 negationem
3202 4149 3471 4217 recipere,
3504 4159 3558 4203 et
3587 4149 3651 4202 de

2060 4256 2124 4295 eo
2146 4239 2445 4309 praedicari
2484 4248 2631 4295 recte
2652 4255 2850 4311 posse:
2886 4238 3058 4294 Ilomo
3081 4240 3281 4294 animal
3316 4249 3433 4306 est;
3489 4242 3650 4295 homo

2060 4330 2258 4388 animal
2288 4345 2392 4384 non
2420 4339 2522 4386 est.
2551 4331 2687 4385 Dum
2714 4330 2860 4385 enim
2885 4331 2937 4385 in
2967 4331 3083 4400 ipso
3108 4346 3305 4402 corpus
3327 4339 3383 4386 ct
3406 4334 3523 4387 vita
3558 4351 3647 4386 nn-

362 4423 667 4503 jnmentum
716 4424 945 4491 dicitur;
999 4440 1104 4480 nou
1152 4425 1299 4481 enim
1352 4441 1575 4496 parvum
1628 4425 1954 4494 adiutorium
1987 4454 2037 4512 Β
2065 4426 2266 4490 tritiva,
2290 4434 2346 4479 et
2367 4438 2576 4487 sensus,
2602 4433 2658 4478 et
2686 4424 2944 4479 memoria
2969 4423 3324 4488 sensibilium,
3356 4426 3651 4493 omnisque

370 4514 673 4578 rationabili
704 4516 918 4572 animae
943 4524 1183 4585 praestat
1212 4516 1277 4569 ad
1324 4516 1830 4586 contemplationem
1863 4532 1954 4572 ve-

370 4604 546 4659 ritatis
571 4604 906 4661 sensibilium
932 4608 1195 4670 omnium,
1239 4616 1429 4661 cuncta
1460 4607 1692 4662 falsitate
1723 4619 1952 4674 remota,

366 4708 492 4745 vera
516 4692 833 4769 sinceraque
846 4695 1056 4749 notitia.
1078 4696 1170 4751 Est
1192 4697 1353 4750 etiam
1368 4698 1519 4766 quasi
1544 4698 1761 4768 quidam
1778 4698 1799 4729 ⁸
1819 4714 1952 4768 qna-

366 4784 562 4853 drupes
590 4770 768 4864 motus
808 4800 1061 4856 sensuum
1088 4787 1333 4841 subditus
1370 4788 1563 4841 rationi
1600 4788 1641 4838 ⁷.
1671 4786 1946 4857 Siquidem

365 4892 544 4940 omne,
574 4876 715 4947 quod
745 4892 841 4951 per
868 4894 1086 4935 sensum
1115 4881 1487 4951 cognoscimus
1516 4881 1566 4934 in
1599 4890 1787 4935 natura
1824 4896 1947 4935 seu-

365 4963 598 5021 stbtiium
634 4983 838 5028 rerum.
868 4970 969 5023 hoc
991 4985 1053 5024 ex
1079 4980 1333 5047 quattuor
1364 4971 1643 5047 elementis
1672 4980 1755 5025 est
1796 4987 1945 5026 com-

365 5056 662 5125 pusitltm',
692 5060 868 5113 autin
918 5061 1033 5129 ipso
1085 5046 1386 5132 composito
1434 5046 1806 5128 constitutum.
1836 5062 1949 5131 Age

363 5149 536 5215 enim,
570 5149 613 5204 si
652 5164 968 5220 corpoream
997 5152 1229 5229 speciem
1263 5152 1558 5224 aspexeris,
1596 5154 1708 5225 ipsa
1740 5152 1949 5224 species

2063 4515 2451 4570 irrationabilis
2493 4515 2800 4585 appetitus,
2830 4523 2890 4568 ut
2930 4524 3013 4568 est
3059 4513 3212 4568 furor
3252 4524 3307 4568 ct
3349 4517 3648 4586 capiditas,

2061 4606 2492 4670 considerantur,
2517 4607 2738 4661 omnino
2767 4605 2967 4667 animal
2989 4613 3101 4669 est;
3136 4605 3272 4659 haec
3294 4604 3444 4659 enim
3465 4606 3650 4660 omnia

2059 4698 2363 4753 communia
2395 4705 2522 4751 sunt
2566 4697 2640 4750 illi
2675 4712 2795 4761 cum
2827 4696 3022 4750 celeris
3051 4696 3372 4776 animalibus
3413 4714 3427 4749 :
3466 4697 3648 4751 altiori

2060 4806 2186 4845 vero
2212 4791 2291 4845 sui
2323 4800 2495 4861 parte,
2526 4806 2629 4860 qua
2658 4789 2703 4821 "
2730 4790 2939 4844 ratione
2961 4789 3224 4854 consistit,
3262 4798 3313 4845 et
3342 4791 3649 4854 intellectu,

2059 4894 2110 4937 et
2148 4884 2387 4939 interiori
2418 4898 2576 4938 sensu
2596 4924 2610 4946 ,
2641 4898 2764 4937 cum
2799 4882 3050 4938 omnibus
3075 4883 3187 4936 suis
3231 4884 3650 4938 rationabilihus

2052 4975 2309 5039 motibus,
2331 4989 2467 5044 quos
2489 4973 2535 5004 “
2562 4973 2791 5026 virtutes
2816 4971 3108 5042 appellant,
3135 4986 3365 5041 cumque
3390 4984 3648 5026 aeterna-

2055 5082 2171 5118 rutn
2201 5064 2611 5132 divinarumque
2643 5076 2822 5115 rerum
2853 5059 3135 5124 memoria,
3182 5061 3407 5113 omnino
3437 5061 3677 5115 animal'
3766 5090 3769 5093 -

2055 5170 2158 5211 non
2199 5165 2302 5206 cst.
2350 5152 2626 5220 Siquidem
2674 5158 2865 5204 cuncta
2899 5149 3031 5202 haec
3057 5149 3245 5203 eadem
3275 5158 3398 5201 sunt
3430 5150 3642 5204 homini

1646 5286 1897 5353 vanus:
1939 5281 2335 5349 LECTtoattas.

436 5399 450 5429 '
496 5398 589 5453 Sic
649 5396 766 5462 CF;
802 5396 845 5450 A
898 5399 1112 5465 species.

358 5471 375 5500 "
426 5470 461 5521 ὃ
487 5485 517 5523 c
556 5467 674 5529 CF;
710 5484 827 5521 cum
858 5483 1012 5521 sensu
1060 5483 1169 5520 om.
1197 5466 1262 5520 A.

356 5607 775 5676 (,udrupedum.
855 5608 894 5639 ¹¹
936 5618 1066 5660 recte
1106 5607 1301 5660 dixeris
1322 5607 1556 5662 out.CF.

359 5694 467 5745 per.
546 5676 593 5708 "
619 5676 711 5731 Sic
740 5676 846 5740 CF;
874 5677 915 5731 Α
941 5679 1129 5729 activa.
1206 5678 1247 5709 "
1286 5678 1325 5731 Α
1358 5679 1685 5731 constitutae.

358 5758 469 5823 pter
564 5746 609 5776 "
645 5746 897 5801 Asuura.
973 5749 1012 5778 "
1067 5749 1107 5800 Α
1157 5747 1324 5816 [arma
1351 5749 1578 5816 quadam

1212 5395 1453 5461 ’SicA;
1503 5407 1576 5451 est
1627 5411 1736 5449 om.
1794 5395 1910 5457 CF,
1968 5395 2060 5450 sed

1388 5467 1409 5501 '
1437 5468 1527 5521 Sic
1556 5466 1673 5530 Cl";
1704 5478 1777 5519 est
1807 5482 1913 5518 mu.
1947 5466 2013 5521 A.

357 5542 376 5567 κ
415 5540 502 5593 ,ὀξυ
529 5536 637 5601 CF;
671 5538 715 5590 Α
746 5553 925 5593 rerum
956 5548 1028 5590 est
1059 5538 1161 5591 hoc
1188 5547 1261 5590 est
1305 5552 1369 5591 ex
1401 5548 1629 5606 quatuor
1653 5537 1915 5589 elementis
1959 5536 2317 5606 compositum.

1641 5609 1681 5637 “
1719 5606 1996 5658 attributas
2016 5616 2124 5657 om.
2147 5604 2251 5661 CF.

1766 5676 1804 5705 ’⁷
1836 5676 1925 5732 Sic.
1954 5674 2059 5736 CF;
2095 5675 2135 5727 A
2167 5686 2387 5730 tantum.

1672 5750 1716 5778 ²²
1758 5745 1800 5798 Α
1840 5761 2018 5812 supra.

2741 5393 2759 5423 ³
2801 5390 2889 5445 Sic
2947 5389 3063 5453 CF;
3128 5398 3331 5442 terreno
3387 5403 3502 5443 om.
3574 5391 3639 5443 Α.

2240 5464 2524 5533 quoddam.
2633 5465 2653 5495 "
2687 5460 2775 5517 Sic
2813 5460 2931 5524 Cl";
2966 5459 3009 5513 Α
3044 5459 3139 5533 sub
3166 5459 3365 5533 ditique
3376 5461 3635 5533 fatigas.

2412 5532 2705 5607 3.Si§_.CF3
2744 5534 2898 5607 .rﬂF‘"
2928 5546 3036 5607 0"!z
3080 5529 3167 5607 A2,
3212 5528 3295 5607 ,λ’
3448 5527 3568 5607 CF;
3599 5533 3638 5581 Α

2328 5604 2370 5635 ³³
2401 5603 2492 5656 Sic
2516 5602 2623 5665 CF;
2651 5606 2689 5656 Α
2734 5599 3054 5671 Imjusntodi.
3135 5602 3176 5628 “
3210 5597 3299 5652 Sic
3325 5598 3429 5659 (LF;
3462 5599 3509 5652 Α
3542 5615 3635 5652 su-

2328 5691 2387 5727 m.
2465 5672 2506 5703 ⁸⁸
2536 5671 2623 5727 Sic
2652 5674 2757 5736 CF;
2791 5672 2830 5727 Α
2865 5671 2915 5723 in
2947 5669 3290 5723 sensibilibus.
3371 5669 3412 5700 "
3434 5668 3478 5721 Α
3506 5684 3642 5736 pro-

2537 5709 2610 5727 υ..
2655 5709 2715 5726 υ.
2746 5717 2757 5740 ,
2791 5709 2830 5727 ,ι

2498 5744 2542 5772 ¹”⁶
2582 5744 2621 5795 Α
2655 5762 2807 5812 quas.

2118 5410 2277 5517 ἕπει-ει
2326 5396 2504 5516 affer.
2558 5392 2620 5446 F.

2166 5508 2181 5517 .
2240 5481 2343 5517 auo
2420 5480 2524 5516 am.

2093 5744 2139 5775 ”
2187 5744 2228 5796 A
2270 5762 2418 5816 quae.
