3898 6154
192 337 288 391 755

1008 326 1095 381 DE
1136 323 1474 380 DlVlSlO‘NE
1516 322 1863 376 NATURAE.
1904 354 1973 362 —-
2011 322 2207 377 LIBER
2249 319 2601 390 QUARTUS.

3356 322 3454 377 754

192 437 658 493 runteaelestibus
687 440 961 503 essentiis,
1010 455 1148 508 quae.
1174 455 1357 502 Ollllle,
1388 440 1530 507 quod
1557 438 1608 491 in
1651 437 1761 490 aui-
1798 440 1840 497 Α
1872 436 2135 495 dillicilior
2180 436 2445 506 quaestio,
2493 443 2753 505 quantum
2810 432 2937 486 mihi
2988 432 3030 463 ’⁸
3072 431 3304 494 videtur.
3341 444 3458 488 orta

195 529 410 585 malium
437 543 629 586 natura
653 531 1147 601 comprehenditur,
1172 531 1489 586 excellentia
1520 530 1771 584 substan-

193 627 296 676 tiae
334 622 953 690 incomprehensibiliter
982 630 997 660 ι
1041 631 1317 691 superant.
1370 621 1538 676 Recte
1584 620 1767 691 igitur,

191 722 244 765 ut
272 711 542 775 diximus,
572 712 637 767 de
665 711 884 766 homine
914 711 1114 766 dicitur
1139 731 1151 765 :
1185 710 1384 765 animal
1408 718 1524 772 est,
1573 707 1768 762 animal

194 818 295 856 non
322 810 428 855 est.
457 801 608 869 Quod
638 801 800 856 etiam
836 815 899 855 ex
927 802 1252 856 auctoritate
1285 800 1500 854 divinae
1528 798 1773 866 Scriptu-

192 906 282 945 rae
312 906 597 959 possumus
627 892 1000 947 rorro‘oorare.
1050 891 1339 961 Apostolus
1365 891 1439 944 ait
1466 909 1479 944 :
1517 888 1772 944 Animalis

190 984 343 1037 homo
370 999 473 1036 non
511 983 721 1050 percipit
764 999 898 1052 quae
944 992 1065 1037 sunt
1098 982 1190 1037 Dei
1219 985 1264 1049 ³,
1303 991 1357 1038 ει
1383 983 1576 1037 lterum
1607 999 1619 1034 :
1655 979 1773 1050 Spi~

191 1071 394 1125 rilualis
422 1073 576 1125 homo
596 1071 807 1140 judico!
836 1073 1038 1136 omnia,
1068 1074 1179 1142 ipse
1202 1090 1320 1127 vero
1349 1090 1381 1125 α
1409 1073 1611 1125 nemine
1631 1070 1773 1138 diju-

189 1164 416 1215 dicntur.
445 1162 676 1227 Intuere,
709 1178 872 1232 quam
904 1163 1072 1227 clare,
1101 1179 1265 1232 quam
1295 1174 1479 1233 aperte
1501 1162 1771 1217 hominem

191 1252 330 1305 velut
358 1253 411 1306 in
439 1254 574 1307 duos
602 1254 850 1308 homines
870 1253 1081 1308 dividit.
1109 1255 1351 1321 Quorum
1379 1270 1518 1309 unus
1555 1253 1771 1323 quidem

190 1342 441 1405 animalis
487 1352 588 1405 est,
633 1345 889 1412 quoniam
952 1353 1179 1399 naturae
1228 1344 1540 1399 animalium
1583 1342 1773 1398 similis

189 1432 460 1496 consistit,
488 1446 625 1501 quae
657 1432 790 1487 nihil
826 1433 1188 1503 spiritualium
1215 1434 1266 1487 in
1295 1448 1353 1489 se
1379 1432 1609 1501 recipit;
1638 1431 1776 1485 alter

190 1539 319 1580 vero
363 1525 689 1595 spiritualis,
738 1527 993 1595 quoniam
1032 1525 1269 1581 aeternis
1315 1532 1369 1580 et
1404 1523 1776 1594 spiritualibus

190 1614 494 1683 divinisque
523 1616 888 1670 communicat
929 1616 1314 1679 subsistentiis,
1348 1614 1620 1683 totiusque
1661 1612 1774 1666 aui-

192 1702 447 1759 malitatis
471 1719 666 1775 expers
686 1712 787 1758 est.
832 1705 897 1759 Et
922 1694 984 1760 ea
1009 1705 1227 1775 quidem
1269 1719 1415 1775 pars,
1439 1719 1543 1773 qua
1575 1700 1774 1756 animal

1872 541 1973 586 est.
2006 528 2146 582 MAG.
2180 526 2328 592 Quae
2369 526 2437 578 sit
2486 524 2596 586 illa,
2628 523 2735 587 die,
2782 537 3003 590 quaeso.
3050 522 3190 577 Disc.
3228 522 3459 584 Vitim‘is,

1873 630 1933 675 ut
1961 594 2171 688 opinor,
2220 619 2355 670 duas
2405 616 2613 668 animus
2664 612 2716 665 in
2766 626 2871 665 uno
2916 611 3133 665 homine
3169 615 3462 667 subsistere

1873 709 2125 765 arbitrari
2152 726 2165 761 :
2202 722 2363 761 unam
2387 705 2626 775 quidem,
2655 719 2794 772 quae
2822 718 3018 772 corpus
3049 703 3087 734 ¹¹
3122 704 3461 758 administrat

1872 811 1928 856 et
1977 799 2214 854 vivilicat
2260 805 2315 852 et
2361 795 2530 851 nutrit
2580 802 2635 849 et
2666 802 2854 863 auget,
2908 806 2962 846 et
3016 809 3112 863 per
3173 809 3463 862 εοιροιηιοε

1873 905 2064 946 sensus
2118 887 2393 943 sensibilia
2444 885 2630 948 sentit,
2687 899 2983 951 eorumque
3038 884 3352 953 phantasias
3408 884 3460 936 in

1874 985 2133 1041 memoria
2176 999 2271 1038 sua
2304 982 2572 1045 recondit,
2619 989 2675 1034 et
2701 988 2906 1042 cetera,
2938 995 3078 1050 quae
3105 980 3314 1035 animas
3348 981 3459 1033 aui-

1876 1075 2093 1128 malium
2125 1082 2430 1127 ceterorum
2463 1071 2515 1123 in
2567 1067 2888 1137 corporibus
2933 1069 3043 1121 suis
3083 1083 3339 1137 peragere
3367 1085 3463 1121 no-

1878 1166 2143 1220 tissimum
2185 1171 2288 1226 est,
2336 1161 2563 1216 alteram
2613 1174 2742 1214 vero
2775 1160 2828 1213 in
2876 1160 3083 1213 ratione
3109 1170 3159 1213 et
3190 1160 3459 1215 intellectu

1875 1256 2256 1310 subsistentem
2307 1253 2371 1316 “,
2418 1252 2487 1305 ad
2536 1252 2815 1321 imaginem
2847 1251 2943 1304 Dei
2978 1261 3022 1305 et
3068 1252 3461 1306 similitudinem

1877 1347 2091 1415 factam.
2130 1344 2283 1412 Quod
2314 1343 2469 1397 valde
2512 1343 2807 1396 absurdum
2853 1342 3083 1396 videtur.
3131 1342 3271 1396 Illae.
3319 1343 3463 1397 Duas

1875 1435 2079 1489 animas
2106 1434 2159 1487 in
2194 1448 2301 1487 uno
2336 1432 2554 1488 homine
2591 1447 2690 1489 nec
2718 1432 2883 1493 ratio,
2920 1448 3019 1484 nec
3061 1432 3239 1485 divina
3273 1444 3461 1487 aucto—-

1875 1528 2009 1581 ritas
2030 1525 2157 1579 sinit
2185 1540 2268 1578 me
2299 1523 2576 1586 arbitrari;
2614 1524 2721 1577 imo
2750 1524 2913 1576 etiam
2942 1523 3190 1592 prohibet
3213 1564 3226 1587 ,
3250 1540 3348 1578 nec
3372 1525 3463 1578 ulli

1877 1626 2021 1672 recte
2050 1614 2544 1685 philosophantium
2578 1613 2658 1665 las
2684 1621 2768 1666 est
2793 1613 3101 1667 aestimare.
3134 1613 3308 1669 Unam
3336 1630 3465 1667 vero

1875 1711 2208 1777 eandemque
2240 1705 2616 1762 rationabilem
2650 1706 2883 1759 animam
2912 1706 3148 1760 humano
3184 1708 3395 1777 corpori
3424 1707 3466 1737 "

189 1806 290 1860 εὸιν
318 1795 611 1850 exterioris
658 1795 913 1862 hominis.
954 1812 1015 1851 ea
1052 1810 1200 1859 VCI‘O.
1232 1809 1337 1865 qna
1367 1802 1587 1867 ευρθνθι
1637 1799 1779 1846 οεῑθδ
1810 1802 1850 1859 Β
1882 1799 2137 1855 incll‘abili
2189 1798 2350 1853 modo
2394 1795 2702 1865 adiunctam
2756 1796 3032 1850 hominem
3083 1812 3205 1852 esse
3256 1813 3465 1862 assero,

191 1902 247 1940 ra
306 1887 566 1942 animalia
602 1897 658 1943 et
707 1889 965 1958 seipsum,
1013 1888 1065 1942 in
1109 1897 1368 1957 quantum
1429 1885 1629 1940 animal
1667 1893 1772 1944 est,

193 1977 468 2033 interioris
530 1992 767 2048 congrue
820 1976 1235 2048 appellationem
1299 1975 1510 2046 recipit.
1570 1975 1629 2030 In
1693 1975 1777 2028 his

190 2068 352 2133 enim,
379 2069 472 2137 qui
503 2067 858 2138 spiritualiter
881 2068 1089 2133 vivunt,
1118 2075 1172 2120 ut
1194 2066 1332 2120 idem
1370 2067 1445 2119 ait
1465 2063 1773 2134 Apostolus,

191 2161 413 2213 exterior
453 2160 610 2213 homo
647 2161 1023 2228 corrumpitur,
1066 2159 1284 2212 interior
1328 2173 1444 2211 vero
1492 2157 1556 2208 de
1598 2156 1683 2208 die
1722 2156 1776 2206 in

191 2252 318 2304 diem
368 2261 668 2304 renovatur.
723 2250 855 2304 Nam
883 2250 974 2320 qui
1009 2251 1030 2282 ³
1068 2249 1308 2320 perfecte
1338 2249 1506 2312 vivit,
1556 2247 1778 2301 omnino

191 2357 380 2410 corpus
409 2357 592 2408 suum,
617 2353 671 2397 et
695 2343 881 2407 vitam,
909 2357 1010 2411 qua
1040 2342 1169 2395 illud
1199 2341 1630 2403 administratur,
1660 2354 1776 2392 om-

192 2446 388 2500 tresque
403 2446 697 2501 corporeos
711 2448 899 2488 sensus
910 2448 1028 2487 cum
1043 2432 1149 2495 his,
1163 2448 1301 2503 quae
1318 2447 1411 2503 per
1425 2446 1516 2487 eos
1526 2431 1749 2500 percipit
1760 2470 1775 2495 ,

192 2537 481 2590 omnesque
503 2522 897 2579 irrationabiles
919 2533 1116 2590 motus,
1138 2541 1274 2596 quos
1296 2526 1347 2579 in
1371 2540 1431 2580 se
1445 2526 1629 2590 sentit,
1654 2539 1776 2578 cum

193 2611 429 2665 ninnium
475 2627 658 2666 rerum
707 2613 1044 2669 mutabilium
1093 2600 1386 2678 memoria,
1441 2630 1546 2669 non
1602 2613 1774 2669 solum

193 2703 412 2773 spernit,
441 2718 628 2756 verum
653 2702 840 2777 etiam,
879 2715 1141 2775 quantum
1174 2713 1374 2775 potest,
1398 2714 1453 2760 et
1480 2704 1776 2772 corrumpit

193 2803 244 2846 et
270 2792 522 2857 destruit,
559 2808 627 2848 ne
652 2793 761 2849 ullo
791 2794 950 2849 modo
991 2796 1045 2849 in
1082 2812 1148 2851 eo
1174 2797 1540 2867 praevaleant,
1566 2804 1622 2849 et
1654 2811 1775 2849 om-

192 2882 311 2950 nino
328 2883 509 2952 perire
521 2884 667 2937 eiset
680 2899 742 2938 ea
759 2885 859 2939 sibi
876 2885 1100 2954 appetit,
1116 2887 1351 2957 seipsum
1368 2902 1518 2950 vero,
1538 2887 1589 2939 in
1607 2900 1777 2955 quan-

196 2981 300 3025 tum
329 2973 588 3028 caelestis
609 2976 879 3047 essentiae
902 2977 1177 3048 particeps
1203 2986 1307 3043 est,
1335 2978 1399 3031 de
1430 2977 1514 3031 die
1537 2978 1590 3030 in
1614 2978 1770 3039 diem,

196 3060 291 3117 hoc
335 3072 443 3129 est,
474 3064 540 3118 de
583 3065 781 3119 virtute
829 3066 881 3120 in
928 3068 1185 3123 virtutem
1222 3070 1542 3129 ascendens,
1594 3068 1771 3122 divina

1880 1894 2159 1963 ipsumque
2196 1891 2470 1945 hominem
2507 1888 2739 1943 mirabili
2782 1889 3016 1958 quadam
3060 1896 3116 1943 et
3144 1888 3464 1957 intelligibili

1878 1986 2141 2039 divisione
2160 2000 2219 2038 ea
2248 1993 2423 2053 parte,
2450 1998 2552 2051 qua
2577 1982 2643 2035 ad
2672 1983 2957 2051 imaginem
2982 1990 3036 2034 et
3059 1981 3466 2036 similitudinem

1877 2076 2149 2131 Creatoris
2181 2073 2353 2129 factus
2378 2082 2483 2137 est,
2535 2072 2733 2127 nullius
2765 2071 3117 2126 animalitatis
3149 2072 3466 2142 participem

1877 2148 2019 2231 esse,
2056 2174 2109 2220 et
2138 2168 2205 2220 ab
2234 2182 2297 2220 ea
2320 2166 2543 2220 omnino
2568 2164 2899 2229 absolutum,
2930 2180 2991 2216 ea
3026 2180 3175 2227 vero,
3208 2180 3314 2234 qua
3348 2164 3466 2217 ani-

1878 2259 2101 2313 malitati
2130 2258 2513 2323 communicat,
2537 2258 2590 2311 in
2620 2257 2910 2312 universali
2938 2257 3248 2312 animalium
3273 2272 3470 2327 genere

1879 2350 1945 2404 de
1977 2358 2145 2415 terra,
2173 2350 2277 2403 hoc
2313 2356 2395 2402 est
2429 2348 2494 2401 de
2521 2349 2794 2402 communi
2832 2348 3070 2401 omnium
3118 2356 3306 2401 natura
3343 2362 3474 2416 pro-

1879 2441 2119 2496 ducturo.
2173 2441 2321 2494 DISC.
2366 2440 2505 2506 Quid
2554 2455 2685 2510 ergo
2731 2439 3013 2494 dicemus?
3050 2438 3187 2493 Num
3238 2440 3467 2493 lmmana

1879 2531 2055 2584 anima
2090 2529 2314 2598 simplex
2366 2530 2631 2599 quaedam
2675 2538 2867 2583 natura
2901 2530 3158 2599 omnique
3194 2530 3469 2598 composi-

1882 2621 2024 2674 tione
2046 2620 2309 2684 absoluta,
2339 2634 2406 2673 an
2437 2618 2480 2651 "
2504 2620 2824 2689 quihusdam
2856 2621 3100 2690 partibus
3128 2622 3178 2674 in
3207 2621 3470 2674 unitatem

1878 2712 2147 2783 quamlam
2201 2712 2444 2781 copulata
2491 2712 2754 2767 credenda
2805 2713 2930 2766 est?
2969 2712 3108 2768 MAG.
3158 2713 3331 2769 Unum
3384 2713 3469 2765 tir-

1878 2802 2119 2857 missime
2164 2810 2341 2865 teneo,
2372 2802 2670 2872 simplicem
2701 2802 2944 2856 videlicet
2978 2803 3231 2873 omnique
3281 2802 3468 2871 copula

1879 2894 2109 2964 partium
2141 2903 2415 2950 carentem
2446 2909 2585 2955 esse,
2616 2894 2842 2947 alterum
2874 2910 3000 2948 vero
3024 2895 3243 2948 omnino
3269 2895 3470 2958 abnuo,

1880 2986 1981 3039 hoc
2012 2993 2116 3047 est,
2145 2984 2307 3038 ullam
2335 2984 2783 3051 compositionem
2808 2983 3170 3037 dilferentium
3193 2999 3221 3037 a
3256 3000 3313 3037 se
3339 2985 3472 3037 invi-

1879 3091 1996 3131 cem
2039 3076 2271 3142 partium
2318 3075 2578 3144 recipere.
2624 3074 2754 3130 'I‘ota
2794 3076 2938 3129 enim
2976 3075 3028 3127 in
3066 3075 3240 3144 seipsa
3272 3075 3472 3143 ubique

195 3156 361 3225 gratia
408 3166 693 3224 movente,
741 3169 1084 3231 cooperante,
1141 3161 1372 3216 ducente
1400 3200 1415 3224 ,
1462 3158 1774 3228 perﬁciente

1882 3176 1961 3224 est
1988 3185 2086 3238 per
2115 3177 2305 3223 totum.
2364 3170 2496 3223 Tota
2529 3171 2791 3239 siquidem
2841 3170 2947 3224 vita
2997 3180 3113 3234 est,
3168 3179 3277 3225 tota
3312 3170 3469 3224 intel-

199 3257 435 3304 renovat.
467 3250 536 3304 Et
555 3265 618 3305 ea
640 3250 856 3319 quidem
889 3260 1103 3312 natura,
1131 3266 1235 3324 qua
1263 3249 1587 3305 animalibus
1612 3250 1775 3303 homo

196 3340 553 3395 communicat
574 3340 616 3406 ⁸,
639 3358 765 3396 caro
800 3342 1028 3410 dicitur;
1064 3357 1125 3396 ea
1149 3357 1297 3409 vero,
1325 3356 1464 3411 quae
1485 3341 1507 3373 ⁸
1527 3340 1777 3410 caelestis

199 3431 462 3486 essentiae
489 3432 763 3499 particeps
784 3441 885 3495 est,
922 3447 1096 3493 mens,
1127 3431 1209 3485 vel
1238 3432 1472 3503 animus,
1508 3430 1591 3483 vel
1621 3428 1777 3483 intel-

199 3517 382 3574 lectus.
429 3519 569 3573 Audi
615 3520 930 3590 Apostolum
959 3540 970 3573 :
1002 3520 1194 3584 Mente,
1228 3522 1436 3590 inquit,
1480 3518 1646 3574 servio
1677 3519 1778 3589 legi

202 3611 307 3677 Dei,
342 3629 502 3667 carne
534 3623 705 3666 autem
750 3614 850 3682 legi
879 3615 1096 3682 peccati.
1139 3612 1207 3668 Et
1251 3612 1673 3668 innumerabiles
1697 3613 1778 3665 di-

202 3706 351 3758 vinae
408 3703 722 3775 Scripturae
751 3707 1051 3761 sententiae
1082 3707 1183 3760 hoc
1232 3706 1406 3775 ipsum
1454 3705 1773 3774 approbant.

198 3795 329 3860 Quid
358 3795 522 3864 igitur
549 3795 765 3859 mirum,
796 3795 841 3850 si
870 3795 1065 3866 duplex
1091 3795 1326 3850 hominis
1352 3794 1591 3849 conditio
1622 3793 1777 3848 intel-

199 3883 413 3953 ligatur,
444 3900 563 3938 cum
598 3885 711 3954 ipse
743 3885 1139 3954 quodammodo
1168 3884 1363 3953 duplex
1394 3883 1504 3938 sit?
1541 3883 1608 3937 Et
1635 3882 1777 3952 quod

201 3973 515 4028 animalibus
545 3975 720 4029 simile
740 3985 845 4040 est,
875 3989 995 4031 cum
1037 3975 1381 4039 animalibus,
1410 3974 1552 4045 quod
1597 3984 1775 4029 autem

200 4063 566 4132 spiritualibus
609 4081 705 4135 per
745 4081 803 4121 se
843 4076 897 4121 et
938 4066 1205 4131 absolute,
1247 4082 1369 4122 cum
1409 4066 1778 4137 spiritualibus

200 4155 394 4209 creari.
424 4159 499 4211 Ac
538 4173 635 4227 per
664 4158 765 4212 hoc
805 4175 910 4211 non
945 4168 994 4213 te
1026 4160 1221 4223 turbet,
1258 4159 1400 4227 quod
1431 4158 1559 4221 dixi,
1602 4158 1776 4211 homi-

200 4259 321 4300 nem
346 4260 461 4299 cum
485 4248 678 4302 ceteris
700 4249 1022 4304 animalibus
1050 4251 1101 4303 in
1134 4265 1239 4303 uno
1267 4249 1564 4318 eodemque
1587 4262 1783 4319 genere

199 4336 266 4388 de
321 4344 457 4391 terra
512 4339 854 4405 productmn,
893 4347 949 4392 et
1001 4340 1139 4393 ultra
1186 4340 1425 4393 omnium
1466 4338 1777 4393 animalium

203 4432 446 4479 naturam
485 4426 554 4479 ad
582 4428 857 4497 imaginem
901 4437 948 4481 et
988 4428 1384 4482 similitudinem
1429 4427 1526 4481 Dei
1554 4426 1776 4481 factum.

1880 3257 2050 3312 lectus
2071 3299 2085 3324 ,
2116 3266 2225 3311 tota
2264 3258 2406 3312 ratio
2426 3300 2440 3319 ,
2473 3265 2582 3312 tota
2616 3273 2838 3321 sensus.
2873 3267 2981 3313 tota
3009 3260 3268 3313 memoria
3292 3303 3306 3324 ,
3361 3268 3468 3311 tota

1880 3364 2077 3418 corpus
2105 3349 2362 3415 vivificat,
2386 3349 2579 3414 nutrit,
2607 3350 2871 3411 continet,
2895 3360 3084 3420 auget;
3122 3360 3229 3403 tota
3259 3350 3310 3403 in
3338 3349 3470 3403 totis

1882 3439 2131 3494 sensibus
2154 3440 2362 3507 species
2389 3454 2570 3493 rerum
2602 3438 2936 3493 sensibilium
2967 3438 3160 3503 sentit;
3195 3447 3302 3492 tota
3332 3439 3475 3507 ipsa-

1879 3547 1998 3585 rum
2032 3547 2233 3594 rerum,
2261 3531 2401 3585 ultra
2432 3546 2646 3586 omnem
2676 3545 2993 3601 corporemn
3019 3533 3062 3567 ¹⁵
3093 3545 3331 3592 sensum,
3380 3531 3473 3583 na;

1884 3632 2063 3676 turam
2114 3632 2168 3677 et
2217 3624 2482 3678 rationem
2538 3630 2758 3686 tractat,
2815 3623 3104 3686 discernit,
3160 3620 3471 3690 conjungit,

1881 3710 2175 3779 dijudicat;
2216 3721 2327 3765 tota
2355 3721 2507 3765 extra
2533 3720 2587 3765 et
2615 3726 2776 3780 supra
2808 3725 3022 3765 omnem
3059 3718 3390 3775 creaturam,
3419 3718 3476 3763 et

1882 3801 2140 3868 seipsam,
2167 3801 2291 3870 quia
2321 3802 2371 3855 in
2405 3818 2630 3857 numero
2654 3811 3022 3857 creaturarum
3061 3800 3473 3869 comprehendi-

1884 3899 1987 3951 tur,
2016 3890 2161 3945 circa
2192 3905 2349 3944 suum
2396 3892 2709 3947 Creatorem
2761 3890 3077 3959 intelligihili
3116 3899 3261 3944 motu
3311 3900 3473 3957 atque

1883 3989 2124 4043 aeterno,
2154 3979 2279 4033 dum
2318 3981 2573 4034 omnibus
2601 3980 2744 4032 vitiis
2769 3979 3175 4048 phantasiisqne
3204 3979 3246 4009 ¹⁶
3278 3994 3470 4045 purga-

1884 4081 1985 4127 tur.
2016 4071 2476 4127 circumvolvitur.
2509 4071 2577 4129 Et
2611 4085 2729 4124 cum
2765 4070 2837 4139 ita
2884 4069 3109 4136 simplex
3152 4067 3473 4120 naturaliter

1883 4163 2163 4227 subsistat,
2214 4177 2429 4216 suarum
2468 4160 2980 4231 intelligibilium‘ct
3040 4157 3471 4212 substantialimu

1885 4250 2334 4316 dill'erenliarum,
2366 4251 2529 4305 veluti
2571 4252 2732 4305 totius
2758 4251 2807 4303 in
2839 4260 3022 4318 partes
3064 4247 3355 4301 divisiones
3385 4263 3474 4301 re-

1883 4346 2015 4413 cipit
2040 4344 2336 4399 secundum
2368 4336 2615 4400 motuum
2650 4360 2870 4398 suorum
2898 4344 3362 4399 umnercsitatem.
3392 4343 3475 4399 Ae

1883 4449 1980 4502 per
2009 4433 2111 4488 hoc
2142 4433 2323 4487 multis
2353 4434 2661 4487 nominibus
2684 4435 3062 4488 denominatur
3093 4431 3160 4486 ".
3193 4432 3472 4501 Siquidem

201 4514 348 4571 Disc.
382 4516 495 4572 Non
545 4533 631 4572 me
674 4518 695 4549 ⁸
740 4517 989 4573 fortassis
1042 4526 1303 4582 moveret,
1366 4510 1410 4573 Si
1458 4533 1670 4587 pOSSBm
1713 4518 1778 4571 8d
1814 4503 1858 4559 υ
1885 4524 2010 4578 dum
2061 4524 2205 4577 circa
2237 4522 2475 4576 divinam
2508 4523 2798 4577 essentiam
2831 4522 3066 4586 vehitur,
3114 4531 3167 4575 et
3202 4539 3372 4586 mens,
3418 4533 3474 4575 et

203 4620 395 4675 purum
437 4608 772 4678 dignoscere,
805 4608 1085 4678 quomodo‘
1103 4609 1201 4663 sub
1236 4623 1343 4662 uno
1369 4608 1663 4675 eodemque
1691 4622 1780 4677 ge.—

203 4715 333 4755 ncre
357 4711 673 4757 cunctorum
722 4703 1034 4757 animalium
1083 4705 1154 4757 ita
1186 4704 1349 4757 homo
1399 4703 1648 4757 conditus
1688 4702 1781 4766 sit,

204 4800 263 4844 ut
288 4792 489 4847 meliori
512 4793 638 4848 sui"
685 4803 839 4864 parte
880 4796 1083 4865 super8
1127 4810 1342 4849 omnem
1383 4804 1629 4847 naturam
1669 4793 1783 4845 ani-

202 4883 415 4938 malium
449 4886 727 4941 subsistat.
777 4886 917 4941 Mac.
968 4887 1155 4951 Miror,
1201 4902 1299 4941 cur
1327 4888 1515 4941 eadem
1566 4886 1782 4954 repetis.

202 4975 443 5035 Diximus
471 4981 641 5046 enim,
693 4982 989 5045 hominem,
1027 4983 1080 5036 in
1130 4992 1389 5053 quantum
1431 4982 1629 5037 animal
1675 4992 1779 5046 est,

204 5065 344 5122 inter
372 5070 623 5125 animalia
655 5072 754 5126 sub
798 5088 903 5126 uno
925 5088 1121 5143 genere
1151 5090 1165 5138 ;
1199 5075 1249 5129 in
1280 5083 1538 5145 quantum
1584 5073 1780 5128 animal

202 5172 313 5213 non
354 5172 455 5223 est,
502 5170 655 5216 extra
698 5177 857 5218 omne
899 5179 1068 5232 genus
1112 5165 1351 5218 omnium
1420 5164 1731 5219 animalium
1759 5165 1778 5195 ⁹

204 5248 400 5306 factum
456 5254 640 5309 fuisse.
683 5254 829 5309 Dtsc.
887 5255 1068 5310 Eheu!
1120 5253 1238 5310 Jam
1294 5254 1466 5323 major
1520 5256 1782 5326 longeque

1885 4618 2190 4679 aninms,et
2216 4614 2550 4676 intellectus;
2578 4614 2701 4668 dum
2727 4630 2907 4669 rcrmn
2925 4623 3228 4668 creatarnm
3256 4624 3477 4669 naturas

1885 4718 2184 4773 causasque
2210 4703 2541 4767 considerat,
2579 4704 2749 4768 ratio;
2784 4704 2906 4756 dum
2936 4717 3033 4772 per
3067 4718 3257 4757 sensus
3288 4718 3478 4772 corpo-

1892 4812 2011 4850 reos
2035 4796 2246 4864 species
2267 4796 2599 4850 sensibilium
2628 4796 2838 4864 recipit,
2871 4810 3098 4859 sensus;
3129 4795 3253 4848 dum
3281 4795 3330 4847 in
3357 4810 3477 4846 cor-

1892 4904 2021 4958 pore
2048 4886 2289 4942 occultos
2318 4902 2445 4941 suos
2475 4896 2651 4941 motus
2693 4887 2847 4955 juxta
2891 4885 3296 4941 similitudinem
3343 4885 3479 4937 irra-

1896 4977 2231 5033 tionabilium
2284 4977 2586 5032 animarqu
2640 4978 2885 5047 peragit,
2940 4976 3229 5031 nutriendo
3267 4974 3394 5027 illud
3425 4982 3477 5025 et

1889 5069 2131 5139 augendo
2160 5068 2338 5123 vitalis
2386 5068 2603 5139 proprie
2652 5077 2829 5122 motus
2862 5067 2904 5099 ¹⁸
2934 5067 3073 5121 solet
3109 5063 3385 5135 appellari.
3422 5062 3477 5115 la

1889 5163 1971 5216 his
2000 5171 2179 5217 autem
2209 5162 2459 5217 omnibus
2484 5171 2592 5217 tota
2619 5163 2817 5231 ubique
2840 5172 2943 5215 est.
2983 5161 3125 5215 DISC.
3157 5159 3289 5211 Tota
3316 5154 3478 5224 igitur

1888 5269 1937 5311 et
1970 5260 2020 5312 in
2052 5274 2248 5328 genere
2278 5258 2589 5313 animalium
2622 5259 2688 5313 de
2707 5267 2848 5314 terra
2880 5257 3136 5327 producta
3154 5260 3251 5312 est,
3283 5257 3337 5304 et
3364 5257 3474 5302 tota

1487 5365 1740 5420 V_\RIAE
1780 5366 2178 5421 I.E(ITIONES.

279 5428 575 5511 ἱεὶς-(Ζῐῆ
608 5436 649 5489 Α
679 5436 997 5511 excellentia
1031 5454 1156 5489 suae
1185 5446 1415 5511 naturae
1440 5437 1935 5511 incantpnmbiliter.
1978 5441 2033 5511 θ’
2068 5439 2308 5511 SicCF;
2338 5440 2376 5492 Α
2410 5441 2644 5511 spiritus.
2722 5441 2743 5471 ³
2781 5438 2870 5511 Sig
2919 5436 3044 5498 CF;
3082 5434 3123 5488 Α
3154 5432 3265 5511 ,τιθεῖ
3311 5432 3466 5481 θηίηδ

208 5496 231 5579 ξ
542 5496 594 5579 ΔΑ
641 5508 985 5579 communicat
1016 5510 1187 5579 homo.

207 5567 229 5595 ’
272 5568 358 5619 Sir
387 5573 495 5631 CF:
527 5576 564 5627 A
612 5577 923 5628 animalium
972 5578 1224 5629 omnium.

206 5652 411 5694 $""'ll$.

488 5645 526 5673 ¹³
552 5644 641 5698 Sic
663 5646 779 5707 CF;
806 5647 1034 5699 Immone
1065 5647 1268 5709 corpori
1292 5662 1401 5698 om.
1430 5648 1490 5699 Α

207 5710 296 5761 Li"
317 5752 328 5763 .
356 5713 734 5783 pinnat/xxiii;qu
764 5734 873 5769 out.
905 5717 967 5767 Λ.

1047 5718 1087 5748 ¹⁷
1129 5717 1215 5768 Sic
1254 5716 1369 5779 (3F;
1406 5719 1443 5768 Α
1493 5719 1788 5770 ιΙινιι(ι’‹ι1ηι·.

1302 5505 1324 5537 ⁸
1363 5506 1453 5560 Sic
1484 5505 1619 5564 (1F:
1654 5509 1692 5560 A
1732 5525 1855 5576 quo.

1327 5577 1368 5606 ¹⁰
1412 5576 1501 5629 Sit:
1543 5577 1657 5637 CF;
1711 5579 1836 5630 mihi
1874 5593 1981 5629 (tut.
2038 5580 2099 5631 Α.

1570 5647 1613 5677 ’⁸⁸
1642 5649 1677 5699 .\
1714 5665 1784 5699 tn.
1844 5649 1909 5678 ’¹⁵
1934 5651 2023 5700 Sic
2054 5650 2088 5701 Α
2114 5667 2126 5706 :
2158 5649 2242 5704 CF
2274 5651 2410 5703 ultra
2441 5647 2968 5714 onmeiucorporenm
2994 5660 3233 5696 sensum.

1869 5720 1909 5749 “‘
1944 5721 2032 5773 Sic
2064 5719 2178 5782 CF;
2231 5722 2271 5772 Α
2316 5722 2419 5773 rita
2460 5721 2666 5785 proprie
2697 5720 2885 5785 (motus
2914 5729 3045 5784 om.)

1970 5510 1990 5537 ⁸
2054 5510 2089 5560 Α
2145 5509 2354 5563 Nonne.
2434 5503 2487 5542 ’⁷
2528 5512 2619 5565 Sic
2647 5512 2683 5564 A
2724 5526 2737 5573 ;
2786 5507 3039 5588 Clit-sul}.
3104 5573 3117 5588 ⁸
3153 5503 3175 5535 ⁸
3212 5503 3461 5588 Ain-ml"?

2206 5580 2245 5650 Ῥ
2287 5581 2327 5633 Α
2382 5598 2568 5650 corpus
2614 5569 2766 5647 quae.
2870 5577 2911 5607 "
2954 5574 3045 5629 Sic
3095 5573 3166 5634 εις
3214 5569 3469 5650 CFmsglr-

3313 5639 3354 5672 lt:
