3898 6154
434 290 543 350 7335

1790 293 2070 348 JOANNIS
2111 293 2306 350 SCOTI

3573 300 3668 354 756

433 403 502 456 a.l
535 401 820 472 imaginem
851 402 944 458 Dei
977 403 1136 457 facta.
1189 401 1485 456 Praedictis
1525 400 1668 457 enim
1717 404 2014 460 rationibus
2041 409 2089 468 Α
2119 406 2283 462 ritum
2313 408 2460 464 nullo
2507 409 2666 464 modo
2711 410 2924 466 sullicit.
2964 409 3227 464 Animalis
3257 375 3412 480 igitur
3436 413 3586 470 homo
3619 424 3666 471 et

435 490 793 554 concluditur,
834 492 904 544 ita
935 499 990 545 et
1025 507 1128 545 non
1177 491 1333 545 aliter
1361 507 1501 546 esse.
1549 493 1687 550 MAG.
1722 494 1924 559 Etiam;
1963 505 2017 550 et

436 595 535 634 nec
558 580 647 634 ulli
673 589 817 634 recte
843 595 907 634 ac
930 581 1016 650 pie
1040 580 1528 650 philosophantium
1551 582 1616 636 de
1641 582 1742 636 hoc
1768 583 2017 638 dubitare

435 672 579 732 licet,
601 686 664 722 ne
680 669 1132 737 simplicissimum
1155 679 1210 726 et
1241 671 1569 725 individuam
1595 682 1840 728 naturam
1874 677 2016 730 scin-

433 763 560 816 dere
583 761 844 824 videatur,
869 763 1010 831 quod
1033 762 1184 816 valde
1206 763 1426 833 impium
1448 775 1550 819 est.
1579 765 1700 820 Dtsc
1739 768 2016 833 Quomodo

431 861 560 920 ergo
604 865 742 906 unus
771 861 932 919 atque.
975 851 1115 904 i.lcm
1152 852 1335 918 homo,
1360 855 1656 908 secundum
1687 857 2015 924 praedictam

430 939 878 1005 controversiam,
907 949 960 992 et
984 940 1182 994 animal
1214 950 1298 994 est
1323 951 1378 995 et
1414 957 1520 996 non
1558 953 1642 996 est
1670 943 1891 1006 animal,
1935 943 2014 998 vel

431 1027 696 1095 quicmodo
725 1038 778 1082 et
805 1029 1054 1083 animalis
1079 1038 1242 1086 estet
1265 1031 1516 1085 animalis
1539 1047 1642 1085 non
1665 1041 1781 1096 est,
1811 1042 1864 1086 et
1889 1049 2016 1086 caro

431 1128 511 1170 est
542 1127 592 1172 ct
621 1133 750 1172 caro
794 1136 897 1172 non
931 1127 1044 1182 est,
1077 1129 1132 1174 et
1176 1120 1474 1190 spiritualis
1516 1131 1601 1176 est
1641 1129 1695 1178 et
1725 1123 2016 1192 spiritualis

431 1225 536 1262 non
571 1219 681 1274 est,
714 1218 768 1263 et
808 1211 1078 1278 quomodo
1126 1211 1261 1264 haec
1301 1211 1401 1266 sibi
1435 1213 1662 1267 invicem
1691 1215 1934 1283 opposita
1962 1225 2018 1269 et

431 1298 853 1353 eontradicentia
889 1297 939 1352 in
983 1314 1088 1353 una
1119 1299 1520 1370 simplicissima
1567 1312 1755 1357 natura
1792 1314 2016 1374 possunt

433 1389 681 1458 intelligi,
717 1405 823 1443 non
865 1389 999 1443 satis
1025 1389 1201 1445 video.
1243 1390 1383 1446 Mtte.
1415 1392 1492 1446 Ex
1521 1392 1628 1456 his,
1673 1409 1812 1462 quae
1857 1409 2013 1463 prae-

432 1478 574 1532 dicta
619 1487 762 1541 sunt,
795 1495 974 1546 omne,
1011 1481 1154 1551 quod
1197 1481 1291 1537 tibi
1341 1482 1554 1538 videtur
1585 1483 1635 1538 in
1673 1485 2016 1554 simplicitate

432 1566 700 1622 humanae
758 1579 984 1624 naturae
1031 1574 1387 1634 contrarium,
1438 1573 1482 1625 si
1535 1572 1656 1640 quis
1691 1573 1948 1628 intentius
1995 1575 2008 1606 '

429 1659 788 1726 perspexerit,
843 1659 960 1714 luce
1005 1659 1206 1716 clarius
1259 1662 1516 1727 inveniet,
1549 1680 1652 1718 non
1690 1664 1862 1720 solum
1909 1681 2028 1738 non,

2119 497 2180 550 tit
2202 507 2257 552 et
2277 498 2493 564 dicitur,
2511 503 2748 569 quando,
2767 501 2968 557 relictis
2982 501 3240 563 motibus,
3257 503 3340 570 qui
3355 501 3377 532 '
3391 505 3665 561 secundum

2119 586 2382 642 rationem
2441 597 2498 644 et
2569 589 2899 644 intellectum
2961 598 3086 646 sunt
3133 590 3276 645 circa
3326 591 3664 662 cognitionem

2115 673 2390 732 Creatoris
2417 685 2473 732 et
2501 689 2802 740 creaturae,
2833 680 2884 734 in
2912 689 3093 735 motus
3126 680 3536 744 irrationabiles,
3553 683 3664 752 qni-

2116 766 2216 821 bus
2244 767 2496 823 animalia
2540 770 2694 825 bruta
2727 771 2869 825 circa
2902 771 3143 840 corporis
3167 771 3425 826 desideria
3465 787 3658 826 moven-

2116 867 2223 924 tur,
2261 869 2558 929 spontaneo
2587 863 2825 932 appetitu
2876 861 3094 925 decidit,
3141 863 3212 916 ita
3244 871 3302 916 ut
3342 871 3505 916 tutam
3529 879 3662 918 suam

2118 951 2464 1006 intentionem
2489 953 2510 985 ⁸
2545 955 2912 1022 temporalium
2936 953 3313 1026 fragilinmque
3335 972 3509 1010 rerum
3532 967 3581 1010 et
3605 958 3660 1011 ad

2117 1055 2223 1094 non
2269 1055 2390 1094 esse
2419 1042 2752 1097 tendentium
2785 1043 3014 1100 letiferis
3040 1043 3485 1100 delectationibus
3508 1045 3652 1114 ingur-

2115 1131 2247 1200 gitet
2278 1148 2290 1183 :
2325 1131 2619 1200 spiritualis
2647 1149 2797 1194 vero,
2829 1134 2954 1188 dum
2988 1143 3192 1188 mutata
3223 1136 3370 1188 omni
3404 1151 3661 1190 conversa-

2116 1222 2261 1276 tione
2290 1222 2341 1276 in
2376 1221 2592 1285 melius,
2625 1223 2794 1278 divini
2847 1226 3048 1280 amoris
3093 1225 3340 1280 incendio
3386 1226 3658 1280 inﬂamma-

2116 1321 2224 1376 tus,
2255 1313 2458 1367 mundo
2485 1322 2540 1367 et
2577 1329 2742 1369 carne
2778 1316 2922 1369 omni
2967 1318 3127 1370 modo
3161 1317 3375 1386 spretis,
3417 1315 3656 1370 omnibus

2113 1420 2218 1474 que
2249 1403 2566 1458 animalium
2618 1405 2854 1460 motibus
2896 1406 3124 1470 relictis,
3171 1406 3236 1460 ad
3265 1405 3569 1461 caelestium
3591 1420 3660 1460 es-

2112 1493 2408 1548 sentiarnm
2460 1492 2869 1549 similitudinem
2919 1504 3062 1550 totus
3113 1495 3541 1558 transl'ormatur,
3583 1504 3656 1557 ut,

2111 1584 2254 1652 quod
2277 1584 2326 1638 ei
2351 1582 2589 1638 futurum
2615 1593 2700 1638 est
2727 1585 3022 1640 secundum
3059 1584 3524 1640 inconversibilem
3551 1583 3658 1637 sub-

2110 1673 2384 1736 stantiam,
2419 1675 2521 1729 hoc
2549 1674 2602 1729 in
2630 1689 2697 1728 eo
2719 1673 3044 1744 praecedat’
3074 1674 3365 1728 secundum
3409 1675 3544 1728 vitae
3575 1674 3660 1728 vir-

429 1759 552 1799 esse
583 1749 938 1814 contrarium,
971 1765 1160 1804 verum
1193 1751 1356 1804 etiam
1399 1752 1620 1806 omnino
1667 1755 2010 1809 conveniens.
2048 1755 2087 1811 li
2119 1761 2320 1817 tutibus
2347 1772 2574 1818 ornatae
2603 1763 2938 1831 qualitatem.
2973 1762 3050 1818 Ac
3073 1778 3172 1834 per
3195 1763 3300 1817 hoc
3340 1763 3542 1818 duobus
3566 1777 3658 1818 mo-

431 1837 657 1892 Constat
688 1841 832 1894 enim
869 1843 1014 1896 inter
1042 1842 1336 1914 sapientes,
1370 1843 1422 1898 in
1453 1843 1670 1899 homine
1699 1845 2008 1904 universam

426 1937 733 1985 creaturam
784 1932 1048 1986 contineri
1079 1935 1122 1986 ¹.
1183 1932 1436 2004 lntelligit
1459 1934 1602 1986 enim
1635 1942 1686 1986 et
1719 1934 2014 1988 ratiocina-

433 2029 539 2080 tur,
583 2031 639 2074 nt
689 2023 939 2092 angelus;
991 2025 1156 2079 sentit
1204 2035 1259 2078 et
1309 2039 1505 2094 corpus
1548 2025 1909 2092 administrat,
1952 2033 2011 2080 ut

430 2113 662 2178 animal;
711 2130 774 2168 ac
803 2131 900 2184 per
943 2115 1044 2170 hoc
1088 2116 1265 2170 omnis
1307 2125 1552 2169 creatura
1602 2117 1653 2169 in
1699 2131 1764 2170 eo
1816 2117 2012 2170 intelli—

429 2212 594 2267 gitur.
663 2203 850 2258 Totius
912 2206 1176 2274 siquidem
1243 2217 1528 2261 creaturae
1579 2207 2010 2277 quinquepertita

429 2292 623 2346 divisio
679 2300 780 2345 cst.
839 2293 945 2346 Aut
993 2294 1136 2348 enim
1181 2309 1442 2363 corporea
1497 2303 1603 2358 est,
1659 2304 1754 2348 aut
1808 2295 2009 2359 vitalis,

429 2389 526 2432 ant
583 2381 874 2444 sensitiva,
939 2392 1034 2436 aut
1090 2383 1402 2446 rationalis,
1461 2393 1555 2437 aut
1618 2384 2008 2440 intellectualis.

428 2467 494 2522 Et
534 2470 667 2522 haec
711 2469 891 2522 omnia
927 2470 1070 2524 onmi
1109 2471 1267 2524 modo
1303 2473 1355 2524 in
1391 2473 1606 2525 homine
1641 2473 2006 2528 continentur.

429 2561 738 2614 Extremum
769 2561 982 2630 quidem
1035 2562 1416 2618 subsistentiae
1439 2563 1460 2594 ³
1487 2564 1653 2633 ipsius
1678 2580 1874 2634 corpus
1895 2575 2008 2627 est;

428 2637 621 2704 deinde
669 2651 944 2705 scminalis
993 2653 1100 2704 vita
1147 2653 1390 2720 corporis
1437 2653 1893 2715 :nlmiuistrativa,
1926 2655 2010 2709 cui

429 2750 646 2810 praeest
664 2757 884 2807 sensus;
903 2743 1095 2796 deinde
1117 2744 1274 2807 ratio,
1301 2759 1438 2814 quae
1467 2743 1811 2798 inferioribus
1832 2761 1890 2800 se
1918 2761 2012 2800 na-

429 2842 586 2886 turae
616 2833 857 2902 partibus
893 2832 1228 2894 dominatur;
1277 2849 1586 2904 supremum
1627 2834 1679 2888 in
1720 2835 1805 2890 bis
1839 2837 2017 2890 omni-

429 2921 530 2976 lms
559 2923 773 2976 animus
803 2922 1012 2976 obtinet
1053 2923 1244 2978 locum.
1277 2925 1355 2978 Ac
1383 2939 1478 2993 per
1503 2924 1605 2978 hoc
1642 2933 1749 2979 tota
1779 2926 2010 2981 humana

431 3019 644 3077 natura,
677 3013 728 3066 in
765 3022 1024 3082 quantum
1055 3015 1419 3071 communicat
1447 3016 1792 3081 animalibus,
1819 3017 2014 3072 merito

2114 1852 2197 1908 dis
2241 1853 2494 1908 animalis
2541 1854 2702 1908 homo
2729 1852 3074 1922 cognoscitur
3105 1865 3122 1906 :
3163 1867 3271 1907 uno
3305 1853 3539 1922 quidem,
3571 1867 3658 1918 quo

2112 1943 2406 1998 secundum
2438 1952 2685 1998 naturam
2723 1942 2992 2006 subsistit,
3035 1941 3226 2005 altero,
3253 1941 3346 2010 qui
3373 1943 3424 1996 ei
3451 1956 3511 1995 ex
3548 1939 3660 1994 irra-

2113 2031 2356 2087 tionabili
2395 2041 2545 2087 motu
2586 2033 2790 2087 liberae
2812 2031 3106 2086 voluntatis
3145 2029 3579 2100 proclivaeque“
3603 2029 3656 2080 ad

2114 2123 2374 2176 malitiam
2399 2123 2612 2178 accidit.
2659 2122 2920 2176 Similiter
2957 2120 3252 2193 spiritualis
3297 2130 3354 2175 et
3393 2119 3655 2174 secundum

2114 2220 2357 2267 naturam
2401 2213 2734 2274 subsistens,
2786 2221 2841 2265 et
2905 2193 3195 2266 secundum
3249 2209 3446 2264 bonam
3499 2208 3655 2261 volun-

2111 2308 2276 2354 tatem
2323 2301 2500 2356 divina
2550 2301 2722 2372 gratia
2766 2309 3133 2368 praeventam,
3159 2307 3280 2354 actu
3310 2307 3365 2352 et
3393 2297 3596 2352 scientia
3620 2298 3653 2326 “

2113 2399 2414 2461 purgatam,
2453 2391 2708 2442 virtutum
2757 2390 2798 2421 "
2848 2389 3180 2442 ornamentis
3237 2387 3570 2446 redimitam,
3603 2384 3655 2434 ad

2111 2483 2394 2554 pristinam
2433 2481 2646 2534 divinae
2692 2479 2938 2549 imaginis
2967 2477 3280 2548 dignitatem
3315 2483 3579 2530 revocatus
3601 2471 3653 2523 ⁸³.

2115 2573 2260 2627 DISC.
2292 2571 2437 2625 llaec
2466 2570 2696 2624 libenter
2719 2567 2956 2636 accipio;
2987 2566 3078 2620 sed
3109 2581 3212 2618 non
3237 2579 3467 2634 perpure
3486 2564 3523 2595 “
3551 2575 3656 2615 con-

2112 2659 2313 2730 spicor,
2367 2661 2659 2728 quomodo,
2715 2672 2836 2711 cum
2889 2669 3077 2710 omnes
3145 2654 3356 2723 species
3405 2653 3458 2706 in
3493 2664 3655 2723 genere

2112 2767 2278 2804 unum
2326 2757 2473 2815 sunt,
2519 2748 2952 2803 contradicentes
2997 2745 3138 2798 inter
3181 2759 3239 2796 se
3285 2743 3510 2796 invicem
3540 2741 3584 2792 in
3620 2739 3656 2770 "

2114 2840 2206 2895 illo
2249 2855 2412 2894 unum
2459 2838 2778 2893 subsistunt.
2838 2833 3086 2890 Deﬁnitio
3137 2832 3399 2901 siquidem
3453 2828 3658 2884 hominis

2115 2939 2423 2984 ceterorum
2455 2926 2768 2982 animalium
2794 2923 3196 2980 definitionibus
3217 2921 3575 2976 contradicere
3594 2918 3657 2970 vi-

2117 3021 2292 3076 detur.
2315 3019 2565 3074 Estenim
2581 3019 2744 3072 homo
2761 3015 2804 3048 ¹⁶
2828 3014 3026 3069 animal
3056 3011 3338 3073 rationale,
3355 3019 3528 3064 cetera
3550 3023 3656 3061 vero

428 3103 624 3157 animal
655 3113 757 3159 est.
787 3104 1160 3160 Communicat
1180 3118 1360 3162 autem
1391 3109 1488 3174 eis,
1517 3109 1572 3164 in
1601 3118 1861 3179 quantum
1883 3125 2008 3164 cor-
2037 3103 2080 3162 C
2113 3111 2364 3167 animalia
2421 3108 2832 3164 irrationabilia.
2885 3105 3134 3169 Videsne,
3163 3104 3431 3174 quomodo
3491 3103 3658 3157 adver-

429 3209 464 3261 p
488 3210 529 3247 :s
557 3204 657 3257 est,
689 3203 740 3248 et
768 3195 871 3248 vita
896 3211 1091 3266 corpus
1115 3198 1371 3268 regitans,
1399 3208 1452 3253 et
1480 3215 1693 3265 sensus,
1718 3208 1771 3254 et
1801 3215 2006 3255 memo-

433 3286 509 3337 ria
543 3300 720 3337 rerum
755 3286 1084 3340 sensibiliuzn
1115 3288 1430 3356 phantasias
1455 3297 1692 3344 tractans
1722 3309 1734 3344 :
1763 3290 1815 3344 in
1845 3307 2010 3360 quan-

433 3383 544 3426 tum
598 3390 728 3428 vero
773 3375 985 3428 divinae
1033 3377 1385 3448 caelestisque
1427 3381 1692 3434 essentiae
1741 3382 2010 3451 particeps

431 3473 510 3518 est
539 3465 582 3526 ⁸,
615 3481 720 3518 non
767 3473 850 3518 cst
897 3467 1112 3530 animal,
1148 3471 1356 3524 ratione
1407 3481 1586 3525 autem
1631 3481 1685 3526 et
1735 3473 2008 3528 intellectu

434 3563 883 3623 aeternorumque
914 3559 1170 3612 memoria
1201 3559 1486 3612 caelestem
1517 3562 1807 3630 participat
1833 3579 2007 3618 essen-

436 3645 580 3698 liam.
627 3646 701 3700 lizi
735 3647 897 3713 igitur
920 3649 1140 3702 omnino
1185 3650 1532 3706 animalitatis
1567 3669 1762 3723 expers
1801 3665 1904 3709 est.
1951 3655 2007 3710 In

435 3735 522 3788 illa
556 3736 820 3805 siquidem
845 3747 996 3806 parte
1025 3739 1104 3792 sui
1137 3740 1202 3793 ad
1228 3739 1513 3809 imaginem
1547 3744 1636 3798 Dei
1695 3743 1834 3800 facta
1860 3745 1882 3778 ⁸
1905 3754 2008 3808 est,

433 3825 500 3878 a-l
533 3841 695 3894 quam
725 3826 892 3880 solam
919 3827 970 3882 in
1000 3828 1208 3883 idoneis
1241 3829 1550 3886 hominibus
1581 3832 1818 3902 loquitur
1851 3834 2010 3890 Deus.

432 3918 514 3970 Ad
541 3918 672 3970 illud
701 3919 836 3973 enim
867 3919 1115 3982 hominis,
1159 3929 1218 3974 ut
1245 3922 1322 3975 ait
1353 3922 1681 3991 Augustinus
1723 3925 2012 3980 undecimo

433 4009 498 4060 de
523 4007 751 4063 Civitate
777 4010 885 4072 Dei,
916 4009 1163 4080 loquitur,
1191 4011 1330 4082 quod
1358 4011 1410 4063 in
1433 4011 1640 4064 homine
1676 4014 1876 4076 ceteris,
1903 4015 2014 4084 qni-

432 4097 525 4151 bus
549 4099 701 4151 homo
717 4108 942 4163 constat,
973 4109 1045 4152 est
1074 4099 1276 4159 melius,
1293 4110 1338 4152 et
1363 4117 1464 4169 quo
1486 4101 1592 4170 ipse
1611 4100 1747 4154 Deus
1772 4100 1914 4154 solus
1937 4113 2009 4155 est

430 4189 630 4244 melior.
673 4189 801 4246 Cum
831 4193 966 4244 enim
1002 4193 1155 4244 homo
1178 4192 1247 4244 ad
1275 4191 1552 4262 imaginem
1588 4191 1682 4245 Dei
1711 4192 1881 4262 [actus
1919 4193 2008 4256 sit,

431 4279 660 4348 profecto
689 4299 748 4334 ea
774 4282 856 4334 sui
881 4291 1028 4349 parte
1056 4292 1129 4334 est
1154 4283 1493 4350 propinquior
1512 4269 1769 4346 superiori
1797 4300 1849 4335 sc
1880 4282 2006 4340 Dco,

431 4386 534 4434 qua
563 4381 773 4438 superat
802 4371 1076 4436 inferiarcs
1107 4387 1272 4433 suns;
1302 4388 1430 4440 quas
1470 4372 1625 4424 etiam
1661 4388 1775 4424 cum
1816 4373 2010 4436 pecori-

2111 3201 2526 3256 santursihimct
2549 3197 2806 3253 rationale
2845 3205 2901 3253 et
2947 3194 3293 3250 irrationale?
3321 3193 3451 3249 hinc.
3479 3191 3655 3246 Paulu-

2111 3293 2218 3348 lum
2243 3292 2450 3346 acutius
2473 3301 2694 3344 naturas
2719 3303 2898 3343 rerum
2927 3289 3148 3357 inspice,
3177 3297 3229 3340 et
3258 3285 3507 3346 invenies,
3539 3285 3657 3338 hanc

2109 3383 2552 3456 propositionem,
2587 3395 2728 3450 quae
2752 3389 2835 3435 est
2859 3379 2913 3434 in
2948 3377 3271 3437 dill‘erentia.
3315 3379 3410 3431 sub
3443 3391 3545 3429 uno
3580 3389 3656 3438 ge-

2110 3491 2240 3532 nere
2255 3473 2582 3529 dill‘erentias
2597 3486 2736 3534 esse,
2755 3487 2858 3524 non
2876 3468 3288 3524 controversias.
3307 3465 3459 3520 Verbi
3473 3464 3656 3532 gratia:

2110 3565 2298 3620 Omnis
2310 3574 2556 3618 creatura
2571 3559 2996 3615 autvisibilisest.
3011 3570 3102 3612 aut
3116 3556 3412 3611 invisibilis.
3431 3551 3661 3607 Hicditle-

2113 3656 2339 3711 rentiam
2383 3654 2532 3718 facit,
2570 3668 2676 3707 non
2722 3649 3162 3706 controversiam.
3203 3646 3488 3702 Visihilitas
3529 3641 3660 3694 enim

2111 3757 2168 3802 et
2210 3747 2554 3800 invisibilitas
2579 3745 2683 3817 duo
2707 3742 2968 3812 quaedam
3000 3749 3123 3795 sunt
3159 3755 3186 3792 a
3219 3751 3276 3791 se
3303 3737 3662 3794 discretamon

2112 3837 2212 3892 sibi
2243 3835 2610 3906 repugnantia.
2643 3831 2904 3886 Similiter
2931 3837 3024 3884 aut
3047 3827 3342 3900 corporalis
3373 3833 3460 3878 aut
3495 3823 3662 3875 incor-

2112 3927 2310 3998 poralis
2334 3937 2418 3981 est
2452 3925 2627 3978 onmis
2657 3931 2924 3977 creatura.
2971 3920 3278 3976 Divinarum
3308 3929 3506 3987 quoque
3541 3927 3660 3979 per-

2113 4031 2366 4072 sonarum
2396 4015 2738 4069 habitudines
2780 4010 3053 4067 discernit.
3108 4009 3268 4064 Pater
3308 4005 3549 4076 siquidem
3585 4003 3661 4054 in-

2113 4108 2323 4177 genitus
2347 4115 2450 4170 est,
2477 4105 2648 4160 Filius
2673 4120 2799 4158 vero
2822 4103 3049 4172 genitus,
3066 4100 3312 4182 ‘Spiritus
3341 4109 3500 4162 neque
3526 4093 3660 4182 inge-

2113 4199 2257 4251 nitus
2305 4211 2478 4265 neque
2524 4195 2736 4264 genitus
2763 4193 2838 4258 ";
2881 4201 2936 4246 et
2986 4188 3392 4245 innumerabilia
3436 4181 3655 4250 exempla

2116 4287 2416 4356 hujusmodi
2445 4295 2591 4338 sunt.
2631 4284 2693 4338 Et
2726 4291 2785 4337 ut
2811 4283 3011 4338 clarius
3033 4295 3348 4350 cognoscas,
3381 4277 3507 4337 vide,
3531 4271 3655 4341 quod

2115 4375 2291 4430 omnis
2339 4373 2708 4428 controversia
2773 4372 2824 4426 in
2865 4387 2966 4424 una
3017 4371 3312 4436 eademque
3363 4364 3530 4434 specie
3573 4375 3653 4414 seu

435 4459 528 4512 (ms
573 4476 866 4513 communes
910 4460 1080 4513 Imbct.
1120 4461 1186 4514 Ει
1227 4439 1542 4529 notandum,
1573 4463 1715 4530 quod
1743 4463 1904 4516 etiam
1955 4461 2006 4514 in
2045 4439 2088 4495 D
2117 4475 2267 4535 parte
2295 4464 2630 4534 intelligitur,
2667 4460 2968 4516 dill‘erentia
3013 4473 3140 4512 vero
3171 4457 3223 4510 in
3263 4455 3524 4509 diversis:
3565 4448 3656 4500 \‘cF

434 4547 536 4600 hac
565 4549 694 4610 vita,
725 4549 1036 4618 priusquam
1067 4557 1258 4612 totum,
1281 4553 1421 4620 quod
1455 4552 1505 4604 in
1530 4552 1748 4605 homine
1781 4552 2010 4604 animale

433 4645 537 4696 e:.t.
569 4639 884 4691 vertatur-in
913 4638 1214 4706 spirituale,
1245 4648 1299 4693 et
1323 4654 1498 4703 omne,
1527 4640 1666 4710 quod
1697 4641 1746 4693 in
1774 4655 1839 4694 eo
1859 4655 2008 4694 com-

434 4725 662 4793 positmn
709 4736 812 4788 est,
863 4726 914 4779 in
971 4728 1292 4782 inel'l'ahilem
1349 4728 1653 4784 adunctur‘
1698 4729 2011 4800 simplicita-

435 4822 566 4872 Icm,
595 4822 769 4880 potest
803 4823 944 4869 totus
973 4817 1132 4871 homo
1155 4827 1210 4870 et
1239 4817 1486 4870 animalis
1523 4817 1636 4871 fieri
1679 4828 1731 4872 et
1758 4819 2010 4887 spiritua-

433 4900 539 4965 lis;
583 4903 674 4956 sed
722 4906 969 4959 animalis
1017 4907 1128 4976 sola
1174 4906 1425 4962 libertate
1454 4903 1686 4971 arbitrii,
1715 4910 2010 4979 spiritualis

437 5005 564 5043 vero
591 4999 646 5044 et
679 4990 849 5047 libero
875 4994 1098 5048 arbitrio
1141 4995 1300 5048 simul
1325 5004 1379 5050 et
1407 4996 1598 5064 gratia.
1623 4997 1738 5052 sine
1763 5013 1867 5066 qua
1915 5014 2010 5051 na-

435 5079 622 5156 turalis
652 5081 892 5151 potentia
921 5083 1210 5150 voluntatis
1241 5099 1456 5140 movere
1488 5085 1760 5140 hominem
1799 5087 1851 5140 in
1894 5088 2008 5155 soi-.-

2114 4558 2188 4612 uti
2225 4555 2272 4613 sl
2298 4557 2419 4626 quis
2447 4556 2512 4609 de
2541 4554 2757 4609 homine
2797 4551 3010 4615 dixerit,
3035 4550 3197 4604 homo
3250 4557 3332 4601 est
3373 4542 3557 4598 animal
3583 4556 3654 4591 ra-

2115 4649 2329 4710 tionale,
2363 4649 2524 4703 homo
2549 4653 2630 4700 est
2669 4643 2868 4698 animal
2913 4638 3247 4702 irrationale,
3290 4637 3357 4692 de
3393 4635 3476 4689 illa
3507 4628 3658 4700 specie

2113 4750 2334 4794 naturae
2377 4739 2444 4803 ⁸³,
2494 4750 2631 4805 quae
2661 4732 3083 4787 substantialiter
3122 4729 3280 4782 homo
3307 4725 3522 4784 dicitur,
3558 4732 3657 4788 pro-

2112 4831 2368 4885 nuntians
2399 4870 2414 4894 ,
2482 4826 2894 4881 contradictoria
2957 4821 3236 4892 proloquia
3291 4819 3439 4879 ﬂent,
3488 4823 3538 4868 et
3583 4825 3655 4864 nc-

2117 4920 2352 4974 ccssario
2403 4933 2564 4970 unum
2615 4915 2720 4970 erit
2753 4912 2796 4944 ¹⁹
2846 4927 3066 4975 verum,
3116 4910 3340 4962 alterum
3391 4903 3572 4958 falsum
3604 4895 3653 4946 ’⁸.

2117 5009 2232 5064 Non
2265 5010 2406 5064 cnim
2442 5015 2534 5062 aut
2583 5005 2742 5059 simul
2787 5019 2912 5058 vera
2957 5009 3183 5072 possunt
3220 5013 3358 5062 esse,
3403 5004 3492 5050 aut
3525 4984 3658 5047 simul

2117 5101 2248 5155 lata
2291 5095 2706 5162 contradictoria
2747 5093 3022 5164 proloquia
3073 5092 3139 5146 de
3193 5088 3434 5157 subjecto
3473 5081 3658 5140 eodem.

1725 5234 1979 5290 VABIAE
2015 5229 2416 5288 LECTIONES.

493 5345 508 5380 '
553 5345 644 5401 Sic
671 5343 784 5408 CF;
835 5344 876 5398 Λ
907 5345 1150 5398 intentus.
1224 5348 1244 5378 ²
1291 5347 1381 5400 Sic
1405 5345 1520 5406 CF;
1568 5347 1613 5400 Δ
1661 5346 1904 5400 inveniri.

434 5417 550 5497 CF;
582 5415 836 5497 Afris-tus.
914 5415 1322 5497 '“Ahqdiinﬂtnr.
1399 5415 1541 5497 "_CF
1580 5433 1733 5496 quae.
1861 5416 1951 5497 Sic
1985 5417 2058 5477 A;
2203 5413 2587 5497 cogitationem:

545 5571 560 5618 ;
598 5557 638 5608 Α
677 5554 1110 5609 contradicentes
1143 5556 1356 5606 invicem
1382 5556 1574 5619 species
1603 5555 1711 5606 illo.

545 5641 559 5678 z
591 5634 809 5676 naturae
837 5641 944 5678 om.
975 5631 1035 5677 Α.
1135 5626 1174 5656 ⁸⁸
1203 5624 1243 5678 Α
1277 5625 1433 5676 enim.
1507 5625 1552 5654 ²⁰
1585 5623 1674 5678 Sic
1701 5627 1711 5673 l

1135 5626 1174 5656 ¹⁹
1203 5625 1243 5677 Α
1277 5625 1433 5676 enim.

437 5489 479 5548 Α
535 5484 855 5556 roclirisqtte.
937 5486 974 5516 "
1009 5484 1099 5538 Sic
1123 5485 1237 5550 CF;
1280 5484 1318 5538 Α
1345 5495 1532 5537 actam
1558 5484 1712 5538 vitiis.

437 5505 560 5622 (ili);
598 5557 638 5608 Α
677 5554 1110 5609 contradicentes
1143 5556 1356 5606 invicem
1382 5556 1574 5619 species
1603 5555 1711 5606 illo.

443 5624 559 5700 (Ili;
591 5634 809 5676 naturae
837 5641 944 5696 om.
975 5631 1035 5677 Α.

1808 5553 1851 5586 ¹⁶
1873 5552 2026 5606 homo
2051 5569 2159 5605 om.
2188 5552 2253 5604 Α.

1507 5625 1552 5654 ²⁰
1585 5623 1674 5678 Sic
1701 5621 1813 5688 Cl“;
1843 5622 1884 5675 A
1911 5623 2136 5677 alterum
2168 5639 2282 5675 rem
2311 5621 2518 5673 falsum.

1979 5345 2001 5376 ³
2033 5343 2122 5398 Sic
2170 5342 2284 5403 CF;
2331 5342 2368 5394 A
2437 5353 2677 5394 naturae.
2754 5337 2776 5369 ⁸
2821 5337 2911 5392 Sic
2944 5336 3065 5400 CF;
3106 5347 3180 5391 est
3225 5351 3332 5389 om.
3365 5335 3430 5390 Α.
3525 5333 3545 5364 ⁸
3575 5330 3661 5403 Sir

2661 5409 2681 5439 ⁹
2709 5407 2800 5479 Sic
2820 5407 2903 5462 CF
2905 5425 2936 5479 A;
3042 5398 3303 5479 procedat.
3381 5404 3424 5436 “
3449 5398 3656 5479 Sicf-li:

1791 5485 1832 5514 “
1862 5487 1905 5538 A
1929 5471 2086 5554 quam
2112 5471 2390 5536 virtutum.
2476 5481 2518 5510 ¹³
2552 5481 2641 5533 Sic
2671 5477 2823 5532 ACF.
2900 5476 2942 5508 “
2973 5471 3064 5530 Sic
3091 5474 3208 5538 CF;
3235 5474 3273 5526 A
3303 5488 3445 5543 pure.
3519 5471 3562 5503 “

1808 5553 1851 5584 ιο
1876 5553 2026 5584 [μηρυ-
2052 5569 2136 5584 η...
2195 5552 2222 5584 Δ
2365 5551 2405 5581 17
2448 5549 2672 5584 Cnim‘nn
2702 5563 2859 5584 asrnnn
2886 5575 2956 5584 __.
2995 5545 3193 5584 nnnilng
3221 5560 3326 5584 mn-
3365 5542 3426 5584 Α-
3527 5543 3564 5572 ⁸⁸
3586 5539 3663 5584 5³0

2365 5551 2405 5581 ¹⁷
2447 5549 2673 5618 Spiritus
2701 5563 2859 5615 neque
2886 5575 2956 5584 ——
2993 5545 3193 5614 genitus
3221 5542 3329 5598 om.
3357 5542 3428 5598 Α.
