3898 6154
302 336 412 400 ἳδῗ

1120 333 1205 387 ne
1251 310 1595 388 nmsmxc
1636 330 1982 385 narrans.
2021 362 2092 372 —
2127 334 2324 390 LIBER
2364 336 2709 404 ausurus.

3455 343 3557 399 758

298 446 420 507 sive
444 443 815 501 universaliter
844 444 974 513 sint,
1004 445 1118 499 sive
1143 445 1559 515 particulariter.
1602 446 1736 499 Dmn
1778 443 1874 513 igi-
1901 442 1948 502 Α
1981 461 2096 501 rum
2117 458 2293 504 autem
2312 466 2405 519 per
2427 451 2786 522 negationem,
2811 467 2948 521 quae
2970 463 3052 508 est
3076 456 3366 509 secundum
3384 457 3556 511 excel-

299 544 394 589 tur
414 533 581 587 dicis:
611 533 774 587 homo
800 542 882 591 est
909 534 1108 597 animal
1141 536 1422 602 rationale,
1448 551 1617 605 equus
1636 543 1718 589 est
1746 534 1882 587 irra-

299 623 507 680 tionale
549 622 768 687 animal,
810 625 952 680 nulla
994 626 1314 697 intelligitur
1347 627 1724 691 contradictio,
1756 641 1880 694 quo-

293 715 449 767 niam
483 713 824 769 rationabilis
865 723 921 770 et
947 716 1334 790 irrationabilis
1359 716 1603 771 animalis
1629 717 1881 771 substan-

290 803 488 859 tialem
515 802 873 859 differentiam
900 805 1182 874 patefacis.
1222 808 1357 862 Dum
1388 806 1531 862 enim
1557 807 1573 840 ¹
1617 805 1880 859 rationem

290 893 511 950 homini
541 895 660 959 das,
686 904 739 949 et
765 895 834 951 ab
858 911 998 964 equo
1023 897 1225 962 aufers,
1252 898 1609 953 differentiam
1646 896 1881 952 hominis

289 989 349 1036 et
377 983 511 1052 equi
552 983 848 1054 significas.
885 983 981 1040 Est
1028 987 1173 1040 enim
1210 986 1288 1041 sic
1317 989 1338 1017 ²
1375 986 1675 1042 differentia
1704 985 1882 1040 homi-

288 1070 381 1126 nis
419 1086 451 1125 a
486 1073 687 1128 ceteris
734 1072 1118 1141 animantibus,
1166 1075 1365 1131 habere
1392 1075 1676 1143 rationem,
1700 1072 1884 1140 sicut'

289 1170 609 1216 ceterorum
639 1161 993 1218 animantium
1026 1163 1095 1217 ab
1118 1163 1334 1217 homine
1362 1163 1686 1227 differentia,
1720 1162 1885 1216 ratio-

287 1266 419 1319 nem
448 1267 562 1306 non
585 1253 788 1308 habere
811 1293 826 1319 ,
856 1253 980 1307 dum
1019 1268 1195 1322 neque
1224 1253 1276 1307 in
1308 1254 1409 1308 hoc
1438 1253 1653 1307 habitus
1683 1260 1738 1308 et
1775 1253 1885 1321 pri-

284 1343 442 1397 vatio
470 1343 827 1413 dignoscitur.
866 1343 1090 1400 Habitus
1124 1345 1268 1399 enim
1312 1344 1544 1399 hominis
1573 1352 1657 1398 est
1683 1343 1884 1399 habere

285 1434 596 1500 rationem,
627 1435 843 1489 habitus
868 1443 1048 1490 autem
1090 1436 1213 1505 equi
1243 1435 1471 1490 rationis
1497 1435 1759 1490 absentia.
1800 1433 1886 1490 Si-

283 1522 520 1592 quidem
551 1537 723 1592 equus
752 1537 858 1577 non
900 1524 1147 1593 privatur
1185 1538 1250 1579 eo
1286 1524 1503 1587 habitu,
1536 1538 1695 1594 quem
1743 1538 1883 1577 nun-

285 1628 459 1682 quam
491 1614 675 1682 potuit
699 1614 921 1669 habere.
960 1614 1057 1670 Ubi
1089 1624 1268 1670 autem
1290 1615 1508 1670 habitus
1533 1630 1637 1672 non
1665 1628 1883 1685 praece-

282 1702 363 1761 dit
385 1704 435 1771 ⁸,
461 1704 541 1759 ibi
569 1704 800 1774 privatio
822 1719 1160 1775 consequens
1183 1706 1205 1748 ⁸
1232 1721 1336 1761 non
1360 1706 1482 1762 erit.
1505 1706 1760 1772 Animali,
1787 1721 1881 1761 seu

1982 536 2220 601 lentiam,
2252 540 2373 607 quia
2396 539 2514 610 plus
2535 551 2618 597 est
2638 556 2797 609 quam
2825 542 3045 596 veritas.
3072 543 3145 605 Ac
3162 559 3256 613 per
3278 545 3379 600 hoc
3395 559 3449 599 et
3465 562 3526 599 vc

1982 642 2097 684 rum
2124 627 2388 692 est,Deus
2408 630 2608 685 veritas
2636 640 2738 695 est,
2774 632 2901 685 dum
2936 632 3006 687 sit
3050 634 3555 688 verornmoumiutn

1980 732 2165 784 causa,
2188 728 2240 774 et
2255 736 2437 774 verum
2459 731 2556 783 est,
2578 723 2716 778 Deus
2736 724 2935 779 veritas
2958 740 3062 779 non
3084 735 3188 791 est,
3203 728 3325 795 quia
3343 739 3560 796 supcrat

1980 825 2158 874 omne,
2174 812 2314 880 quod
2346 812 2560 878 dicitur,
2579 822 2632 868 et
2653 815 2986 886 intelligitur,
3011 824 3176 870 etest.
3204 816 3314 872 Nec
3332 818 3559 872 melatrt

1980 899 2121 968 quod
2149 900 2422 967 addidisti,
2446 917 2750 972 quanquam
2773 906 2930 961 ambo
2953 922 3057 959 non
3085 907 3321 977 ejusdem
3346 908 3558 961 virtutis

1981 989 2090 1044 sint
2116 989 2178 1044 ".
2207 990 2380 1048 Minus
2407 994 2549 1050 enim
2579 993 2716 1048 valet
2744 994 2811 1049 ad
2848 994 3129 1050 ineffabilis
3151 996 3361 1051 divinae
3378 1011 3557 1053 essen-

1983 1080 2089 1136 tiae
2133 1081 2576 1152 signiﬁcationem
2616 1085 2899 1140 allirmatio
2944 1102 3102 1156 quam
3144 1089 3373 1160 negatio,
3428 1105 3555 1157 quo-

1985 1173 2126 1227 niam
2184 1190 2287 1229 una
2336 1191 2401 1230 ex
2450 1178 2717 1232 creaturis
2761 1179 2828 1232 ad
2855 1178 3166 1234 Creatorem
3216 1180 3555 1245 transfertur,

1984 1263 2151 1318 altera
2179 1265 2317 1320 ultra
2344 1281 2556 1321 omnem
2596 1279 2898 1323 creaturam
2930 1272 2995 1324 de
3042 1271 3297 1327 Creatore
3334 1290 3429 1343 per
3473 1289 3557 1337 κς-

1984 1351 2155 1420 ipsum
2187 1354 2544 1422 praedicatur.
2598 1355 2735 1412 Μια.
2782 1356 2924 1412 Bene
2973 1358 3121 1413 vides
3172 1361 3313 1428 quod
3357 1362 3554 1414 addidi.

1983 1441 2119 1508 Quid
2167 1443 2331 1514 igitur
2373 1445 2591 1510 mirum,
2635 1446 2680 1501 si
2729 1448 2794 1502 de
2842 1449 3076 1510 homine,
3111 1450 3199 1517 qui
3241 1450 3384 1509 solus
3421 1451 3559 1505 inter

1982 1540 2159 1587 cetera
2194 1533 2447 1589 animalia
2486 1537 2552 1590 ad
2592 1536 2875 1608 imaginem
2921 1537 3014 1592 Dei
3065 1539 3238 1595 factus
3284 1549 3385 1608 est,
3433 1556 3556 1594 vere

1984 1620 2141 1681 simul
2179 1624 2349 1692 possit
2395 1626 2729 1694 praedicari,
2761 1627 2922 1681 homo
2959 1626 3156 1681 animal
3186 1635 3302 1689 est,
3338 1643 3441 1682 nou
3473 1638 3554 1683 est

1986 1710 2182 1765 animal
2213 1712 2410 1779 homo,
2443 1723 2502 1768 ut
2546 1730 2644 1784 per
2691 1717 2793 1771 hoc
2828 1717 3018 1770 saltem
3060 1718 3450 1787 intelligamus,
3493 1720 3557 1771 a.l

279 1795 604 1866 cuicunque
650 1796 818 1852 vitam
866 1799 1209 1869 participanti
1242 1814 1390 1855 mors
1432 1815 1537 1855 non
1592 1799 1881 1865 accideret,
1911 1772 1959 1832 Β
1987 1801 2271 1871 imaginem
2292 1803 2390 1858 Dei
2414 1803 2539 1858 illud
2564 1805 2759 1859 animal
2784 1805 3086 1875 specialiter
3106 1821 3224 1860 esse
3263 1781 3557 1878 conditum,

280 1885 329 1939 si
367 1886 535 1956 prius
558 1886 606 1940 ei
645 1886 862 1943 habitus
900 1889 1044 1943 vitae
1089 1905 1197 1945 non
1248 1890 1466 1946 inesset.
1497 1889 1726 1959 Ideoque
1766 1891 1885 1945 nul-

280 1972 398 2027 lum
432 1973 644 2027 animal
684 1976 901 2045 proprie
945 1976 1175 2033 dicimus
1204 1977 1450 2044 stultum,
1475 1987 1691 2048 praeter
1728 1977 1881 2043 illud,

282 2063 340 2117 in
364 2078 483 2130 quo
510 2064 781 2131 videmus,
811 2079 971 2136 posse
1002 2066 1119 2122 fieri
1150 2068 1378 2123 rationis
1410 2068 1683 2133 habitum;
1709 2082 1883 2136 neque

278 2155 577 2219 stolidum,
606 2156 707 2211 nisi
738 2157 825 2213 cui
856 2158 1178 2212 naturaliter
1212 2159 1389 2213 inesse
1413 2167 1592 2229 potest
1613 2158 1880 2214 sentiendi

283 2245 590 2299 habitudo.
620 2244 770 2301 DISC.
794 2245 974 2312 Quare
1006 2261 1135 2319 ergo
1150 2246 1354 2312 dixisti,
1385 2247 1435 2301 in
1459 2262 1566 2301 uno
1588 2248 1884 2315 eodemque

280 2336 549 2405 subjecto
597 2335 703 2389 duo
745 2335 1027 2406 proloquia
1082 2337 1299 2391 sibimet
1349 2337 1691 2391 adversantia
1747 2335 1879 2389 falsa

280 2425 451 2479 simul
482 2432 586 2478 aut
607 2440 736 2479 vera
762 2427 920 2481 simul
946 2442 1064 2483 esse
1090 2442 1194 2481 non
1221 2442 1396 2497 posse,
1432 2427 1522 2485 scd
1548 2428 1593 2483 si
1623 2444 1786 2482 unum
1815 2428 1884 2482 sit

277 2528 506 2574 verum,
544 2515 856 2570 necessario
886 2515 1113 2570 alterum
1170 2517 1274 2571 erit
1322 2515 1538 2582 falsum,
1566 2518 1712 2572 verbi
1762 2534 1884 2589 gra-

280 2603 394 2667 tia,
429 2603 477 2657 si
506 2618 636 2672 quis
676 2603 876 2659 dixerit
921 2604 988 2659 de
1029 2619 1137 2659 uno
1169 2605 1494 2675 eodemque,
1539 2605 1641 2661 hoc
1686 2606 1882 2660 animal

279 2710 464 2762 equus
501 2702 819 2764 est,equus
864 2711 969 2751 non
1017 2706 1131 2763 est,
1176 2712 1299 2752 cum
1343 2698 1545 2755 videris
1574 2698 1595 2730 ⁸
1619 2715 1882 2763 asserere,

277 2786 723 2857 contradictoria
765 2787 1046 2856 proloquia
1095 2804 1221 2843 vera
1284 2788 1444 2844 simul
1486 2804 1644 2859 posse
1708 2805 1825 2844 esse
1861 2776 1913 2821 τ’

278 2876 334 2933 in
364 2877 640 2931 homine:
666 2876 839 2932 Homo
866 2878 1064 2933 animal
1091 2888 1193 2945 est,
1232 2896 1336 2936 non
1367 2890 1459 2936 est
1477 2882 1672 2936 animal
1704 2884 1883 2947 homo,

275 2978 331 3023 et
377 2968 494 3021 hoc
544 2967 861 3023 naturaliter
913 2970 1089 3025 inesse
1127 2971 1150 3001 ⁸
1218 2971 1267 3025 ei
1313 2971 1505 3038 doces,
1541 2972 1711 3027 donec
1744 2981 1886 3032 tutus

277 3065 589 3111 moveatur
617 3056 863 3112 animalis
891 3058 942 3111 in
973 3059 1342 3128 spiritualem?
1366 3061 1431 3115 Et
1455 3076 1553 3115 cur
1573 3062 1674 3117 hoc
1702 3062 1752 3115 in
1784 3062 1878 3116 ho-

275 3150 434 3204 mine
465 3148 611 3215 solo,
640 3149 693 3203 in
722 3150 918 3206 ceteris
947 3166 1075 3207 vero
1099 3149 1417 3208 animalibus
1445 3153 1592 3207 nullo
1622 3155 1796 3219 modo,
1823 3156 1875 3208 in

276 3226 490 3307 quibus
517 3238 746 3292 omnino
766 3237 787 3269 ’
814 3254 999 3294 verum
1028 3248 1132 3306 est,
1159 3240 1358 3293 animal
1387 3256 1528 3306 esse,
1556 3241 1751 3295 animal
1781 3259 1877 3294 au-

278 3341 391 3385 tem
444 3348 560 3385 non
608 3347 726 3387 esse
776 3332 997 3386 omnino
1026 3332 1255 3387 falsum?
1302 3333 1441 3388 Msa.
1476 3333 1709 3387 Putasne
1738 3333 1876 3386 aliud

276 3420 492 3475 animal
518 3431 737 3491 praeter
760 3423 801 3453 “’
825 3423 1096 3487 hominem
1119 3423 1182 3476 ad
1213 3423 1496 3494 imaginem
1526 3423 1619 3477 Dei
1650 3424 1881 3497 factum?

277 3510 432 3565 Dtsc.
464 3507 842 3579 Nequaquam.
874 3510 1011 3567 MAG.
1048 3510 1298 3579 Negabis,
1325 3511 1428 3565 duo
1449 3512 1725 3581 proloquia
1754 3512 1852 3566 sibi

272 3607 392 3651 met
444 3597 823 3663 colluctantia,
871 3598 998 3651 dum
1041 3599 1109 3653 de
1155 3598 1264 3653 Deo
1309 3602 1707 3669 praedicantur,
1751 3616 1875 3657 vera

271 3687 446 3745 simul
508 3702 649 3751 esse,
705 3697 758 3741 et
786 3688 932 3742 nullo
962 3689 1118 3747 modo
1170 3688 1325 3753 falsa,
1369 3706 1675 3759 quanquam
1721 3691 1879 3745 ambo

269 3778 540 3847 ejusdem
566 3778 781 3833 virtutis
807 3794 912 3833 non
945 3780 1072 3844 sint,
1104 3789 1161 3834 ut
1185 3791 1310 3851 puta
1336 3801 1349 3837 :
1382 3782 1523 3837 Deus
1549 3783 1746 3837 veritas
1774 3795 1875 3846 est,

271 3866 427 3920 Deus
460 3866 675 3921 veritas
703 3882 808 3921 non
836 3869 954 3923 est?
985 3870 1129 3924 DISC.
1160 3870 1364 3942 Negare
1390 3886 1496 3926 non
1524 3872 1720 3938 ausim,
1751 3875 1873 3926 dum

269 3957 393 4025 ipse
427 3957 513 4008 de
538 3956 715 4025 seipso
742 3957 872 4011 dicit
898 3976 910 4011 :
954 3956 1065 4028 Ego
1095 3976 1210 4013 sum
1240 3962 1341 4025 via,
1365 3970 1412 4014 et
1442 3962 1644 4022 veritas,
1677 3970 1724 4014 et
1750 3961 1874 4015 vita.

271 4047 537 4100 Sanctus
575 4054 755 4100 autem
794 4047 1114 4117 Areopagita
1157 4050 1441 4121 Dionysius
1487 4051 1557 4107 in.
1584 4051 1874 4122 symbolica

270 4138 590 4208 Theologia
622 4138 768 4204 dicit,
796 4140 920 4208 quia
947 4140 1084 4194 Deus
1111 4141 1153 4173 ¹¹
1195 4159 1354 4211 neque
1383 4143 1570 4197 veritas
1597 4154 1692 4210 est,
1717 4161 1877 4214 neque

266 4234 384 4284 vita
419 4232 495 4284 η.
526 4230 619 4282 Ait
640 4232 818 4284 enim:
855 4231 1035 4302 Neque
1062 4233 1224 4286 virtus
1246 4242 1339 4294 est,
1375 4250 1535 4300 neque
1564 4234 1684 4298 lux,
1716 4252 1877 4305 neque

270 4323 380 4373 vita
407 4338 429 4383 ;
464 4328 523 4372 et
572 4319 731 4387 paulo
759 4331 915 4390 post:
952 4321 1130 4386 Neque
1166 4323 1381 4375 scientia
1422 4333 1527 4386 est,
1559 4340 1718 4394 neque
1743 4326 1876 4381 teri-

1985 1891 2051 1946 de
2076 1907 2182 1961 quo
2205 1895 2494 1963 pugnantia
2517 1895 2729 1949 sibimet
2757 1895 2808 1949 iu
2840 1895 2959 1949 aliis
2978 1896 3338 1950 animantibus
3361 1896 3404 1926 “‘
3432 1910 3557 1964 pro-

1986 1980 2163 2051 loquia
2204 1997 2329 2036 vere
2360 1982 2519 2036 simul
2548 1984 2968 2051 praedicantur?
3001 1984 3168 2039 Porro
3199 1986 3241 2038 si
3276 1994 3558 2055 propterea

1984 2070 2197 2125 divinae
2222 2073 2490 2126 essentiae
2520 2071 2904 2128 aliirmationes
2932 2082 2990 2129 et
3024 2075 3338 2146 negationes
3362 2091 3556 2130 conve-

1984 2162 2161 2228 niunt,
2189 2162 2441 2231 quoniam
2476 2171 2695 2233 superat
2736 2164 2935 2227 omnia,
2964 2179 3101 2233 quae
3145 2166 3212 2218 ab
3242 2180 3303 2218 ca
3335 2166 3375 2199 ¹³
3423 2164 3560 2219 facta

1989 2261 2114 2305 sunt
2139 2261 2194 2306 et
2223 2267 2448 2321 quorum
2476 2268 2636 2306 causa
2667 2260 2770 2315 est,
2795 2253 2878 2306 cui
2903 2267 3006 2306 non
3040 2251 3199 2306 liceat
3227 2253 3559 2322 prospicere,

1984 2340 2295 2409 negationes
2332 2351 2385 2397 et
2431 2340 2813 2395 allirmatioues
2861 2341 3078 2411 imagini
3119 2352 3172 2395 et
3219 2342 3556 2396 similitudini

1982 2430 2119 2499 ejus,
2171 2446 2308 2500 quae
2357 2432 2409 2484 in
2458 2432 2673 2485 homine
2709 2440 2821 2497 est,
2874 2432 3199 2485 unanimiter
3250 2431 3557 2491 convenire,

1982 2524 2411 2594 quandoquidem
2448 2535 2667 2593 supcrat
2707 2535 2883 2577 cetera
2924 2521 3200 2586 animalia,
3233 2521 3373 2575 inter
3419 2538 3556 2590 quae

1982 2616 2081 2668 sub
2097 2630 2203 2667 uno
2226 2628 2419 2684 genere
2444 2614 2690 2669 comlitus
2705 2620 2786 2667 cst
2810 2613 2876 2677 ’⁸,
2901 2621 2953 2666 et
2979 2611 3132 2681 cujus
3156 2626 3316 2667 causa
3344 2612 3557 2664 condita

1984 2704 2148 2757 sunt?
2174 2704 2304 2769 Quis
2349 2704 2491 2758 enim
2536 2715 2681 2758 recte
2729 2703 3051 2774 sapientium
3093 2702 3384 2772 ignorarit,
3417 2702 3558 2757 hunc

1984 2793 2238 2846 mundum
2285 2791 2543 2861 visibilem
2590 2809 2710 2847 cmn
2752 2792 3002 2847 omnibus
3050 2792 3160 2846 suis
3211 2792 3473 2860 partibus,
3526 2807 3553 2843 a

1985 2897 2194 2937 summo
2225 2897 2394 2950 usque
2428 2883 2698 2948 deorsum,
2731 2891 2948 2952 propter
2990 2882 3259 2936 hominem
3315 2895 3433 2935 esse
3473 2880 3555 2933 fa-

1982 2983 2150 3033 ctum,
2170 2972 2292 3025 utei
2324 2981 2615 3043 praeesset,
2646 2981 2698 3026 et
2720 2973 3086 3026 dominaretur
3106 2972 3343 3026 omnium
3375 2986 3556 3024 rermn

1983 3062 2310 3118 visibilium?
2336 3062 2486 3130 Quod
2530 3072 2748 3119 sanctus
2790 3062 3083 3132 Gregorius
3120 3062 3170 3114 in
3215 3075 3463 3114 sermone
3492 3061 3558 3112 dc

1978 3154 2214 3225 [margine
2263 3136 2365 3208 his
2397 3152 2572 3207 verbis
2615 3152 2839 3207 edocet:
2900 3151 3171 3221 Quomodo
3222 3151 3300 3215 “,
3352 3149 3553 3218 inquit,

1976 3256 2083 3299 tota
2107 3247 2151 3275 “
2177 3255 2412 3300 creatura
2423 3253 2626 3314 praeter
2652 3244 2909 3298 hominem
2931 3243 2974 3274 ⁸³
3001 3243 3173 3298 divina
3197 3243 3381 3296 virtute
3403 3240 3558 3293 simul

1977 3352 2091 3387 ram
2115 3334 2393 3404 praecepto
2407 3334 2684 3389 constituta
2711 3335 2808 3398 sit,
2845 3332 3068 3387 hominis
3091 3348 3204 3386 vero
3235 3332 3558 3384 constitutio-

1979 3442 2091 3491 nem
2117 3425 2388 3480 consilium
2419 3425 2674 3495 praecedit
2702 3425 2771 3487 ",
2790 3433 2838 3477 et
2857 3422 3246 3493 praeformatur
3270 3422 3316 3453 "
3344 3421 3407 3474 ab
3431 3422 3556 3472 arti-

1977 3514 2072 3580 ﬁre
2113 3529 2204 3582 per
2248 3513 2455 3567 verbum
2501 3515 2809 3583 scripturae,
2855 3512 2982 3582 quid
3033 3511 3271 3581 futurum
3315 3520 3465 3573 esset,
3507 3519 3553 3562 et

1976 3602 2128 3672 quale
2154 3619 2263 3656 esse
2288 3603 2603 3664 conveniret,
2633 3612 2680 3655 et
2707 3603 2774 3655 ad
2804 3602 2957 3672 quale
2981 3600 3267 3672 principale
3295 3599 3557 3668 exemplar

1975 3693 2367 3748 similitudinem
2395 3693 2573 3762 ferret,
2600 3703 2644 3746 et
2675 3694 2728 3746 in
2768 3710 2869 3763 quo
2894 3692 3059 3761 ﬁeret,
3093 3703 3137 3745 et
3164 3692 3290 3762 quid
3319 3707 3552 3760 aperare-

1976 3797 2062 3838 tur
2084 3784 2302 3854 factum,
2330 3795 2376 3837 et
2403 3783 2586 3851 quibus
2607 3785 2996 3837 dominaretur:
3021 3783 3195 3835 omnia
3219 3781 3365 3852 prius
3388 3797 3556 3834 sermo

1976 3877 2346 3946 circumspicit,
2390 3886 2445 3930 ut
2486 3876 2906 3930 venerabiliorein
2947 3874 3294 3944 generationis
3329 3873 3553 3941 dignita-

1976 3978 2101 4032 tem,
2142 3969 2445 4038 priusquam
2480 3968 2534 4023 in
2562 3967 2834 4020 essentiam
2868 3954 3077 4047 penitet,
3116 3964 3222 4031 ipse
3258 3964 3532 4015 sortiretur

1976 4059 2064 4129 qui
2103 4058 2449 4128 principatum
2487 4073 2689 4118 eorum,
2715 4066 2848 4122 quae
2874 4065 3012 4116 sunt,
3040 4070 3369 4122 possessurns
3396 4054 3547 4120 foret.

1980 4150 2121 4202 Dixit
2145 4152 2302 4211 enim,
2331 4148 2495 4217 inquit
2532 4147 2671 4199 Deus
2696 4160 2713 4197 .'
2743 4145 3022 4199 Faciamus
3045 4145 3299 4197 hominem
3328 4142 3396 4194 ad
3423 4144 3552 4194 ima-

1978 4239 2147 4309 ginem
2177 4249 2405 4292 nostram
2433 4247 2479 4291 et
2511 4236 2921 4300 similitudinem,
2946 4246 2991 4289 et
3017 4236 3311 4291 dominetur
3330 4232 3548 4305 piscium

1979 4330 2159 4393 maris,
2184 4338 2231 4383 et
2258 4330 2539 4383 bestiarum
2566 4339 2755 4390 terrae,
2777 4338 2823 4381 et
2846 4327 3131 4381 volatilium
3160 4322 3306 4385 caeli,
3335 4334 3382 4376 et
3408 4339 3553 4392 peco-

270 4420 357 4462 tas
389 4409 465 4461 ¹³.
500 4409 641 4463 MAG.
679 4408 949 4465 Fortassis
975 4411 1258 4482 Dionysius
1288 4412 1604 4467 contradicit
1630 4413 1872 4489 Christo,
1907 4447 1953 4507 υ
1981 4435 2116 4482 rum,
2144 4429 2191 4472 et
2222 4419 2387 4471 omnis
2423 4426 2610 4470 terrae.
2643 4416 2708 4470 Et
2731 4416 2832 4471 hoc
2862 4416 2909 4468 ei
2939 4415 3121 4466 datum
3150 4423 3258 4473 est,
3295 4411 3407 4464 sive
3432 4425 3550 4479 pec-

266 4499 366 4568 qui
392 4500 467 4552 de
491 4499 567 4551 sei
577 4512 674 4565 pso
690 4500 977 4566 praedicat,
1008 4516 1063 4555 se
1084 4502 1254 4570 ipsum
1269 4503 1547 4557 veritatem
1564 4506 1715 4558 esse?
1730 4507 1868 4559 Disc.

268 4590 464 4643 Absit.
503 4587 646 4642 Msa.
675 4589 972 4660 Utrumque
997 4592 1159 4660 igitur
1180 4607 1365 4647 verum
1387 4602 1488 4659 est,
1513 4594 1654 4650 Deus
1676 4597 1874 4650 veritas

264 4689 378 4744 est,
396 4680 556 4734 Deus
571 4681 772 4736 veritas
787 4698 890 4737 non
905 4692 1005 4737 cst.
1028 4685 1170 4739 Dtsc.
1186 4683 1299 4738 Non
1314 4686 1481 4740 solum
1499 4703 1683 4741 verum
1699 4689 1764 4751 i‘,
1779 4691 1873 4745 sed

266 4771 448 4824 etiam
466 4770 834 4826 verissimum.
851 4771 1027 4827 Unum
1043 4774 1258 4842 quidem
1273 4776 1472 4829 dictum
1487 4787 1566 4830 est
1581 4780 1872 4833 secundum

265 4858 708 4914 aﬂirmatiouem
740 4860 781 4892 ⁸⁸
805 4876 902 4929 per
918 4863 1308 4930 metaphoram,
1336 4864 1588 4932 quoniam
1616 4865 1727 4934 ipse
1748 4881 1876 4920 con—

264 4948 429 5003 (litor
441 4956 533 4999 est
548 4946 593 4978 ¹⁶
608 4955 662 5000 et
673 4962 831 5002 causa
848 4949 1209 5018 primordialis
1222 4950 1482 5015 veritatis,
1499 4952 1648 5021 cujus
1662 4954 1876 5021 partici-

265 5039 515 5121 patiarne
529 5053 652 5092 vera
675 5047 819 5107 sunt,
835 5056 1199 5119 quaecumque
1213 5057 1335 5096 vera
1351 5052 1496 5109 sunt,
1515 5046 1692 5099 omnia
1712 5064 1726 5112 ;
1749 5048 1875 5104 alte-

1980 4518 2162 4573 caret,
2194 4508 2306 4562 sive
2335 4520 2438 4561 non
2464 4513 2743 4575 peccaret,
2775 4504 3020 4575 quamvis
3049 4516 3152 4555 non
3181 4499 3367 4554 eodem
3397 4499 3552 4553 modo

1980 4606 2211 4667 regeret,
2234 4596 2279 4649 si
2310 4603 2412 4665 netu
2442 4603 2708 4663 peccaret,
2736 4608 2841 4661 quo
2866 4591 3021 4657 regit,
3051 4597 3335 4659 postquam
3364 4601 3552 4656 pecca-

1980 4686 2057 4740 vit
2083 4684 2147 4738 ²⁶.
2181 4670 2363 4759 Etyi’
2379 4684 2480 4738 hoc
2509 4683 2711 4738 certius
2749 4695 3058 4750 cognoscas,
3089 4695 3215 4732 num
3251 4678 3547 4737 existimas,

1980 4777 2251 4833 hominem
2281 4791 2342 4830 ea
2382 4783 2533 4845 parte
2560 4776 2676 4840 sui,
2718 4790 2820 4843 qua
2848 4774 2914 4827 ad
2947 4773 3231 4844 imaginem
3261 4770 3348 4825 Dei
3382 4769 3548 4823 factn<

1980 4876 2085 4932 est,
2113 4852 2309 4920 animal
2335 4880 2476 4926 esse,
2503 4873 2595 4917 aut
2618 4880 2702 4929 ca,
2733 4880 2836 4933 qua
2868 4864 3008 4919 inter
3032 4862 3283 4917 animalia
3308 4861 3375 4916 tle
3411 4870 3561 4937 terra

1980 4959 2270 5028 productus
2297 4967 2399 5021 est,
2433 4957 2719 5027 imaginem
2755 4956 2845 5012 Dei
2875 4957 3191 5028 subsistere,
3224 4963 3316 5008 aut
3343 4963 3547 5007 utrum-

1979 5064 2104 5119 que,
2134 5048 2234 5101 hoc
2265 5056 2365 5115 est,
2396 5058 2449 5113 et
2488 5047 2772 5114 imaginem
2803 5054 2857 5099 et
2892 5025 3087 5099 animal
3121 5045 3383 5097 veraciter
3400 5043 3461 5094 'iu
3490 5057 3551 5091 cu

1563 5195 1818 5259 VARIAE
1878 5199 2166 5258 LECTION
2173 5199 2274 5253 ES.

347 5333 365 5363 ³
398 5330 555 5383 enim
582 5342 690 5380 om.
721 5325 825 5383 CF.
890 5326 912 5356 ¹
944 5323 1033 5384 Sic
1065 5326 1141 5389 A;
1174 5326 1257 5381 CF
1290 5326 1359 5379 Et
1383 5327 1449 5379 sit
1472 5326 1793 5383 differentia.

264 5401 589 5472 primum;
619 5397 641 5427 ⁸
664 5397 755 5472 Sic
775 5395 859 5458 CF
877 5412 891 5462 ;
911 5397 950 5449 Α
976 5397 1221 5472 uidearis.

268 5466 319 5504 δ’
361 5469 471 5523 Sic
508 5466 623 5532 CF;
652 5466 697 5520 A
724 5482 900 5536 quam.

268 5540 370 5593 sed
392 5540 455 5590 in
482 5536 843 5604 affirmatione.

977 5466 1140 5534 “pro
1173 5464 1306 5518 Deus
1334 5467 1376 5521 A
1409 5466 1502 5518 ait.

918 5535 963 5571 "
991 5548 1063 5589 est
1094 5550 1199 5589 om.
1231 5535 1296 5588 A.

1871 5331 1892 5363 ⁸
1923 5331 2014 5386 Sic
2036 5329 2119 5383 CF
2135 5346 2151 5393 ;
2169 5329 2211 5382 A
2234 5330 2308 5381 sic
2328 5342 2396 5383 et.

1297 5397 1316 5428 "
1348 5396 1437 5451 Sic
1459 5395 1573 5452 CF:
1605 5398 1647 5450 Α
1683 5415 1792 5453 esse
1811 5416 1979 5466 posse.

1590 5468 1632 5499 ¹²
1678 5468 1722 5520 Α
1763 5469 1868 5522 vita
1900 5478 1995 5523 est.

1373 5537 1412 5567 ¹⁷
1440 5535 1528 5589 Sic
1551 5535 1654 5599 CF;
1692 5536 1732 5590 Α
1775 5548 1916 5593 sunt.

2468 5329 2488 5362 ’⁵
2514 5330 2556 5386 Δ
2588 5332 2794 5384 recedit.
2862 5332 2883 5363 ⁸
2913 5330 3001 5385 Sic
3029 5328 3142 5388 CF:
3174 5328 3217 5382 Α
3246 5341 3545 5392 censet/aen.

2052 5390 2204 5476 '.__Sic
2229 5398 2347 5476 CF_;
2387 5399 2429 5453 Α
2457 5417 2559 5454 non
2580 5417 2724 5476 esses
2782 5400 2802 5430 ’
2832 5399 2921 5453 Sic
2955 5398 3069 5459 CF;
3108 5396 3317 5476 omnino
3341 5390 3448 5476 (itu:
3481 5390 3565 5476 As:

2074 5469 2115 5498 ¹³
2145 5467 2188 5520 A
2218 5470 2415 5523 veritas
2444 5479 2540 5522 est.
2618 5469 2661 5502 “
2698 5470 2740 5523 A
2771 5484 2955 5523 vermn
2989 5476 3084 5519 est.
3161 5464 3206 5496 “
3235 5465 3325 5518 Sic
3357 5463 3467 5521 Cl":
3511 5463 3549 5523 Af

1993 5539 2036 5569 ιε
2069 5538 2158 5592 Sic
2196 5537 2279 5590 cr
2299 5520 2756 5599 ;”i‘..'..;....za.zg.
2785 5520 2877 5568 ⁷⁷η
2904 5520 2997 5589 Sic
3019 5534 3136 5595 cr;
3170 5534 3207 5587 Α
3236 5550 3318 5587 eo.
3392 5534 3436 5565 ιο
3462 5520 3555 5589 ίδίᾶ

522 5615 592 5658 es!
632 5604 929 5686 conditus.“
966 5605 1009 5686 ξ’
1040 5603 1278 5686 Sic‘CF;
1313 5604 1351 5657 A
1386 5604 1785 5686 Quopiapt.n_"
1807 5618 1913 5686 tota
1942 5623 2051 5662 om.
2084 5608 2149 5661 Α.
2227 5609 2272 5637 ³³
2303 5608 2391 5661 Sic
2422 5607 2535 5671 CF;
2569 5618 2774 5675 praeter
2794 5607 3053 5682 hominem
3090 5622 3198 5658 υιιι.
3234 5605 3295 5677 Α.
3372 5603 3417 5635 ³⁵
3463 5605 3557 5686 $ic

266 5673 404 5736 (JF;
462 5676 504 5727 Δ
536 5674 806 5727 υηαειωίιι.
883 5674 929 5705 ³⁵
953 5674 990 5727 Α
1026 5674 1396 5741 performatnr.

1475 5674 1520 5707 "
1548 5675 1636 5728 Sic
1664 5676 1767 5739 CF;
1801 5678 1839 5730 A
1874 5688 2135 5745 peccatur.
