3898 6154
289 285 392 340 759

1624 270 1904 330 JOANNIS
1948 270 2139 327 SCO'I'I

3442 275 3588 333 760-

290 413 396 452 non
415 390 852 450 esse’thstloc
868 391 1111 445 ultimum
1130 389 1274 444 nullo
1293 390 1450 444 modo
1467 387 1864 448 aestimarim‘;
1897 385 1941 442 Α
1972 401 2070 456 pro
2105 385 2474 456 experimento
2512 387 2646 443 solet
2685 389 2887 461 accipi,
2931 397 2986 444 et
3025 392 3169 460 quod
3213 400 3424 448 certum
3476 401 3574 448 cst

293 493 428 544 haec
451 487 594 540 enim
617 484 908 539 simulessc
929 483 979 535 in
1002 483 1218 536 homine
1241 496 1364 534 vera
1382 490 1518 533 ratio
1533 477 1864 548 comprobat.

291 578 424 634 Illud
453 589 599 634 vero.
627 575 725 628 hoc
747 583 830 628 est
851 573 1138 642 imaginem
1161 571 1213 624 in
1244 569 1462 624 animali
1490 578 1545 623 et
1571 567 1788 630 animal,
1817 567 1868 618 in

293 669 527 738 imagine
548 665 767 720 omnino
803 663 1044 732 negarim
1067 662 1111 725 ',
1145 663 1186 715 si
1213 675 1296 716 me
1326 675 1430 714 non
1463 667 1703 712 moveret
1727 654 1869 724 quod

294 759 347 815 in
366 754 733 826 superioribus
752 752 773 784 ³
799 769 828 806 a
853 762 902 807 te
917 751 1193 806 deﬁnitum
1215 761 1318 812 est,
1335 749 1608 804 hominem
1623 747 1874 802 videlicet

295 850 347 904 in
371 847 546 920 seipso
567 845 764 914 ubique
787 853 956 898 totum
977 858 1127 907 esse;
1155 857 1218 896 ex
1243 857 1348 910 quo
1369 843 1526 896 datur
1551 839 1790 908 intelligi,
1816 845 1872 892 ut

293 938 507 1006 opinor,
528 945 582 990 et
612 943 778 988 totam
803 933 1090 1003 imaginem
1121 931 1172 984 in
1201 941 1312 984 toto
1332 928 1584 991 animali,
1618 937 1674 982 et
1702 937 1871 982 totum

294 1025 490 1080 animal
509 1027 560 1079 in
585 1035 694 1080 tcta
713 1024 944 1094 imagine
964 1037 1058 1092 per
1085 1031 1252 1079 totum
1277 1021 1544 1076 hominem
1560 1019 1868 1073 subsistere.

295 1115 434 1169 Msa.
471 1113 656 1178 Miror,
694 1129 790 1168 cur
820 1122 870 1166 te
900 1113 1024 1166 talia
1058 1120 1334 1166 moverent
1355 1109 1396 1175 ⁸,
1425 1125 1546 1164 cum
1578 1110 1781 1172 videas,
1823 1108 1872 1160 in

297 1207 400 1260 hoc
467 1206 699 1258 maxime
745 1203 1034 1273 imaginem
1101 1212 1156 1254 ct
1198 1199 1600 1254 similitudinem
1665 1199 1755 1252 Dei
1822 1198 1873 1250 in

297 1297 530 1354 humana
596 1302 788 1347 natura
851 1307 1006 1362 posse
1071 1291 1345 1360 cognosci.
1408 1286 1476 1344 Ut
1531 1289 1672 1342 enim
1736 1286 1877 1338 Deus

295 1395 352 1440 ct
394 1385 556 1457 supra
600 1383 781 1438 omnia
829 1392 883 1437 et
921 1383 973 1436 in
1011 1366 1269 1436 omnibus
1304 1387 1418 1442 est,
1464 1379 1580 1448 ipse
1612 1375 1876 1448 siquidem

297 1477 529 1532 essentia
570 1475 808 1530 omnium
837 1483 951 1538 est,
989 1475 1078 1543 qui
1121 1488 1243 1526 vere
1277 1472 1423 1527 solus
1447 1479 1566 1534 est,
1597 1478 1794 1522 etcum
1823 1467 1876 1520 in

299 1565 551 1620 omnibus
582 1563 824 1617 totus.sit
859 1564 900 1626 ⁵,
930 1573 1080 1616 extra
1127 1561 1307 1615 omnia
1337 1567 1482 1614 totus
1505 1571 1626 1618 esse
1650 1571 1753 1614 non
1781 1555 1876 1610 de—

301 1656 458 1718 sinit,
493 1662 639 1708 totus
669 1653 720 1707 in
749 1654 966 1717 mundo,
1003 1663 1143 1706 totus
1168 1652 1309 1705 circa
1341 1649 1620 1711 mundum,
1652 1655 1795 1706 totus
1825 1645 1877 1698 in

1973 477 2296 546 qmmdoque
2328 477 2462 542 fore,
2485 494 2584 548 pro
2608 481 2880 550 praesenti
2908 481 3206 550 computari
3235 483 3400 538 etiam
3427 497 3575 552 per-

1971 577 2094 620 aeto
2129 569 2196 622 ἰ.
2233 568 2298 620 Iit
2329 569 2457 636 quid
2490 569 2622 633 dixi,
2655 571 2706 623 in
2747 571 2948 624 mundo
2974 585 3090 635 suo,
3121 571 3172 624 in
3198 571 3578 626 universitate

1971 673 2090 718 sua.
2113 673 2234 711 cum
2260 663 2498 728 apertius
2517 661 2905 728 pronuntiat-im
2933 661 2977 692 "
3002 661 3056 714 in
3079 663 3332 717 universo
3355 663 3581 718 mundo

1972 746 2165 800 \‘isibili
2205 756 2256 800 et
2305 747 2610 802 invisibili?
2652 748 2895 802 Humana
2947 751 3208 820 siquidem
3254 761 3462 806 natura
3518 752 3578 806 in

1973 839 2321 893 universitate
2339 849 2498 894 totnts
2512 840 2758 894 conditae
2769 851 2992 894 naturae
3009 849 3115 895 tota
3131 851 3234 906 est,
3249 839 3584 911 quoniam“

1975 928 2025 980 in
2069 927 2181 996 ipsa
2209 929 2384 983 omnis
2424 939 2672 982 creatura
2713 930 3003 986 constituta
3035 937 3116 985 est
3139 970 3154 996 ,
3185 939 3240 984 et
3268 929 3314 962 ⁸⁸
3344 932 3402 986 in
3452 931 3582 1002 ipsa

1972 1018 2218 1086 copulata
2267 1028 2378 1082 est,
2419 1029 2471 1072 et
2509 1021 2561 1072 iu
2602 1020 2774 1089 ipsum
2822 1035 3126 1085 reversuro,
3159 1030 3212 1075 et
3246 1037 3347 1090 per
3383 1023 3582 1093 ipsum

1975 1109 2248 1162 salvanda.
2279 1109 2410 1162 Audi
2441 1109 2750 1164 Creatorem
2784 1109 2951 1178 ipsius
2979 1111 3242 1166 dicentem
3281 1129 3297 1164 :
3334 1110 3584 1165 Praedi-

1976 1210 2088 1254 cate
2126 1199 2463 1270 Evangelium
2509 1201 2650 1255 omni
2693 1213 2997 1266 creaturae;
3040 1203 3240 1258 homini
3289 1203 3583 1273 profecto.

1977 1290 2049 1343 Ibi
2080 1289 2400 1354 intellectus,
2443 1291 2514 1344 ibi
2562 1292 2720 1356 ratio,
2757 1292 2828 1346 ibi
2866 1307 3059 1348 sensus
3086 1295 3153 1358 τ’,
3184 1295 3255 1349 ibi
3279 1295 3588 1350 seminalis

1977 1379 2106 1442 vita,
2133 1378 2202 1432 ibi
2230 1393 2446 1448 corpus,
2471 1396 2574 1434 non
2603 1381 2704 1435 hoc
2733 1383 3079 1452 corruptibile
3105 1394 3228 1453 post
3253 1394 3585 1454 peccatum,

1979 1469 2072 1522 sed
2105 1467 2232 1522 illud
2260 1478 2385 1523 ante
2423 1470 2701 1536 delictum;
2734 1487 2838 1525 non
2880 1473 2982 1527 hoc
3010 1475 3370 1542 compositum
3402 1483 3587 1544 atque

1981 1559 2240 1624 solubile,
2269 1561 2362 1615 sed
2393 1560 2522 1616 illud
2559 1562 2784 1631 simplex
2831 1571 2884 1618 et
2923 1563 3286 1628 individuum;
3323 1580 3439 1619 non
3476 1567 3588 1620 hoc

1981 1649 2214 1704 animale
2241 1659 2296 1705 et
2323 1659 2616 1715 terrenmn,
2646 1652 2740 1706 sed
2769 1652 2893 1705 illud
2925 1653 3202 1722 spirituale
3225 1662 3278 1708 et
3305 1653 3583 1718 caeleste,

300 1752 547 1797 creatura
577 1742 836 1806 sensibili,
871 1743 920 1794 in
952 1741 1268 1812 intelligibili
1296 1749 1471 1803 totus,
1497 1747 1640 1792 totus
1663 1737 1879 1789 univer—
1909 1725 1957 1786 Β
1987 1761 2089 1800 non
2126 1747 2230 1800 ι,οο
2264 1760 2329 1800 εχ
2366 1745 2562 1815 duplici
2607 1760 2738 1800 sexu
2783 1745 2829 1777 so
2859 1759 2954 1815 per
3004 1745 3251 1800 (ιεηηηιεδ
3285 1761 3588 1800 connexus

302 1834 515 1888 sitatem
566 1833 691 1887 facit
719 1833 772 1897 ⁸,
813 1833 862 1887 in
892 1832 1240 1886 universitate
1286 1839 1428 1885 totus
1457 1830 1475 1859 ⁷
1528 1828 1621 1890 lit,
1666 1827 1718 1879 in
1768 1835 1880 1878 toto

302 1924 672 1978 universitatis
726 1933 908 1987 totus,
966 1923 1017 1976 in
1067 1921 1308 1989 partibus
1356 1920 1472 1987 ejus
1527 1927 1700 1980 totus,
1755 1915 1878 1986 quia

305 2014 418 2082 ipse
467 2023 549 2067 est
601 2021 656 2066 et
706 2021 872 2067 totum
925 2023 980 2066 et
1032 2027 1156 2082 pars
1180 2052 1202 2082 ,_
1243 2020 1296 2063 et
1337 2024 1512 2080 neque
1567 2017 1734 2062 totum
1791 2020 1882 2058 ne-

305 2117 411 2172 que
452 2115 616 2172 pars:
665 2100 738 2154 ita
783 2101 1012 2154 humana
1053 2080 1242 2154 natura
1297 2100 1347 2151 in
1398 2097 1597 2150 inundo
1647 2111 1777 2158 suo,
1831 2095 1882 2146 in

306 2191 662 2246 universitate
688 2202 782 2244 sua
803 2230 817 2254 ,
847 2191 898 2242 in
939 2191 1178 2259 partibus
1207 2191 1316 2244 suis
1346 2189 1367 2220 ⁸
1396 2187 1696 2242 visibilihus
1725 2193 1780 2240 et
1807 2186 1886 2238 in—

305 2283 605 2340 visibilihus
629 2291 736 2336 tota
769 2283 820 2336 in
852 2283 1026 2352 scipsa
1057 2291 1168 2346 cst,
1201 2293 1254 2336 et
1283 2283 1334 2334 in
1373 2289 1484 2335 toto
1514 2295 1611 2334 suo
1643 2287 1752 2334 tota
1779 2286 1884 2341 est,

305 2382 359 2428 et
388 2375 438 2427 in
467 2373 705 2442 partibus
745 2375 858 2427 suis
900 2382 1012 2426 tota
1036 2413 1049 2436 ,
1091 2382 1380 2442 partesque
1406 2369 1427 2401 ’
1456 2370 1574 2438 ejus
1613 2367 1664 2422 in
1697 2367 1888 2436 seipsis

307 2472 482 2528 totae,
508 2471 564 2518 et
589 2463 642 2516 in
673 2471 783 2516 toto
811 2471 968 2516 totae.
1005 2461 1138 2515 Nam
1173 2471 1224 2516 et
1266 2470 1507 2514 extrema
1543 2472 1669 2527 pars
1697 2456 1811 2525 ejus
1836 2465 1890 2510 et

304 2555 585 2620 vilissima,
617 2570 813 2624 corpus
841 2555 984 2620 dico,
1017 2555 1306 2607 secundum
1345 2551 1582 2606 rationes
1623 2566 1748 2604 suas
1781 2558 1888 2603 tota

305 2653 389 2698 est
432 2643 483 2696 in
529 2651 641 2697 toto
681 2644 928 2707 homine,
973 2644 1223 2712 quoniam
1269 2656 1494 2710 corpus,
1541 2640 1593 2692 in
1630 2649 1888 2708 quantum

305 2748 434 2788 vere
461 2749 659 2804 corpus
680 2744 762 2788 est
783 2776 797 2798 ,
826 2735 878 2788 in
911 2735 1210 2788 rationibus
1240 2733 1351 2788 suis
1377 2732 1641 2792 subsistit,
1673 2745 1812 2799 quac
1838 2731 1889 2784 in

305 2826 480 2894 prima
511 2826 820 2880 conditione
867 2825 1036 2880 factae
1071 2835 1230 2889 sunt,
1272 2833 1325 2880 et
1363 2839 1482 2878 cum
1522 2823 1574 2877 iu
1613 2823 1785 2891 seipsa
1818 2823 1888 2876 ita

308 2917 400 2980 sit,
427 2915 660 2970 humana
695 2916 939 2971 videlicet
967 2925 1158 2969 natura
1185 2915 1250 2982 ιο,
1283 2923 1449 2968 totum
1479 2929 1632 2968 suum
1658 2911 1887 2968 excedit.

307 3005 424 3060 Non
453 3006 594 3059 enim
635 3005 790 3063 aliter
823 3007 1085 3062 conditori
1127 3022 1224 3061 suo
1259 3007 1555 3060 adhaerere
1595 3013 1804 3075 posset,
1845 3003 1889 3056 si

1984 1823 2566 1905 seminibus'genitum,
2595 1837 2688 1890 sed
2721 1835 2846 1890 illud
2876 1851 2940 1889 ex
2967 1835 3310 1904 simplicitate
3339 1846 3586 1891 naturae

1984 1935 2108 1982 ante
2131 1926 2644 1995 praevaricationem
2668 1926 2986 1996 productum
3011 1934 3065 1979 et
3083 1925 3142 1978 in
3167 1925 3586 1978 resurrectione

1984 2021 2244 2084 futurum;
2269 2033 2376 2072 non
2397 2019 2501 2072 hoc
2520 2031 2780 2086 carpareo
2803 2016 2982 2072 sensui
2999 2017 3293 2086 cognitum,
3314 2015 3414 2069 sed
3441 2013 3588 2066 illud

1987 2112 2038 2164 in
2071 2119 2280 2164 secreto
2309 2117 2534 2162 naturae
2569 2107 2744 2161 adhuc
2784 2104 3087 2167 occultum;
3121 2121 3227 2158 non
3254 2105 3360 2159 hoc
3380 2145 3396 2166 ,
3429 2103 3586 2173 quod

1989 2199 2182 2256 merito
2213 2198 2417 2269 peccati
2449 2196 2874 2266 superadditum,
2907 2193 3000 2248 sed
3033 2194 3185 2257 illud,
3213 2192 3358 2262 quod
3389 2193 3586 2246 incnro

1989 2299 2177 2361 ruptae
2207 2289 2381 2344 adhuc
2413 2296 2636 2342 naturae
2663 2295 2779 2341 erat
2820 2285 3039 2338 insitum
3061 2323 3077 2348 ,
3117 2292 3173 2336 et
3208 2283 3261 2336 in
3293 2283 3444 2352 quod
3479 2283 3586 2336 hoc

1989 2377 2336 2447 corruptibile
2367 2385 2421 2431 et
2449 2375 2675 2432 mortale
2713 2388 3082 2430 reversurum.
3123 2370 3459 2434 Seminatur,
3499 2373 3583 2424 in-

1989 2469 2104 2540 quit
2135 2467 2444 2538 Apostolus.
2479 2467 2580 2520 hoc
2614 2473 2716 2531 est,
2750 2464 2817 2518 de
2854 2463 3060 2519 semine
3087 2463 3327 2518 nascitur
3368 2463 3424 2514 in
3463 2479 3593 2514 cur-

1991 2559 2244 2628 raptione,
2287 2567 2457 2626 surget
2500 2556 2552 2610 in
2594 2556 2798 2610 virtute.
2848 2555 2904 2608 In
2945 2553 3086 2622 quali
3125 2553 3366 2606 virtute?
3402 2551 3593 2621 Ipsius

1989 2647 2237 2702 videlicet
2259 2647 2536 2715 corporis,
2563 2645 2706 2713 quod
2743 2644 2895 2712 prius
2921 2642 3239 2697 naturaliter
3263 2650 3348 2696 est
3381 2642 3590 2700 condi-

1990 2749 2122 2790 tum.
2152 2736 2454 2790 Seminatur
2476 2735 2529 2786 in
2556 2731 2884 2792 contumelia,
2911 2742 3081 2800 surget
3105 2731 3157 2784 in
3187 2730 3390 2802 gloria;
3421 2731 3595 2782 semi-

1992 2839 2149 2881 natur
2175 2842 2358 2894 corpus
2389 2823 2632 2883 animale,
2665 2830 2838 2890 surget
2867 2837 3052 2889 corpus
3079 2817 3371 2889 spirituale.
3402 2816 3596 2872 Omne

1991 2919 2287 2989 siquidem,
2321 2918 2462 2986 quod
2504 2915 2822 2969 naturaliter
2862 2916 2912 2967 in
2954 2913 3170 2974 homine
3195 2921 3276 2966 est
3302 2920 3594 2972 creatum,

1995 3009 2302 3064 necessario
2331 3005 2677 3064 aeternaliter
2702 3013 2884 3058 manet
2910 3004 3174 3073 integrum
3204 3005 3367 3070 atque
3390 3001 3593 3055 incor-

309 3097 488 3150 omnia
509 3137 524 3161 ,
553 3111 688 3166 quae
715 3095 814 3152 sub
845 3097 955 3166 ipsa
989 3098 1027 3130 “
1058 3106 1210 3161 sunt,
1249 3106 1301 3150 et
1340 3097 1568 3169 seipsam
1601 3110 1704 3147 non
1734 3109 1890 3148 exce—
1919 3072 1962 3132 (ἶ
1997 3109 2230 3169 ruptum.
2258 3097 2372 3151 Non
2397 3096 2538 3150 enim
2561 3095 2774 3150 divinae
2797 3095 3040 3162 iustitiae
3061 3102 3142 3148 est
3165 3093 3362 3157 visum,
3391 3108 3464 3146 ex
3503 3108 3592 3154 eo,

313 3187 483 3251 deret,
508 3187 761 3256 quoniam
787 3187 922 3240 inter
944 3199 1160 3245 mentem
1189 3198 1439 3252 nostram,
1467 3197 1523 3240 ιιι
1547 3186 1624 3239 ait
1649 3185 1901 3254 Augustis

313 3291 438 3339 nus,
463 3291 564 3344 qua
599 3273 810 3327 Patrem
836 3275 1190 3344 intelligimus.
1223 3287 1270 3328 et
1296 3278 1580 3340 veritatem,
1621 3293 1712 3346 per
1736 3293 1891 3346 quant

310 3364 478 3431 ipsum
525 3362 894 3432 intelligimus,
950 3365 1094 3416 nulla
1143 3366 1446 3435 interposita
1499 3377 1740 3420 creatura
1796 3377 1890 3422 est.

313 3451 466 3517 Quod
495 3451 658 3504 etiam
691 3453 801 3519 ipse
842 3453 1160 3522 Arcopagita
1180 3495 1194 3517 ,
1224 3455 1534 3526 Dionysium
1577 3457 1698 3510 dico
1729 3457 1802 3520 ",
1839 3457 1890 3510 in

314 3540 610 3610 symbolica
641 3541 904 3611 theologia
941 3543 1163 3612 pulchre
1201 3544 1357 3598 docet
1386 3547 1572 3599 dicens
1604 3561 1618 3598 :
1650 3545 1694 3600 0
1731 3547 1894 3601 amice

319 3630 618 3694 Timothee,
663 3631 802 3684 circa
857 3633 1098 3700 mgsticas
1142 3633 1514 3702 speculationcs
1564 3635 1894 3688 corroborata

317 3720 502 3772 itinere
530 3718 572 3749 ³³
595 3728 643 3772 et
670 3735 851 3773 sensus
879 3722 1056 3774 desere
1089 3720 1154 3786 “',
1177 3733 1222 3774 et
1252 3723 1624 3776 intellectuales
1641 3727 1896 3793 operatio-

319 3825 430 3874 nes,
456 3818 504 3862 et
529 3809 793 3863 scnsibilia
821 3821 869 3864 et
895 3811 1196 3874 invisibilia,
1221 3823 1265 3864 et
1295 3829 1442 3866 omne
1465 3830 1567 3867 non
1600 3832 1689 3868 ens
1717 3825 1762 3867 et
1783 3832 1895 3882 ens,

320 3911 366 3952 et
392 3898 460 3951 ad
483 3899 731 3952 unitatem
751 3938 766 3963 ,
809 3910 862 3952 ut
887 3901 1129 3969 possibile
1147 3942 1163 3966 ,
1194 3903 1389 3956 inscius
1420 3905 1686 3958 restituere
1715 3907 1896 3974 ipsius,

316 3990 406 4060 qui
428 3998 500 4042 est
525 4005 680 4058 super
705 3990 748 4020 “'
773 4007 968 4049 onmem
993 3993 1265 4048 essentiam
1287 4003 1332 4046 et
1354 3994 1620 4047 scientiam
1641 4012 1659 4057 ;
1681 4011 1742 4048 ea
1761 3997 1898 4052 enim

318 4081 478 4150 teipso
517 4091 564 4134 et
601 4083 838 4136 omnibus
881 4084 1295 4138 immensurabili
1338 4096 1386 4139 et
1431 4085 1668 4139 absoluto
1715 4090 1899 4142 mentis

319 4189 567 4237 excessu,
611 4176 678 4226 ad
717 4175 1199 4242 superessentialem
1239 4177 1533 4236 divinarum
1573 4180 1900 4232 tenebrarum

322 4261 527 4314 radium
546 4301 560 4323 ,
593 4262 767 4315 omnia
807 4263 1046 4318 deserens
1074 4273 1122 4318 et
1164 4269 1228 4317 ab
1252 4266 1487 4320 omnibus
1521 4269 1788 4324 absolutus
1815 4287 1900 4322 as-

319 4350 524 4402 cendes.
578 4349 645 4403 Et
703 4350 754 4404 in
800 4351 1092 4422 Evangelia
1135 4355 1391 4410 Dominus
1421 4358 1497 4410 ait
1535 4358 1620 4410 “z
1667 4356 1766 4411 Ubi
1807 4376 1898 4429 ego

319 4455 462 4502 sum,
509 4440 616 4493 illic
657 4453 704 4498 et
743 4443 974 4497 minister
1011 4461 1186 4511 meus;
1227 4456 1310 4501 est
1339 4456 1516 4501 autem
1549 4449 1638 4504 ille
1663 4425 1894 4519 superv"
1927 4425 1975 4485 D

321 4527 524 4580 omnia.
552 4527 645 4583 Est
673 4530 836 4598 igitur
856 4531 928 4585 illi
952 4533 1254 4588 adhaerens
1277 4536 1438 4590 homo
1464 4552 1626 4606 super
1652 4539 1696 4571 ¹⁸
1717 4539 1896 4594 Omnia

322 4626 378 4671 et
419 4632 578 4686 super
621 4619 663 4650 "
709 4623 973 4690 seipsum,
1012 4637 1274 4694 quantum
1317 4628 1370 4682 in
1405 4631 1656 4697 omnibus
1694 4640 1796 4686 est.
1835 4633 1901 4686 Et

324 4708 570 4776 quamvis
606 4709 839 4766 humana
879 4723 1106 4782 natura,
1141 4717 1266 4774 dum
1307 4719 1360 4773 in
1409 4720 1509 4775 hac
1544 4721 1650 4774 vita
1684 4724 1897 4777 mortali

324 4807 609 4865 versatur,
647 4801 943 4858 adhaerere
984 4805 1094 4860 Deo
1136 4808 1307 4877 reipsa
1341 4809 1386 4842 '°
1426 4825 1532 4864 non
1573 4811 1771 4878 possit,
1810 4828 1898 4868 ve-

324 4898 648 4956 rumtamen,
669 4893 918 4960 quoniam
943 4896 1192 4964 possibile
1213 4907 1296 4952 est
1317 4898 1364 4953 ei
1385 4909 1440 4953 et
1455 4901 1714 4964 naturale,
1737 4901 1902 4956 Crea-

326 4984 428 5038 tori
456 4999 555 5040 suo
580 4986 894 5052 adhaerere,
915 4989 1031 5056 ejus
1056 4991 1248 5061 gratia,
1275 4993 1360 5046 cui
1394 4993 1672 5057 adhaeret,
1705 4995 1902 5050 adhae-

299 5091 448 5132 rere
483 5092 588 5132 non
625 5077 920 5149 incongrue
949 5081 1164 5136 dicitur.
1197 5081 1370 5152 Saepe
1404 5083 1547 5138 enim
1575 5083 1900 5151 possibilitas

1993 3191 2133 3261 quod
2160 3188 2306 3251 fecit,
2325 3189 2614 3256 quidquam
2635 3187 2834 3257 perire,
2856 3187 3172 3256 praesertim
3189 3201 3310 3240 cum
3329 3201 3437 3238 non
3473 3185 3593 3254 ipsa

1994 3293 2183 3337 natura
2207 3278 2529 3350 peccaverit,
2547 3276 2636 3331 sed
2662 3291 2910 3346 perversa
2935 3276 3202 3340 voluntas,
3225 3289 3364 3344 quae
3387 3285 3593 3326 contra

1995 3380 2245 3426 naturam
2268 3365 2639 3421 rationabilem
2665 3365 3110 3419 irrationabiliter
3129 3373 3391 3418 movetur.
3411 3363 3598 3432 Ct.jus

1995 3463 2070 3516 rei
2106 3460 2394 3512 maximum
2434 3465 2516 3511 est
2554 3463 2949 3526 argumentum.
2985 3454 3040 3508 Si
3084 3453 3404 3508 naturaliter
3440 3454 3601 3506 inest

1997 3549 2196 3606 homini
2232 3548 2420 3601 mortis
2443 3547 2650 3608 odium,
2680 3545 2948 3614 quomodo
2985 3545 3036 3598 iu
3066 3544 3190 3598 odio
3217 3559 3320 3596 non
3355 3544 3600 3597 haberet

1997 3639 2312 3695 naturaliter
2351 3636 2540 3692 mortis
2579 3650 2832 3697 causam,
2863 3642 3141 3704 peccatum
3168 3632 3332 3687 dico?
3372 3632 3440 3685 Et
3490 3635 3599 3685 hoc

1997 3743 2281 3784 commune
2307 3725 2556 3779 onmibus
2596 3723 2917 3778 animalibus
2942 3733 3057 3788 est,
3090 3730 3314 3776 mortem
3353 3723 3597 3775 mortis-

1997 3834 2101 3890 que
2121 3833 2312 3872 causas
2334 3815 2571 3870 devitarc
2595 3823 2650 3867 et
2675 3813 2882 3868 timere.
2909 3813 2979 3868 Ut
2999 3829 3128 3884 ergo
3153 3812 3330 3866 nullus
3357 3811 3598 3880 sapiens

1998 3911 2113 3963 vult
2155 3921 2396 3968 errorem
2441 3906 2746 3968 incurrere,
2783 3903 2858 3957 ita
2901 3903 3133 3956 humana
3175 3911 3366 3955 natura
3407 3901 3600 3960 noluit

1998 4013 2246 4070 peccare,
2271 4013 2334 4050 ac
2361 4011 2460 4065 per
2485 3995 2588 4050 hoc
2621 3994 2868 4050 conditor
2910 3994 3096 4063 ipsius,
3127 3994 3252 4047 dum
3283 3993 3352 4047 sit
3374 3991 3598 4060 justus,

2003 4089 2173 4144 noluit
2201 4101 2318 4140 eam
2354 4076 2578 4155 punire,
2607 4083 2774 4138 voluit
2798 4092 2976 4138 autem
3021 4083 3068 4136 ei
3109 4082 3508 4152 superaddere,
3543 4083 3599 4136 in

2001 4194 2110 4250 quo
2135 4184 2316 4248 posset
2345 4174 2620 4236 delictum,
2661 4174 2803 4243 quod
2845 4188 2911 4226 ex
2941 4187 3192 4243 perversa
3220 4171 3510 4227 voluntate
3541 4184 3602 4228 et

2003 4267 2261 4324 suadente
2291 4271 2542 4334 serpente
2570 4262 2860 4324 acciderat,
2891 4277 2960 4317 ne
2993 4276 3206 4332 semper
3231 4262 3281 4316 ei
3312 4262 3601 4317 adhaere-

2003 4365 2108 4420 ret,
2143 4353 2381 4426 purgari.
2422 4351 2622 4406 Natura
2663 4351 2926 4422 siquidem
2967 4351 3248 4406 rationalis
3283 4360 3339 4405 et
3366 4353 3600 4407 intelle-

2002 4445 2230 4506 ctualis.
2272 4442 2520 4512 quamvis
2561 4441 2734 4496 noluit
2770 4441 2902 4506 falli,
2942 4442 3116 4511 potuit
3161 4450 3340 4495 tamen
3384 4442 3597 4514 decipi,

2001 4535 2320 4606 praesertim
2346 4548 2470 4588 cum
2505 4533 2741 4588 nondum
2770 4533 3110 4588 formationis
3137 4547 3266 4587 suae
3295 4531 3602 4602 perfectio-

2003 4642 2125 4683 nem
2156 4624 2442 4696 acceperit,
2474 4639 2635 4694 quam
2665 4623 2858 4681 merito
2885 4623 3223 4678 obedientiae
3249 4631 3398 4677 esset
3427 4639 3600 4678 acce—

2001 4729 2157 4789 ptura
2193 4719 2245 4772 in
2277 4717 2512 4779 tl'teosin,
2537 4715 2934 4770 deiticationem
2959 4715 3100 4779 dico,
3127 4714 3601 4770 transfer-manda.

2003 4810 2119 4866 Non
2149 4824 2278 4880 ergo
2308 4807 2564 4862 debemus
2605 4807 2668 4862 de
2706 4806 2936 4860 humana
2967 4815 3158 4860 natura
3189 4805 3461 4875 judicare,
3499 4821 3601 4860 se-

2007 4902 2240 4958 cumlum
2269 4898 2410 4968 quod
2441 4897 2716 4966 corporeis
2743 4896 2990 4950 sensibus
3017 4905 3259 4966 apparet,
3291 4906 3347 4949 ct
3390 4897 3604 4950 merito

2005 4989 2486 5064 praevaricationis
2511 4986 2810 5057 poenaliter
2833 4987 2901 5040 ad
2929 4985 3336 5041 similitudinem
3368 4987 3604 5040 irratio-

2006 5085 2267 5142 nabilium
2315 5081 2630 5136 animalium
2659 5095 2755 5149 per
2793 5079 3039 5148 copulam
3097 5093 3322 5132 sexuum
3381 5078 3436 5132 in
3483 5078 3604 5132 hoc

1616 5216 1867 5276 VARIAE
1903 5215 2303 5276 LECTIONES.

399 5328 415 5396 ε
466 5326 556 5380 Sic
609 5332 682 5380 ιιι·
712 5366 726 5388 ,
781 5324 821 5377 Α
867 5324 1221 5396 nulloimodo
1246 5326 1487 5396 Wdubium
1525 5338 1720 5396 oportet
1775 5329 2065 5383 aestimari.

327 5395 412 5451 CF
437 5413 452 5460 ;
503 5397 545 5450 A
585 5395 867 5466 superiori:
949 5396 980 5466 _‘
1014 5395 1106 5449 Sic
1146 5395 1296 5448 ACF.

329 5480 436 5518 om.
461 5467 524 5519 A.
614 5463 759 5518 'VSic
789 5463 904 5529 CF;
932 5464 972 5517 A
1003 5475 1194 5533 partes.

330 5533 636 5602 Dionysium
664 5536 780 5587 dico
810 5551 917 5588 om.
947 5535 1012 5588 Λ.
1092 5534 1134 5565 ’³
1167 5533 1205 5586 Δ
1240 5549 1444 5586 canere.

327 5602 502 5672 dicens
525 5607 616 5656 ait.
693 5606 732 5635 ⁸⁷
764 5605 811 5672 7⁸⁸
849 5607 888 5638 ⁸⁸
920 5606 960 5656 Α
989 5621 1169 5672 supra.

330 5671 464 5739 ipszt.
537 5672 582 5710 ⁸⁵
623 5675 710 5728 Sic
736 5671 820 5726 (1F
841 5691 864 5738 ;.
890 5675 928 5726 Α
958 5671 1223 5742 quintium.

1407 5396 1428 5426 ⁸
1479 5397 1517 5448 Α
1571 5400 1664 5449 sic.

1522 5534 1565 5567 ¹⁸
1598 5536 1636 5587 Α
1656 5537 1908 5590 deserere.

1265 5604 1307 5637 ’θ
1335 5605 1373 5656 Α
1401 5621 1453 5656 se
1475 5605 1606 5672 ipsa.

1788 5400 1810 5429 ⁸
1849 5401 2231 5454 universitatem
2291 5395 2417 5464 facit
2467 5409 2576 5446 om.
2611 5393 2675 5448 Δ.

1301 5465 1342 5496 ¹⁰
1386 5463 1477 5518 Sic
1523 5465 1640 5525 (JF;
1695 5468 1926 5522 humana
1974 5467 2204 5522 videlicet
2261 5463 2448 5518 natura
2501 5479 2610 5516 om.
2665 5463 2726 5516 Α.

1306 5549 1444 5586 nere.
1522 5534 1565 5567 ¹⁸
1598 5536 1908 5588 Adeserere.
1985 5538 2029 5570 ⁸⁸
2067 5539 2106 5588 Α
2137 5553 2314 5588 situm.
2412 5533 2454 5563 ¹⁶
2497 5535 2587 5586 Sic
2613 5533 2726 5588 CF:

1681 5553 1908 5590 teserere.
1985 5553 2029 5570 ⁸⁸
2067 5553 2106 5588 Α
2137 5553 2314 5604 supra.

1681 5608 1722 5636 "
1767 5604 1860 5660 Sic
1883 5603 2006 5661 (3F:
2033 5603 2072 5656 Α
2098 5621 2188 5671 pro
2219 5615 2350 5656 acto.

1301 5674 1344 5704 ²⁵
1375 5675 1461 5727 Sic
1493 5673 1576 5727 CF
1598 5716 1610 5736 ,
1645 5676 1711 5727 ibi
1740 5691 1920 5726 sensus
1952 5691 2060 5730 om.
2083 5677 2145 5727 Α.

2177 5329 2197 5358 ²
2241 5325 2338 5425 8ῑο
2385 5323 2478 5425 fil“
2495 5340 2508 5388 ;
2567 5323 2886 5425 AAOtnni'nq
2929 5341 3037 5425 pou
3085 5341 3350 5425 negarAem.
3417 5325 3466 5424 ,³
3493 5325 3601 5408 Sic

2870 5403 3009 5447 totus
3059 5410 3167 5449 om.
3222 5395 3284 5447 Α.
3417 5395 3438 5424 ⁸
3472 5398 3600 5449 suis

2859 5463 2900 5494 ⁸⁸
2948 5463 2988 5518 Α
3033 5467 3164 5526 ipso.
3275 5465 3318 5496 ¹¹
3349 5465 3438 5518 Sic
3465 5464 3596 5528 CF;

2412 5533 2454 5563 ¹⁶
2497 5535 2587 5602 Sic
2613 5533 2728 5602 (ΖΡ)
2755 5534 2797 5588 Α
2820 5545 2874 5588 et
2899 5534 3152 5588 Dominus
3198 5533 3252 5586 in
3301 5532 3599 5602 Evangelia

2428 5604 2472 5633 "
2501 5601 2589 5672 Sic
2621 5601 2726 5664 (Ἐς
2753 5604 2793 5656 Α
2821 5604 3236 5672 pronuntiarem.
3313 5603 3360 5634 “
3389 5605 3426 5655 Α
3452 5601 3498 5655 et
3537 5606 3597 5656 in

2223 5675 2267 5704 "‘
2297 5675 2386 5727 Sic
2415 5671 2529 5732 CF;
2555 5667 2596 5718 Α
2640 5674 2808 5732 ﬂuxu.
