3898 6154
267 264 352 323 761
1050 265 1137 319 DE
1174 264 1512 320 DlVlSlONE
1550 264 1672 319 ΝΑ]
1693 266 1826 321 υῐὶᾹ

1939 300 2007 307 -
2042 269 2239 326 uasa
2280 268 2630 338 QUARTUS.

3402 268 3503 322 762

264 375 1084 444 mundonasciturtemporalitcr
1105 376 1819 447 corruptibiliterque,cujus
1851 384 1893 439 Λ
1924 379 2015 442 cit,
2057 381 2197 449 quod
2221 381 2269 434 in
2292 381 2395 435 hoc
2426 380 2588 433 homo
2632 377 2864 431 maxime
2889 378 3317 447 reprehenditur,
3357 382 3506 448 quia,

264 470 375 522 linis
402 484 543 523 mors
568 477 675 529 est,
715 483 897 520 verum
937 468 1229 521 secundum
1269 468 1410 537 quod
1438 468 1504 521 ad
1534 467 1821 537 imaginem

261 561 367 623 Dei,
406 560 717 629 priusquam
754 567 1028 627 peccaret,
1071 559 1281 613 condita
1327 568 1427 612 est.
1480 557 1631 623 Quod
1661 560 1821 612 etiam

258 666 462 705 omnem
511 664 727 702 SBIISlIHl
779 663 1132 716 corporeum,
1181 663 1503 716 omnemque
1545 648 1823 702 ιηονιιιιυιιι

258 737 625 809 cogitationem
665 752 760 805 pro
788 737 1044 791 inell'abili
1077 747 1302 791 naturae
1333 737 1590 804 dignitate
1623 737 1825 791 ineoru-

256 827 684 899 preheusibiliter
728 827 895 897 fugit,
945 829 1039 885 sed
1074 828 1297 898 decepta
1337 836 1390 881 et
1419 828 1599 896 lapsa,
1628 843 1827 898 pravae

256 941 377 981 suae
420 924 713 979 voluntatis
760 923 994 977 tenebris
1042 924 1368 987 obcaecata,
1411 934 1463 976 ct
1504 923 1734 991 seipsam
1775 932 1829 974 et

255 1014 559 1068 Creatorem
612 1015 693 1068 sui
722 1015 738 1043 ¹
772 1013 1027 1068 oblivioni
1068 1014 1311 1067 tradidit.
1348 1008 1413 1067 Et
1449 1014 1581 1067 haec
1607 1022 1691 1066 est
1723 1011 1826 1065 mi-

254 1106 472 1159 serrima
514 1120 659 1159 mors
694 1105 890 1174 ipsius,
932 1103 1458 1173 profundissimaque
1492 1105 1542 1157 in
1599 1103 1827 1170 caligine

255 1196 586 1264 ignorantiae
610 1194 933 1258 submersio,
966 1206 1017 1249 et
1046 1210 1075 1247 a
1102 1195 1277 1263 seipsa
1312 1205 1365 1248 et
1394 1213 1421 1247 a
1448 1193 1705 1249 Creatore
1731 1209 1828 1246 suo

255 1286 557 1356 longissima
598 1286 886 1350 distantia,
920 1285 1379 1339 irrationabilibus
1417 1298 1545 1340 vero
1590 1286 1830 1341 mortali-

253 1376 450 1445 busque
490 1376 855 1430 animantibus
892 1376 1133 1445 proxima
1180 1377 1597 1447 turpissimaque
1643 1377 1829 1431 simili-

254 1469 403 1531 tudo;
452 1483 522 1520 ex
572 1481 678 1535 qua
724 1466 918 1520 iterum
967 1480 1122 1519 nemo
1159 1481 1278 1519 eam
1328 1467 1501 1534 potuit
1543 1467 1827 1531 redimere,

254 1569 528 1619 revocare,
559 1555 835 1619 reducere,
875 1564 929 1609 et
962 1556 1027 1608 ad
1054 1563 1251 1609 statum
1293 1557 1599 1626 pristinmn,
1631 1558 1696 1611 de
1724 1573 1831 1626 quo

252 1648 549 1710 ceciderat,
584 1655 919 1709 restaurare,
955 1648 1049 1701 sed
1079 1646 1171 1701 Dei
1210 1648 1473 1717 sapientia
1495 1690 1508 1712 ,
1542 1665 1680 1718 quae
1708 1664 1826 1703 eam

1927 468 2053 523 dum
2090 456 2232 524 esset
2256 468 2535 539 spirituale
2565 467 2760 521 animal
2791 474 2843 521 et
2872 482 3107 536 sapiens,
3148 469 3201 521 in
3228 468 3397 537 prima
3426 469 3507 521 sui

1926 560 2230 615 conditione
2252 562 2318 615 ad
2367 560 2654 629 imaginem
2690 560 2780 615 Dei
2813 568 2868 614 et
2915 559 3344 625 similitudinem,
3399 562 3513 630 ipse

1928 652 2243 722 insipienter
2267 662 2322 707 et
2354 652 2799 707 irrationabiliter
2849 666 2910 707 se
2952 667 3177 707 movens
3208 663 3397 707 contra
3426 654 3509 709 sui

1926 744 2219 797 conditoris
2241 742 2262 774 ⁹
2295 744 2625 809 mandatum,
2657 744 3045 812 insipientium,
3079 744 3182 798 hoc
3211 758 3291 798 est
3326 745 3507 799 bruto-

1926 847 2045 885 rum
2066 832 2107 864 ¹⁰
2123 832 2431 885 animalium
2449 826 2847 886 similitudinem
2864 834 3107 898 attraxit,
3125 848 3420 903 eormnque
3436 836 3511 890 in.

1928 920 2372 975 convenientibus
2386 919 2487 974 sibi
2507 921 2739 974 motibus
2756 921 2794 951 ”
2813 922 3108 977 naturalem
3136 933 3362 978 naturae
3383 940 3511 979 suae

1927 1009 2263 1065 honestatem
2296 1012 2691 1066 dehonestavit.
2722 1012 2837 1066 Non
2878 1014 3020 1067 enim
3052 1016 3104 1067 in
3144 1030 3207 1068 eo
3241 1014 3510 1080 laudatur,

1929 1103 2071 1171 quod
2097 1103 2293 1155 animal
2323 1111 2426 1167 est,
2452 1105 2543 1157 sed
2583 1104 2725 1171 quod
2759 1105 2932 1173 imago
2958 1106 3052 1159 Dei
3077 1114 3159 1159 est
3186 1108 3249 1170 η,
3280 1107 3419 1160 sicut
3459 1108 3512 1161 in

1927 1205 1992 1243 eo
2015 1205 2119 1243 non
2143 1190 2497 1260 vituperatur,
2532 1194 2671 1259 quod
2697 1192 2918 1256 animal,
2946 1194 3037 1247 sed
3060 1194 3199 1262 quod
3225 1195 3510 1264 imaginem

1930 1279 2234 1334 deformare
2257 1281 2443 1344 voluit,
2490 1297 2650 1351 quam
2689 1283 2912 1350 perdere
2938 1300 3042 1337 non
3078 1286 3268 1353 potuit.
3299 1285 3430 1339 Nam
3461 1286 3513 1340 in

1928 1372 2125 1427 ceteris
2174 1373 2494 1426 animalibus
2523 1375 2923 1429 irrationabiles
2971 1387 3150 1430 motus
3184 1387 3366 1446 turpes
3408 1393 3511 1434 n0n

1929 1471 2073 1520 sunt.
2098 1463 2222 1516 dum
2254 1465 2573 1518 naturaliter
2611 1466 2690 1519 eis
2716 1466 2921 1529 insunt,
2955 1477 3007 1520 et
3031 1468 3147 1521 sine
3182 1468 3375 1536 quibus
3397 1470 3513 1523 ani-

1929 1555 2088 1608 malia
2106 1569 2226 1609 esse
2250 1570 2353 1608 non
2376 1556 2678 1624 possunt“.
2704 1555 3147 1625 Reprehensihile
3170 1569 3253 1612 est
3273 1568 3451 1613 autem
3474 1560 3513 1589 ¹⁸

1930 1654 2091 1713 atque
2117 1644 2360 1699 deforme
2401 1646 2451 1697 in
2482 1646 2701 1699 animali
2736 1647 3063 1711 rationabili,
3089 1648 3139 1701 in
3171 1657 3348 1703 motus
3378 1648 3517 1703 irra-

252 1740 472 1804 creavit,
506 1753 733 1807 eamque
770 1737 822 1791 in
866 1736 1124 1791 unitatem
1157 1739 1258 1791 sibi
1295 1736 1315 1768 ¹
1352 1740 1685 1794 substantiae
1734 1755 1823 1794 ac-
1861 1732 1903 1789 Β
1935 1735 2289 1798 tionabilium,
2318 1738 2566 1805 quamvis
2590 1737 2990 1791 naturalesillis
3018 1736 3145 1804 sint,
3186 1738 3371 1794 illicito
3396 1756 3522 1809 per-

253 1829 402 1897 cepit,
423 1836 485 1881 ut
508 1828 585 1881 sic
606 1842 726 1880 eam
750 1827 1005 1891 salvaret,
1026 1838 1219 1881 cuncta
1245 1827 1490 1882 liberavit
1517 1829 1538 1860 ³
1588 1830 1826 1884 miseria.

252 1918 358 1973 Non
399 1928 456 1973 te
507 1919 669 1987 igitur
709 1926 949 1982 moveat,
979 1920 1120 1988 quod
1166 1920 1232 1972 de
1271 1920 1502 1973 hmnana
1536 1930 1724 1974 natura
1753 1922 1830 1975 di-

252 2021 386 2063 ctum
416 2019 538 2075 est,
570 2018 734 2063 totam
768 2008 819 2063 in
850 2008 1023 2075 seipsa
1058 2012 1256 2079 ubique
1282 2026 1430 2072 esse,
1463 2022 1518 2065 et
1544 2011 1827 2079 imaginem

253 2099 301 2151 in
328 2100 551 2152 animali
592 2107 780 2161 totam,
811 2108 866 2152 et
890 2100 1089 2153 animal
1116 2100 1168 2154 iu
1198 2102 1431 2171 imagine
1462 2109 1651 2155 totum.

315 2191 364 2242 6.
388 2189 565 2244 Omne
581 2190 863 2257 siquidem,
884 2190 1023 2258 quod
1046 2189 1100 2243 in
1115 2205 1177 2243 ea
1194 2192 1439 2245 conditor
1454 2206 1583 2245 suus
1605 2192 1833 2261 primor-

252 2282 457 2335 dialiter
484 2282 705 2345 creavit,
726 2291 894 2335 tottuu
925 2282 1297 2354 integrumque
1327 2295 1529 2349 manet,
1554 2287 1727 2341 adhuc
1750 2296 1827 2339 ta-

253 2389 362 2427 men
386 2373 545 2435 latet,
570 2372 949 2426 revelationem
975 2374 1203 2428 ﬁliorum
1232 2376 1323 2429 Dei
1346 2388 1660 2445 expectans.
1688 2377 1829 2431 Dtse.

254 2462 357 2516 Non
390 2479 478 2516 mc
496 2462 741 2517 fortassis
758 2473 1014 2528 moveret,
1036 2466 1078 2519 si
1098 2462 1226 2519 mihi
1246 2464 1323 2519 cla
1333 2481 1390 2519 re
1404 2468 1678 2531 suaderes,
1693 2469 1835 2536 quod

254 2567 342 2622 per
363 2554 631 2622 meipsum
661 2553 964 2621 perspicere
992 2570 1095 2607 non
1116 2555 1285 2609 valeo.
1314 2552 1559 2611 Delibero
1585 2574 1834 2626 namque,

254 2653 432 2696 utrum
477 2643 656 2706 homo,
691 2643 734 2695 si
767 2659 871 2697 non
916 2655 1185 2712 peccaret,
1239 2647 1439 2700 animal
1470 2657 1616 2701 esset
1648 2666 1659 2699 :
1695 2650 1838 2717 quod

253 2734 412 2786 etiam
465 2732 571 2785 alio
621 2733 779 2786 modo
817 2747 1033 2799 possum
1081 2735 1281 2797 dicere,
1306 2736 1668 2790 tmm‘ltomo
1716 2745 1840 2790 ante

255 2832 528 2892 peccatum
561 2824 759 2877 animal
789 2825 940 2877 erat?
974 2825 1029 2877 Si
1073 2841 1174 2879 non
1202 2835 1338 2890 erat,
1368 2841 1464 2880 cur
1515 2835 1719 2879 tantum
1764 2827 1840 2879 la-

257 2917 558 2970 boravimus
582 2925 923 2985 quaerentes,
951 2927 1028 2981 et,
1066 2928 1125 2970 ut
1148 2928 1232 2971 est
1255 2919 1451 2981 vismn,
1486 2919 1838 2981 invenientes,

259 3008 305 3060 iu
334 3006 622 3061 universali
653 3018 845 3074 genere
860 3007 1206 3060 animalium'
1230 3007 1502 3063 hominem
1530 3008 1841 3062 conditum6

1933 1845 2123 1885 versae
2180 1830 2469 1885 voluntatis
2500 1831 2739 1900 appetitu
2792 1832 3007 1893 cadere,
3043 1833 3096 1884 in
3150 1832 3335 1900 eisque
3383 1833 3520 1887 velle

1932 1938 2172 1987 manere,
2207 1923 2392 1976 relicta
2425 1923 2687 1992 superiori
2719 1922 3118 1993 pulchritudine
3148 1924 3360 1978 divinae
3388 1925 3519 1979 ima-

1934 2014 2092 2085 ginis.
2127 2015 2270 2070 Dtsc.
2302 2014 2432 2068 Jure
2480 2015 2697 2083 quidem
2752 2016 3000 2083 culpatur
3058 2016 3396 2071 rationabilis
3452 2018 3521 2071 ob

1934 2105 2245 2158 animalium
2299 2105 2745 2159 irrationabilium
2784 2114 2961 2160 motus
2993 2106 3054 2159 ¹⁸.
3094 2106 3226 2161 Nam
3256 2107 3303 2162 si
3330 2107 3524 2177 aliquis

1939 2197 2097 2249 homo
2126 2197 2385 2251 honestae
2419 2196 2626 2250 formae
2643 2196 2918 2251 bestialem
2950 2196 3176 2267 «ﬂigiem
3206 2207 3397 2266 sponte
3426 2214 3520 2252 sua

1937 2288 2282 2351 scindueret,
2321 2304 2425 2341 non
2462 2289 2734 2342 immerito
2770 2290 3272 2357 reprehenderetur,
3322 2291 3390 2345 ab
3435 2306 3522 2355 eo,

1935 2376 2076 2444 quod
2117 2376 2308 2429 melius
2335 2386 2438 2439 est,
2472 2378 2522 2429 iu
2554 2376 2628 2440 id,
2673 2377 2814 2444 quod
2868 2377 3035 2429 multo
3061 2377 3102 2407 ¹⁶
3137 2378 3393 2443 deterius,
3434 2395 3523 2432 se-

1914 2537 1916 2541 _
1941 2466 2114 2533 ipsum
2148 2464 2530 2531 praecipitans.

2009 2553 2059 2604 7.
2102 2551 2206 2606 Sed
2233 2554 2409 2607 adhuc
2433 2570 2655 2623 quacro,
2684 2570 2782 2607 cur
2808 2555 2946 2610 Deus
2973 2555 3246 2610 hominem
3280 2556 3330 2610 in
3360 2573 3523 2626 grac-

1940 2662 1997 2701 re
2036 2644 2343 2699 animalium
2376 2647 2601 2708 creavit,
2629 2662 2787 2714 quem
2841 2647 2907 2700 ad
2942 2648 3231 2716 imaginem
3264 2664 3415 2703 suam
3470 2659 3527 2703 et

1940 2737 2347 2790 similitudinem
2380 2735 2559 2792 facere
2598 2738 2801 2791 voluit?
2843 2738 3141 2792 Gloriosius
3159 2740 3355 2809 quippe
3384 2740 3529 2793 vitle-

1942 2836 2111 2890 retur,
2139 2826 2639 2881 omnianimalitatc
2669 2829 2784 2882 ﬁeri
2816 2829 3145 2891 absolutum,
3169 2831 3312 2898 quod
3336 2844 3528 2900 super-

1944 2920 1996 2973 ni
2023 2920 2366 2973 .cliaracteris
2412 2920 2684 2989 particeps
2720 2934 2840 2973 esse
2879 2920 3017 2972 ultra
3047 2919 3228 2973 omnia
3273 2920 3528 2974 animalia

1946 3007 2122 3062 fuerat
2143 3009 2393 3071 electum,
2448 3009 2869 3078 caelestinmque
2898 3010 3128 3064 essentia
3140 3025 3256 3063 rum
3282 3025 3525 3071 consors,

258 3099 411 3153 esse?
459 3098 514 3152 Si
564 3098 707 3153 enim
746 3098 797 3151 in
828 3114 893 3152 eo
941 3113 1140 3168 genere
1189 3115 1293 3153 non
1340 3109 1423 3154 cst
1472 3111 1705 3165 creatus,
1750 3110 1838 3153 aut
1871 3097 1913 3158 C
1944 3100 2140 3168 quibus
2180 3108 2518 3155 terrenorum
2561 3101 2874 3154 animalium
2916 3100 3061 3154 nulla
3103 3100 3531 3155 consubstantia-

258 3189 472 3243 onmino
498 3198 623 3243 ante
649 3198 932 3259 peccatum
964 3184 1166 3242 animal
1196 3206 1299 3243 non
1326 3199 1466 3254 erat,
1492 3201 1584 3244 aut
1623 3192 1666 3245 si
1700 3200 1838 3255 erat,

260 3278 307 3330 in
337 3277 444 3331 alio
483 3272 1036 3349 genere'amimalinm
1083 3280 1331 3333 conditus
1379 3290 1515 3334 erat.
1546 3280 1698 3347 Quod
1743 3296 1844 3335 nec

260 3367 438 3420 divina
476 3367 752 3435 Scriptura
783 3365 1098 3432 introducit,
1127 3382 1226 3422 nec
1257 3368 1482 3437 diligens
1516 3371 1739 3423 rationis
1762 3370 1843 3423 in-

260 3456 473 3523 quisitio
493 3456 544 3507 in
577 3463 766 3507 natura
794 3470 973 3508 rerum
1000 3456 1221 3523 reperit.
1252 3456 1441 3509 Omnia
1465 3458 1605 3511 enim
1632 3459 1838 3511 anima-

260 3542 324 3598 lia
377 3544 433 3599 in
481 3561 583 3599 uno
633 3560 830 3613 genere
873 3545 1194 3610 subsistunt,
1230 3562 1259 3599 a
1300 3562 1406 3615 quo
1428 3562 1523 3616 per
1551 3548 1843 3602 divisiones

261 3638 568 3704 procedunt.
596 3638 667 3691 At
700 3634 745 3693 si
777 3638 830 3691 in
874 3653 939 3693 eo
965 3639 1107 3707 quod
1137 3639 1397 3709 scriptum
1426 3640 1551 3694 est"
1583 3656 1596 3692 :
1639 3637 1844 3694 Produ-

262 3738 338 3780 ται
362 3738 500 3780 terra
540 3729 769 3781 animum
806 3728 997 3793 vivam,
1044 3728 1184 3782 inter
1211 3729 1462 3782 animalia
1504 3738 1682 3783 cetera
1714 3745 1845 3783 cou-

265 3819 389 3872 ditio
418 3820 649 3873 hominis
673 3820 978 3875 introducta
1015 3830 1096 3876 est
1117 3831 1241 3875 ante
1281 3826 1581 3891 peccatum,
1613 3838 1841 3892 quomo-

264 3906 329 3960 tlo
379 3907 660 3962 Psalmista
692 3909 855 3963 veluti
890 3926 1142 3981 maguum
1190 3912 1537 3981 opprobrium
1578 3914 1845 3967 humanae

264 4000 481 4052 naturae
513 4008 632 4067 post
653 3999 861 4068 lapsum
912 4001 1109 4072 ingerit
1137 4003 1322 4058 dicens
1355 4020 1367 4055 :
1402 4003 1595 4067 Homo,
1624 4020 1743 4057 cum
1789 4006 1844 4058 in

267 4089 453 4141 honore
482 4099 632 4153 esset,
669 4107 771 4143 non
805 4090 1078 4157 intellexit,
1108 4104 1440 4161 comparatus
1485 4104 1558 4147 est
1588 4096 1843 4164 jumenlis

269 4178 639 4247 insipientibus,
667 4189 715 4233 et
742 4182 924 4234 similis
956 4182 1125 4250 factus
1154 4193 1229 4236 est
1258 4182 1406 4236 illis?
1438 4183 1536 4240 Ubi
1573 4185 1843 4254 Propheta

269 4275 443 4333 aperte
470 4268 682 4322 videtur
707 4270 1075 4336 pronuntiare,
1132 4271 1404 4325 hominem
1456 4281 1583 4327 ante
1634 4274 1842 4343 lapsum

270 4356 321 4409 in
347 4357 545 4413 honore
589 4356 885 4429 spiritualis
931 4360 1263 4417 substantiae
1292 4363 1430 4417 ultra
1458 4365 1700 4419 omnium
1730 4368 1845 4421 ani-

1944 3191 2066 3246 litas
2110 3192 2307 3247 sinitur
2346 3193 2540 3247 inesse.
2597 3192 2712 3246 Non
2758 3194 2901 3248 enim
2945 3193 3174 3247 terrenis
3215 3194 3532 3263 corporibus

1942 3293 2256 3354 gravantur,
2285 3300 2384 3340 nec
2413 3286 2691 3355 corporeis
2716 3285 2962 3341 sensibus
2983 3292 3208 3339 utuntur
3235 3285 3276 3315 "'
3323 3282 3392 3336 ad
3442 3299 3531 3337 re-

1943 3390 2061 3426 rmu
2105 3374 2435 3429 sensibilium
2487 3374 2756 3428 notitiam.
2789 3372 2903 3427 Non
2939 3374 3085 3428 enim
3126 3373 3169 3404 ³⁸
3196 3372 3534 3427 extrinsecus

1944 3465 2260 3533 pbantasias
2283 3465 2573 3534 accipiunt,
2623 3465 2715 3517 sed
2745 3464 3069 3516 intrinsecus
3104 3462 3156 3515 in
3209 3461 3401 3530 seipsis
3448 3475 3534 3513 ra-

1945 3554 2115 3607 tiones
2138 3569 2349 3617 eorum,
2380 3570 2515 3622 quae
2543 3553 2746 3617 vident,
2786 3560 3136 3623 cognoscunt.
3169 3551 3303 3605 Nam
3341 3560 3395 3605 et
3417 3551 3537 3605 ani;

1944 3660 2028 3697 ma
2061 3659 2164 3698 non
2201 3652 2352 3698 extra
2381 3659 2438 3699 se
2462 3645 2621 3705 videt,
2640 3660 2779 3714 quae
2792 3644 2975 3707 sentit,
2996 3644 3089 3698 sed
3105 3658 3202 3721 per
3221 3644 3535 3713 phantasias

1944 3734 1997 3787 in
2025 3735 2225 3802 scipsa,
2257 3736 2400 3802 quod
2433 3735 2605 3805 angeli
2635 3752 2739 3790 non
2770 3735 3070 3804 patiuntur.
3099 3733 3357 3799 Quamvis
3385 3732 3536 3788 Plato

1943 3824 2190 3893 angelum
2230 3824 2455 3878 defirniat
2504 3824 2704 3878 animal
2763 3823 3028 3878 rationale
3077 3832 3132 3877 et
3183 3820 3532 3876 immortale:

1943 3918 2035 3971 sed
2084 3917 2225 3986 quod
2274 3917 2599 3971 auctoritate
2650 3914 2707 3968 S.
2770 3914 3086 3984 Scripturae
3117 3922 3536 3980 sanctorumque

1942 4007 2164 4062 Patrum
2189 4007 2418 4078 probare
2444 4022 2549 4060 non
2581 4018 2889 4073 possumus,
2913 4004 3054 4056 inter
3097 4012 3275 4056 certas
3317 4010 3537 4054 natura-

1944 4098 2487 4167 rumspeculationes,
2516 4094 2770 4167 quoniam
2789 4094 3134 4150 temerarium
3162 4100 3267 4157 est,
3291 4092 3538 4161 accipere

1944 4204 2051 4242 non
2092 4188 2371 4242 debemus.
2429 4184 2582 4252 Quod
2633 4193 2813 4240 autem
2857 4186 2900 4218 ¹⁹
2939 4191 3159 4238 sanctus
3203 4181 3538 4254 Augustinus

1945 4291 2185 4332 summos
2225 4276 2445 4347 angelos
2488 4274 2788 4344 spiritualia
2822 4288 2918 4328 sua
2958 4287 3207 4342 corpora,
3256 4273 3310 4327 in
3344 4273 3540 4342 quibus

1947 4382 2107 4437 saepe
2130 4376 2414 4437 apparent,
2445 4382 2548 4420 non
2590 4364 2763 4419 solun)
2802 4365 3001 4419 habere
3030 4378 3134 4418 non
3165 4364 3414 4435 denegat,
3442 4379 3537 4420 ve-

273 4447 476 4501 malium
503 4457 751 4501 naturam
788 4449 1095 4506 substitisse
1120 4467 1134 4517 ;
1162 4467 1227 4507 eo
1255 4468 1385 4509 vero
1407 4454 1641 4520 labente,
1673 4458 1844 4528 digni-
1877 4462 1923 4520 Ι)
1952 4474 2068 4511 rum
2093 4459 2258 4511 etiam
2286 4458 2592 4523 conﬁrmat,
2622 4455 2767 4511 nullo
2799 4454 2959 4511 modo
2985 4454 3392 4525 compellitnos,
3419 4469 3540 4511 cae-

273 4542 530 4605 tatemque
552 4552 683 4591 suae
708 4546 929 4593 naturae
956 4554 1061 4593 non
1092 4540 1439 4613 intelligente,
1472 4545 1525 4599 in
1557 4555 1836 4601 contume-

273 4621 391 4677 liam
421 4625 789 4692 jumentorum
830 4628 1196 4687 similitudinis
1243 4634 1521 4691 cecidisse.
1555 4634 1613 4690 Si
1657 4646 1836 4689 autem

273 4723 387 4766 ante
413 4714 616 4783 lapsum
644 4717 842 4771 animal
865 4729 1005 4787 erat,
1031 4736 1127 4776 cur
1153 4732 1275 4792 post
1294 4724 1503 4793 lapsum
1530 4726 1583 4780 in
1608 4741 1672 4780 eo
1694 4726 1837 4796 juste

276 4805 693 4871 reprehenditur,
733 4808 1043 4863 animalium
1079 4812 1485 4868 similitudinem
1517 4816 1830 4877 incurrisse.

274 4891 456 4955 quibus
482 4896 801 4950 naturaliter
838 4897 940 4952 sub
964 4914 1070 4954 uno
1096 4916 1289 4970 genere
1315 4915 1636 4961 concreatus
1662 4907 1686 4939 ⁸
1712 4908 1836 4962 est?

277 4976 404 5035 Mss.
458 4978 651 5040 Merito
708 4987 1070 5054 deliberares,
1121 4993 1163 5045 si
1206 4995 1467 5064 propheta
1522 4997 1839 5067 simpliciter

278 5067 501 5138 dixisset,
527 5087 869 5147 comparatus
894 5089 976 5137 est
993 5081 1341 5151 jumentis,et
1364 5086 1556 5143 similis
1571 5086 1743 5143 factus
1759 5099 1842 5143 est

278 5152 392 5214 illis.
416 5160 634 5219 Addens
660 5180 788 5221 vero
812 5166 1072 5234 jumentis
1097 5173 1458 5241 insipientibus
1488 5179 1618 5233 satis
1639 5179 1843 5249 patefe-

1945 4549 2108 4604 lcstes
2133 4550 2462 4604 substantias
2490 4549 2743 4603 animalia
2793 4563 2916 4603 esse
2942 4547 3186 4613 credere,
3213 4548 3538 4617 praesertim

1945 4654 2065 4694 cum
2102 4655 2209 4692 non
2256 4638 2569 4693 caelestium
2616 4648 2672 4693 et
2727 4637 3218 4707 incorrttptibilium
3247 4652 3538 4709 corporum

1944 4744 2066 4783 cum
2098 4729 2355 4800 angelicis
2408 4730 2689 4799 spiritibus
2739 4730 3019 4785 harmonia
3055 4730 3541 4800 inseparabilisque

1937 4815 2211 4887 iunctura,
2239 4822 2332 4877 sed
2364 4823 2701 4877 terrestrium
2729 4822 3234 4892 etcorruptibilium
3271 4837 3396 4878 cum
3424 4822 3543 4877 ani-

1945 4914 2137 4968 mabus
2153 4912 2266 4969 sive
2296 4915 2706 4969 rationabilibus
2729 4915 2843 4969 sive
2871 4914 3359 4979 irrationabilibus,
3375 4929 3537 4969 sensu

1947 5004 2242 5070 mediante,
2265 5007 2529 5059 connexio
2551 5006 2750 5059 animal
2773 5005 2987 5061 efﬁciat.
3009 5006 3145 5061 Nam
3167 5007 3210 5062 si
3232 5020 3426 5062 sensus
3448 5021 3541 5060 ex-

1950 5096 2116 5151 terior
2141 5097 2403 5165 angelicis
2430 5097 2747 5164 corporibus
2777 5107 2939 5166 atque
2970 5097 3329 5151 intellectibus
3376 5094 3538 5157 inest,

1951 5187 2077 5254 quid
2120 5183 2392 5253 prohibet,
2444 5203 2510 5239 ne
2566 5188 2684 5242 illos
2729 5188 2981 5243 animalia
3027 5202 3252 5257 corpore
3277 5194 3331 5242 et
3359 5186 3539 5239 anima

1536 5288 1788 5344 VARIAE
1826 5291 2230 5351 LECTIONES.

345 5363 589 5441 [δίᾳ-(ΞΕ
612 5410 635 5441 γ,
665 5370 710 5424 Δ
745 5387 919 5425 suum.
995 5375 1013 5404 ⁸
1046 5373 1137 5429 Sic
1174 5373 1298 5441 CF;
1338 5376 1383 5431 Α
1428 5394 1573 5432 suae.

433 5429 641 5515 Cliti}
698 5442 1003 5515 animalium
1034 5461 1237 5514 genere.
1285 5429 1297 5441 ’
1339 5429 1696 5503 “evil—itum,

284 5499 407 5569 θεὶς
431 5511 469 5559 Α
497 5525 510 5569 ;
536 5499 637 5563 CF
659 5513 929 5565 creatoris.

292 5566 327 5597 ¹²
348 5574 429 5627 Sic
456 5566 570 5640 CF;
666 5592 891 5652 possent.
969 5584 1009 5614 “
1042 5566 1678 5652 Sie'CF—quititt'eﬂrnveswt'.

277 5651 445 5701 moms.
509 5652 553 5684 ³ο
597 5647 644 5702 Λ
670 5649 909 5706 multum.
988 5655 1027 5697 ι⁷
1054 5655 1143 5709 Sic
1165 5647 1281 5724 CF;
1308 5668 1526 5712 utuntur
1548 5676 1657 5715 om.
1686 5661 1749 5715 A.

1705 5380 1725 5410 ³
1776 5381 1865 5435 Sic
1920 5385 2037 5447 CF;
2098 5385 2139 5438 A
2194 5397 2241 5440 et
2305 5396 2491 5440 cuncta
2539 5387 2800 5441 liberaret.

1122 5462 1279 5526 teret.“
1349 5452 1439 5526 ξΑ
1481 5452 1696 5526 editum.
1827 5453 1846 5482 "
1895 5452 1985 5507 Sic
2025 5455 2146 5521 CF;
2192 5466 2266 5508 est
2317 5472 2426 5508 om.
2472 5456 2539 5526 Α,

1006 5516 1049 5550 ιο
1078 5517 1167 5569 Sic
1197 5515 1310 5582 CF;
1343 5518 1437 5572 hoc
1463 5529 1537 5573 est
1561 5522 1831 5573 brutornm
1855 5538 1963 5575 om.
1987 5526 2052 5578 A.

2907 5386 2928 5416 ⁸
2976 5385 3067 5440 Sic
3118 5387 3195 5450 A;
3248 5384 3333 5440 CF
3396 5403 3539 5440 nam.

2673 5458 2694 5488 ⁸
2740 5456 2828 5511 Sic
2883 5457 2956 5518 A;
2989 5454 3074 5508 CF
3122 5465 3393 5509 concretus
3443 5465 3539 5511 est.

2159 5533 2197 5561 ιι
2229 5526 2322 5581 Sic
2353 5526 2470 5589 CF;
2515 5525 2558 5579 A
2604 5525 2826 5579 motibus
2850 5526 2987 5585 sibi;
3068 5528 3111 5561 ³⁸
3156 5535 3233 5578 est
3277 5540 3384 5579 om.
3435 5524 3543 5580 CF.

1760 5591 1801 5621 ¹⁸⁵
1849 5592 1938 5647 Sic
1966 5594 2050 5657 A;
2089 5593 2174 5648 CF
2208 5596 2453 5666 culpatur
2498 5594 2830 5649 rationabilis
2863 5593 3110 5649 animalis
3164 5594 3545 5651 irrationabilis

1831 5664 1873 5696 "
1901 5666 2032 5718 enim
2057 5680 2164 5719 om.
2195 5664 2300 5719 CF.
2379 5665 2421 5695 ¹⁹
2449 5663 2491 5718 Α
2541 5675 2652 5718 aut.

1987 5685 2032 5717 m
2057 5685 2164 5718 0111.
2195 5685 2269 5718 ltl'
2291 5707 2300 5718 .

2379 5665 2421 5695 ¹⁹
2449 5663 2491 5718 Α
2541 5675 2652 5718 (ml.
