3898 6154
382 205 484 261 763
1756 227 1871 284 JOA
1883 230 2035 287 NNlS
2072 233 2263 291 SCOTI
3520 251 3627 310 764

380 332 646 388 sensuque
681 316 698 352 ί
750 322 1017 378 mediante
1057 334 1110 379 et
1151 326 1417 384 intellectu
1466 335 1772 391 viviﬁcante
1802 353 1947 392 rom“-
1977 354 2019 405 Α
2052 343 2409 399 cssentialitcr
2454 362 2559 406 non
2587 347 2843 404 suhsistat
2873 347 2916 405 ⁸.
2954 349 3049 406 Est
3071 351 3217 406 enim
3243 349 3539 413 intellectus
3558 360 3618 406 el

379 410 740 475 posita,.sicut
762 411 968 467 Platoni
1004 415 1198 483 placet,
1231 419 1509 477 dicamus"
1532 423 1593 478 Et
1621 426 1663 479 si
1694 428 1793 490 sic,
1818 445 1948 498 qua-
2053 433 2210 488 ratio.
2241 443 2325 488 est
2362 434 2611 491 caelestis
2635 438 2971 508 angelieique
3000 440 3242 508 corporis
3268 441 3494 498 habendi
3525 461 3628 500 na-

384 498 439 551 re
466 499 518 552 in
547 514 742 570 genere
771 503 1076 558 animalium
1105 522 1211 561 non
1234 517 1647 581 computantur?
1670 516 1946 588 Siquidem
2053 522 2294 578 turaliter
2319 524 2478 579 insita
2508 526 2665 591 ratio,
2698 543 2835 596 quae
2867 521 2986 596 post
3010 530 3456 586 resurrectionem
3502 533 3627 589 luce

381 598 434 641 et
473 590 651 654 homo,
690 592 734 646 si
763 608 866 647 non
898 606 1164 661 peccaret,
1201 602 1401 655 animal
1429 614 1589 660 esset.
1637 609 1751 664 Non
1801 612 1944 666 enim
2047 609 2247 665 clarius
2276 620 2330 665 et
2360 612 2413 665 in
2444 613 2600 668 bonis
2624 590 2905 683 apparebit
2932 624 2989 670 et
3012 617 3066 669 in
3090 617 3263 672 malis.
3288 617 3401 674 Hoc
3418 621 3564 675 enim
3578 623 3624 655 ⁸⁸

381 688 654 743 peccatum
689 681 753 733 de
792 681 1005 737 homine
1055 683 1183 740 fecit
1232 690 1428 744 animal
1475 694 1517 759 ³,
1570 699 1665 751 sed
1730 707 1943 754 natura.
2046 715 2332 757 commune
2351 705 2748 759 erituniversae
2772 705 3037 761 humanae
3058 709 3369 773 naturae,in
3392 712 3624 767 aeternis

381 768 507 820 Ntm
532 779 583 823 et
623 771 838 840 angelos
885 777 1349 841 praevaricatores
1386 785 1637 842 animalia
1663 805 1782 847 esse
1803 795 1944 848 nulla
2047 789 2647 862 incorruptibilibusque
2672 808 2735 848 ac
2776 793 3147 862 spiritualibus
3174 798 3495 865 corporibus
3542 815 3621 854 re-

379 860 537 911 trudit
609 863 924 918 auctoritas.
1000 865 1151 934 Quod
1237 872 1471 928 maxime
1547 879 1642 933 tali
1722 884 1912 938 docetu

2082 882 2283 947 urgere.
2323 860 2644 945 Seminatitr,
2678 883 3080 954 inquit,’corpus
3104 885 3144 916 ¹¹
3178 886 3425 951 animale,
3448 900 3621 958 surget

376 958 706 1013 argumento.
758 949 1034 1019 Siquidem
1088 956 1174 1009 illa
1232 957 1412 1016 futura
1470 962 1700 1022 felicitas
1732 1011 1747 1035 ,
1806 987 1907 1041 qua

2084 981 2229 1034 πρίω
2274 967 2566 1037 spirituale.
2613 949 2779 1024 Τοιυέ
2824 971 2925 1025 iste
2972 949 3204 1027 mundus
3247 949 3623 1031 sensibilisdn

371 1036 571 1090 sanctis
637 1038 942 1093 hominibus
1016 1045 1387 1113 promittitur,
1461 1067 1565 1107 non
1647 1056 1750 1111 alia
1823 1036 1910 1115 ess

2082 1068 2156 1108 )so
2186 1036 2433 1110 conditus
2464 1066 2564 1110 est.
2620 1056 2776 1111 Nulla
2822 1059 2966 1114 enim
3012 1075 3137 1130 pars
3174 1061 3289 1129 ejus
3327 1066 3621 1128 Invenitur,

372 1125 732 1191 praedicatur,
799 1143 958 1195 quant
1006 1131 1281 1199 angelicae
1328 1146 1553 1195 naturae
1605 1143 1843 1212 perfecta
1889 1158 1944 1204 et
2042 1144 2156 1199 sive
2187 1160 2446 1216 corporea
2476 1147 2590 1201 Sive
2620 1147 2965 1217 incorporea.
3007 1164 3145 1219 (illae
3175 1168 3279 1205 ηοη
3314 1153 3367 1207 in
3398 1154 3624 1210 ὶιοῐιιῖιια

370 1215 421 1264 in
480 1214 625 1267 nullo
665 1215 918 1271 deficiens
977 1221 1295 1289 aequalitas.
1347 1226 1479 1295 Quis
1526 1241 1705 1288 autem
1751 1252 1909 1293 sanut

2082 1244 2221 1290 reata
2268 1214 2549 1303 subsistat,
2595 1214 2792 1304 sentit,
2844 1239 3003 1303 vivit,
3054 1242 3456 1310 incorporatur.
3508 1243 3621 1299 Noli

367 1303 579 1370 sapiens
628 1304 861 1359 futuram
890 1306 1123 1364 hominis
1167 1319 1669 1378 transmutationem
1699 1328 1941 1383 credide-
2040 1325 2208 1381 moles
2236 1341 2525 1397 corporeas
2555 1329 2607 1381 in
2635 1328 2852 1383 homine
2881 1344 3138 1399 pensare;
3164 1332 3416 1385 virtutem
3452 1336 3622 1404 magis

370 1394 437 1446 rit
459 1393 619 1448 veluti
649 1410 713 1449 ex
747 1396 964 1451 animali
994 1397 1231 1456 inferiori
1264 1404 1316 1459 in
1346 1408 1548 1463 animal
1577 1415 1842 1482 superius,
1872 1431 1938 1472 ex
2038 1417 2319 1472 considera
2354 1418 2675 1485 naturalem,
2708 1422 3028 1489 praesertim
3052 1437 3174 1476 cum
3205 1423 3388 1479 videas
3417 1425 3478 1477 in
3511 1426 3620 1494 ipso

366 1492 580 1537 terreno
614 1485 664 1538 in
701 1486 931 1541 caeleste
957 1529 971 1552 ,
1011 1504 1074 1543 ex
1112 1496 1389 1561 temporali
1435 1499 1486 1551 in
1520 1510 1795 1559 aeternum
1822 1546 1836 1572 ,
1870 1522 1937 1562 ex
2038 1509 2272 1564 bmnano
2303 1525 2528 1579 corpore
2565 1511 2821 1581 pupillam
2860 1513 3032 1579 oculi,
3074 1529 3212 1582 quae
3239 1530 3363 1569 eum
3408 1517 3486 1570 sit
3517 1518 3617 1570 mi-

365 1576 573 1630 mortali
606 1576 658 1630 in
688 1579 1003 1645 immortale,
1034 1597 1100 1636 ex
1131 1584 1330 1640 misero
1359 1588 1410 1641 in
1443 1590 1681 1661 beatum,
1714 1596 1805 1651 sed
1835 1613 1934 1668 po-
2036 1597 2181 1651 nima
2209 1600 2446 1653 omnium
2474 1600 2837 1656 membrorum
2864 1604 3186 1672 quantitate,
3215 1607 3458 1660 maxima
3490 1610 3614 1661 sub-

363 1667 468 1720 tius
496 1668 695 1731 omnia,
729 1683 865 1737 quae
911 1671 960 1723 in
995 1673 1095 1727 bac
1125 1675 1233 1729 vita
1283 1677 1336 1729 in
1387 1679 1693 1740 hominibus
1729 1667 1934 1743 sanctis
1965 1674 2008 1732 Β
2039 1688 2179 1743 sistit
2206 1689 2465 1758 potentia.
2504 1689 2561 1745 Si
2588 1706 2718 1763 ergo
2749 1692 2790 1724 ⁸³
2809 1690 2951 1747 Deus
2996 1693 3266 1749 hominem
3314 1695 3369 1749 in
3418 1712 3618 1767 genere

360 1757 556 1811 ceteris
584 1761 884 1815 communia
930 1763 1250 1821 animalibus
1298 1784 1390 1823 seu
1444 1773 1812 1844 intelliguntur
1839 1796 1931 1838 seu
2033 1757 2342 1832 aﬂimalium
2371 1794 2476 1834 non
2507 1791 2739 1846 crearet,
2776 1781 2860 1836 νει
2886 1792 3034 1838 certe
3061 1784 3107 1838 εί
3132 1785 3375 1839 omnium
3406 1789 3617 1842 δαίτηθ-

365 1845 670 1899 sentiuntur
694 1846 732 1909 ³,
764 1847 815 1900 in
842 1846 985 1901 illam
1016 1852 1302 1907 essentiam
1333 1856 1616 1915 caelestem
1645 1872 1697 1917 et
1726 1864 1933 1921 incom-
2032 1866 2162 1921 lium
2210 1877 2374 1923 totam
2407 1878 2655 1925 naturam
2700 1871 2752 1925 in
2784 1872 3001 1927 homine
3029 1871 3073 1904 ¹³
3101 1889 3205 1928 non
3235 1874 3612 1937 substitueret,

360 1935 733 1990 inuiticabilem
777 1938 1030 2007 onmique
1066 1941 1396 2001 animalitate
1439 1960 1711 2006 carentem
1749 1953 1931 2010 ineﬂ‘a-
2030 1959 2298 2026 quomodo
2329 1961 2579 2015 universa
2609 1969 2857 2016 creatura
2899 1962 3124 2018 visibilis
3159 1974 3212 2019 et
3241 1965 3535 2021 invisibilis
3561 1968 3609 2020 in

359 2023 445 2075 bili
464 2024 688 2090 quadam
719 2027 1013 2082 mutatione
1037 2030 1335 2098 transferri,
1357 2037 1499 2103 quod
1530 2040 1688 2093 etiam
1704 2041 1928 2111 homini,
2030 2023 2096 2102 eo
2121 2049 2687 2119 comprehenderetur,
2718 2066 2780 2105 ac
2804 2066 2900 2122 per
2930 2053 3034 2107 hoc
3062 2054 3463 2109 rationabiliter
3488 2071 3610 2124 pos«

356 2116 398 2167 si
429 2131 531 2169 non
560 2127 826 2184 peccaret,
851 2117 1086 2174 futurum
1114 2122 1266 2177 erat?
1294 2123 1471 2191 Quare
1496 2128 1659 2199 igitur
1685 2132 1845 2190 homo
1875 2137 1929 2192 in
2030 2139 2199 2193 simus
2242 2116 2442 2205 dicere,
2477 2150 2759 2212 propterea
2799 2143 2941 2199 Deus
2982 2146 3253 2200 hominem
3300 2147 3359 2201 in
3413 2164 3611 2219 genere

355 2220 550 2275 genere
597 2208 927 2270 animalium,
980 2225 1116 2279 quae
1166 2212 1232 2267 de
1278 2221 1419 2269 terra
1466 2220 1723 2287 producta
1782 2238 1926 2291 sunt,
2029 2228 2341 2284 animalium
2371 2208 2539 2284 volnit
2567 2208 2933 2298 substituere,
2978 2234 3232 2302 quoniam
3260 2234 3310 2288 in
3344 2234 3471 2304 ipso
3499 2251 3610 2290 om.

353 2307 567 2354 creatus
594 2300 692 2361 sit,
732 2299 783 2353 in
815 2316 920 2377 quo
948 2317 1159 2372 semper
1186 2320 1298 2360 non
1328 2310 1601 2365 manebit?
1647 2301 1926 2383 Siquidem
2029 2334 2149 2374 nem
2179 2331 2486 2377 creaturam
2516 2323 2559 2355 “
2582 2325 2749 2380 voluit
2790 2340 2995 2382 creare.
3041 2327 3150 2383 Cur
3193 2338 3376 2383 autem
3412 2330 3468 2383 in
3499 2332 3608 2400 ipso

352 2404 471 2442 cum
501 2389 731 2444 mundus
757 2390 876 2456 iste,
908 2391 1059 2460 cujus
1087 2410 1211 2465 pars
1247 2398 1495 2455 animalis
1523 2401 1682 2459 homo
1709 2415 1812 2471 est,
1842 2409 1925 2464 in-
2027 2425 2242 2467 omnem
2270 2423 2572 2470 creaturam
2601 2416 2771 2471 voluit
2793 2418 3064 2481 creare”,
3108 2419 3152 2473 si
3195 2435 3223 2472 a
3251 2435 3337 2475 me
3362 2424 3605 2491 quaeris,

354 2482 595 2547 terierit,
638 2497 816 2547 omne,
847 2486 987 2554 quod
1034 2488 1085 2542 in
1131 2489 1346 2547 homine
1392 2495 1623 2552 animale
1668 2508 1770 2564 est,
1803 2516 1923 2555 eum
2030 2505 2347 2575 respondeo,
2374 2506 2498 2576 quia
2527 2497 2598 2561 ad
2620 2508 2906 2579 imaginem
2928 2518 2983 2564 et
3014 2511 3427 2567 similitudinem
3456 2529 3606 2569 suam

351 2571 465 2637 ipso
492 2579 547 2624 et
573 2571 624 2624 in
655 2573 769 2641 ipso
814 2575 1027 2642 peribit.
1073 2576 1189 2632 Non
1227 2581 1369 2634 enim
1398 2581 1419 2613 ‘
1451 2584 1579 2638 sinit
1609 2601 1733 2641 vera
1767 2590 1921 2655 ratio,
2027 2571 2193 2648 voluit
2243 2571 2366 2650 eum
2392 2571 2601 2652 iacere
2624 2637 2640 2663 ,
2691 2571 2758 2653 ιιῖ
2800 2599 3249 2669 quemadmodum
3301 2603 3607 2674 principale

350 2672 516 2715 totum
548 2663 655 2731 pati
705 2664 1018 2731 interitum,
1067 2680 1247 2739 partes
1279 2687 1407 2727 vero
1436 2673 1577 2728 illius
1607 2677 1674 2732 ab
1705 2678 1922 2735 interitu
2024 2682 2326 2759 exemplum
2357 2694 2575 2755 superat
2602 2673 2782 2741 omnia
2817 2663 3085 2744 essentiae
3125 2690 3450 2746 excellentia
3470 2663 3507 2759 ,⁸
3535 2694 3605 2747 ita

349 2752 566 2807 salvari.
616 2752 785 2809 Porro
828 2756 873 2810 si
928 2765 1071 2813 totus
1102 2761 1328 2817 mundus
1374 2779 1495 2817 cum
1532 2768 1782 2824 omnibus
1811 2772 1922 2827 suis
2024 2754 2203 2842 imago
2228 2772 2344 2841 ejus
2373 2752 2653 2845 superaret
2696 2791 2876 2832 omnia
2923 2779 3211 2834 creatiouis
3257 2781 3530 2851 dignitate
3556 2793 3607 2839 et

347 2842 589 2911 partibus
635 2844 950 2901 interiturus
979 2847 1112 2913 erit,
1144 2852 1409 2920 quomodo
1439 2854 1628 2921 homo,
1660 2856 1714 2911 in
1743 2872 1917 2930 quan-
2023 2861 2215 2928 gratia.
2247 2860 2357 2917 Cur
2380 2842 2560 2918 autem
2591 2865 2897 2935 specialiter
2918 2882 3049 2936 prae
3076 2870 3268 2940 ceteris
3294 2842 3607 2927 visibililms

348 2942 456 2986 tum
485 2947 609 3002 pars
634 2936 816 2991 mundi
847 2944 947 3003 est,
966 2945 1085 3006 post
1114 2942 1370 2997 mundum
1395 2946 1655 3011 manebit,
1685 2957 1776 3002 aut
1805 2951 1914 3016 ubi,
1952 3015 1988 3028 Α
2022 2957 2078 3007 et
2115 2952 2473 3008 invisibilibus
2502 2956 2769 3011 creaturis
2808 2957 2874 3011 ad
2906 2958 3187 3028 imaginem
3233 2936 3389 3015 suam
3427 2964 3604 3019 homio

344 3035 438 3079 aut
482 3030 747 3095 quomodo
771 3069 786 3092 ,
840 3044 943 3084 non
992 3032 1124 3087 satis
1168 3034 1342 3088 video.
1391 3035 1471 3091 Ac
1496 3052 1593 3106 per
1630 3039 1733 3095 hoc
1761 3040 1917 3110 hujus
1945 3015 1988 3076 (ἶ
2020 3053 2141 3093 nem
2166 3039 2330 3095 voluit
2356 3041 2555 3108 facere,
2578 3042 2753 3099 fateor
2783 3059 2868 3099 me
2897 3048 3117 3101 omnino
3144 3048 3422 3119 ignorare.
3460 3053 3602 3107 DISC.

344 3119 673 3185 quaestionis
721 3121 944 3177 nodulos
1008 3123 1182 3179 solvas
1212 3166 1225 3189 ,
1273 3128 1469 3181 obnixe
1512 3129 1710 3201 ﬂagito.
1777 3132 1915 3189 Msa.
2018 3130 2145 3185 Mihi
2170 3133 2539 3206 interroganti,
2562 3151 2659 3191 cur
2686 3137 2827 3191 Deus
2856 3138 2907 3192 in
2933 3150 3128 3209 genere
3154 3142 3478 3198 animalium
3513 3147 3608 3199 bo-

343 3211 516 3263 Altam
543 3210 698 3265 valde
722 3211 983 3267 humanae
1003 3215 1324 3271 conditionis
1348 3219 1625 3289 physicam
1654 3222 1916 3277 theoriam
2017 3221 2215 3275 minem
2240 3222 2409 3276 voluit
2440 3222 2638 3288 facere,
2670 3228 2823 3291 satis,
2847 3237 2905 3280 ut
2940 3229 3186 3296 aestimo,
3219 3238 3275 3284 et
3299 3233 3606 3288 rationabi~

342 3299 600 3365 postulas,
632 3312 977 3372 nostramque
1004 3306 1023 3337 ³
1053 3307 1469 3377 disputationem
1503 3310 1524 3341 ⁸
1555 3312 1766 3384 longius
1793 3330 1881 3383 prc

2066 3320 2141 3365 ter
2167 3326 2502 3381 responsum.
2556 3312 2938 3372 Verumtamen
2986 3319 3163 3373 adhuc
3204 3334 3439 3388 quaero,
3470 3339 3605 3394 quo-

342 3389 489 3458 gredi
516 3392 809 3459 compellis.
862 3394 927 3446 Et
957 3394 1085 3448 mihi
1115 3394 1379 3451 sutileeret
1410 3399 1759 3470 interroganti
1794 3403 1914 3469 tibi,
2017 3403 2174 3457 modo
2206 3403 2257 3457 in
2288 3404 2507 3459 homine
2548 3402 2728 3460 o‘mnia
2772 3415 2951 3462 creata
2984 3417 3113 3462 sunt
3143 3418 3199 3463 et
3226 3410 3280 3463 in
3311 3411 3440 3480 ipso
3471 3389 3600 3469 sub-

342 3495 510 3546 quare
538 3480 675 3536 Deus
700 3482 971 3538 hominem
999 3485 1051 3539 in
1073 3502 1269 3556 genere
1294 3489 1605 3546 animalium
1629 3487 1915 3559 creaverit,
2015 3494 2233 3559 sistunt,
2263 3508 2389 3550 num
2425 3495 2719 3551 secundum
2755 3497 2925 3552 solam
2956 3498 3261 3562 essentiam,
3296 3516 3367 3554 an
3401 3519 3604 3559 secun-

342 3556 501 3638 quem
537 3571 602 3624 ad
644 3588 793 3627 suam
834 3575 1116 3644 imaginem
1150 3576 1325 3633 facere
1352 3583 1648 3651 proposuit,
1684 3586 1917 3641 breviter
2014 3582 2140 3638 dum
2166 3584 2276 3641 sola
2306 3586 2627 3654 accidentia,
2659 3604 2727 3643 an
2758 3596 2951 3643 cuncta
2976 3589 3039 3655 “,
3070 3604 3211 3660 quae
3238 3594 3606 3648 considerano

343 3665 667 3733 respondere
690 3708 704 3731 ,
751 3670 875 3737 quia
915 3670 988 3723 ita
1030 3672 1347 3729 voluiteum
1374 3678 1625 3746 condere,
1657 3690 1716 3735 υι
1741 3683 1912 3753 quod-
2017 3683 2103 3728 tur
2129 3676 2182 3729 in
2219 3677 2466 3732 universa
2498 3687 2763 3745 creatura,
2797 3679 2900 3736 hoc
2940 3688 3043 3745 est,
3073 3682 3373 3736 secundum
3412 3698 3599 3738 essen-

342 3754 463 3807 dam
493 3756 689 3810 animal
714 3766 877 3823 esset,
906 3760 959 3813 in
988 3776 1094 3829 quo
1121 3762 1402 3833 imaginem
1427 3782 1577 3822 suam
1603 3776 1881 3841 expressam

2067 3780 2176 3832 am,
2229 3766 2492 3836 speciem,
2526 3766 2880 3822 differentiam
2908 3770 2954 3802 "
2974 3778 3031 3825 et
3070 3772 3501 3840 pr0prieta'tem,
3548 3787 3606 3830 et

343 3840 731 3899 manifestaret.
772 3845 883 3900 Cur
905 3856 1081 3903 autem
1113 3850 1187 3905 ita
1216 3851 1382 3908 voluit
1410 3856 1655 3926 quisquis
1674 3840 1911 3930 quaerit,
2012 3859 2214 3923 omnia.
2237 3874 2377 3928 quae
2396 3860 2543 3915 circa
2569 3874 2634 3915 ea
2662 3859 2731 3925 “,
2753 3860 3155 3931 intelliguntur?

342 3933 557 3989 divinae
584 3936 874 3993 voluntatis
900 3954 1088 3996 causas
1127 3945 1358 4012 quaerit,
1387 3961 1521 4016 quas
1546 3964 1807 4019 quaerere
1834 3955 1914 4008 ni-
2083 3948 2223 4005 MAG.
2241 3950 2390 4006 Hanc
2418 3951 2792 4021 quaestionem
2817 3951 2863 3987 “
2885 3967 2990 4008 non
3020 3953 3150 4008 mihi
3180 3952 3337 4009 facile
3353 3954 3605 4013 occurrit

342 4024 444 4077 tuis
468 4024 970 4097 praes'umptivum"
999 4040 1083 4085 est
1110 4041 1272 4102 atque
1299 4038 1609 4106 superbum.
1635 4038 1911 4105 Quisenim
2011 4039 2279 4110 quomodo
2333 4039 2729 4096 rationabiliter
2776 4040 3066 4096 absolvam.
3125 4039 3256 4095 Nam
3306 4043 3351 4097 si
3406 4045 3601 4100 dixero

339 4117 569 4185 cognovit
592 4117 614 4148 ⁸
639 4134 846 4172 sensum
875 4118 1127 4177 Domini?
1155 4122 1258 4178 Sed
1288 4125 1331 4180 si
1360 4127 1461 4181 hoc
1487 4127 1700 4195 dixero,
1729 4130 1911 4202 ingra-
2013 4132 2306 4187 secundum
2358 4130 2528 4186 solam
2591 4132 2883 4187 essentiam
2910 4173 2925 4198 ,
2974 4132 3167 4187 merito
3217 4139 3599 4203 respondebis,

340 4216 426 4261 tus
453 4204 697 4265 fortassis
725 4211 906 4267 silebis
924 4253 938 4277 ,
977 4224 1032 4269 et
1060 4231 1158 4271 nos
1186 4219 1496 4276 aestimabis
1528 4222 1602 4277 ttil
1627 4224 1693 4278 ad
1720 4241 1873 4296 purtn

2060 4220 2190 4274 nnia
2217 4220 2378 4290 igitur
2399 4219 2452 4273 in
2481 4227 2686 4274 tantum
2717 4221 3050 4276 solummodo
3075 4230 3219 4287 sunt,
3242 4222 3295 4276 in
3321 4232 3599 4293 quantum

338 4296 700 4367 perfectumve
723 4301 918 4357 ducere
946 4318 1119 4373 posse.
1148 4307 1261 4361 Non
1285 4310 1460 4365 dicam
1492 4313 1675 4384 igitur,
1699 4330 1797 4370 cur
1821 4333 1877 4371 vc

2062 4311 2373 4367 asentialiter
2399 4313 2719 4377 subsistunt,
2754 4321 2935 4368 cetera
2976 4329 3125 4376 vero,
3156 4328 3296 4383 quae
3325 4314 3479 4370 circa
3510 4331 3601 4371 es-

340 4386 457 4448 luit,
486 4390 610 4457 quia
655 4406 867 4447 onmem
919 4393 1247 4451 intellectum
1291 4410 1540 4471 superat,
1576 4404 1670 4459 sed
1712 4406 1908 4472 dicam,
1943 4386 2243 4455 l’sentiam
2292 4399 2376 4455 vel
2422 4400 2777 4456 substantiam
2830 4400 3221 4471 intelliguntur,
3258 4402 3311 4456 in
3358 4418 3599 4459 numero

335 4480 495 4548 ‘prout
529 4481 644 4551 ipse
674 4483 907 4547 dederit,
948 4486 1075 4553 quid
1106 4485 1283 4543 facere
1310 4490 1494 4547 voluit.
1534 4492 1759 4549 omnem
1788 4498 1909 4566 qui-
2014 4489 2381 4545 universitatis
2428 4505 2609 4545 rerum
2655 4500 2756 4546 nec
2799 4490 3158 4560 Computanda
3213 4506 3314 4547 nec
3370 4493 3601 4561 penitus

335 4569 457 4622 dent
486 4582 786 4625 creaturam
835 4574 1096 4632 visibilem
1142 4589 1199 4633 et
1243 4581 1562 4640 invisibilem
1611 4587 1662 4640 in
1694 4587 1874 4641 homin

2063 4586 2157 4632 mt.
2212 4578 2277 4632 Et
2324 4579 2369 4632 si
2414 4579 2488 4633 ita
2517 4586 2620 4645 est,
2646 4593 2875 4648 quaeres
2900 4594 2931 4634 a
2966 4593 3074 4643 me,
3101 4579 3243 4635 unde
3266 4596 3398 4650 ergo
3439 4593 3602 4646 sunt,

340 4655 505 4721 iecit,
551 4661 802 4727 quoniam
867 4662 965 4732 ipsi
1024 4666 1347 4725 universitas
1391 4673 1638 4728 conditae
1682 4686 1872 4730 natura

2061 4682 2149 4724 :tae
2174 4668 2315 4723 circa
2341 4668 2630 4723 essentiam
2655 4683 2834 4724 rerum
2871 4668 3257 4739 intelliguntur.
3288 4667 3345 4724 Si
3374 4671 3600 4737 dixero,

338 4740 515 4803 inesse
572 4750 902 4821 intelligitur.
981 4754 1236 4822 Quamvis
1300 4763 1442 4816 enim
1494 4765 1669 4820 adhuc
1719 4765 1905 4831 lateat,
2008 4772 2075 4815 ex
2104 4758 2214 4813 Deo
2239 4755 2383 4812 facta
2408 4767 2552 4823 sunt,
2583 4757 2829 4812 diClUNS
2870 4759 3001 4823 eris,
3031 4771 3200 4826 (ιιιπθ
3229 4772 3356 4828 ετεο
3386 4759 3444 4813 in
3497 4777 3605 4815 ηυ-

336 4848 532 4907 quanta
567 4841 635 4895 sit
665 4844 836 4911 prima
867 4843 1097 4901 hominis
1126 4850 1363 4905 conditio
1404 4862 1525 4919 post
1568 4858 1908 4924 praevarica-
2009 4866 2159 4907 mero
2188 4849 2575 4912 universitatis.
2604 4863 2742 4919 quae
2789 4849 2841 4902 in
2890 4848 3107 4903 homine
3154 4848 3296 4904 ἷίιοιὲ
3339 4860 3453 4915 εει,
3486 4867 3601 4905 non

337 4930 535 4983 tionem
567 4931 782 5000 superni
816 4931 1031 4988 luminis
1059 4934 1291 5002 defectu,
1323 4940 1456 4993 nihil
1497 4949 1672 4997 tamen
1703 4943 1756 4997 in
1787 4959 1914 4998 cae-
2010 4938 2385 4998 includuntur?
2411 4938 2469 4993 Si
2496 4938 2684 4992 dixero
2703 4954 2731 4992 a
2760 4937 2869 4992 Deo
2891 4936 3033 4992 facta
3061 4952 3167 4992 non
3191 4945 3338 5003 sunt,
3361 4953 3603 5009 respon-

335 5020 557 5075 lestihns
586 5022 831 5077 essentiis
859 5025 1175 5081 naturaliter
1202 5028 1340 5083 inest
1365 5068 1380 5095 ,
1427 5033 1568 5101 quod
1600 5033 1651 5086 in
1692 5034 1911 5090 homine
2010 5031 2160 5086 debis
2180 5072 2195 5095 ,
2233 5045 2337 5086 non
2366 5037 2490 5084 sunt
2516 5029 2707 5099 igitur;
2755 5042 2880 5081 nam
2910 5027 2954 5081 si
2983 5037 3195 5091 essent,
3235 5042 3339 5082 non
3368 5027 3602 5084 aliunde

1617 5147 1867 5206 VARIAE
1905 5145 2305 5205 LECTlONES.

406 5251 420 5281 ¹
458 5248 542 5304 CF
569 5266 744 5304 sensu.
806 5251 839 5341 ι’
870 5249 1111 5341 SicJQF;
1144 5256 1540 5341 A_antmaIi-n.m
1584 5260 1730 5341 ’,ξέξο
1760 5261 1877 5341 QF;
1929 5260 1974 5315 Α
2002 5259 2294 5328 intelligunt
2325 5275 2415 5312 seu
2453 5260 2697 5341 sfntiunt.
2795 5257 2948 5341 ‘hSic
2971 5255 3054 5341 ϐξ
3070 5258 3155 5341 ἑὲ
3188 5273 3380 5341 autern.
3489 5264 3511 5293 ⁸
3541 5263 3595 5341 ⁶Α

333 5330 693 5410 naturamque.
756 5320 907 5410 ..Ῥᾼ
954 5322 1323 5410 disputatione.
1426 5330 1445 5359 "
1487 5328 1580 5410 Sic
1614 5329 1823 5410 (ἐξῇ-,Α
1865 5320 2370 5410 praesumptiosum.
2472 5327 2976 5410 'A‘cog.tt.oscit.nn
3010 5320 3327 5410 “ACE'qnod
3378 5331 3596 5410 "ﬁniti

332 5392 548 5483 ἐξίηἮηῖ
587 5388 1436 5483 '¢%S“"““'EE"';,I“’2..“item!-
1541 5400 1581 5430 ¹⁰
1617 5388 1837 5483 “illa?
1862 5388 2002 5483 hat:-
2057 5388 2121 5483 ,1‘
2162 5411 2481 5483 carpe?!“-
2510 5397 2613 5483 Ψ·
2644 5388 2739 5483 5.“.
2758 5396 3008 5483 ἔφθιτ’
3037 5398 3085 5483 Α
3111 5398 3340 5483 affusa
3382 5395 3477 5483 ἐζ
3498 5396 3595 5483 “ff

331 5452 403 5516 F:
436 5461 476 5515 C
516 5462 745 5516 homine.
852 5460 894 5489 "‘
934 5459 1022 5513 Sic
1043 5460 1185 5547 ,αξξ
1220 5465 1299 5547 Α
1328 5479 1588 5520 naturam.
1634 5452 1645 5455 —
1697 5452 1740 5502 ιδ
1762 5452 2021 5547 ίδῖρίϐἱῇ
2054 5466 2161 5521 Cur
2205 5452 2381 5547 etiam
2404 5492 2475 5547 -τ-
2516 5480 2824 5547 creare‘om.
2855 5468 2917 5517 Α.
2995 5452 3078 5547 ’.¹⁶
3374 5467 3487 5547 Διξξζθ
3521 5479 3596 5547 ἰζ’

300 5530 592 5607 ίςιωεςιῃᾼ
620 5538 902 5607 conataque
1023 5531 1062 5561 ”
1100 5532 1191 5586 Sic
1217 5532 1331 5601 CF;
1372 5537 1417 5589 Α
1455 5538 1741 5592 essentiam
1768 5549 1814 5591 et
1842 5530 2082 5607 speciem
2108 5545 2156 5590 et
2187 5534 2564 5590 diﬁ‘erentiam.
2669 5536 2710 5565 “
2745 5551 2805 5587 ea
2853 5550 2960 5588 om.
2996 5537 3057 5587 Α,
3159 5541 3199 5568 ’ν
3239 5536 3329 5585 Sic
3370 5530 3490 5590 CF:
3548 5537 3590 5589 Α

298 5598 306 5663 ξ
336 5598 739 5667 inquisitionem.
