3898 6154
258 270 350 323 7l’5

1042 268 1128 323 DE
1172 266 1521 324 DIVISIONE
1575 268 1925 324 ΝΛἸῚἪᾹΕ.
1966 301 2031 310 -
2066 272 2267 325 Lllilin
2305 272 2652 338 QCARTL'S.

3379 275 3483 328 766

253 392 419 436 essent
441 380 454 397 ⁴
480 378 584 431 nisi
610 393 676 432 ex
707 392 868 431 causa
898 377 1167 437 omnium,
1194 391 1333 444 quae
1371 376 1512 430 Deus
1539 389 1641 430 est.
1669 375 1800 430 Etsi
1832 385 1879 441 Α
1908 386 2035 430 sunt
2060 376 2178 430 ﬁeri
2201 378 2223 430 ?
2247 377 2384 433 Msa.
2410 377 2465 431 Si
2497 394 2627 448 ergo
2654 379 2880 433 alterius
2919 377 3139 448 generis
3187 393 3280 432 seu
3314 391 3475 432 natu-

253 482 583 536 cnnsensero,
615 484 678 524 ea
701 484 841 540 quae
877 469 1022 523 circa
1077 470 1346 522 essentias
1397 469 1797 537 intelliguntur,

250 570 299 621 in
331 580 556 622 numero
614 576 792 633 rerum
842 574 950 614 non
980 575 1121 622 esse.
1151 561 1275 630 quia
1306 575 1337 614 a
1371 558 1478 614 Deo
1512 573 1618 612 non
1650 571 1799 623 sinu,

246 664 486 707 t'OtlllllllO
511 649 672 710 dices,
704 647 970 717 quomodo
1010 660 1138 713 ergo
1180 642 1592 713 intelliguntur?
1638 641 1808 697 Omne

246 757 400 801 etum,
427 737 567 809 quod
617 754 680 789 ex
736 737 844 790 Ι)εο
888 752 993 789 non
1048 744 1131 787 cst
1161 773 1176 796 ,
1225 732 1371 785 nullo
1398 731 1554 784 modo
1584 730 1809 799 intelligi

247 840 432 898 potest,
481 828 604 898 quia
663 827 772 880 ullo
824 826 985 879 modo
1037 840 1141 878 non
1197 832 1299 876 est.
1347 821 1412 876 Si
1461 821 1670 885 dixero,
1702 837 1810 874 non

248 929 407 971 solum
458 916 755 979 essentias,
784 930 968 969 verum
1019 915 1184 968 etiam
1230 913 1442 976 omnia,
1472 926 1608 980 quae
1658 919 1812 964 natu-

254 1017 421 1061 ralllcl‘
452 1008 592 1059 circa
625 1020 717 1059 eas
746 1005 1137 1073 intelliguntur.
1167 1012 1223 1057 et
1251 1018 1318 1057 ex
1361 1004 1471 1056 Deo
1496 1016 1636 1063 esse,
1665 1011 1719 1055 et
1758 1001 1809 1054 in

249 1098 477 1167 partibus
522 1096 887 1150 universitatis
927 1094 1249 1163 computari,
1289 1108 1396 1146 non
1441 1102 1522 1146 est
1566 1092 1809 1155 dubium,

248 1189 366 1257 quin
391 1188 411 1217 ⁸
438 1202 622 1257 cogar,
647 1202 809 1240 untnn
834 1201 899 1240 ex
931 1185 1137 1240 duobus
1157 1185 1374 1255 eligere,
1398 1193 1490 1237 aut
1520 1200 1622 1237 non
1645 1192 1810 1237 totam

249 1278 639 1332 universitatem
667 1277 719 1329 in
743 1276 955 1329 homine
976 1275 1272 1337 conditam,
1301 1273 1345 1328 si
1372 1272 1703 1328 solummodo
1729 1287 1825 1326 ess

249 1366 445 1422 sentiae
475 1366 525 1418 in
558 1366 671 1433 ipso
699 1364 872 1420 factae
899 1373 1043 1429 sunt,
1073 1374 1167 1418 aut
1192 1371 1356 1418 totam
1386 1363 1811 1426 universitatem,

250 1458 344 1512 hoc
370 1466 458 1512 est
484 1458 767 1521 essentias,
795 1464 849 1511 et
877 1471 1228 1524 quaecunque
1253 1456 1395 1509 circa
1425 1470 1536 1519 eas,
1574 1465 1626 1510 et
1656 1455 1708 1507 in
1734 1454 1814 1508 eis

249 1546 676 1616 perspiciuntur,
726 1546 777 1600 in
829 1545 1046 1600 homine
1094 1546 1363 1599 conditam
1396 1544 1416 1576 ⁸
1472 1560 1610 1599 esse.
1660 1545 1726 1598 Et
1768 1544 1813 1598 si

248 1635 443 1699 dixero,
464 1650 570 1689 non
598 1644 800 1704 partem
829 1634 1213 1695 universitatis,
1241 1634 1341 1687 hoc
1355 1642 1436 1688 est
1464 1634 1810 1698 substantias,

249 1728 333 1781 sed
359 1733 532 1780 totum
562 1725 613 1778 in
644 1724 859 1777 homine
887 1723 1258 1787 constitutum,
1283 1724 1600 1793 gravissima
1644 1740 1811 1791 quae-
1845 1713 1886 1770 Β

248 1817 412 1871 stione
449 1814 794 1884 persequeris
831 1812 1077 1876 dicendo,
1123 1813 1566 1867 irrationabilitas
1602 1828 1733 1884 ergo
1762 1814 1813 1867 in

248 1924 307 1963 eo
333 1908 472 1961 facta
503 1917 603 1965 est.
632 1915 684 1960 et
719 1904 1050 1970 bestialitas,
1099 1904 1585 1973 quadrupedalitas,
1629 1904 1819 1959 volati-

249 1999 389 2061 litas,
416 2011 717 2066 omnesque
755 1993 1089 2050 differentiae
1136 1995 1467 2050 diversorum
1507 1995 1815 2049 animalium

246 2089 576 2157 aliarumque
624 2102 824 2150 rerum,
849 2086 1059 2157 species
1088 2071 1320 2155 quoque,
1350 2098 1404 2141 et
1438 2088 1813 2155 proprietates,

246 2186 296 2230 et
345 2176 681 2234 accidentia,
750 2186 806 2230 et
842 2184 1020 2230 cetera
1078 2174 1507 2235 innumerabilia,
1556 2189 1694 2243 quae
1749 2175 1818 2230 ab

249 2265 469 2317 humana
513 2274 698 2319 natura
736 2264 891 2330 longe
926 2262 1124 2317 distare
1151 2263 1430 2325 videntur,
1478 2264 1530 2316 in
1588 2272 1812 2329 tantum,

248 2364 300 2405 ut
322 2353 363 2408 si
394 2353 603 2406 homini
650 2352 825 2407 inesse
853 2351 1176 2414 constiterit,
1207 2367 1309 2406 non
1354 2366 1476 2406 esse
1522 2352 1814 2419 hominem,

246 2443 330 2495 sed
371 2442 742 2511 turpissimum
790 2448 1086 2495 monstrum
1125 2450 1271 2496 recte
1324 2441 1614 2511 judicetur.
1668 2443 1812 2500 DISC.

250 2530 610 2587 Dillicultatem
640 2531 968 2600 quaestionis
995 2529 1314 2595 cumulasti,
1345 2531 1684 2600 quadamque
1723 2531 1815 2585 de-

250 2623 583 2687 tileratione,
612 2623 864 2693 quiequid
905 2621 974 2677 ab
1002 2621 1107 2676 alio
1153 2631 1543 2691 opponeretur,
1572 2621 1665 2675 tibi
1704 2621 1816 2690 ipse

192 2762 201 2771 .
246 2716 560 2784 opposuisti,
590 2729 654 2768 ac
682 2728 777 2783 per
808 2713 912 2770 hoc
946 2724 1032 2768 aut
1067 2729 1189 2768 eam
1232 2712 1519 2776 reserabis,
1557 2721 1644 2767 aut
1692 2711 1817 2768 abs-

248 2814 440 2858 trusam
470 2804 791 2876 praeteribis
834 2803 876 2867 ",
927 2813 982 2857 et
1015 2804 1083 2857 ad
1128 2803 1227 2856 alia
1274 2803 1297 2835 '
1349 2804 1621 2867 transibis,
1673 2803 1814 2873 quod

248 2893 390 2946 valde
416 2888 769 2961 incongruum
798 2892 1080 2947 videbitur.
1109 2890 1246 2947 Mss.
1286 2892 1555 2946 Conemur
1589 2894 1766 2961 itaque
1792 2891 1816 2925 ⁸

248 2981 381 3036 illam
405 2984 801 3053 quodammodo
848 2983 1170 3052 conspicari,
1215 2997 1284 3037 ne
1337 2984 1558 3038 omnino
1611 2984 1813 3039 intacta

249 3072 453 3149 interim
520 3074 878 3145 relinquatur.
937 3078 1083 3135 Disc.
1133 3081 1260 3136 Mihi
1323 3079 1811 3137 alitersatisfacere

249 3184 344 3221 non
378 3168 604 3223 valebis.
632 3168 774 3224 Mm.
815 3169 1008 3234 Omne,
1047 3170 1190 3242 quod
1227 3173 1570 3243 cognoscitur
1613 3170 1815 3225 intelle-

249 3267 329 3309 ctu
353 3258 372 3288 '
401 3267 455 3312 et
480 3258 716 3322 ratione,
756 3274 850 3313 seu
874 3275 1132 3330 corporeo
1162 3277 1321 3315 sensu
1350 3260 1695 3331 imaginatur,
1727 3276 1816 3328 pu-

250 3358 411 3411 tasne,
434 3350 488 3402 in
521 3349 659 3418 ipso,
697 3348 786 3418 qui
837 3349 1085 3421 intelligit
1124 3361 1179 3407 et
1204 3352 1391 3418 sentit,
1422 3352 1817 3421 quodammodo

249 3440 596 3505 possecreari
632 3448 688 3495 et
743 3439 915 3495 efﬁci?
972 3440 1115 3497 Disc.
1175 3443 1400 3498 Videtur
1454 3443 1582 3497 mihi
1637 3455 1813 3512 posse.

249 3526 438 3582 Rerum
469 3530 737 3597 siquidem
769 3530 1100 3586 sensibilium
1138 3533 1343 3601 species
1387 3540 1442 3587 et
1488 3532 1818 3603 quantitates

249 3630 296 3670 et
325 3620 634 3687 qualitates,
664 3635 801 3689 quas
829 3636 1089 3693 corporeo
1113 3636 1273 3678 sensu
1302 3623 1524 3692 attingo,
1555 3623 1817 3691 quodam~

251 3706 399 3757 modo
437 3705 491 3758 in
525 3720 608 3759 me
648 3707 818 3760 creari
850 3716 1011 3777 puto;
1039 3722 1224 3762 earum
1253 3724 1484 3777 namque
1508 3708 1818 3778 phantasias

251 3792 366 3845 dum
407 3795 705 3849 memoriae
745 3795 926 3865 infigo,
957 3811 1156 3866 easque
1176 3798 1317 3852 inter
1336 3798 1594 3867 meipsum
1625 3805 1815 3862 tracto,

250 3882 443 3948 divido,
500 3898 771 3954 comparo,
814 3901 878 3942 ac
931 3887 1091 3942 veluti
1143 3889 1196 3942 in
1257 3889 1514 3943 unitatem
1552 3889 1817 3958 quandam

251 3974 452 4044 colligo,
483 3976 753 4045 quandam
784 3979 1031 4032 notitiam
1090 3994 1294 4043 rerum,
1344 3993 1483 4048 quae
1536 3989 1684 4033 extra
1734 3993 1819 4033 me

254 4073 386 4125 sunt,
420 4065 472 4117 in
507 4080 592 4119 me
619 4063 751 4120 εαὶεί
790 4067 1077 4137 perspicio.
1102 4067 1362 4123 Similiter
1393 4070 1553 4123 etiam
1598 4069 1821 4124 interius

252 4151 670 4223 intelligibilium.
712 4171 848 4224 quae
890 4157 1005 4211 solo
1053 4158 1234 4213 animo
1280 4160 1628 4229 contemplor,
1672 4160 1820 4214 verbi

252 4243 410 4308 gratia
438 4244 743 4299 liberalium
786 4245 1210 4316 disciplinarum,
1235 4251 1491 4317 quasdam
1538 4250 1819 4305 notiones'

256 4330 407 4383 Vt'ltlli
440 4332 805 4402 intelligibiles
829 4336 1057 4403 species,
1104 4335 1229 4390 dum
1283 4337 1521 4390 studiose
1567 4351 1659 4392 eas
1696 4352 1818 4407 per-

254 4422 421 4489 quim,
448 4422 501 4477 in
535 4440 620 4478 me
646 4426 791 4480 nasci
819 4434 874 4480 et
899 4425 1019 4481 ﬁeri
1047 4427 1303 4497 intelligo.
1349 4426 1484 4494 Quid
1525 4437 1701 4483 autem
1743 4430 1821 4484 in-

255 4520 413 4566 terest
443 4514 586 4568 inter
610 4516 849 4569 notitiam
877 4525 931 4570 et
954 4532 1040 4569 res
1071 4517 1233 4585 ipsas,
1253 4533 1480 4587 quarum
1500 4518 1686 4578 notitia
1713 4527 1818 4585 est,

255 4602 404 4671 plane
425 4619 531 4658 non
558 4605 734 4659 video.
765 4606 900 4661 Mss.
943 4608 1080 4673 Quid
1111 4608 1202 4661 tibi
1232 4609 1473 4663 videtur?
1502 4609 1638 4664 Num
1659 4611 1820 4665 unius

256 4701 497 4755 naturae,
530 4710 598 4747 an
644 4695 865 4750 alterius
909 4705 1033 4750 sunt
1081 4713 1166 4751 res
1213 4714 1507 4768 earumque
1555 4700 1815 4765 notitiae,

256 4792 387 4845 quae
427 4780 481 4833 in
532 4783 707 4835 anima
745 4786 766 4817 ⁹
812 4783 983 4838 fiunt?
1038 4785 1179 4839 Disc.
1229 4786 1485 4841 Alterius.
1542 4787 1818 4853 Quomodo

256 4869 394 4921 enim
436 4871 595 4924 unius
648 4880 871 4927 naturae
932 4874 1038 4928 erit
1087 4876 1293 4943 species
1344 4890 1623 4944 corporea,
1674 4878 1822 4931 verbi

256 4963 421 5027 gratia
453 4963 727 5033 cujusdam
757 4965 1028 5029 animalis,
1067 4982 1159 5021 seu
1196 4966 1417 5029 herbae,
1448 4981 1543 5020 seu
1594 4966 1824 5031 arboris,

256 5061 306 5102 cl
328 5052 513 5104 notitia
542 5052 680 5122 ejus,
701 5068 838 5122 quae
871 5056 924 5108 in
970 5065 1160 5109 natura
1200 5056 1513 5124 incorporea
1564 5053 1828 5110 eﬂicitur?

261 5137 454 5193 Eadem
493 5143 696 5195 ratione
719 5143 985 5210 quomodo
1011 5143 1303 5213 cujuspiam
1326 5144 1640 5214 disciplinae
1661 5145 1820 5201 intel-

262 5232 473 5300 ligibilis
499 5234 702 5302 species
729 5244 782 5289 et
808 5236 993 5289 notitia
1021 5236 1186 5306 ipsius
1224 5238 1382 5292 unius
1428 5245 1653 5292 naturae
1699 5254 1821 5307 pos-

1911 478 2099 532 rae,et
2124 483 2230 523 non
2255 469 2520 538 ejusdem,
2546 470 2654 533 die,
2676 485 2900 538 quaeso,
2924 471 3054 541 quid
3092 470 3291 524 horum
3315 486 3476 537 prae-

1907 558 2143 611 stantius
2173 555 2487 625 ponendum
2535 557 2841 621 arbitraris,
2887 573 3013 612 num
3046 558 3363 614 excelsioris
3390 573 3483 611 na-

1909 652 2062 697 turae
2087 652 2210 695 sunt
2238 657 2325 695 res
2356 642 2585 711 propriis
2617 643 2943 705 notionibns,
2976 658 3042 694 an
3068 643 3213 711 ipsae
3244 644 3491 699 notiones

1912 732 2112 786 rebus?
2152 732 2292 784 Disc.
2328 730 2579 784 Visibiles
2614 733 2818 801 species
2846 733 3082 786 tnelioris
3121 748 3240 787 esse
3264 744 3488 789 naturae

1910 823 2219 877 nationibus
2244 836 2428 873 earum
2474 822 2723 885 dixerim,
2750 822 2791 875 si
2821 832 3039 875 sanctus
3076 824 3402 893 Augustinus
3432 825 3491 878 in

1910 928 2052 967 nono
2091 913 2153 966 de
2193 910 2455 965 Trinitate
2487 911 2769 964 undecimo
2796 912 3032 979 capitulo
3065 911 3220 965 talem
3271 924 3485 967 senten-

1911 1003 2039 1055 tiam
2080 1018 2182 1056 non
2215 1002 2587 1071 pronuntiaret
2620 1018 2631 1052 ε
2669 1002 2796 1052 Cum
2824 1001 2864 1032 ¹⁰
2894 1018 2986 1071 ρει·
3029 1019 3254 1063 sensum,
3292 1004 3489 1071 inquit,

1910 1092 2142 1159 corporis
2170 1091 2418 1143 discimus
2442 1106 2681 1159 corpora,
2700 1090 2758 1158 ﬁt
2789 1090 2965 1160 aliqua
2994 1108 3170 1145 eorum
3198 1094 3485 1149 similitudo

1911 1183 1965 1235 in
1991 1184 2166 1235 animo
2190 1194 2389 1245 nostra,
2411 1198 2543 1252 quae
2569 1183 2846 1252 phantasia
2904 1185 2956 1236 in
3006 1186 3252 1237 memoria
3304 1186 3343 1217 “
3389 1197 3487 1240 est.

1914 1272 2037 1327 Non
2064 1274 2196 1326 enim
2219 1275 2428 1326 omnino
2452 1275 2563 1343 ipsa
2587 1289 2806 1342 corpora
2836 1274 2887 1327 in
2916 1276 3090 1327 animo
3116 1286 3257 1339 sunt,
3287 1294 3400 1329 cum
3426 1294 3487 1330 ea

1912 1366 2220 1434 cogitamus,
2242 1365 2331 1418 sed
2353 1381 2531 1417 eorum
2564 1365 2950 1418 similitudines.
2994 1364 3182 1417 Melior
3202 1375 3275 1417 est
3316 1379 3491 1420 tamen

1911 1457 2217 1525 imaginatio
2240 1457 2469 1525 corporis
2492 1457 2545 1509 in
2577 1457 2772 1515 animo,
2801 1456 2956 1524 quam
2980 1455 3069 1508 illa
3092 1459 3283 1526 species
3311 1474 3491 1524 corpo-

1913 1548 2008 1611 ris,
2027 1549 2080 1601 in
2109 1558 2363 1617 quantum
2393 1547 2520 1598 haec
2546 1546 2599 1598 in
2634 1547 2846 1599 meliore
2888 1556 3077 1599 natura
3107 1559 3180 1600 est
3203 1588 3215 1607 ,
3245 1548 3299 1600 id
3326 1560 3398 1601 est
3438 1549 3491 1602 in

1914 1637 2202 1690 substantia
2237 1635 2401 1698 vitali,
2430 1636 2585 1688 sicuti
2616 1646 2688 1689 est
2728 1637 2953 1688 animus.
2984 1635 3104 1688 Non
3138 1649 3309 1689 autent
3339 1655 3414 1691 res
3450 1640 3487 1670 "

1915 1726 2261 1795 intelligibiles
2286 1727 2496 1779 notione
2524 1742 2642 1790 sua,
2666 1743 2797 1795 quae
2826 1734 2899 1778 est
2928 1727 2980 1778 in
3026 1726 3223 1785 anima,
3258 1727 3493 1779 meliores

1916 1833 2025 1869 esse
2061 1818 2230 1868 audeo
2252 1817 2443 1869 dicere.
2478 1815 2630 1882 Quod
2660 1816 2801 1870 enim
2835 1815 3101 1884 intelligit,
3138 1817 3325 1870 melius
3355 1832 3491 1877 esse,

1916 1923 2073 1975 quam
2103 1908 2241 1975 quod
2266 1906 2598 1977 intelligitur,
2617 1907 2753 1960 ratio
2779 1906 3044 1959 edocet”.
3078 1906 3207 1958 Nam
3240 1907 3281 1958 si
3314 1923 3491 1960 rerum

1917 1995 2155 2047 ninnium
2185 1995 2421 2065 cognitio
2452 1995 2505 2048 in
2536 1996 2715 2048 divina
2766 1995 3024 2062 sapientia
3074 1996 3337 2058 subsistit,
3376 2011 3490 2050 me-

1918 2082 2102 2135 liorem
2154 2098 2272 2136 esse
2319 2083 2808 2153 i:.comparabiliter
2864 2099 2980 2138 eam
3023 2084 3184 2137 rebus
3215 2086 3488 2147 omnibus,

1915 2188 2140 2242 quarum
2165 2174 2399 2242 cognitio
2427 2183 2531 2237 est,
2553 2189 2653 2227 non
2681 2181 2881 2227 temere
2912 2175 3317 2241 pronuntiarint.
3351 2175 3415 2229 Et
3446 2177 3491 2230 si

1917 2262 1988 2315 ita
2015 2273 2116 2328 est,
2146 2263 2266 2317 talis
2298 2263 2451 2326 ordo,
2477 2272 2535 2317 ut
2573 2278 2714 2327 reor,
2748 2279 2811 2316 ex
2836 2263 3015 2316 divina
3041 2264 3371 2332 protidentia
3397 2278 3492 2333 per

1916 2354 2220 2407 universam
2275 2363 2577 2407 creaturam
2625 2353 2895 2420 procedit,
2948 2363 3000 2403 ut
3046 2353 3222 2406 omnis
3273 2363 3485 2415 natura,

1914 2456 2054 2511 quae
2085 2444 2355 2512 sequentis
2377 2458 2435 2497 se
2456 2442 2700 2495 notitiam
2731 2442 3156 2511 comprehendit,
3188 2458 3289 2496 non
3316 2444 3488 2499 solum

1916 2533 2108 2588 melior
2155 2542 2210 2588 et
2250 2535 2493 2602 superior
2529 2534 2623 2598 sit,
2652 2548 2836 2587 rerum
2875 2534 3034 2585 etiam
3066 2542 3120 2585 et
3153 2533 3264 2602 ipsa
3302 2533 3489 2588 nmitia

1914 2622 2175 2692 dignitate
2210 2632 2457 2686 naturae,
2490 2623 2543 2677 in
2580 2639 2685 2692 qua
2717 2632 2818 2685 est,
2848 2621 3124 2691 praecedit
3153 2638 3270 2675 eam
3319 2623 3492 2693 longe,

1915 2712 2068 2781 cujus
2094 2713 2282 2766 notitia
2309 2722 2409 2767 est.
2442 2714 2518 2768 Ac
2546 2729 2642 2783 per
2676 2714 2780 2767 hoe
2822 2712 3034 2767 facilius
3070 2714 3294 2767 dixerim
3314 2753 3328 2777 ,
3358 2714 3494 2765 uoti-

1917 2804 2047 2857 tiam
2085 2803 2499 2874 intelligibilium
2537 2820 2715 2858 rerum
2774 2805 3131 2873 anziqutorcni
3191 2820 3310 2858 esse
3366 2804 3497 2873 ipsis

1916 2890 2338 2961 intelligibilibus
2370 2892 2547 2947 rebus.
2576 2891 2711 2946 ΜΑο.
2742 2891 2873 2945 Illud
2908 2894 3152 2948 fortassis
3178 2904 3320 2947 recte
3346 2896 3494 2946 diee-

1916 2993 2022 3043 res,
2054 2980 2097 3033 si
2127 2980 2489 3047 praestantius
2526 2982 2612 3040 sit,
2662 2982 2803 3049 quod
2857 2978 3137 3040 formatur,
3187 2981 3294 3037 illo.
3353 2978 3500 3047 quod

1917 3067 2130 3121 format.
2164 3067 2307 3121 Disc.
2338 3068 2516 3132 Quare
2542 3068 2644 3121 hoc
2669 3068 2936 3137 Opponis?
2965 3066 3101 3121 Μλε.
3136 3065 3268 3132 Quia
3303 3069 3494 3120 notitia

1916 3159 2133 3222 artium,
2159 3173 2299 3227 quae
2324 3158 2375 3210 in
2407 3158 2584 3211 anima
2613 3167 2716 3223 est,
2738 3161 2805 3213 ab
2842 3158 2970 3227 ipsis
3012 3156 3225 3210 artibus
3264 3158 3491 3210 formari

1918 3253 2145 3305 videtur.
2178 3251 2283 3305 Sed
2340 3255 2385 3306 si
2434 3254 2736 3307 certiSsima
2796 3255 3002 3307 ratione
3056 3254 3329 3317 suaderes,
3387 3271 3492 3307 non

1917 3340 2162 3394 notitiam
2201 3355 2269 3394 ex
2295 3340 2519 3403 artibus,
2545 3356 2727 3395 verum
2751 3351 2892 3396 artes
2921 3359 2986 3395 ex
3025 3353 3210 3396 nontia
3241 3343 3457 3397 formari
3476 3384 3493 3405 ,

1919 3438 2008 3482 tua
2055 3429 2280 3483 forsitan
2329 3430 2666 3484 ratiocinatio
2715 3442 2856 3486 recte
2902 3418 3294 3502 ingrederetur.
3350 3435 3491 3487 Dtsc.

1918 3517 2105 3571 Nonne
2134 3519 2276 3572 inter
2303 3533 2402 3573 nos
2421 3518 2722 3573 confectum
2743 3518 2874 3586 jam,
2905 3534 3085 3583 omne,
3111 3522 3253 3590 quod
3297 3520 3495 3574 intelli-

1917 3610 2012 3678 git,
2047 3609 2155 3674 illo,
2184 3610 2326 3678 quod
2371 3610 2706 3679 intelligitur,
2735 3612 3100 3679 praestantius
3150 3612 3309 3667 esse?
3354 3611 3495 3667 MAG.

1917 3701 2253 3756 Confectum.
2286 3702 2430 3757 DISC.
2464 3701 2560 3757 Die
2586 3718 2734 3772 ergo,
2769 3710 2946 3756 utrum
2974 3704 3163 3771 peritia
3197 3705 3390 3758 mentis
3419 3705 3500 3758 in-

1920 3792 2107 3862 telligit
2148 3792 2507 3861 disciplinam,
2548 3808 2614 3845 an
2669 3793 2949 3862 disciplina
3002 3794 3294 3862 peritiam?
3357 3794 3498 3849 Mue.

1920 3882 2095 3937 Mente
2160 3883 2383 3952 intelligi
2445 3882 2784 3951 disciplinam
2839 3897 2945 3936 non
3000 3885 3205 3939 dubito.
3260 3884 3316 3938 Si
3371 3901 3501 3939 vero

1918 3974 2125 4039 dixero,
2156 3990 2220 4028 ex
2271 3974 2382 4043 ipsa
2431 3987 2644 4042 quoque
2696 3973 2888 4042 peritia
2935 3973 3204 4036 similiter,
3254 3976 3393 4028 sicut
3446 3987 3500 4029 et

1921 4073 2118 4125 mente.
2146 4063 2295 4131 cujus
2326 4065 2513 4133 peritia
2541 4071 2638 4121 est,
2672 4063 2895 4116 eandem
2927 4063 3265 4132 disciplinam
3301 4080 3499 4133 cogno-

1920 4158 2018 4220 sci,
2052 4171 2260 4219 νει-εον,
2286 4170 2351 4208 ηε
2376 4155 2563 4209 videar
2589 4168 2853 4220 asserere,
2884 4162 3114 4207 mentem
3148 4154 3501 4222 peritiamqne

1919 4245 2004 4298 sui
2025 4245 2128 4297 duo
2149 4244 2410 4313 quaedam
2435 4258 2556 4298 esse
2576 4244 2887 4314 disciplinae
2908 4243 3219 4297 notionibus
3242 4242 3505 4311 vigentia,

1921 4341 1976 4385 et
2001 4349 2105 4385 non
2135 4347 2296 4385 unam
2327 4333 2660 4402 eandemque
2707 4332 3019 4397 essentiam,
3051 4333 3135 4387 cui
3182 4332 3503 4386 naturaliter

1924 4422 2066 4477 inest
2095 4423 2411 4491 disciplinae
2439 4424 2692 4493 cognitio.
2718 4424 2774 4476 Si
2804 4431 2980 4477 autem
3027 4433 3260 4477 mentem
3312 4424 3512 4492 suique:

1925 4515 2172 4582 peritiam
2200 4530 2304 4568 non
2330 4514 2438 4569 duo
2467 4516 2748 4584 quaedam,
2797 4516 2891 4569 sed
2933 4530 3097 4568 unum
3154 4524 3314 4585 atque
3362 4516 3509 4571 idem

1923 4620 2049 4660 vera
2077 4606 2234 4659 docet
2260 4606 2415 4667 ratio,
2437 4619 2601 4676 cogor
2626 4604 2803 4668 fateri,
2830 4621 3010 4670 omne,
3041 4606 3184 4674 quod
3212 4615 3391 4660 mente
3419 4607 3505 4661 in-

1926 4697 2206 4767 telligitur,
2231 4699 2426 4766 peritia
2452 4713 2666 4768 quoque
2719 4698 2801 4751 sui
2853 4698 3098 4768 intelligi,
3149 4707 3203 4751 et
3250 4700 3517 4755 continuo

1922 4799 2199 4856 sequetur.
2230 4797 2464 4844 mentem
2512 4798 2567 4844 et
2612 4790 2881 4859 peritiam,
2934 4789 3023 4843 vel
3066 4799 3212 4844 certe
3268 4798 3511 4845 mentem“

1903 4880 2175 4954 .peritam,
2208 4880 2618 4949 praestantioris
2644 4890 2869 4934 naturae
2898 4894 3020 4934 esse.
3068 4896 3134 4935 ea
3186 4880 3491 4949 disciplina,

1924 4983 2086 5038 quam
2115 4968 2381 5037 intelligit,
2412 4968 2458 5022 si
2508 4968 2812 5038 antiquiora
2853 4979 2979 5023 sunt
3030 4970 3317 5025 intellectis
3346 4965 3505 5025 intel-

1926 5059 2165 5129 ligentia.
2206 5058 2260 5112 Si
2293 5068 2473 5114 autem
2503 5060 2711 5125 dixero,
2741 5061 2908 5129 ipsam
2937 5060 3276 5131 disciplinam
3300 5063 3411 5129 peri
3440 5074 3503 5109 ac

1926 5152 2121 5205 mentis
2151 5152 2395 5219 peritiam
2427 5152 2472 5184 "
2500 5167 2641 5217 esse,
2669 5168 3006 5223 consequens
3050 5154 3172 5214 erit,
3219 5161 3312 5203 aut
3354 5164 3499 5202 iuon-

1928 5250 2033 5295 tein
2060 5242 2287 5310 peritum
2312 5243 2358 5279 ⁸⁵
2381 5243 2823 5312 disciplinamque
2851 5242 3077 5312 peritam
3108 5242 3214 5293 duo
3242 5237 3511 5307 quaedam‘

1524 5346 1776 5401 V'ARIAE
1816 5348 2209 5406 LECTIONES.

330 5433 344 5507 ξ
388 5446 549 5488 essent
578 5453 684 5507 om.
720 5435 823 5507 (τε.
884 5505 889 5507 Α
922 5439 941 5468 ³
983 5437 1107 5507 quin
1142 5436 1378 5507 omsCF.

263 5499 441 5576 illum:
496 5506 554 5576 _'
583 5506 671 5560 Sic
866 5499 1075 5576 Αψενξιο.

262 5565 377 5631 CF.
412 5570 456 5625 Α
485 5571 602 5628 Cur.

682 5575 722 5606 “
752 5572 840 5630 Sic
864 5575 946 5630 CF
966 5572 1056 5641 {A
1086 5576 1364 5644 phantasia
1407 5577 1704 5629 memoriae.

1457 5437 1477 5469 ³
1517 5437 1605 5493 Sic
1631 5438 1744 5502 CF;
1782 5438 1823 5490 A
1872 5442 2100 5493 condita.

1196 5508 1216 5538 ⁷
1258 5506 1347 5561 Sic
1374 5506 1487 5569 CF;
1537 5507 1952 5561 Ainintellectu.
2052 5509 2073 5539 ⁸
2101 5508 2184 5563 CF
2225 5528 2252 5562 η

1196 5576 1364 5630 ntasia
1407 5577 1704 5629 memoriae.
1810 5580 1850 5609 “
1883 5594 1962 5631 ιτς
2013 5593 2118 5632 om.
2169 5578 2252 5632 CF

3114 5437 3248 5491 'Sie
3296 5434 3413 5501 CF;
3463 5436 3506 5488 Α

3349 5506 3390 5536 ιο
3421 5508 3508 5561 sic

2052 5459 2100 5491 r1-
2227 5440 2247 5468 ⁸
2268 5440 2351 5496 CF
2401 5443 2691 5494 abstrusum
2720 5442 3015 5511 procerius.
3114 5440 3133 5469 '
3159 5446 3162 5488 1

2052 5509 2073 5539 η
2101 5508 2184 5539 ΡΩ
2225 5512 2499 5539 κηιίοέλκη-
2594 5513 2614 5539 9
2655 5511 2743 5539 Q2"
2769 5511 2874 5539 ρι’·
2926 5510 2950 5539 Λ
3003 5509 3052 5539 in
3079 5508 3162 5539 nn:

2101 5508 2184 5563 CF
2225 5512 2519 5564 notitioucs.
2594 5513 2614 5545 ⁹
2655 5508 2743 5565 Sic
2769 5511 2877 5567 Cl’;
2918 5508 3267 5560 A-iunnimo.

2107 5619 2118 5631 .
2169 5578 2272 5632 CF.
2378 5580 2421 5611 ¹³
2472 5580 2553 5634 CF
2582 5582 2745 5632 docet.
2850 5578 2893 5608 “
2927 5576 3008 5630 CF
3051 5583 3290 5642 petitam.
