3898 6154
404 201 501 256 7‘37

1788 196 2070 253 J().\NI\'|S

2135 196 2333 252 SCUTI
3568 207 3660 263 763

404 328 520 367 -ιεεο
579 328 634 366 se
706 311 936 365 invicem
1002 311 1373 381 intelligentia,
1434 318 1490 364 et.
1545 324 1575 362 a
1639 325 1697 364 se
1759 310 1987 364 invicem

2114 311 2348 384 quadam
2370 315 2637 382 superiori
2662 330 2719 367 se
2739 324 2925 368 italum
2946 315 3275 371 formantur.
3297 318 3496 372 Disc.Si
3514 338 3660 388 supe-

407 404 711 468 intellecta,
782 418 846 458 ac
910 418 1008 472 per
1063 404 1167 457 hoc
1226 401 1434 472 aequali
1505 401 1765 473 dignitate
1825 413 1986 455 natu-

409 513 496 552 rac
549 496 802 567 pollentia
833 536 846 559 ,
895 504 988 548 aut
1035 505 1268 549 mentem
1339 497 1696 566 periliamque
1750 497 1829 550 sui
1901 497 1984 551 di-

409 587 830 657 sciplinamque,
888 600 1048 654 quam
1116 585 1403 654 intelligit,
1462 568 1612 639 et'a
1670 601 1776 656 qua
1836 586 1988 641 intel-

407 680 606 744 ligitur,
636 675 795 729 unius
821 674 1168 744 ejusdemque
1196 678 1465 731 essentiae
1501 676 1678 729 fateri.
1713 676 1819 731 Sed
1862 677 1988 746 quid

406 770 592 823 horum
611 767 895 821 tenendum
915 767 1005 831 sit,
1024 768 1259 820 nondum
1278 766 1421 821 clare
1440 776 1606 836 patet.
1629 769 1769 822 Disc.
1786 767 1988 823 Forsan

406 860 629 930 patebit,
645 858 934 911 dummodo
954 866 1157 911 rectam
1183 858 1540 912 ratiocinandi
1565 859 1704 912 viam
1732 858 1839 914 Deo
1855 860 1992 914 duce

405 949 784 1020 ingrediamur.
810 945 950 1001 MAG.
982 948 1318 1012 Quaeramus
1352 947 1535 1017 itaque
1563 947 1894 1017 diligentius,
1928 963 1992 1003 ac

405 1040 633 1109 primum
666 1040 832 1103 dicas,
860 1038 1001 1102 volo,
1036 1036 1232 1090 mentis
1265 1044 1534 1101 naturam,
1558 1038 1643 1091 cui
1669 1038 1807 1092 inest
1830 1040 1992 1093 disci-

404 1131 579 1200 plinae
603 1130 816 1200 peritia,
846 1128 1143 1198 simplicem
1170 1143 1311 1193 esse,
1340 1145 1407 1182 an
1438 1129 1577 1182 non?
1600 1130 1742 1183 Disc.
1768 1128 1989 1198 Simpli-

401 1236 519 1293 cein
552 1237 673 1276 esse
704 1221 938 1274 arbitror
975 1220 1012 1272 '.
1063 1219 1157 1273 Est
1194 1218 1337 1273 enim
1391 1218 1743 1287 incorporea,
1787 1220 1993 1274 intelle-

405 1312 614 1372 ctualis,
647 1327 710 1364 ac
737 1326 830 1379 per
858 1312 958 1364 hoc
988 1309 1132 1363 omni
1150 1310 1539 1379 compositione
1563 1326 1750 1365 carere
1774 1325 1992 1365 necesse

406 1413 504 1457 est.
539 1403 679 1459 MAG.
712 1404 878 1457 llecle
905 1403 1207 1457 arbitraris.
1233 1402 1469 1456 Putasne
1493 1403 1671 1472 igitur,
1697 1403 1899 1473 aliquid
1941 1405 1991 1458 ei

406 1496 672 1559 accidere,
704 1495 848 1563 quod
877 1494 993 1564 ejus
1020 1495 1289 1549 essentiae
1327 1495 1645 1548 naturaliter
1672 1511 1777 1549 non
1814 1495 1993 1549 inest?

408 1587 554 1639 Disc.
599 1584 733 1637 Puto
766 1585 1004 1653 quidem.
1038 1584 1205 1638 Multa
1233 1583 1376 1638 enim
1400 1585 1714 1654 contingere
1735 1584 1782 1639 ci
1816 1585 1991 1639 video.

2117 394 2317 460 riorem
2345 419 2591 459 naturam
2606 450 2617 465 ,
2639 425 2703 460 ex
2728 424 2831 473 qua
2852 410 2982 461 haec
3003 408 3242 462 Trinitas
3256 420 3311 463 et
3330 411 3657 465 substituitur

2115 507 2170 551 et
2200 499 2464 573 formatur
2487 509 2540 550 et
2576 499 2916 568 intelligitur,
2939 501 3071 555 liJes
3122 503 3390 556 catholica
3418 518 3520 555 non
3550 520 3659 556 sua-

2116 589 2290 654 deret,
2318 600 2372 642 et
2402 605 2506 643 non
2526 595 2851 658 approbaret
2888 595 3108 655 veritas,
3134 594 3381 647 fortassis
3403 612 3429 645 a
3456 598 3473 625 '
3497 598 3656 664 seipsa

2115 681 2364 744 formari,
2394 684 2473 735 Vr-l
2529 694 2676 735 certe
2711 685 3060 752 principalem
3114 685 3344 738 formam
3397 702 3531 750 Case,
3563 705 3657 742 non

2092 762 2307 817 incaute
2357 763 2762 832 responderim;
2804 764 2915 833 jam
2964 781 3092 821 vero
3134 767 3391 835 quoniam
3439 783 3658 836 superior

2094 862 2177 908 est
2199 855 2265 917 η,
2290 853 2431 921 ipsa,
2469 866 2536 906 ex
2562 868 2669 921 qua
2710 854 2890 907 omnia
2920 853 3244 917 formantur,
3271 854 3526 924 incipiunt
3564 862 3657 911 lor-

2095 944 2250 1009 mari,
2284 954 2340 998 et
2365 945 2432 999 ad
2464 960 2624 1015 quam
2647 960 2906 1000 conversa
2933 948 3255 1010 formantur,
3288 963 3427 1015 quae
3466 948 3527 1001 ad
3552 963 3653 1003 eam

2094 1043 2484 1091 convertuntur
2510 1045 2604 1089 aut
2644 1047 2869 1105 possunt
2911 1037 3175 1101 converti,
3207 1036 3277 1090 ab
3302 1038 3485 1091 eadem
3515 1038 3652 1090 etiam

2096 1127 2293 1182 mentis
2340 1127 2663 1182 Trinitatem
2717 1128 2939 1183 formari
2976 1144 3083 1182 non
3119 1128 3325 1182 dubito.
3363 1128 3498 1183 MAG.
3543 1129 3656 1183 llnzc

2095 1219 2372 1288 ambigere
2420 1218 2819 1273 stultissimum.
2870 1220 2994 1273 Sola
3050 1221 3234 1288 itaque
3294 1220 3475 1273 divina
3524 1236 3656 1275 mens

2097 1309 2341 1363 notitiam
2373 1309 2640 1363 humanae
2669 1310 2887 1373 mentis,
2919 1310 3124 1378 peritae
3153 1309 3597 1379 disciplinalisque
3621 1310 3655 1339 “

2097 1418 2127 1456 a
2156 1416 2213 1455 se
2251 1401 2516 1455 formatae
2540 1410 2595 1454 et
2624 1402 2689 1455 ad
2718 1416 2775 1455 se
2803 1401 2866 1463 ¹²,
2898 1416 3080 1456 veram
3118 1402 3355 1470 possidet
3382 1402 3435 1455 in
3463 1417 3516 1456 se
3541 1401 3653 1470 ipsa.

2099 1494 2241 1547 Disc.
2258 1491 2537 1563 Nilverius
2551 1491 2965 1546 aestimandum.
2982 1491 3120 1547 MAG.
3136 1491 3397 1557 Putasne,
3412 1490 3655 1545 aliudesse

2100 1585 2391 1638 humanam
2419 1590 2678 1646 mentem,
2710 1590 2763 1635 et
2785 1580 2931 1635 aliud
2955 1582 3228 1636 notionem
3259 1580 3378 1650 ejus
3420 1581 3472 1633 in
3502 1589 3656 1634 mente

410 1676 564 1729 Verbi
602 1675 806 1746 gratia,
856 1675 1224 1745 temporalitcr
1270 1686 1538 1740 movetur,
1586 1676 1712 1730 dum
1744 1676 1856 1744 ipsa
1883 1690 1989 1730 non
2026 1668 2064 1726 Β
2095 1672 2772 1729 formantisetnoscentis?
2792 1672 3254 1727 Disc.Absit.lmo
3271 1684 3398 1727 vero
3426 1670 3654 1741 intelligo,

407 1770 748 1836 sittempus;
800 1766 992 1837 peritia
1042 1766 1451 1835 disciplinarum
1500 1766 1549 1821 ei
1592 1767 1992 1832 accidit,‘nunc

324 1866 327 1867 '
406 1858 552 1913 enim
590 1857 786 1928 perita,
818 1873 960 1911 nunc
993 1857 1429 1926 imperita,nunc
1469 1856 1995 1927 disciplinata,nunc

410 1950 803 2019 indisciplinata
854 1951 875 1980 '
933 1948 1296 2018 dignoscitur,
1356 1965 1499 2004 nunc
1561 1948 1796 2019 sapiens,
1851 1963 1993 2003 nunc

409 2042 687 2110 insipiens,
720 2053 865 2093 nunc
901 2054 1112 2104 errans,
1142 2040 1359 2108 quando
1396 2038 1839 2094 irrationabiliter
1878 2038 1992 2094 vol—

409 2130 570 2193 vitur,
603 2142 747 2182 nunc
776 2128 1000 2182 rationis
1030 2128 1168 2182 viam
1195 2137 1342 2183 recte
1370 2128 1691 2205 ingreditur,
1727 2136 1782 2183 et
1828 2126 1994 2181 multa

410 2222 460 2275 id
487 2236 676 2291 genus.
699 2219 838 2273 MAG.
872 2218 985 2274 Non
1014 2234 1144 2288 ergo
1167 2220 1357 2288 peritia
1385 2218 1699 2289 disciplinae
1730 2217 1814 2273 vel
1832 2218 1853 2249 ³
1881 2219 1993 2287 ipsa

406 2310 688 2381 disciplina
736 2310 1054 2364 naturaliter
1083 2310 1132 2364 ei
1167 2311 1336 2375 inest,
1383 2310 1475 2364 sed
1518 2325 1583 2364 ex
1627 2309 1995 2365 accidentibus

407 2402 461 2457 ei
486 2401 507 2431 ⁸
533 2400 875 2455 extrinsecus
888 2399 1230 2469 proveniunt.
1262 2400 1409 2455 Dtsc.
1436 2398 1551 2454 Non
1581 2400 1754 2454 ausim
1786 2399 1886 2453 hoc
1916 2399 1996 2453 di-

407 2506 551 2546 cere.
570 2489 753 2560 Neque
768 2490 910 2544 enim
930 2488 951 2520 ⁸
977 2488 1270 2543 verisimile
1291 2498 1396 2554 est,
1422 2488 1586 2542 Deum
1611 2489 1676 2542 ad
1707 2488 1993 2559 imaginem

408 2589 462 2634 et
486 2578 894 2635 similitudinem
924 2593 1076 2632 suam
1110 2593 1326 2633 creasse
1372 2587 1629 2641 mentem,
1657 2577 1742 2632 cui
1772 2587 1995 2632 natura-

410 2670 532 2724 liter
557 2669 748 2739 peritia
789 2676 955 2736 atque
980 2666 1262 2736 disciplina
1304 2682 1410 2722 non
1452 2667 1687 2737 ingenita
1719 2667 1820 2732 sit;
1866 2666 1996 2723 alio.

410 2762 538 2828 quin
574 2773 676 2813 non
704 2767 848 2812 esset
871 2772 1043 2823 mens,
1087 2756 1180 2810 sed
1223 2756 1378 2811 bruta
1409 2758 1671 2827 quaedam
1710 2756 1996 2812 irrationa-

410 2850 637 2917 bilisqne
680 2848 786 2902 vita
815 2847 857 2900 °.
899 2846 1075 2902 Nam"
1117 2863 1221 2902 non
1273 2857 1418 2902 recte
1459 2848 1581 2917 quis
1644 2848 1877 2915 dixerit,
1939 2857 1996 2903 ut

410 2942 662 3006 arbitror,
700 2940 972 2995 hominem
1003 2940 1069 2993 ad
1107 2940 1398 3010 imaginem
1427 2940 1520 2995 Dei
1559 2940 1758 2995 factum
1801 2956 1992 2995 secun-

2096 1779 2201 1818 non
2245 1763 2412 1817 aliam
2461 1777 2583 1817 esse
2631 1761 2992 1817 substantiam
3048 1763 3214 1816 totius
3261 1762 3533 1828 hominis,
3571 1761 3657 1816 nisi

2095 1868 2246 1909 suam
2314 1853 2590 1908 notionem
2656 1853 2712 1906 in
2770 1861 2950 1908 mente
3008 1852 3268 1917 artiﬁcis,
3317 1853 3410 1923 qui
3459 1854 3656 1917 omnia,

2095 1943 2409 2014 priusquam
2460 1942 2696 2008 ﬁerent,
2745 1943 2801 1997 in
2851 1943 3031 2014 seipso
3070 1944 3353 2015 cognovit;
3406 1944 3659 2014 ipsamque

2093 2032 2456 2101 cognitionem
2491 2032 2851 2088 substantiam
2883 2044 3002 2087 esse
3034 2047 3253 2096 veram,
3283 2047 3348 2088 ac
3377 2034 3543 2088 solam
3578 2046 3656 2087 eo-

2096 2137 2235 2186 rum,
2277 2136 2414 2189 quae
2439 2123 2650 2191 cognita
2684 2130 2829 2187 sunt,
2875 2122 3129 2193 quoniam
3160 2121 3213 2177 in
3251 2123 3367 2193 ipsa
3396 2123 3658 2192 perfectis-

2094 2212 2231 2267 sime
2274 2210 2417 2265 facta
2462 2220 2517 2265 et
2562 2211 2911 2266 aeternaliter
2953 2218 3010 2267 et
3051 2212 3457 2266 immutabiliter
3504 2210 3656 2267 sulsi-

2094 2318 2245 2364 stunt
2273 2308 2337 2357 ⁸³.
2373 2307 2510 2362 MAG.
2542 2306 2836 2362 Possumus
2858 2322 2989 2377 ergo
3019 2308 3291 2362 hominem
3312 2308 3534 2362 deﬁnire
3551 2308 3619 2361 sic
3643 2324 3655 2359 :

2094 2400 2267 2454 Homo
2319 2411 2404 2455 est
2458 2400 2607 2454 notio
2653 2400 2917 2469 quaedam
2967 2398 3347 2472 intellectualis
3392 2398 3445 2452 in
3505 2408 3658 2452 mente

2093 2491 2275 2546 divina
2300 2491 2646 2544 aeternaliter
2663 2489 2827 2544 facta.
2854 2488 2995 2544 Disc.
3034 2489 3325 2545 Verissima
3348 2498 3405 2542 et
3424 2487 3659 2558 probatis-

2095 2582 2233 2638 sima
2264 2580 2510 2637 deﬁnitio
2536 2582 2772 2636 hominis
2798 2590 2879 2636 est
2909 2581 3043 2646 ista;
3074 2589 3127 2634 et
3156 2595 3260 2634 non
3302 2579 3474 2633 solum
3513 2578 3660 2631 homi-

2096 2672 2206 2735 nis,
2236 2686 2423 2726 verum
2451 2671 2613 2725 etiam
2640 2671 2909 2736 omnium,
2957 2686 3096 2740 quae
3125 2670 3178 2724 in
3222 2669 3401 2723 divina
3427 2668 3659 2738 sapientia

2097 2760 2238 2816 facta
2268 2771 2414 2815 sunt.
2439 2759 2549 2814 Nec
2578 2773 2787 2824 vereor,
2824 2774 2948 2823 eos,
2981 2759 3073 2828 qui
3099 2759 3360 2814 deﬁniunt
3389 2760 3660 2822 hominem,

2097 2865 2203 2904 non
2227 2849 2519 2904 secundum
2543 2849 2685 2918 quod
2714 2848 3032 2920 intelligitur
3046 2863 3188 2911 esse,
3208 2849 3303 2902 sed
3329 2864 3397 2902 ex
3428 2849 3526 2911 his,
3545 2862 3664 2915 quac

2097 2940 2241 2995 circa
2269 2953 2391 2993 eum
2420 2938 2810 3008 intelliguntur,
2841 2939 3083 2993 dicentes
3111 2979 3126 3002 ,
3171 2939 3334 2992 homo
3364 2949 3446 2993 est
3487 2932 3665 2991 animal

411 3032 537 3084 dum
565 3028 839 3092 accidens,
867 3039 922 3084 et
953 3044 1057 3082 non
1101 3030 1394 3084 secundum
1426 3031 1803 3094 substantiam,
1838 3044 1994 3099 prae-
2026 3036 2070 3095 C
2107 3031 2385 3096 rationale,
2412 3030 2659 3095 mortale,
2706 3046 2898 3085 sensus
2938 3040 2993 3085 et
3038 3029 3353 3100 disciplinae
3399 3044 3584 3098 capax,
3618 3035 3664 3083 et

409 3120 595 3176 sertim
638 3133 763 3174 cum
808 3117 1138 3175 intellectum
1168 3128 1223 3174 et
1265 3119 1530 3174 rationem
1573 3110 2001 3175 substantialiter

414 3215 590 3269 inesse
612 3213 662 3270 ei
682 3214 978 3267 videamus.
993 3212 1131 3268 MAG.
1147 3210 1263 3266 Non
1286 3226 1415 3282 ergo
1428 3213 1759 3276 accidnntei,
1787 3214 1878 3267 sed
1903 3228 1999 3266 na-

415 3304 661 3358 turaliter
690 3304 888 3358 insunt.
909 3303 1051 3358 DISC.
1080 3302 1194 3357 Non
1224 3311 1429 3358 temere
1444 3303 1692 3367 dixerim,
1718 3306 1997 3373 utopinor.

413 3397 671 3464 Quamvis
694 3397 837 3450 cnim
872 3396 1120 3464 imperita
1166 3404 1221 3450 et
1250 3396 1512 3466 insipiens
1542 3397 1690 3451 nasci
1736 3397 1999 3460 videatur,

414 3487 556 3556 quod
592 3487 641 3541 ei
670 3486 867 3541 accidit
916 3486 1081 3540 divini
1132 3487 1563 3557 transgressione
1608 3488 1867 3553 mandati,
1897 3505 2001 3558 qua

415 3586 469 3628 et
494 3574 693 3630 suimet
719 3582 773 3628 et
816 3574 1091 3629 Creatoris
1138 3576 1221 3629 sui
1252 3576 1419 3631 oblita
1467 3587 1568 3641 est,
1618 3577 1895 3632 doctrinae
1925 3587 2002 3632 ta-

420 3684 540 3721 men
569 3666 767 3737 regulis
797 3668 1087 3721 reformata
1122 3666 1288 3722 Deum
1326 3684 1482 3723 suum
1524 3680 1579 3725 et
1607 3670 1858 3741 seipsam,
1894 3670 2004 3725 sui-

418 3773 523 3828 que
552 3757 800 3827 peritiam
826 3765 883 3811 et
909 3756 1272 3826 disciplinam,
1292 3767 1347 3814 et
1372 3761 1575 3827 omnia,
1608 3776 1749 3830 quae
1779 3772 2002 3818 natura-

419 3848 542 3903 liter
568 3847 621 3901 in
650 3861 715 3901 ea
742 3847 1059 3914 subsistunt,
1097 3848 1149 3903 in
1194 3848 1369 3918 seipsa
1397 3857 1576 3920 potest
1612 3853 1869 3922 reperire,
1900 3851 2005 3906 Re-

420 3935 715 4005 demptoris
758 3935 841 3989 sui
892 3936 1064 4005 gratia
1110 3936 1426 3992 illuminata.
1458 3938 1598 3993 MAG.
1627 3939 1817 3995 Restat
1843 3941 2004 4008 igitur

420 4027 789 4093 considerare,
815 4028 1086 4097 quomodo
1106 4029 1157 4084 ei
1181 4029 1365 4084 insunt
1393 4030 1586 4101 peritia
1616 4032 1999 4103 et-disciplina,

423 4134 549 4173 num
573 4119 737 4172 veluti
768 4119 1040 4175 naturales
1065 4119 1373 4188 qualitates,
1402 4137 1537 4192 quas
1566 4121 1794 4177 virtutes
1823 4121 2004 4192 appel-

423 4209 569 4273 lant,
619 4218 674 4262 ut
714 4220 840 4264 sunt
885 4208 1093 4279 species
1138 4209 1434 4279 sapientiae
1478 4218 1531 4264 et
1566 4210 1844 4275 scientiae,
1870 4226 2005 4280 quas

423 4297 589 4351 divini
628 4297 764 4352 radii
804 4297 1215 4367 rcpercussione
1261 4299 1510 4369 percipit,
1558 4315 1628 4353 an
1668 4300 1832 4355 veluti
1879 4303 2004 4356 sub.

2107 3123 2248 3194 quod
2275 3132 2360 3178 est
2389 3122 2712 3187 mirabilius,
2742 3123 2881 3176 hanc
2909 3121 3277 3176 deﬁnitionem
3309 3122 3547 3176 usiadem
3587 3134 3665 3172 vo-

2106 3221 2253 3277 cant,
2282 3213 2409 3268 dum
2438 3227 2546 3267 non
2576 3213 2642 3266 sit
2689 3211 3093 3277 substantialis,
3125 3213 3219 3267 sed
3246 3212 3393 3268 circa
3438 3214 3665 3268 substan-

2108 3305 2257 3367 tiam,
2304 3320 2372 3360 ex
2419 3304 2522 3370 his,
2576 3319 2713 3373 quae
2759 3320 2853 3375 per
2900 3305 3304 3375 generationem
3354 3304 3667 3359 substantiae

2105 3396 2384 3456 accidunt,
2412 3396 2752 3449 extrinsecus
2781 3404 3077 3466 assumpta.
3120 3394 3279 3450 Notio
3326 3411 3554 3466 namque
3586 3396 3669 3449 hoc

2107 3485 2267 3539 minis
2297 3485 2348 3538 in
2377 3494 2556 3539 mente
2585 3486 2762 3540 divina
2791 3485 2925 3540 nihil
2954 3488 3144 3540 horum
3171 3497 3275 3542 est.
3318 3488 3393 3541 lbi
3425 3487 3668 3558 siquidem

2106 3575 2331 3643 simplex
2362 3583 2465 3639 est,
2499 3591 2598 3630 nec
2645 3577 2746 3631 hoc
2786 3592 2886 3632 nec
2930 3577 3057 3632 ilhtd
3098 3577 3205 3633 dici
3254 3587 3450 3647 potest,
3473 3592 3668 3632 omnem

2106 3664 2474 3718 deﬁnitionem
2505 3675 2559 3719 et
2588 3666 2961 3721 collectionem
2992 3667 3225 3736 partium
3250 3683 3533 3738 superans,
3562 3667 3671 3720 dum

2107 3755 2172 3809 de
2196 3768 2261 3807 ea
2286 3770 2408 3810 esse
2455 3764 2661 3810 tantum
2705 3757 3218 3826 praedicatur,.non
3271 3757 3673 3829 autem'quid“

2106 3844 2194 3898 sit.
2214 3843 2337 3899 Sola
2353 3844 2551 3899 etenim
2567 3861 2631 3899 ac
2651 3859 2773 3899 vera
2791 3846 2992 3901 usiadis
3009 3848 3050 3884 ’⁸
3072 3846 3315 3903 deﬁnitio
3328 3857 3426 3912 est,
3449 3862 3579 3917 quae
3598 3862 3675 3903 so-

2107 3932 2380 3988 lummodo
2400 3932 2785 4000 aﬁirmatesse,
2809 3946 2863 3990 et
2887 3945 3047 4007 negat
3067 3937 3195 4006 quid
3218 3953 3358 3993 esse.
3391 3938 3523 3992 MAG.
3548 3935 3676 3991 Num

2110 4026 2205 4080 tibi
2231 4026 2448 4081 videtur
2472 4041 2652 4080 rerum
2674 4031 2915 4081 omnium
2945 4029 3281 4084 sensibilium
3309 4039 3365 4085 ct
3389 4029 3677 4097 intelligibio

2110 4116 2256 4181 lium,
2282 4131 2421 4186 quae
2444 4124 2619 4185 potest
2646 4118 2878 4171 humana
2903 4134 3056 4174 mens
3078 4120 3397 4191 intelligere,
3421 4120 3677 4176 notionem

2106 4208 2378 4276 quandam
2422 4208 2743 4264 in'homine
2779 4209 2941 4264 esse?
2994 4212 3139 4266 Dtsc.
3171 4210 3394 4268 Videtur
3422 4214 3567 4283 plane
3592 4231 3610 4277 ;
3633 4222 3678 4267 et

2107 4297 2321 4365 quidem
2352 4313 2447 4367 per
2470 4299 2572 4354 hoc
2600 4300 2832 4353 maxime
2863 4300 3178 4371 intelligitur
3194 4301 3360 4358 homo
3380 4318 3520 4368 esse,
3547 4302 3675 4373 quod

376 4422 385 4431 ι
421 4387 709 4442 stantiales
735 4402 859 4442 suas
887 4396 1091 4457 partes,
1122 4388 1318 4458 quibus
1344 4390 1614 4455 consistit,
1644 4391 1719 4445 ita
1749 4400 1807 4445 ut
1833 4406 2000 4461 quae-
2035 4414 2082 4473 ι)
2106 4400 2460 4455 cunctorum,
2508 4408 2647 4461 quae
2685 4393 2800 4446 sive
2834 4393 3134 4462 aequaliter
3182 4395 3284 4449 sibi
3320 4405 3500 4450 creata
3526 4404 3673 4457 sunt.

422 4478 549 4533 dam
580 4479 816 4534 Trinitas
844 4480 916 4533 sit
939 4480 1098 4535 unius
1119 4482 1416 4546 essentiae,
1449 4498 1631 4549 mens,
1655 4484 1865 4552 peritia,
1921 4483 2004 4537 di-

424 4571 671 4641 sciplina.
693 4572 841 4626 Disc.
873 4572 1024 4638 Quod
1051 4582 1326 4642 postremo
1356 4575 1603 4644 posuisti,
1642 4576 1959 4630 crediderim
1985 4592 2000 4641 ;

424 4663 636 4716 videtur
664 4662 806 4716 enim
834 4664 964 4717 mihi
1009 4666 1378 4722 substantialis
1416 4670 1678 4737 quaedam
1711 4678 1767 4723 et
1797 4684 2005 4724 conua-

430 4752 618 4807 turalis
638 4752 895 4809 Trinitas.
922 4754 1062 4810 MAG.
1083 4756 1233 4813 Mens
1248 4758 1430 4828 itaque
1450 4769 1504 4814 et
1518 4760 1764 4829 peritiam
1780 4761 2007 4816 etdisci-

428 4844 628 4917 plinam
685 4861 837 4900 suam
894 4847 1183 4920 intelligit,
1227 4860 1283 4905 et
1332 4867 1363 4906 a
1410 4867 1504 4907 sua
1553 4853 1747 4923 peritia
1802 4868 2007 4922 suaque

429 4935 711 5006 disciplina
742 4937 1081 5009 intelligitur,
1105 4956 1211 4996 non
1239 4942 1390 5011 quid,
1419 4943 1512 4998 sed
1541 4944 1666 5014 quia
1694 4953 1807 5010 est;
1852 4944 2008 4997 aliter

429 5026 572 5081 enim
611 5028 977 5083 cocssentialis
1016 5038 1071 5085 et
1114 5032 1420 5101 coaequalis
1462 5032 1700 5088 Trinitas
1741 5050 1847 5089 non
1884 5035 2005 5089 erit.

433 5120 578 5176 Dtsc.
608 5119 715 5175 Nec
737 5120 839 5176 hoc
852 5121 1115 5192 negarim,
1140 5124 1264 5193 quia
1292 5125 1362 5178 ita
1400 5126 1540 5179 ratio
1561 5126 1582 5158 ⁸
1606 5142 1693 5181 me
1714 5126 1867 5182 fateri
1897 5128 2009 5181 exi-

430 5209 526 5281 git.
563 5209 698 5267 MAG.
725 5212 856 5268 Vide
881 5214 1064 5284 igitur,
1089 5224 1265 5270 utrum
1295 5233 1323 5270 a
1347 5232 1406 5272 se
1437 5218 1687 5283 invicem,
1715 5235 1783 5271 an
1812 5220 1878 5273 ab
1905 5218 2007 5271 alia

2109 4483 2223 4537 sive
2251 4482 2444 4552 quibus
2472 4483 2737 4537 dominari
2770 4484 3101 4553 praecipitur
3122 4524 3138 4550 ,
3189 4484 3374 4539 datum
3403 4495 3485 4540 est
3520 4487 3569 4541 ei
3598 4487 3678 4539 ha-

2111 4573 2240 4627 bere
2286 4574 2581 4628 notionem.
2634 4573 2914 4640 Quomodo
2960 4574 3107 4628 enim
3153 4575 3465 4630 dominatus
3510 4588 3675 4630 eorum

2113 4661 2317 4718 homini
2346 4664 2569 4727 daretur
2588 4704 2602 4729 ,
2627 4680 2854 4732 quorum
2891 4664 3165 4719 notionem
3193 4680 3301 4719 non
3330 4666 3588 4721 haberet?
3608 4664 3678 4718 Si-

2113 4756 2328 4827 quidem
2364 4754 2669 4809 dominatus
2688 4754 2833 4809 illius
2861 4764 3091 4819 erraret,
3122 4756 3166 4811 si
3189 4770 3278 4821 ea,
3298 4772 3440 4826 quae
3464 4764 3674 4828 regeret,

2116 4850 2367 4906 nesciret.
2434 4848 2585 4915 Quod
2643 4850 2985 4919 apertissime
3034 4848 3215 4903 divina
3275 4850 3435 4905 nobis
3499 4850 3678 4905 indicat

2115 4940 2391 5010 Scriptura
2441 4939 2670 4993 dicens:
2721 4937 2990 4993 Formati:
3038 4939 3197 5007 igitur
3252 4938 3513 4994 Dominus
3557 4939 3677 4993 Deus

2114 5034 2178 5087 de
2236 5033 2392 5085 Immo
2455 5033 2651 5085 cunctis
2716 5031 3065 5085 animantibus
3121 5040 3288 5085 terrae
3344 5041 3390 5085 et
3446 5032 3677 5085 universis

2116 5124 2408 5179 volatilibus
2481 5124 2524 5155 ³⁸
2595 5124 2756 5191 caeli,
2824 5124 3044 5177 adduxit
3114 5141 3176 5178 ea
3247 5125 3316 5178 ad
3371 5126 3577 5185 Adam,
3631 5128 3675 5169 ut

2116 5215 2336 5279 videret,
2402 5216 2527 5285 quid
2587 5224 2786 5269 vocaret
2849 5231 2951 5270 ea:
3006 5233 3157 5269 omne
3212 5227 3386 5269 autem
3430 5214 3567 5286 quod
3609 5225 3677 5263 N-

1712 5327 1969 5382 νΑιιιΑΕ
2010 5326 2417 5381 LECTIONES.

507 5415 523 5444 ¹
560 5412 642 5468 CF
672 5412 957 5480 simplicem
986 5414 1211 5468 arbitror
1235 5432 1363 5469 esse.

433 5498 542 5539 om.
598 5482 703 5538 CF.
781 5483 802 5515 '
832 5484 921 5539 Sic
971 5484 1091 5547 CF;
1119 5486 1159 5538 A
1194 5483 1315 5538 Non
1346 5486 1510 5539 enim.

436 5554 531 5607 ita.
604 5552 625 5581 ’
657 5571 687 5605 α
718 5569 828 5608 om.
857 5554 964 5610 CF.

1470 5416 1490 5446 ¹
1524 5414 1615 5469 Sic
1638 5415 1754 5478 CF;
1782 5417 2115 5483 disciplinam
2146 5432 2282 5469 nunc
2329 5417 2721 5485 indisciplinatn
2748 5434 2855 5471 nm.
2900 5418 2963 5472 A.

1616 5485 1637 5517 ⁸
1687 5486 1777 5540 Sic
1803 5484 1915 5547 CF;
1949 5486 1991 5538 A
2026 5496 2237 5539 natura.

1061 5556 1102 5586 ¹⁰
1132 5556 1221 5627 Sic
1249 5554 1434 5627 CF;7A
1466 5572 1558 5627 per
1595 5556 1931 5627 superiormr.
1974 5572 1991 5605 ο
2013 5556 2054 5627 ff
2082 5556 2173 5627 Sic
2216 5554 2415 5627 CF;UA
2458 5556 2820 5627 disciplinalis.

3067 5419 3088 5450 ³
3116 5417 3207 5473 Sic
3235 5419 3351 5481 CF;
3377 5418 3507 5472 Aut.
3608 5410 3676 5459 ‘ﬂ'

2339 5487 2359 5518 "
2392 5478 2482 5540 Sic
2514 5478 2634 5550 CF;
2675 5487 2816 5541 Nam
2842 5503 2949 5542 om.
2986 5488 3029 5543 Α
3156 5489 3179 5520 ⁸
3207 5488 3297 5543 Sic
3324 5478 3443 5552 CF;
3489 5488 3531 5540 Α
3559 5483 3675 5552 ratio

2899 5560 2940 5590 ¹²
2968 5558 3060 5614 Sic
3084 5558 3199 5625 CF,
3230 5570 3278 5612 et
3306 5559 3374 5610 ad
3402 5549 3456 5611 se
3484 5570 3587 5609 om.
3621 5549 3671 5602 Α.

441 5620 487 5655 ¹³
510 5623 548 5675 Α
584 5623 831 5677 substiti".
914 5625 956 5656 “
984 5625 1029 5678 A
1058 5626 1214 5686 quod.
1294 5626 1335 5654 ¹¹¹
1366 5620 1516 5695 Coij.
1550 5620 1677 5680 ACF
1712 5627 1940 5680 naiades.
2014 5625 2058 5656 “
2086 5625 2129 5679 Α
2163 5624 2497 5680 volantibus.-
