3898 6154
241 300 345 355 τοῦ

1082 294 1177 352 ΒΕ
1208 294 1547 354 ΒΝΙΞΙΟΝΕ
1582 234 1932 354 ΝΛΤῦῐιᾹΕ.
1975 328 2046 338 --
2079 297 2280 355 LIBER
2315 296 2644 366 QUARTUS

3419 304 3526 363 770

236 412 375 463 crtt‘il
406 409 582 462 Adam
615 412 822 466 animae
863 409 1099 474 uirentis,
1144 410 1314 479 ipsum
1359 419 1433 463 est
1476 425 1662 464 nomen
1697 409 1832 479 ejus.
1863 414 1913 473 Α
1941 407 2074 461 tium
2121 407 2427 473 multitudo,
2479 407 2645 463 veluti
2704 423 2771 463 ex
2826 409 3060 480 quodam
3114 409 3328 469 inliuito
3380 414 3528 471 fonte

240 499 310 555 Ut
345 499 563 553 rideret
590 540 606 564 ,
643 499 856 570 inquit,
902 501 1006 554 hoc
1054 508 1139 554 est
1163 541 1178 564 ,
1208 508 1268 554 ut
1304 500 1657 571 intelligeret,
1709 501 1837 570 quid

231 596 488 643 voearet.
532 588 589 643 Si
629 590 773 645 enim
823 605 929 644 non
992 590 1336 660 intelligeret,
1380 592 1648 660 quomodo
1693 602 1839 646 recte

231 693 436 735 vocare
494 682 706 751 posset?
738 682 908 738 Omne
952 693 1132 737 autem
1163 683 1308 754 quod
1332 686 1557 757 necavit
1588 693 1628 751 ι,
1663 686 1836 757 ipsum

228 776 313 822 est
339 783 549 824 nomen
578 770 693 840 ejus
716 771 768 835 ’ς
801 771 905 825 hoc
932 779 1033 834 est,
1087 772 1201 841 ipsa
1230 781 1313 827 est
1329 756 1485 829 'notio
1516 756 1729 831 animae
1760 778 1838 830 vi-

228 857 436 912 ventis.
474 857 615 912 Msc.
638 859 776 925 Quid
796 874 925 930 ergo
951 860 1172 925 mirum,
1203 862 1247 917 si
1278 877 1457 917 rerum
1481 864 1650 929 notio,
1672 852 1834 935 quam

227 963 385 1004 mens
408 950 654 1004 humana
681 951 940 1021 possidet,
961 951 1089 1006 dum
1117 948 1172 1006 in
1192 967 1253 1007 ea
1275 964 1456 1009 creata
1477 964 1579 1021 est,
1598 957 1832 1026 ipsarum

226 1053 441 1103 rerum,
481 1056 712 1109 quarum
743 1041 892 1096 notio
918 1051 1020 1117 est,
1046 1042 1348 1097 substantia
1382 1043 1728 1117 intelligatur,
1767 1049 1834 1101 ad

226 1126 650 1184 similitudinem
678 1130 930 1185 videlicet
964 1132 1162 1188 utentis
1192 1133 1429 1197 divinae,
1462 1134 1515 1188 in
1547 1150 1653 1204 qua
1686 1138 1833 1192 notio

224 1217 609 1273 universitatis
635 1220 902 1286 conditae,
932 1221 1101 1291 ipsius
1130 1222 1497 1278 universitatis
1536 1224 1834 1280 incommu-

222 1308 486 1363 nicabilis
516 1310 811 1365 substantia
842 1321 957 1378 est;
998 1321 1054 1368 et
1078 1314 1531 1383 quemadmodum
1557 1318 1831 1372 notionem

220 1400 506 1465 omnium,
556 1416 695 1470 quae
738 1402 793 1456 in
840 1405 1193 1461 universitate
1240 1407 1725 1479 et‘intelliguntur.
1778 1422 1832 1465 et

221 1502 503 1560 corporeo
547 1507 706 1549 sensu
743 1495 1141 1566 percipiuntur,
1192 1498 1549 1554 substantiam
1599 1500 1832 1557 dicimus

220 1594 440 1648 eorum,
490 1599 634 1653 quae
663 1585 962 1641 intellectui
1001 1588 1083 1641 vel
1114 1590 1301 1645 sensui
1337 1592 1711 1655 succumbunt,
1757 1596 1828 1650 ita

220 1672 387 1726 etiam
418 1675 705 1731 notionem
729 1675 1156 1733 differentiarum
1180 1696 1244 1736 ac
1263 1682 1651 1751 proprietatum
1676 1696 1829 1739 natu-

1942 514 2165 555 manare
2188 515 2294 555 non
2323 500 2542 562 desinit,
2575 507 2632 554 ut
2662 514 2767 554 non
2801 499 3072 556 immerito
3101 503 3430 560 assimiletur
3471 509 3524 562 ei

1940 584 2236 642 Herculeae
2282 588 2483 659 hydrae
2509 587 2844 657 figmentum,
2870 586 3022 656 cujus
3045 591 3222 659 capita
3266 592 3319 646 in
3348 609 3522 663 quen-

1941 683 2052 729 tum
2087 672 2432 742 truncant'ur,
2457 677 2510 731 in
2538 685 2746 731 tantum
2769 687 3038 743 crescunt,
3070 680 3143 734 ita
3174 688 3232 735 ut
3269 672 3367 752 pro
3413 700 3522 739 uno

1938 775 2216 833 amputato
2255 774 2472 821 centum
2522 766 2804 833 ebulliant,
2858 768 3153 825 lnnuauam
3198 787 3361 842 porro
3391 775 3522 833 insi-

1937 869 2113 910 nuans
2132 862 2406 922 naturam,
2428 872 2567 927 quae
2588 858 2781 929 hydra,
2805 859 2856 913 id
2874 867 2980 924 est,
3005 859 3125 917 fons
3149 865 3365 932 quidam
3385 869 3526 921 mul-

1939 945 2100 1014 tiplex
2126 956 2229 1013 est,
2260 955 2315 1003 et
2363 948 2605 1004 inﬁnitae
2642 949 3063 1020 profunditatis:
3103 969 3264 1025 quam
3309 969 3523 1026 praeter

1936 1036 2107 1090 solum
2153 1037 2457 1104 Herculem,
2516 1039 2665 1096 hoc'
2698 1048 2804 1106 est,
2844 1041 3121 1106 virtutem,
3172 1048 3293 1114 quis
3347 1058 3526 1118 potest

1935 1128 2281 1197 perspicere?
2309 1128 2479 1184 Nemo
2508 1130 2652 1185 enim
2683 1132 2780 1185 scit
2824 1132 2848 1165 ⁸
2873 1149 3007 1202 quae
3047 1146 3166 1189 sunt
3205 1138 3262 1191 in
3288 1139 3521 1206 homine,

1937 1216 2038 1268 nisi
2069 1218 2282 1286 spiritus
2310 1220 2553 1283 hominis,
2586 1220 2677 1291 qui
2713 1222 2767 1275 in
2792 1222 2903 1292 ipso
2928 1234 3025 1279 est.
3066 1224 3253 1295 Itaque
3299 1230 3344 1284 si
3373 1233 3522 1287 notio

1936 1305 2022 1359 illa
2052 1308 2297 1375 interior,
2321 1326 2459 1381 quae
2490 1312 2654 1367 menti
2682 1313 2823 1369 inest
2844 1315 3132 1383 humanae,
3159 1334 3361 1388 rerum,
3390 1340 3519 1393 qua-

1936 1411 2053 1449 rum
2092 1399 2239 1453 notio
2273 1410 2374 1465 est,
2420 1403 2718 1458 substantia
2748 1406 3116 1472 constituitur,
3162 1424 3519 1482 consequens,

1935 1494 2069 1541 utet
2099 1488 2209 1556 ipsa
2241 1492 2410 1556 notio,
2453 1507 2557 1562 qua
2594 1494 2828 1564 seipsam
2874 1496 3036 1551 homo
3076 1502 3372 1569 cognoscit,
3424 1520 3517 1559 sua

1934 1578 2236 1635 substantia
2310 1582 2582 1638 credatur.
2648 1583 2787 1640 MAG.
2846 1584 3197 1658 Consequens
3255 1591 3517 1660 profecto.

1935 1668 2176 1726 Diximus
2201 1673 2365 1737 enim,
2397 1684 2629 1731 mentem
2651 1676 2940 1732 humanam
2964 1681 3006 1743 ’,
3037 1680 3227 1751 suique
3250 1683 3515 1750 notitiam,

218 1765 545 1836 raliumque
568 1769 924 1824 accidentium
949 1770 1094 1841 ipsas
1116 1770 1468 1838 differentias,
1502 1783 1557 1830 et
1588 1779 1829 1847 proprie-

1932 1775 2037 1829 qua
2066 1778 2125 1818 se
2149 1765 2317 1829 novit,
2348 1774 2403 1821 et
2440 1766 2802 1839 disciplinam,
2853 1786 2958 1840 qua
2986 1771 3218 1841 seipsam
3249 1774 3430 1840 discit,
3458 1785 3518 1830 ut

223 1865 382 1923 tates,
412 1867 479 1913 et
513 1861 815 1917 accidentia
841 1878 961 1919 esse
989 1865 1270 1922 dicamus?
1291 1865 1436 1923 Dtsc.
1464 1869 1579 1923 Non
1608 1871 1824 1924 mirum.

218 1945 360 2001 Mss.
389 1947 606 2003 Creata
628 1946 711 2006 eet
736 1953 899 2023 igitur
928 1954 981 2008 in
1007 1970 1073 2010 eo
1095 1956 1560 2025 irrationabilitas,
1583 1963 1829 2016 etomnis

220 2036 457 2105 species,
522 2040 805 2111 omnisque
850 2041 1174 2110 dili'erentia,
1226 2053 1283 2101 et
1326 2049 1627 2119 proprietas
1662 2052 1828 2123 ipsius

220 2123 742 2192 irrationabilitatis,
771 2140 828 2186 et
853 2133 1035 2189 omnia
1058 2148 1198 2204 quae
1222 2135 1244 2167 ³
1270 2137 1416 2192 circa
1461 2154 1581 2194 eam
1606 2152 1830 2197 natura-

220 2215 343 2273 liter
364 2230 806 2290 cognoscuntur,
828 2224 1085 2292 quoniam
1108 2226 1299 2281 horum
1329 2230 1571 2284 omnium
1600 2242 1651 2287 et
1679 2235 1827 2289 simi-

220 2303 347 2359 lium
377 2309 587 2362 notitia
622 2309 673 2363 in
698 2310 814 2379 ipso
842 2313 1058 2367 condita
1079 2323 1184 2369 est.
1216 2315 1484 2372 Similium
1510 2329 1691 2375 autem
1716 2324 1826 2379 dixi

217 2404 448 2464 prepter
480 2395 601 2462 illa,
634 2413 770 2467 quae
798 2410 956 2454 extra
989 2403 1239 2459 animalia
1268 2415 1460 2461 natura
1485 2422 1666 2464 rerum
1691 2426 1822 2466 cou-

219 2486 376 2553 tiuet,
431 2496 513 2542 ut-
549 2499 674 2544 sunt
724 2492 907 2547 mundi
962 2493 1254 2561 elementa,
1290 2496 1579 2555 herbarum
1611 2517 1825 2574 quoque

218 2576 615 2648 lignorumque
640 2595 836 2652 genera
869 2590 925 2637 et
960 2585 1193 2654 species,
1217 2588 1547 2656 quantitates
1571 2600 1627 2644 et
1652 2592 1825 2662 quali-

221 2676 386 2733 tates,
416 2680 719 2740 ceteraque
743 2688 842 2742 per
870 2674 1293 2732 innumerabiles
1330 2677 1658 2738 dill‘erentias
1687 2683 1825 2739 mul-

220 2759 496 2829 tiplicata,
543 2777 768 2832 quorum
819 2766 1060 2822 omnium
1107 2784 1237 2824 vera
1272 2772 1505 2842 cognitio
1554 2773 1825 2835 humanae

219 2860 459 2906 nautrae
500 2852 662 2908 insita
687 2865 794 2921 est,
840 2858 1090 2927 quamvis
1118 2860 1294 2916 adhuc
1340 2863 1518 2920 inesse
1558 2867 1608 2921 ei
1660 2866 1825 2926 lateat

217 2941 489 3009 seipsam,
514 2943 686 2998 donec
705 2946 770 2998 ad
789 2946 1075 3016 pristinam
1099 2948 1461 3020 integritatem
1486 2957 1819 3028 restituatur,

219 3028 275 3083 in
308 3045 427 3099 qua
455 3032 883 3103 magnitudinem
924 3044 981 3090 et
1002 3036 1454 3106 pulchritudinem
1483 3043 1733 3119 imaginis
1763 3049 1817 3104 in

220 3132 278 3173 se
303 3118 570 3175 conditae
609 3122 897 3192 purissime
924 3124 1261 3182 intellectura
1287 3139 1389 3194 est,
1438 3141 1496 3187 et
1535 3107 1668 3191 nihil
1697 3153 1818 3194 eam
1846 3107 1890 3169 δ

220 3210 418 3266 latebit
448 3226 521 3266 ex
547 3212 654 3278 his,
676 3228 817 3284 quae
837 3214 893 3269 in
915 3230 974 3271 se
994 3218 1212 3274 condita
1233 3230 1378 3286 sunt,
1405 3223 1586 3279 divino
1618 3227 1821 3285 lumine

218 3301 436 3355 auibita
488 3300 532 3366 ⁸,
574 3312 630 3356 et
657 3303 711 3357 in
738 3303 906 3359 Deum
931 3319 1216 3374 conversa,
1258 3310 1312 3364 iu
1342 3328 1451 3382 quo
1495 3318 1675 3372 omnia
1701 3334 1823 3389 per-

218 3392 415 3460 spicae
459 3393 933 3464 contemplabitur.
986 3398 1072 3452 Aa
1119 3398 1261 3455 aliud
1304 3403 1477 3458 voluit
1508 3410 1823 3477 magniﬁcus

221 3483 493 3538 Boethius
520 3483 768 3556 intelligi,
800 3486 892 3542 ubi
919 3487 997 3543 ait
1023 3505 1038 3542 :
1074 3486 1344 3560 Sapientia
1371 3506 1444 3548 est
1469 3511 1662 3560 rerum,
1689 3514 1824 3569 quae

218 3585 365 3643 sunt,
382 3576 583 3642 suique
600 3577 975 3633 immutabilem
987 3579 1335 3637 substantiam
1355 3587 1667 3653 sortiuntur,
1683 3605 1825 3643 com-

216 3666 511 3735 prehensio
534 3665 558 3696 '
579 3665 849 3721 veritatis?
890 3665 1021 3724 Esse
1051 3679 1227 3725 autem
1264 3672 1360 3727 illa
1408 3674 1653 3742 dicimus,
1689 3695 1823 3749 quae

218 3771 315 3810 nec
343 3757 645 3811 intentione
689 3767 957 3825 crescunt,
1008 3776 1101 3815 nec
1155 3764 1464 3818 retractione
1493 3768 1823 3833 minuuntur,

217 3862 315 3900 nec
340 3832 734 3903 oariationibus
760 3860 1145 3920 permutantur,
1173 3855 1264 3908 sed
1298 3856 1353 3910 in
1384 3859 1598 3927 propria
1625 3877 1828 3931 semper

217 3939 268 3991 oi
314 3953 457 3993 suae
494 3954 551 3993 se
594 3948 814 3996 naturae
852 3943 1100 3998 subsidiis
1145 3947 1273 4000 nixa
1311 3950 1631 4004 custodiunt.
1680 3951 1825 4006 Ilaec

219 4039 406 4082 autem
436 4038 563 4083 sunt
586 4030 886 4099 qualitates,
922 4035 1262 4103 quantitates,
1300 4038 1519 4107 famae,
1564 4044 1826 4112 magnitu-

219 4121 413 4185 dines,
469 4124 1197 4193 paruitates,,aequalitates,
1239 4128 1603 4195 habitudines,
1651 4143 1821 4199 actus,

218 4213 623 4283 dispositiones,
672 4214 810 4281 loca,
854 4224 1112 4285 tempora,
1159 4229 1209 4273 et
1251 4220 1496 4291 quicquid
1533 4223 1824 4278 adunatum

215 4306 622 4376 quodammodo
651 4309 953 4378 corporibus
985 4310 1247 4365 invenitur
1269 4324 1286 4363 :
1307 4329 1443 4383 quae
1472 4314 1586 4383 ipsa
1615 4316 1823 4386 quidem

218 4405 428 4450 natura
480 4398 787 4468 incorporea
829 4410 984 4466 sunt,
1030 4412 1081 4456 et
1122 4404 1464 4460 immutabilis
1502 4406 1824 4463 substantiae

140 4496 145 4501 ‘
217 4488 441 4541 ratione
470 4488 715 4558 rigentia,
740 4491 1138 4561 participatione
1171 4510 1292 4548 vero
1317 4499 1569 4565 corporis
1609 4514 1819 4568 permu-

220 4586 439 4642 tantur,
471 4588 520 4630 et
546 4589 689 4631 tactu
715 4580 986 4635 variabilis
1012 4583 1088 4636 rei
1126 4585 1180 4637 in
1212 4586 1495 4640 uertibilem
1517 4588 1821 4643 inconstan-

219 4667 361 4722 tiam
393 4677 690 4722 transeunt.
733 4669 798 4725 Et
818 4670 907 4725 tibi
932 4672 1066 4727 haec
1092 4672 1386 4730 subsistere
1417 4677 1691 4749 intelligis,
1719 4679 1823 4734 nisi

220 4758 281 4810 iu
323 4757 645 4813 uotionibus
668 4760 783 4814 suis
817 4761 870 4815 in
906 4763 1085 4817 anima
1110 4766 1405 4833 sapientis?
1436 4767 1536 4824 Ubi
1561 4771 1705 4824 enim
1736 4772 1822 4824 iu-

222 4846 575 4918 telliguutur,
620 4849 693 4905 ibi
722 4860 870 4919 sunt,
898 4853 1007 4907 imo
1029 4869 1156 4911 vero
1182 4856 1484 4914 intellectus
1522 4860 1605 4915 sui
1628 4870 1756 4915 sunt
1778 4861 1821 4916 ⁸.

224 4937 385 4992 Disc.
437 4938 747 4997 Praesentis
790 4944 1124 5013 quaestionis
1164 4950 1423 5004 reseratio
1473 4950 1819 5021 multiplicem

219 5031 410 5101 exigit
461 5034 889 5102 expositionem,
926 5042 982 5089 et
1024 5037 1151 5090 dum
1188 5047 1487 5105 reseratur,
1516 5042 1821 5098 innumera-

221 5122 363 5177 bilis
397 5122 734 5178 diversarum
778 5126 1152 5193 quaestionqu
1197 5129 1430 5198 undique
1465 5132 1820 5189 circumstan-

1932 1853 2163 1922 seipsam
2208 1865 2499 1926 cognoscat
2525 1857 2590 1922 η,
2639 1874 2801 1913 unam
2830 1860 3185 1931 eamdemque
3223 1866 3516 1920 essentiam

1929 1943 2244 1999 subsistere.
2274 1944 2420 2000 Disc.
2446 1945 2586 2014 Quid
2613 1962 2742 2018 ergo
2762 1949 3038 2004 dicemus?
3059 1950 3329 2022 Numquid
3357 1955 3517 2024 paulo

1929 2035 2179 2102 superius
2205 2037 2271 2091 ad
2295 2054 2487 2108 purum
2512 2040 2830 2096 deduximus
2853 2042 3087 2099 hominis
3121 2046 3511 2117 definitionem,

1927 2125 2187 2195 dicentes,
2226 2128 2389 2187 homo
2428 2143 2513 2189 est
2541 2137 2689 2191 natio
2713 2139 2980 2208 quaedam
3019 2140 3422 2212 intellectualis,
3456 2146 3512 2201 in

1928 2227 2109 2275 mente
2139 2221 2318 2277 divina
2358 2227 2704 2281 aeternalitrr
2746 2227 2923 2283 facta?
2952 2230 3019 2284 Et
3052 2230 3099 2286 si
3129 2231 3201 2287 ita
3238 2242 3341 2299 est,
3374 2252 3512 2306 quo-

1927 2312 2088 2367 modo
2112 2310 2202 2369 illa
2230 2310 2536 2388 notio,'qua
2566 2319 2728 2375 homo
2758 2320 2993 2390 seipsum
3033 2328 3334 2395 cognoscit,
3386 2331 3511 2383 sub-

1926 2401 2123 2463 stantia
2150 2418 2246 2457 sua
2271 2405 2363 2470 sit,
2393 2407 2437 2461 si
2466 2409 2744 2476 praedicta
2764 2410 3008 2466 delinitio
3043 2429 3148 2469 non
3183 2424 3388 2474 temere
3406 2428 3514 2475 sta-

1926 2496 2040 2542 tuta
2075 2492 2261 2572 est“?
2289 2493 2428 2550 MAG.
2463 2495 2579 2551 Non
2621 2509 2823 2554 temere
2872 2502 3121 2572 quidem;
3174 2521 3295 2561 nam
3328 2517 3385 2564 et
3421 2510 3511 2566 illa

1925 2578 2185 2647 dellnitio,
2237 2599 2376 2653 quae
2417 2585 2569 2653 dicit,
2620 2589 2893 2645 notionem
2927 2593 3197 2662 quandam
3243 2597 3294 2651 in
3333 2610 3514 2654 mente

1924 2668 2105 2725 divina
2131 2675 2478 2739 acternaliter
2497 2675 2695 2735 factam
2722 2682 3082 2740 substantiam
3109 2686 3341 2746 hominis
3368 2706 3509 2758 esse,

1923 2773 2088 2814 verax
2113 2772 2216 2818 est.
2260 2764 2326 2820 Et
2354 2770 2495 2837 quod
2524 2786 2667 2826 nunc
2689 2771 2939 2840 dicimus,
2968 2776 3215 2833 notitiam
3238 2780 3511 2848 videlicet,

1923 2867 2030 2922 qua
2065 2869 2125 2910 se
2153 2870 2306 2912 mens
2332 2859 2565 2916 humana
2606 2864 2907 2934 cognoscit,
2939 2868 3370 2927 substantialiter
3408 2875 3510 2929 ho-

1923 2945 2051 2999 mini
2081 2945 2276 3012 inesse,
2301 2966 2405 3006 non
2431 2952 2871 3011 irrationabiliter
2897 2959 3138 3014 docetur.
3165 2961 3339 3018 Aliter
3364 2968 3513 3023 enim

1922 3036 2101 3092 omnis
2138 3048 2388 3095 creatura
2434 3042 2486 3097 in
2531 3042 2709 3099 Verbo
2749 3046 2870 3113 Dei,
2918 3048 2970 3103 in
3015 3065 3121 3121 quo
3147 3055 3328 3109 munia
3365 3056 3510 3114 facta

1923 3134 2050 3179 sunt
2080 3126 2147 3191 η,
2176 3129 2575 3197 consideratur,
2607 3132 2765 3188 aliter
2793 3135 2846 3190 iu
2876 3138 3071 3207 seipsa.
3118 3140 3255 3198 llinc
3292 3158 3512 3204 sanctus

1922 3216 2255 3289 Augustinus
2289 3222 2342 3275 in
2373 3221 2641 3279 Exemero
2670 3240 2767 3281 suo
2798 3244 2810 3280 :
2844 3228 3031 3296 Aliter,
3059 3232 3251 3303 inquit,
3282 3239 3376 3291 sub
3400 3241 3512 3310 ipso

1922 3321 2043 3363 sunt
2065 3328 2147 3376 ea,
2172 3329 2306 3383 quae
2324 3331 2418 3384 per
2441 3316 2612 3386 ipsum
2630 3317 2772 3385 facta
2792 3336 2937 3385 sum,
2953 3321 3108 3378 aliter
3126 3326 3180 3379 in
3196 3329 3307 3395 ipso
3327 3342 3447 3385 sunt
3470 3333 3512 3362 "

1924 3416 2007 3465 ea,
2041 3417 2176 3472 quae
2196 3404 2305 3473 ipse
2332 3412 2429 3458 est.
2459 3403 2729 3477 Siquidem
2757 3408 3047 3466 intellectus
3082 3417 3314 3470 omnium
3338 3420 3393 3472 in
3430 3421 3513 3473 di—

1923 3492 2047 3546 uina
2094 3496 2353 3564 sapientia
2392 3497 2689 3553 substantia
2732 3510 2807 3555 est
2853 3503 3105 3570 omnium,
3148 3506 3254 3561 into
3300 3512 3512 3576 omnia;

1925 3585 2151 3654 cognitio
2172 3601 2310 3649 vero,
2358 3605 2464 3658 qua
2512 3593 2737 3660 seipsam
2778 3594 2833 3648 in
2873 3597 3043 3666 seipsa
3073 3598 3331 3669 intelligit,
3363 3603 3519 3657 intel-

1924 3671 2160 3730 lectualis
2184 3689 2230 3732 et
2253 3680 2528 3737 rationalis
2549 3693 2815 3749 creatura,
2837 3686 2992 3741 veluti
3009 3692 3236 3745 secunda
3258 3697 3515 3763 quaedam

1926 3767 2222 3820 substantia
2243 3769 2357 3837 ejus
2385 3780 2479 3837 est,
2507 3789 2612 3843 qua
2641 3791 2696 3828 se
2738 3776 2873 3830 nouit
2898 3780 3247 3844 solummodo,
3281 3799 3336 3835 se
3368 3801 3518 3839 nosse

1926 3862 1974 3905 et
1997 3870 2107 3908 esse
2131 3864 2179 3909 et
2204 3858 2350 3923 velle,
2375 3876 2479 3915 non
2503 3872 2678 3916 autem
2697 3864 2823 3933 quid
2845 3866 2931 3918 sit.
2955 3863 3023 3921 Et
3043 3867 3137 3920 illa
3162 3870 3370 3937 quidem
3393 3875 3517 3926 sub-

1925 3944 2121 3998 stantia
2152 3946 2207 3999 in
2244 3950 2504 4018 sapientia
2534 3951 2635 4004 Dei
2660 3958 2961 4018 constituta,
2998 3966 3210 4010 aeterna
3243 3969 3290 4011 et
3318 3960 3516 4014 incont-

1927 4037 2194 4091 mutabilis
2231 4049 2329 4104 est,
2376 4043 2476 4095 ista
2515 4059 2634 4097 vero
2681 4045 2981 4114 temporalis
3012 4057 3058 4099 et
3102 4053 3516 4115 commutabilis;

1926 4126 2020 4180 illa
2044 4132 2326 4198 praecedit,
2355 4134 2455 4185 ista
2481 4134 2749 4203 sequitur;
2796 4134 2889 4189 illa
2927 4138 3284 4206 primordialis
3306 4150 3354 4193 et
3386 4158 3516 4196 cau-

1928 4220 2076 4289 salis,
2106 4224 2207 4277 ista
2230 4225 2512 4294 procedens
2538 4225 2657 4280 “.et
2698 4228 3005 4294 causativa;
3033 4228 3127 4284 illa
3155 4232 3518 4288 universaliter

1927 4315 2105 4367 omnia
2131 4314 2175 4346 ¹⁸
2196 4316 2442 4382 continet,
2473 4316 2574 4370 ista
2596 4317 3007 4385 particulariter,
3028 4330 3281 4390 quantum
3308 4340 3340 4376 a
3361 4341 3517 4393 supe—

1928 4403 2059 4457 riori
2071 4404 2423 4470 distribuitur,
2446 4406 2679 4476 subjecta
2695 4407 2795 4460 sibi
2814 4424 2908 4477 per
2928 4410 3165 4462 notitiam
3182 4414 3487 4480 comprelten
3502 4444 3513 4457 ι

1851 4458 1902 4518 D
1928 4492 2028 4559 dit;
2060 4493 2124 4546 ab
2148 4492 2241 4548 iila
2269 4495 2527 4564 producta
2548 4506 2622 4551 est
2648 4497 2772 4562 ista,
2797 4498 2899 4552 ista
2930 4515 3045 4552 vero
3071 4515 3339 4556 reversuro
3360 4515 3434 4557 est
3462 4507 3518 4559 in

1923 4584 2090 4639 illam.
2108 4584 2290 4640 Etuon
2305 4586 2427 4653 dico
2442 4604 2583 4643 nunc
2599 4588 2741 4643 illam
2757 4591 3260 4660 superessentialem
3274 4596 3520 4651 substan-

1927 4674 2057 4730 tiam
2079 4674 2147 4741 “,
2170 4690 2309 4746 quae
2328 4691 2426 4746 per
2446 4678 2677 4749 seipsam
2705 4680 2848 4736 Deus
2868 4689 2972 4745 est,
3003 4690 3058 4736 et
3083 4683 3242 4738 unica
3268 4688 3513 4743 omnium

1927 4779 2113 4830 causa,
2140 4765 2234 4820 sed
2260 4764 2426 4833 illam,
2454 4782 2594 4838 quae
2615 4767 3042 4839 primordialiter
3059 4772 3112 4825 in
3132 4775 3395 4843 sapientia
3422 4779 3512 4834 Dei

1928 4856 2070 4913 facta
2092 4866 2178 4913 est
2203 4857 2572 4926 causaliter",
2590 4860 2746 4931 cujus
2759 4859 2980 4917 eﬂ'ectus
2992 4863 3240 4930 esthaec,
3257 4883 3416 4937 quam
3434 4884 3519 4921 ses

1928 4948 2109 5004 eundo
2137 4947 2255 5004 loco
2280 4949 2585 5015 statuimus,
2614 4952 2936 5017 substantia,
2964 4954 3073 5009 imo
3096 4958 3358 5013 naturalis
3386 4960 3519 5013 ordo

1930 5058 2109 5098 rerum
2123 5044 2421 5100 constituit.
2448 5045 2592 5102 DISC.
2608 5045 2755 5102 Duas
2770 5048 2932 5120 igitur
2944 5049 3273 5106 substantias
3286 5053 3518 5107 hominis

1930 5134 2229 5204 intelligere
2258 5136 2515 5191 debemus
2566 5153 2728 5192 unam
2757 5140 2974 5208 quidem
3004 5141 3055 5194 in
3080 5142 3516 5209 priniordialilms

1539 5269 1794 5328 VARIAE
1831 5273 2235 5330 LECTIONES.

306 5383 325 5411 ¹
362 5380 412 5432 Α
440 5389 669 5451 vocaret.
732 5387 765 5451 γι
786 5379 898 5449 ejus
927 5396 1036 5435 om.
1065 5380 1132 5435 A.
1211 5381 1232 5412 ³
1257 5397 1393 5451 quae
1436 5399 1545 5439 om.
1591 5385 1655 5438 A.

223 5451 393 5503 sinit.
464 5450 480 5479 ⁷
505 5450 552 5501 Α
577 5448 652 5501 id.
727 5450 748 5479 ⁸
781 5448 872 5503 Sic
901 5451 970 5517 F;
1000 5452 1047 5505 A
1068 5451 1161 5504 scit
1182 5448 1353 5518 enim;
1382 5456 1477 5506 scit
1504 5470 1611 5507 out.
1640 5455 1702 5508 tl.

226 5520 524 5589 cognoscit.
558 5588 561 5589 ν
607 5519 646 5549 ¹¹
677 5519 765 5573 Sic
783 5519 900 5584 CF;
928 5523 971 5574 Α
997 5529 1200 5575 statuta
1226 5522 1313 5574 sit.

1732 5385 1754 5415 ι
1785 5385 1875 5457 Sit!
1899 5386 2035 5457 es;
2062 5387 2105 5440 A
2137 5387 2359 5457 objecta.

1780 5459 1801 5489 ⁹
1837 5454 1927 5511 Sic
1952 5455 2070 5521 CF;
2100 5457 2145 5509 Λ
2180 5454 2232 5510 in
2258 5467 2427 5512 mente
2454 5454 2706 5514 humana.

1394 5524 1435 5553 "
1458 5523 1599 5591 facta
1625 5535 1746 5579 sunt
1777 5541 1886 5580 om.
1914 5524 2019 5579 CF.

2438 5388 2522 5443 Ἀ
2571 5390 3046 5458 comprehensione.
3123 5390 3143 5420 ⁸
3177 5390 3267 5444 Sic
3307 5390 3431 5453 (2E;
3470 5393 3515 5447 Α

2454 5459 2706 5514 humana.
2785 5460 2826 5490 ¹⁰
2857 5460 2947 5512 Sic
2976 5460 3089 5514 CF:
3124 5462 3163 5513 Α
3192 5471 3238 5513 et
3280 5475 3513 5514 semsam

2901 5463 2947 5512 ic
2976 5463 3089 5519 (3F;
3124 5463 3163 5513 Α
3192 5471 3238 5513 et
3280 5475 3513 5519 seipsam

2100 5479 2145 5509 Λ
2180 5479 2232 5510 m
2258 5479 2427 5512 meme
2454 5479 2706 5514 Immantt.
2786 5479 2825 5490 ’ν
2858 5479 2947 5512 me
2976 5479 3047 5514 ω·
3075 5479 3089 5519 ;
3124 5479 3163 5513 Α
3192 5479 3238 5513 et
3280 5479 3484 5531 seipsau

2100 5526 2142 5556 ¹³
2172 5526 2262 5582 Sic
2286 5527 2403 5592 CF;
2449 5540 2568 5582 sunt
2597 5546 2706 5583 om.
2741 5530 2803 5582 Λ.
2890 5529 2930 5558 ¹⁵
2959 5529 3049 5583 Sic
3085 5530 3202 5592 CF;
3232 5533 3270 5582 Α
3299 5546 3484 5599 pra-ere

228 5588 396 5641 dens.
468 5589 512 5621 ¹⁸
543 5588 633 5644 Sic
658 5589 778 5652 CF;
828 5591 875 5644 Α
913 5592 1195 5644 hominem.
1276 5592 1317 5622 ¹⁶
1343 5592 1433 5649 Sic
1454 5588 1575 5657 CF;
1625 5597 1668 5648 Α
1723 5597 2261 5671 superressentialem
2316 5588 2869 5668 supersubstantialem
2912 5588 3307 5654 Substantiam.’
3341 5604 3379 5633 ι’
3424 5605 3513 5660 Sic

225 5658 321 5713 CF
345 5675 362 5720 ;
400 5659 436 5713 Α
467 5672 512 5713 et
536 5662 843 5714 causaliter.

668 5777 936 5835 Punct.
982 5774 1237 5837 CXXII.

370 5839 423 5858 1,..

3158 5783 3236 5846 25
