3898 6154
387 284 494 340 ΤΗ

1790 281 2076 338 JOANNIS
2111 279 2306 339 SCOTI

3565 291 3660 347 τη

396 400 574 455 causis
627 396 954 469 generalem,
985 395 1208 451 alteram
1240 397 1292 450 in
1329 411 1513 452 earum
1543 392 1822 450 ell'ectibus
1853 411 1976 464 spe-
2007 401 2059 459 Α
2085 394 2226 449 nulla
2247 394 2395 449 linita
2414 395 3198 453 substantiacircumcluditur?
3227 396 3362 452 Man.
3392 397 3497 453 lmo
3511 402 3662 458 etiam

393 489 609 542 etatem.
653 486 788 538 Man.
817 485 956 539 Duas
981 499 1085 538 non
1116 483 1344 538 dixerim
1363 524 1377 551 ,
1402 484 1496 540 sed
1519 498 1678 538 unam
1705 482 1987 552 dupliciter

393 578 742 632 lntellectam.
807 574 978 629 Aliter
1039 574 1180 629 enim
1245 574 1476 628 humana
1539 574 1838 630 substantia
1889 588 1989 644 per

393 669 754 722 conditionem
809 665 861 718 in
891 663 1361 742 Iintellectualibus
1414 665 1738 734 perspicitur
1786 663 1984 728 causis,

392 765 546 817 aliter
592 776 687 828 per
732 758 1134 828 generationem
1184 757 1236 810 in
1280 756 1582 812 ellectibus.
1641 757 1717 811 lbi
1769 755 1985 824 quidem

389 850 532 904 omni
567 848 921 902 mutabilitate
967 847 1153 911 libera,
1193 848 1280 901 hic
1332 847 1674 900 mutabilitati
1708 845 1984 910 obnoxia;

389 942 462 994 ibi
504 939 725 1007 simplex
771 938 1128 1006 omnibusque
1179 937 1546 991 accidentibus
1581 935 1825 990 absoluta
1869 951 1988 990 om-

389 1047 510 1084 nem
538 1027 724 1096 cllugit
771 1015 1069 1079 contuitum
1099 1034 1152 1080 et
1193 1025 1520 1078 intellectum
1567 1025 1608 1088 ⁸,
1644 1025 1730 1078 hic
1769 1039 1990 1092 compo-

390 1119 640 1173 sitionem
680 1117 951 1185 quandam
980 1131 1046 1169 cx
1073 1114 1467 1184 quantitatibus
1511 1121 1564 1166 et
1613 1111 1983 1182 qualitatibus,

390 1210 710 1276 ceterisque,
747 1222 884 1275 quae
909 1206 1053 1258 circa
1083 1220 1201 1258 eam
1234 1203 1624 1273 intelliguntur,
1648 1202 1862 1272 accipit,
1892 1215 1988 1270 per

388 1314 551 1367 quam
577 1299 596 1328 '
628 1298 824 1350 mentis
855 1295 1044 1366 recipit
1076 1295 1350 1348 intuitum.
1397 1294 1507 1353 Una
1561 1295 1744 1363 itaque
1775 1294 1991 1347 eadem-

389 1402 494 1455 quc
523 1387 686 1440 veluti
711 1385 903 1454 duplex
933 1385 1128 1439 dicitur
1154 1393 1374 1454 propter
1393 1382 1660 1463 duplicent
1686 1382 1769 1436 sui
1797 1396 1989 1451 specu-

391 1478 672 1541 lationem,
706 1477 904 1546 ubique
950 1485 1128 1530 tamen
1173 1491 1326 1530 suam
1376 1467 1989 1550 incomprehensibilita-

391 1581 502 1624 tem
544 1568 796 1632 custodit,
831 1567 886 1620 in
912 1567 1090 1622 causis
1119 1567 1240 1622 dico
1263 1575 1318 1621 et
1339 1566 1392 1620 in
1423 1550 1718 1632 ell‘ectibus,
1753 1567 1858 1634 hoc
1881 1575 1988 1631 est,

391 1660 507 1712 sive
544 1657 684 1711 nuda
725 1657 780 1710 in
821 1671 917 1711 sua
961 1655 1338 1726 simplicitate,
1369 1657 1481 1711 sive
1511 1623 1878 1720 accidentibus
1907 1658 1988 1710 in-

2093 483 2194 538 hoc
2229 485 2463 540 maximo
2499 495 2818 556 argumento
2858 486 3143 557 colligitur,
3192 485 3336 554 quod
3372 487 3420 542 in
3461 489 3663 547 homine

2089 576 2269 630 omnis
2297 585 2548 631 creatura
2596 579 3027 635 substantialiter
3075 589 3257 634 creata
3298 581 3388 634 sit.
3427 581 3660 640 Omnium

2088 667 2378 736 siquidem,
2408 683 2547 737 quae
2589 678 2735 735 sunt,
2768 669 3068 742 sub‘tantia
3101 669 3248 723 nullo
3278 671 3438 724 modo
3464 672 3658 728 deliniri
3712 694 3720 703 δ

2088 765 2266 826 potest
2295 758 2422 827 quid
2457 760 2546 824 sit,
2585 768 2722 814 teste
2753 759 3012 830 Gregorio
3045 761 3312 831 tbeologo,
3349 777 3441 830 qm
3470 763 3532 817 de
3557 765 3661 818 tali-

2089 847 2191 901 bus
2217 847 2474 916 disputat,
2502 863 2666 918 agens
2689 849 2974 904 adxersum
3013 865 3127 914 eos,
3154 853 3246 921 qui
3291 860 3508 921 negant,
3545 853 3658 908 Ver-

2088 935 2214 990 bum
2243 935 2338 990 Dei
2369 937 2820 1004 superessentiale
2859 939 2903 970 ¹⁰
2946 953 3082 1002 esse,
3125 941 3512 996 contendentes
3549 942 3660 997 illud

2089 1023 2146 1077 in
2187 1022 2366 1092 aliqua
2403 1026 2705 1079 substantia
2747 1027 3088 1092 concludere,
3121 1044 3184 1082 ac
3211 1045 3310 1098 per
3332 1030 3435 1085 hoc
3467 1046 3563 1085 non
3586 1047 3662 1086 su-

2087 1125 2187 1181 per
2216 1112 2398 1166 omnia
2424 1128 2570 1177 esse,
2615 1114 2710 1168 sed
2750 1115 2804 1169 in
2847 1131 3073 1170 numero
3097 1118 3338 1171 omnium
3395 1120 3660 1184 contineri,

2089 1199 2335 1256 volentes
2377 1203 2734 1257 substantiam
2762 1204 2881 1259 Filii
2908 1219 2940 1258 a
2963 1205 3257 1259 substantia
3285 1206 3471 1263 Patris
3497 1225 3659 1278 segre-

2088 1303 2235 1358 gare.
2274 1287 2462 1358 Itaque
2497 1291 2635 1345 sicut
2665 1291 2843 1346 divina
2885 1294 3142 1358 essentia,
3191 1295 3260 1349 ad
3304 1294 3461 1364 cujus
3503 1297 3661 1368 inungi.

2089 1394 2210 1433 nem
2251 1378 2391 1433 facta
2421 1391 2526 1445 est,
2555 1382 2764 1436 inlinita
2792 1393 2904 1448 est,
2931 1384 3002 1441 ita
3032 1384 3120 1438 illa
3151 1385 3384 1440 humana
3417 1388 3661 1442 substitu-

2089 1473 2166 1529 tio
2190 1473 2336 1528 nullo
2364 1484 2512 1528 certo
2535 1475 2640 1528 ﬁne
2679 1477 3003 1530 terminatur
3027 1493 3044 1542 ;
3072 1492 3138 1532 ex
3169 1478 3257 1533 bis
3300 1490 3504 1545 autem,
3545 1495 3662 1550 quae

2089 1563 2232 1617 circa
2274 1577 2393 1618 eam
2427 1564 2821 1634 intelliguntur,
2853 1565 2956 1620 hoc
2993 1574 3076 1620 est
3124 1569 3485 1637 temporibus,
3528 1569 3662 1636 locis,

2091 1653 2429 1729 diﬂ'erentiis,
2462 1656 2900 1725 proprietatibus,
2951 1658 3367 1726 quantitatibus,
3413 1661 3662 1729 qualitati-

393 1753 544 1802 duta.
583 1748 642 1801 In
687 1747 771 1801 bis
815 1747 957 1801 enim
1004 1747 1254 1801 omnibus
1295 1746 1423 1800 nulli
1473 1746 1767 1800 intellectui
1809 1758 1993 1801 creato
2025 1735 2070 1795 Β
2099 1743 2222 1808 bus,
2249 1728 2616 1808 relationibus,
2645 1743 3071 1809 habitudinibus,
3105 1728 3486 1814 positionibus,
3515 1751 3663 1803 actio-

391 1837 611 1907 neque’
641 1837 822 1893 sensui
869 1837 1194 1900 succumbit,
1235 1853 1335 1892 nec
1379 1852 1409 1890 a
1453 1838 1630 1907 seipsa
1678 1836 1994 1906 intelligitur

393 1927 522 1996 quid
546 1927 636 1981 sit.
681 1927 826 1980 DISC.
859 1925 997 1992 Quid
1023 1935 1269 1996 estergo,
1289 1927 1548 1996 quodjam
1566 1927 1989 1997 pridemdixisti,

393 2019 633 2074 tuentem
661 2017 876 2086 quidem
903 2018 1192 2069 humanam
1223 2017 1516 2078 notionem,
1546 2034 1650 2086 qua
1688 2032 1746 2070 se
1789 2031 1990 2085 cogno-

394 2109 518 2175 scit,
545 2117 600 2162 et
625 2105 984 2176 disciplinain,
1022 2121 1126 2173 qua
1167 2105 1398 2174 seipsam
1447 2107 1629 2170 discit,
1676 2105 1896 2170 habere,
1939 2113 1992 2160 et

394 2213 539 2255 nunc
566 2199 762 2252 iterum
791 2212 966 2268 neque
989 2213 1018 2250 a
1049 2195 1247 2266 seipsa,
1281 2211 1456 2266 neque
1486 2198 1552 2250 ab
1587 2196 1693 2250 alia
1739 2205 1988 2250 creatura

393 2290 634 2360 dignosci
673 2304 832 2360 posse
870 2288 1114 2344 asseris?
1161 2287 1302 2344 MAG.
1333 2287 1632 2358 Utrumque
1657 2304 1842 2342 verum
1869 2303 1991 2342 esse

393 2381 530 2434 ratio
551 2381 832 2449 perdocet:
852 2380 1086 2432 humana
1107 2377 1372 2447 siquidem
1397 2393 1549 2431 meus
1568 2387 1620 2430 et
1642 2379 1872 2446 seipsam
1896 2393 1990 2432 no-

392 2473 491 2536 vit,
509 2480 563 2526 et
585 2471 816 2540 seipsam
853 2484 957 2523 non
989 2469 1156 2524 novit.
1180 2467 1337 2523 Novit
1361 2469 1576 2538 quidem
1608 2471 1732 2538 quia
1756 2479 1858 2533 est,
1883 2483 1988 2523 non

394 2575 572 2620 autem
589 2565 736 2642 novit
751 2562 878 2632 quid
895 2570 996 2618 est.
1015 2563 1093 2616 Ac
1119 2577 1214 2631 per
1239 2561 1364 2626 hoc,
1383 2571 1444 2616 ut
1465 2562 1518 2616 in
1543 2562 1814 2631 prioribus
1837 2561 1988 2615 libris

393 2655 696 2720 docuimus,
715 2653 943 2707 maxime
958 2653 1135 2722 imago
1151 2652 1243 2706 Dei
1261 2667 1380 2706 esse
1403 2653 1453 2705 in
1476 2651 1692 2706 homine
1705 2652 1724 2681 ⁸
1741 2650 1984 2704 docetur.

395 2745 465 2802 Ut
495 2744 639 2799 enim
663 2744 804 2798 Deus
825 2741 1324 2812 comprehensibilis
1354 2751 1458 2806 est,
1487 2742 1612 2796 dum
1641 2756 1709 2794 ex
1738 2750 1986 2794 creatura

395 2837 662 2906 colligitur
687 2837 813 2905 quia
834 2843 940 2899 est,
967 2845 1022 2888 ct
1045 2832 1604 2903 incomprehensibilis
1639 2841 1743 2896 est,
1787 2833 1912 2901 quia
1954 2845 1988 2884 a

393 2928 542 2984 nullo
577 2928 848 2982 intellectu
896 2927 1134 2981 humano
1179 2924 1264 2977 vel
1310 2925 1554 2995 angelico
1601 2922 1985 2994 comprehendi

392 3026 570 3088 potest
618 3017 846 3087 quidsit
873 3015 917 3081 ⁵,
947 3030 1044 3069 nec
1084 3029 1113 3068 a
1155 3014 1354 3084 seipso,
1387 3015 1514 3084 quia
1553 3029 1657 3067 non
1705 3020 1789 3066 est
1831 3012 1978 3082 quid,

394 3109 590 3177 quippe
613 3105 1081 3176 supercssentialis
1108 3121 1120 3157 :
1150 3105 1222 3158 ita
1261 3105 1528 3158 humanae
1558 3104 1721 3157 menti
1755 3103 1856 3156 hoc
1895 3115 1980 3154 so-
2009 3085 2054 3145 Ο

395 3201 506 3253 lum
545 3199 702 3254 datur
754 3212 933 3262 nosse,
987 3211 1047 3250 se
1097 3208 1238 3260 esse,
1295 3193 1423 3264 quid
1471 3204 1649 3246 autem
1698 3192 1788 3255 sit,
1818 3190 1984 3244 'nullo

396 3291 556 3345 modo
582 3292 632 3345 ci
661 3289 1006 3354 conceditur;
1028 3296 1082 3341 et
1111 3287 1253 3357 quod
1279 3295 1363 3340 est
1391 3285 1706 3348 mirabilius,
1730 3293 1784 3337 et
1809 3283 1984 3337 consi-

397 3381 713 3436 derantibus
759 3381 967 3450 seipsos
1001 3387 1056 3433 et
1097 3377 1264 3431 Deum
1296 3377 1317 3408 °
1347 3392 1502 3431 suum
1541 3375 1837 3446 pulchrius,
1867 3373 1987 3442 plus

395 3471 648 3524 laudatur
696 3484 846 3523 mens
885 3469 1119 3521 humana
1163 3467 1216 3520 in
1254 3481 1348 3519 sua
1379 3465 1699 3534 ignorantia,
1730 3480 1890 3534 quam
1930 3463 1984 3516 in

309 3545 314 3550 ’
397 3576 496 3616 sua
535 3560 778 3615 scientia.
816 3555 1158 3611 Laudabilius
1201 3569 1430 3622 namque
1456 3555 1509 3607 in
1539 3569 1601 3607 ea
1640 3562 1740 3616 est,
1788 3568 1847 3608 se
1891 3570 1987 3608 ue-

397 3652 540 3706 scire
575 3651 820 3719 quidsit,
867 3663 1026 3718 quam
1068 3647 1208 3701 scire
1258 3646 1382 3714 quia
1425 3653 1525 3710 est,
1575 3646 1717 3699 sicut
1760 3644 1879 3714 plus
1929 3653 1985 3700 ct

397 3741 802 3798 convenientius
842 3739 1075 3811 pertinet
1107 3738 1126 3769 ⁷
1156 3738 1223 3791 ad
1249 3735 1461 3790 divinae
1495 3745 1721 3790 naturae
1771 3736 1984 3791 laudem

399 3837 612 3909 negatio
661 3833 776 3902 ejus
822 3834 844 3866 ⁸
895 3848 1053 3902 quam
1103 3829 1407 3894 allirmatio,
1455 3841 1510 3885 et
1549 3831 1844 3908 sapientius
1902 3839 1987 3885 est

398 3931 647 4000 ignorare
676 3927 818 3980 illam
841 3940 1000 3995 quam
1031 3939 1208 3986 nosse,
1237 3922 1388 3990 cujus
1417 3923 1718 3993 ignorantia
1745 3937 1871 3975 vera
1903 3931 1987 3976 est

397 4019 680 4090 sapientia,
730 4033 867 4086 quae
917 4015 1106 4070 melius
1155 4015 1444 4070 nesciendo
1491 4014 1696 4079 scitur;
1738 4013 1984 4082 Apertis-

389 4112 534 4165 sime
569 4124 696 4180 ergo
725 4109 905 4162 divina
955 4107 1248 4160 similitudo
1300 4107 1355 4160 in
1404 4106 1636 4160 humana
1676 4114 1855 4158 mente
1904 4103 1986 4158 di-

398 4201 694 4268 gnoscitur,
723 4200 846 4253 dum
879 4197 1211 4250 solummodo
1240 4211 1362 4250 esse
1401 4197 1598 4260 scitur;
1642 4195 1771 4265 quid
1801 4204 1984 4248 autem

397 4302 502 4355 est,
536 4291 806 4356 nescitur;
835 4299 904 4352 et,
937 4298 994 4342 ut
1034 4289 1103 4341 ita
1143 4288 1340 4352 dicant,
1375 4296 1598 4358 negatur
1641 4285 1696 4339 in
1747 4299 1809 4339 ea
1855 4285 1982 4353 quid

397 4396 536 4445 esse,
565 4378 862 4433 aﬂirmatur
901 4377 1236 4430 solummodo
1277 4391 1416 4430 esse.
1466 4374 1577 4428 Nec
1629 4375 1730 4428 hoc
1777 4374 1982 4428 ratione

396 4481 576 4524 vacat.
629 4470 684 4524 Si
735 4470 877 4523 enim
927 4478 1344 4538 cognosceretur
1389 4467 1642 4536 quiddam
1686 4481 1824 4530 esse,
1877 4467 1982 4520 cir-

397 4562 724 4630 cumscripta
754 4559 991 4630 profecto
1015 4561 1064 4612 in
1097 4560 1275 4628 aliquo
1301 4569 1480 4623 esset,
1509 4573 1570 4610 ac
1600 4573 1696 4625 per
1719 4557 1819 4610 hoc
1845 4557 1981 4610 ima-

397 4652 578 4723 ginem
609 4651 689 4704 sui
727 4637 996 4704 Creatoris
1035 4665 1137 4703 non
1170 4648 1391 4702 omnino
1436 4649 1489 4702 in
1532 4663 1589 4702 sc
1631 4648 1983 4716 exprimeret,

399 4742 491 4806 qui
537 4739 755 4794 omnino
795 4738 1287 4807 incircumscriptus
1317 4747 1428 4802 est,
1459 4737 1594 4790 etin
1635 4735 1778 4788 nullo
1826 4735 1983 4788 intel-

399 4829 602 4900 ligitur,
634 4828 759 4896 quia
791 4825 1030 4879 inﬁnitus
1051 4836 1134 4880 est
1154 4828 1198 4890 ³,
1227 4842 1389 4894 super
1417 4841 1598 4888 omne,
1627 4827 1766 4894 quod
1791 4824 1988 4878 dicitur

397 4931 454 4976 et
486 4918 818 4988 intelligitur,
844 4918 1330 4986 superessentialis.
1357 4917 1500 4970 Disc.
1530 4915 1808 4982 Quomodo
1830 4915 1990 4986 igitur

398 5013 576 5067 outnis
619 5019 868 5066 creatura
920 5011 970 5064 iu
1025 5011 1212 5063 notitia
1265 5009 1500 5063 hominis
1540 5011 1680 5062 facta
1718 5019 1819 5073 est,
1849 5025 1988 5080 quae

400 5119 500 5158 nec
539 5101 769 5170 seipsam
814 5102 1088 5169 cognoscit
1117 5099 1245 5168 quid
1281 5100 1372 5164 sit,
1420 5109 1476 5152 et
1512 5098 1613 5152 hoc
1658 5114 1754 5167 pro
1795 5089 1988 5168 magna

400 5197 556 5252 laude
573 5195 739 5266 ipsius
760 5195 1042 5264 accipitur,
1066 5208 1197 5263 prae
1223 5193 1385 5246 nimia
1401 5193 1480 5246 sui
1498 5191 1834 5256 excellentia,
1859 5193 1984 5245 dtnn

2095 1833 2272 1898 nibus,
2304 1833 2646 1901 passionibus
2672 1833 3009 1888 solummodo
3037 1835 3358 1906 intelligitur
3387 1854 3526 1901 esse,
3548 1837 3660 1907 quid

2093 1932 2271 1976 autem
2320 1922 2412 1987 sit,
2457 1937 2819 1992 nequaquam.
2859 1931 3035 1992 Atque
3081 1924 3205 1979 hinc
3235 1927 3395 1979 datur
3437 1927 3658 1997 intelligi,

2093 2014 2292 2068 nullius
2337 2023 2620 2068 creaturae
2659 2015 2820 2068 aliam
2850 2015 3258 2070 subsistentiam
3296 2031 3434 2078 esse,
3470 2028 3660 2085 praeter

2092 2107 2238 2161 illam
2269 2108 2552 2173 rationem,
2599 2109 2893 2162 secundum
2943 2125 3105 2178 quam
3146 2110 3200 2163 in
3239 2110 3657 2180 priniordialibus

2091 2196 2270 2251 causis
2298 2197 2351 2250 in
2391 2196 2483 2250 Dei
2519 2195 2694 2251 Verbo
2733 2196 3024 2252 sulstituta
3053 2209 3136 2252 est
3157 2238 3174 2264 ,
3207 2213 3273 2253 ac
3301 2215 3397 2268 per
3425 2199 3529 2254 hoc
3552 2200 3660 2253 deti-

2091 2288 2197 2342 niri
2227 2304 2330 2342 non
2355 2303 2512 2358 posse
2537 2289 2664 2357 quid
2687 2289 2774 2353 sit,
2796 2289 2921 2358 quia
2946 2298 3162 2359 superat
3189 2305 3402 2344 omnem
3433 2292 3657 2346 substan-

2093 2381 2270 2435 tialem
2305 2379 2693 2434 definitionem.
2735 2379 2996 2434 Deliuitur
3032 2391 3212 2436 autem
3259 2397 3356 2452 per
3399 2397 3527 2438 suas
3564 2384 3655 2438 cir-

2089 2476 2462 2540 ennistantias,
2515 2490 2652 2544 quae
2705 2476 2804 2530 sibi
2841 2476 3111 2542 accidunt,
3168 2477 3220 2532 in
3271 2479 3508 2548 speciem
3549 2494 3654 2549 pro-

2089 2567 2260 2635 priam
2317 2565 2361 2597 “
2414 2572 2518 2634 per
2543 2565 2943 2634 generationem
2988 2580 3082 2620 seu
3143 2565 3532 2638 intelligibilem
3575 2584 3654 2622 sea

2087 2655 2391 2710 sensibilcm
2447 2655 2786 2722 proveniens.

2155 2749 2207 2802 8.
2244 2745 2390 2800 Disc.
2427 2745 2726 2800 Humanam
2749 2747 3152 2818 angelicamque
3168 2759 3414 2805 naturam
3435 2761 3656 2806 antean-

2085 2839 2206 2892 dem
2250 2845 2344 2890 aut
2388 2836 2688 2891 simillimas
2731 2853 2874 2901 esse,
2931 2849 2982 2893 et
3031 2840 3212 2893 divina
3263 2838 3557 2909 Scriptura,
3602 2851 3651 2896 et

2086 2927 2198 2996 ipsa
2238 2927 2377 2980 ratio
2411 2925 2675 2996 perbibet.
2716 2924 2847 2978 Nam
2876 2937 2930 2981 et
2956 2927 3116 2980 honw
3142 2935 3194 2981 et
3221 2928 3444 2999 angelus
3469 2929 3668 2983 intelle~

2085 3014 2278 3070 ctualis
2315 3025 2368 3068 et
2413 3013 2690 3068 rationalis
2720 3025 2971 3069 creatura
3017 3016 3234 3080 dicitur,
3274 3026 3331 3070 et
3372 3027 3476 3072 est.
3516 3019 3576 3072 Et
3617 3018 3655 3070 si

2085 3106 2158 3160 ita
2204 3107 2421 3160 sibimet
2451 3105 2796 3170 conveniunt,
2837 3121 2943 3160 non
2987 3106 3260 3162 in‘nnerito
3286 3110 3655 3178 quaerendum,

2085 3191 2456 3267 quare'omnis
2482 3208 2730 3250 creatura
2763 3197 2815 3250 in
2846 3197 3062 3252 homine
3095 3209 3279 3254 creata
3311 3199 3523 3269 legitur,
3563 3177 3654 3256 uoa

2084 3300 2264 3340 autem
2294 3286 2345 3340 in
2376 3285 2585 3354 angelo.
2610 3284 2748 3340 MAG.
2777 3284 2892 3339 Non
2915 3287 3031 3340 sine
3054 3301 3237 3350 causa,
3268 3298 3329 3341 ut
3347 3290 3553 3357 opinor.
3578 3289 3653 3342 Sl-

2084 3377 2296 3444 quidem
2326 3375 2569 3428 videmus
2622 3377 2676 3428 in
2706 3374 2922 3429 homine
2964 3390 3069 3429 non
3112 3392 3398 3446 perpauca,
3443 3395 3574 3447 quae
3611 3380 3656 3430 in

2087 3465 2272 3536 angelo
2319 3464 2638 3546 subsistere,
2677 3480 2778 3519 nec
2823 3467 3121 3520 auctoritas
3158 3467 3344 3531 tradit,
3390 3483 3486 3522 nec
3534 3471 3654 3521 ratio

2087 3556 2348 3626 intelligit,
2379 3567 2436 3610 ut
2469 3557 2568 3610 hoc
2613 3571 2807 3625 corpus
2849 3557 3100 3622 animale,
3147 3559 3292 3626 quod
3335 3561 3495 3612 etiam
3542 3571 3654 3611 ante

2084 3653 2363 3714 peccatum
2393 3644 2661 3697 humanae
2690 3645 2902 3697 animae
2925 3645 3236 3714 adjunctum
3284 3644 3448 3699 fuisse
3488 3648 3652 3700 divina

2087 3734 2366 3804 Scriptura
2423 3742 2672 3798 testatur,
2721 3748 3016 3802 corporeus
3060 3747 3276 3804 quoque
3316 3735 3655 3804 quinqucper-

2087 3829 2216 3882 titus
2247 3841 2436 3881 sensus
2467 3826 2706 3880 exterior
2725 3868 2739 3890 ,
2768 3842 3058 3896 rerumque
3087 3829 3416 3884 sensibilium
3444 3831 3656 3899 phanta-

2085 3919 2216 3980 siae,
2257 3932 2395 3986 quae
2445 3931 2540 3984 per
2588 3931 2711 3969 eum
2761 3915 3028 3972 humanae
3073 3919 3286 3972 animae
3339 3920 3653 3990 ingeruntur,

2087 4007 2518 4060 ratiocinationis
2558 4019 2772 4073 quoque
2795 4004 2849 4058 in
2882 4005 3217 4075 inquirendis
3253 4023 3431 4060 rerum
3462 4010 3656 4060 naturis

2083 4097 2358 4168 perplexio
2387 4110 2711 4164 morosaque
2737 4094 3040 4159 dillicultas,
3069 4097 3119 4150 in
3142 4097 3508 4151 discernentl's
3535 4099 3654 4151 item

2084 4189 2374 4244 virtutibus
2409 4195 2464 4241 et
2496 4188 2635 4241 vitiis
2669 4187 2942 4240 laboriosa
2977 4187 3216 4252 solertia,
3245 4191 3575 4258 plumamque
3603 4190 3653 4242 id

2086 4294 2272 4349 genus.
2299 4276 2390 4330 llis
2421 4277 2564 4330 enim
2599 4276 2849 4330 omnibus
2871 4276 3168 4346 angelicam
3189 4281 3473 4332 essentiam
3503 4280 3543 4310 ιι
3565 4295 3649 4331 ra-

2087 4384 2206 4424 rere
2231 4369 2590 4439 perspicuum,
2616 4377 2670 4420 et
2691 4376 2869 4421 tamen
2887 4376 3113 4422 naturae
3129 4383 3305 4422 rerum
3325 4369 3495 4422 inesse
3510 4384 3653 4422 nemo

2087 4469 2234 4514 recte
2264 4458 2586 4526 sapientium
2624 4457 2926 4524 abnegavit.
2953 4455 3208 4522 Quamvis
3231 4459 3472 4511 videatur
3490 4459 3656 4528 Augu-

2083 4550 2258 4605 stinus
2285 4547 2486 4599 sentire
2513 4546 2732 4614 angelos
2771 4544 2814 4576 ³³
2847 4544 3099 4600 docuisse
3128 4547 3179 4599 in
3203 4559 3395 4600 oetavo
3423 4548 3463 4576 ι’
3490 4548 3552 4601 de
3573 4547 3659 4601 Ci-

2086 4642 2253 4694 vitate
2270 4638 2386 4700 Dei,
2416 4637 2646 4706 septimo
2679 4637 2722 4668 ⁸⁸
2747 4637 3006 4706 capitulo,
3037 4637 3124 4690 tibi
3159 4655 3472 4708 magnorum
3497 4638 3660 4710 philu-

2088 4736 2378 4806 sophorum
2411 4732 2878 4800 contemplationis
2926 4731 3182 4784 virtutem
3234 4733 3436 4798 laudat,
3464 4735 3548 4803 qui
3584 4733 3658 4784 ri-

2089 4832 2275 4884 det'uut
2309 4842 2511 4880 omnem
2541 4826 2758 4888 speciem
2789 4823 2842 4876 in
2872 4839 2926 4875 re
2947 4840 3256 4894 quacunque
3279 4826 3531 4886 mutabili,
3559 4841 3657 4892 qua

2086 4933 2185 4982 est,
2215 4917 2462 4989 quicquid
2488 4914 2620 4966 illud
2647 4923 2720 4966 est
2756 4913 2820 4974 “,
2846 4914 3208 4983 quoquomodo
3230 4925 3278 4966 et
3301 4916 3658 4984 qualiscunque

2087 5020 2276 5063 natura
2313 5016 2420 5070 est,
2461 5021 2561 5056 mm
2594 5020 2702 5056 esse
2738 5019 2910 5072 posse,
2953 5002 3054 5054 uisi
3101 5003 3166 5055 ab
3206 5003 3298 5056 illo
3325 5007 3411 5073 qui
3442 5021 3545 5057 rere
3564 5020 3612 5055 es

2084 5104 2208 5172 quia
2239 5096 2735 5152 iucumnmtubililer
2765 5095 2803 5124 "
2835 5105 2928 5148 est.
2958 5097 3029 5147 Ac
3051 5112 3144 5166 per
3187 5096 3283 5150 hoc
3315 5100 3418 5150 sire
3449 5098 3634 5150 uuircrr

2085 5191 2267 5244 muudi
2293 5204 2499 5256 corpus,
2533 5187 2756 5254 ﬁguras,
2790 5183 3067 5254 qualitates
3089 5225 3104 5249 ,
3139 5186 3530 5254 ordinatumque
3555 5201 3640 5235 mo

1651 5303 1907 5360 V'ARIAE
1943 5301 2345 5364 LECTIONES.

477 5433 492 5464 ⁸
530 5424 614 5481 CF
652 5425 836 5493 cffugit
863 5424 1127 5478 Conditum
1162 5419 1495 5493 intellectum.
1525 5418 1707 5493 _:Si_c
1735 5420 1852 5488 CF;
1885 5437 1983 5493 pro
2024 5421 2208 5493 accipit
2263 5433 2353 5493 per
2385 5431 2541 5493 quam
2589 5410 2633 5464 Α
2664 5410 2981 5493 ﬁlique“:
3023 5410 3113 5493 Si‘c
3141 5411 3279 5493 Cl";.
3301 5413 3339 5465 Λ
3379 5423 3652 5493 ςνιταίοφξιη.

400 5500 420 5528 ⁸
463 5500 552 5551 Sic
583 5495 700 5561 Cl“;
733 5487 857 5548 Kiu
881 5493 1087 5546 nomine
1115 5509 1242 5545 esse.
1309 5489 1361 5561 Α⁸
1401 5489 1491 5561 Sic
1515 5487 1629 5561 CF;
1661 5491 1704 5542 A
1735 5504 1828 5544 est.

400 5584 506 5620 oni.
544 5570 607 5620 Λ.
685 5559 705 5598 ⁵
741 5564 831 5618 Sic
865 5563 980 5625 (.l";
1026 5571 1100 5616 est
1144 5576 1252 5616 om.
1293 5559 1357 5612 A.
1449 5560 1489 5590 ¹⁰
1528 5559 1570 5612 Α
1617 5561 2112 5628 superessentiolem.

399 5640 641 5689 (’hselilia.
717 5636 760 5666 "
792 5635 883 5688 Sic
908 5633 1021 5698 (1F;
1054 5631 1099 5684 Α
1126 5630 1406 5700 angelicas.
1507 5630 1548 5661 "‘
1579 5630 1669 5682 Sic
1697 5629 1814 5692 Cl“;
1848 5632 1888 5682 Α
1917 5631 1966 5683 ἱιι
1995 5631 2126 5683 libro
2157 5637 2366 5700 octavo.

401 5721 599 5757 annum
629 5705 861 5772 speciem.
875 5741 888 5756 .
899 5743 910 5756 .

1905 5493 1925 5523 ⁶
1965 5492 2055 5546 Sic
2094 5484 2207 5550 Cl“;
2249 5484 2293 5541 Ᾱ
2320 5484 2626 5538 dominium.

960 5702 1089 5755 illud
1122 5711 1193 5755 est
1225 5700 1309 5756 CF
1331 5701 1421 5769 qui
1447 5717 1559 5755 usae
1581 5712 1680 5754 'mu
1712 5701 2088 5770 quoquoniodo
2117 5708 2220 5752 cet.

2290 5479 2626 5580 .tloutiut'um.
2666 5479 2721 5512 θ’
2765 5480 2855 5533 Sic
2895 5479 3010 5544 (1F;
3063 5483 3103 5532 A
3147 5483 3414 5580 poniqeut.
3487 5481 3506 5512 ⁸
3551 5479 3654 5544 ejus

2290 5558 2358 5580 ξε-.
2395 5556 2432 5580 ιι
2467 5553 2511 5580 ‘.
2585 5555 2610 5580 Α
2665 5550 2718 5580 ἓ..
2763 5551 2924 5580 ...ιιι-ϐα
2961 5552 3168 5580 ...ρηκνὶη
3358 5556 3381 5580 Α
3443 5549 3653 5580 "mmihi.

2193 5559 2233 5589 ¹¹
2271 5558 2359 5609 Sic
2395 5553 2514 5616 CI“;
2578 5555 2617 5604 A
2665 5552 2718 5602 t'u
2759 5552 2924 5612 specie
2959 5552 3190 5616 propria.
3271 5552 3311 5581 "
3351 5556 3386 5602 Α
3440 5552 3654 5616 angelica

2193 5637 2366 5681 ctavo.
2446 5623 2492 5652 ”
2525 5620 2614 5675 Sic
2651 5619 2770 5683 Cl";
2804 5621 3037 5690 Aserlo.
3114 5618 3156 5650 “
3183 5617 3288 5674 Pro
3310 5622 3398 5690 qui
3441 5619 3656 5673 viderunt

2297 5695 2337 5726 ¹⁷
2361 5694 2405 5746 Α
2433 5693 2724 5745 incommuu
2749 5688 3001 5742 rubi/iter.
