3898 6154
282 321 384 374 773

1119 273 1237 374 ,ΠΕ
1277 319 1616 376 ΒιΥἱΞΧΟΝΕ
1655 318 2006 376 ΝΛἸῚΒΑΕ,
2045 343 2108 349 --
2158 320 2352 374 LlBEll
2393 321 2741 388 QUARTUS.

3428 331 3530 384 77b

273 446 401 494 tum,
423 441 467 484 et
495 430 747 487 elementa
774 433 1028 502 disposita
1053 452 1083 488 a
1109 435 1252 489 caelo
1283 453 1443 506 usque
1465 438 1533 490 ad
1556 448 1768 498 terram,
1791 433 1849 488 ρι’
1869 443 1915 497 Α
1947 434 2018 488 tia
2059 451 2260 500 rerum,
2296 450 2433 505 quae
2461 436 2600 489 intra
2632 451 2690 491 se
2719 437 3082 517 continentur,
3107 439 3161 494 in
3188 447 3392 494 tantum
3423 459 3532 496 me-

267 537 596 591 quaecunque
620 538 840 592 corpora
874 523 928 576 in
955 526 1030 577 eis
1069 534 1210 588 sunt,
1245 527 1352 578 sive
1388 542 1590 579 omnem
1623 527 1636 557 ¹
1663 527 1840 586 vitam,

264 613 342 668 rel
380 629 510 682 quae
546 615 709 666 nutrit
739 623 786 666 et
815 614 1061 678 continet,
1111 615 1286 686 qualis
1333 625 1408 668 est
1449 617 1500 668 in
1547 615 1843 678 arboribus,

265 701 341 756 vel
361 718 495 772 quae
521 711 567 755 et
589 703 718 756 haec
743 703 894 756 habet
914 713 962 756 et
985 705 1161 769 sentit,
1183 705 1355 775 qualis
1377 715 1450 758 est
1475 704 1527 758 in
1549 704 1843 774 pecoribus,

263 792 339 845 vel
374 808 508 860 quae
544 801 592 845 et
637 791 763 845 haec
793 792 946 846 habet
978 802 1026 846 et
1057 793 1326 862 intelligit,
1375 792 1546 860 qualis
1570 803 1642 846 est
1671 793 1723 846 in
1755 794 1846 846 lto-

261 879 506 944 minibus,
539 877 614 932 uel
642 896 776 949 quae
806 881 1083 934 nutritorio
1116 881 1347 934 subsidio
1379 897 1484 934 non
1514 882 1727 950 indiget,
1755 881 1846 933 sed

261 979 464 1021 tantum
504 969 758 1034 continet,
800 971 974 1035 sentit,
1010 971 1282 1040 intelligit,
1313 971 1484 1040 qualis
1509 973 1664 1026 estin
1698 988 1849 1041 ange-

259 1056 346 1121 lis,
389 1056 492 1108 nisi
532 1056 596 1109 ab
637 1055 729 1110 illo
765 1074 876 1110 esse
917 1075 1021 1112 non
1061 1076 1232 1130 posse,
1275 1063 1364 1130 qui
1411 1061 1716 1128 simpliciter
1748 1071 1843 1114 est.

261 1145 336 1200 De
359 1159 520 1200 sensu
549 1153 728 1200 tamen
753 1147 998 1200 interiori
1021 1147 1224 1203 dixisse
1247 1149 1590 1204 crediderim.
1615 1151 1848 1206 Proinde

259 1235 550 1290 caelestem
593 1237 887 1290 essentiam
936 1237 1290 1306 plurimarum
1336 1251 1564 1294 naturae
1613 1241 1846 1309 partium

261 1325 690 1394 motionumque,
719 1340 858 1396 quae
880 1327 1202 1380 naturaliter
1231 1328 1498 1382 humanae
1533 1329 1714 1383 insunt
1746 1344 1846 1381 na-

262 1423 434 1478 turae,
463 1422 739 1484 expertem
760 1416 882 1482 quis
908 1417 1382 1484 ignorat?_Eornm
1406 1418 1568 1471 etiam
1601 1417 1846 1470 notitiam

261 1517 399 1574 quae
425 1503 502 1570 ei,
547 1503 765 1558 caelesti
793 1504 913 1560 dico
941 1505 1278 1560 substantiae
1310 1507 1366 1568 ¹,
1409 1515 1504 1559 aut
1553 1507 1847 1560 secundum

261 1595 618 1648 substantiam
647 1609 752 1648 non
777 1595 992 1659 insunt,
1023 1606 1117 1650 aut
1140 1597 1433 1651 secundum
1458 1599 1708 1650 accidens
1741 1611 1847 1650 non

259 1683 600 1754 contingunt,
622 1699 731 1738 non
762 1684 965 1740 habere
991 1701 1117 1739 vera
1150 1694 1377 1740 testatur
1403 1687 1558 1738 ratio.
1589 1685 1848 1752 Quamvis

260 1773 403 1828 enim
428 1771 606 1843 angeli
635 1773 891 1827 mundum
945 1773 1106 1828 istum
1139 1787 1464 1842 omnemque
1485 1774 1505 1803 ³
1528 1787 1845 1842 corpoream

261 1874 574 1918 creaturam
614 1863 995 1918 administrare
1042 1864 1457 1932 perhibeantur,
1501 1863 1648 1916 nullo
1695 1864 1853 1917 modo

261 1964 443 2009 tamen
490 1956 712 2026 putandi
757 1965 882 2010 sunt
912 1956 979 2008 ad
1023 1957 1126 2010 hoc
1167 1956 1532 2026 peragendum
1575 1956 1852 2024 corporeis

261 2045 535 2110 sensibus,
559 2061 654 2100 seu
678 2046 910 2100 motibus
939 2046 1196 2102 localibus
1219 2047 1300 2102 vel
1333 2046 1736 2116 temporalibus,
1761 2056 1850 2101 aut

261 2134 571 2189 visibilibus
597 2136 1022 2206 apparitionibus
1051 2135 1313 2204 indigere.
1358 2137 1501 2192 Haec
1526 2145 1708 2192 autem
1737 2153 1852 2192 om—

260 2223 372 2288 nia,
414 2239 561 2292 quae
596 2225 754 2279 nobis
785 2225 1040 2278 accidunt
1080 2240 1178 2294 pro
1208 2235 1428 2279 nostrae
1458 2236 1682 2280 naturae
1709 2226 1850 2281 indi-

260 2315 478 2383 gentia,
529 2314 768 2369 locorum
818 2323 1226 2385 temporumque
1281 2316 1638 2372 varietatibus
1678 2319 1854 2373 adhuc

261 2401 562 2470 subjectae,
615 2421 718 2458 non
763 2404 974 2458 illorum
1014 2405 1298 2475 potestatis
1337 2407 1551 2462 defectu
1586 2409 1666 2463 eis
1711 2410 1854 2463 acci-

263 2493 391 2548 dere
436 2504 590 2549 recte
631 2493 941 2562 judicantur
970 2496 1012 2548 ⁸.
1051 2496 1185 2550 Dum
1227 2497 1372 2551 enim
1421 2499 1719 2568 spiritualia
1755 2515 1853 2554 sua

262 2601 494 2654 corpora
523 2593 577 2638 et
599 2585 894 2640 invisibilia
911 2586 964 2638 in
988 2585 1189 2641 formas
1211 2587 1446 2642 visibiles
1470 2596 1852 2667 transmutant,

264 2679 421 2733 itaut
450 2670 762 2732 mortalium
787 2679 1036 2733 sensibus
1059 2679 1372 2746 visibiliter,
1406 2681 1680 2748 localiter,
1715 2690 1852 2737 tem-

265 2769 528 2840 poraliter
563 2769 772 2838 possint
792 2785 1074 2838 apparere,
1115 2785 1221 2824 non
1263 2770 1364 2825 hoc
1393 2771 1472 2824 eis
1511 2772 1704 2825 accidit
1730 2786 1856 2841 pro-

263 2871 384 2930 pter
405 2862 761 2928 semetipsos,
795 2861 890 2914 sed
918 2869 1140 2930 prapter
1177 2861 1442 2926 homines,
1474 2863 1668 2930 quibus
1708 2878 1856 2932 prae-

263 2959 420 3014 sunt,
447 2958 507 3004 et
537 2950 714 3004 divina
739 2951 990 3020 mysteria
1013 2950 1307 3004 declarant.
1331 2949 1466 3004 Nam
1489 2950 1730 3005 localiter
1750 2966 1854 3005 non

267 3043 451 3096 vident
478 3056 581 3110 per
618 3057 862 3106 sensum,
907 3055 1083 3112 neque
1129 3041 1500 3112 temporaliter
1538 3041 1618 3097 eis
1661 3041 1856 3096 accidit

241 3147 446 3194 ,uosse,
492 3132 624 3202 quid
669 3131 723 3186 in
766 3147 946 3186 rerum
995 3132 1460 3186 administratione
1503 3132 1678 3187 acturi
1703 3141 1848 3197 sunt,
1880 3127 1924 3188 C
1955 3149 2051 3205 Cui
2081 3163 2259 3206 autem
2305 3153 2438 3209 haec
2466 3127 2809 3211 γείιηιηίιηη
2839 3127 3084 3214 ab'smm
3111 3161 3153 3194 ιι

269 3225 469 3292 quippe
501 3223 632 3276 dum
667 3230 794 3277 sunt
819 3223 841 3254 ⁸
871 3223 1220 3276 aeternaliter
1243 3237 1408 3293 super
1439 3234 1613 3278 omne'
1646 3233 1856 3292 tempus

267 3320 318 3366 et
345 3313 530 3364 locum
568 3311 622 3364 in
648 3311 1108 3380 contemplatione
1151 3313 1418 3378 veritatis,
1451 3313 1633 3381 inqua
1673 3313 1858 3366 vident

266 3401 430 3456 Slmtll
461 3401 952 3457 administrationis
977 3418 1110 3457 suae
1129 3417 1338 3458 causas.
1373 3405 1436 3457 Et
1465 3419 1535 3458 ne
1559 3418 1646 3456 me
1672 3404 1858 3458 existi-

265 3509 380 3550 mes
426 3494 500 3548 de
546 3495 797 3548 omnibus
824 3494 1145 3550 caelestibus
1181 3495 1434 3550 cssentiis
1464 3495 1589 3549 talia
1619 3510 1856 3564 pronun—

266 3587 425 3651 tiare,
477 3586 576 3640 sed
617 3586 684 3640 de
727 3586 1242 3642 excellentioribus“
1287 3588 1622 3642 solummodo
1653 3588 1856 3641 ordini-

263 3676 387 3743 bus,
424 3679 526 3750 qui
558 3693 770 3749 semper
810 3680 955 3734 circa
1005 3679 1170 3734 Deum
1201 3688 1346 3743 sunt,
1380 3689 1436 3734 et
1479 3679 1671 3748 quilms
1709 3679 1854 3734 nulla

266 3770 582 3839 ignorantia
631 3771 770 3824 inest
813 3779 1027 3839 praeter
1068 3771 1212 3824 illam
1258 3771 1558 3824 divinarum
1608 3772 1858 3824 tenebra-

268 3878 409 3928 rum,
449 3877 593 3930 quae
621 3872 840 3931 superat
882 3877 1098 3916 omnem
1137 3863 1486 3918 intellectum.
1515 3863 1661 3918 Ordo
1691 3864 1856 3933 siqui-

267 3955 388 4007 dem
438 3962 750 4020 extremus,
799 3953 888 4024 qui
936 3955 1153 4024 proprie
1199 3955 1394 4009 dicitur
1431 3955 1726 4024 angelicus,
1761 3971 1894 4024 per-

268 4060 432 4113 quem
464 4045 775 4113 superiores
801 4045 1021 4100 ordines
1059 4045 1464 4110 administrant,
1505 4045 1760 4116 quicquid
1801 4047 1856 4099 in

263 4136 532 4190 humanis
558 4136 830 4191 mentibus
855 4137 875 4166 ⁷
903 4151 1000 4206 per
1018 4137 1230 4192 divinas
1260 4137 1639 4202 revelationes,
1671 4137 1752 4191 vel
1800 4137 1854 4190 in

265 4230 470 4284 ceteris
490 4229 675 4283 mundi
701 4227 860 4298 hujus
883 4229 1124 4300 partibus
1147 4229 1327 4284 divina
1347 4227 1682 4298 providentia
1705 4227 1858 4297 jubet

262 4321 478 4390 peragi,
511 4319 749 4374 nondum
771 4321 917 4374 omni
942 4320 1244 4388 ignorantia
1274 4318 1550 4374 absolutus
1580 4329 1683 4383 est,
1713 4320 1859 4374 ideo-

265 4429 373 4482 que
403 4415 452 4480 ⁸,
497 4423 554 4466 ut
589 4422 809 4468 sanctus
845 4414 1130 4483 Dionysius
1163 4415 1486 4483 Areopagita
1525 4413 1580 4468 in
1615 4413 1751 4468 libro
1793 4415 1858 4468 de

265 4504 498 4560 caelesti
527 4503 808 4559 Jerarchia
849 4506 1199 4560 subtilissime
1223 4513 1541 4576 pertractat,
1571 4523 1602 4559 a
1624 4506 1856 4576 superio-

263 4595 416 4648 ribus
463 4595 736 4648 ordinibus
761 4597 995 4660 docetur,
1023 4606 1071 4649 et
1103 4595 1157 4649 in
1188 4597 1434 4653 altiornm
1466 4614 1521 4650 se
1555 4597 1851 4652 divinorum

260 4685 641 4753 ntysteriornm
667 4685 904 4738 notitiam
932 4685 1303 4740 introducitur.
1326 4687 1558 4744 Proinde
1582 4705 1688 4743 non
1717 4690 1854 4744 irra-

262 4779 606 4832 tionabiliter
630 4777 883 4846 jubemur
918 4779 1143 4834 credere
1189 4790 1244 4834 et
1283 4781 1598 4854 intelligere,
1637 4799 1854 4837 onmem

263 4867 540 4922 \isibilem
577 4877 633 4923 et
675 4868 995 4924 invisibilem
1039 4878 1342 4924 creaturam
1382 4872 1435 4926 in
1479 4873 1593 4928 solo
1637 4875 1854 4928 homine

261 4975 387 5014 esse
421 4960 713 5025 conditam,
741 4975 862 5014 cum
886 4962 1032 5016 nulla
1065 4963 1368 5018 substantia
1392 4965 1460 5018 sit
1487 4975 1687 5031 creata,
1714 4982 1853 5035 quae

263 5048 317 5101 in
351 5063 424 5102 co
454 5064 560 5102 non
594 5049 929 5123 intelligatur
960 5066 1114 5114 esse,
1147 5052 1289 5105 nulla
1318 5054 1547 5122 species,
1576 5071 1670 5110 seu
1696 5055 1851 5110 ditl‘e-

261 5137 470 5201 rentia,
496 5153 590 5192 seu
613 5141 912 5209 proprium,
935 5157 1028 5196 seu
1051 5141 1303 5196 accidens
1320 5144 1565 5199 naturale
1586 5146 1638 5198 in
1662 5158 1853 5200 natura

263 5244 457 5283 rerum
485 5231 809 5300 reperiatur,
846 5247 986 5302 quae
1011 5234 1095 5288 vel
1135 5233 1184 5288 ei
1227 5235 1546 5290 naturaliter
1571 5253 1675 5291 non
1700 5239 1850 5302 insit,

263 5322 352 5378 vel
376 5321 532 5390 cujus
557 5325 747 5380 notitia
782 5326 834 5380 in
859 5339 925 5381 eo
949 5336 1070 5382 eSSe
1095 5341 1202 5382 non
1233 5327 1432 5396 possit;
1463 5327 1686 5400 ipsaque
1716 5332 1856 5384 noti-

1951 523 2052 577 lior
2078 535 2161 580 est
2201 525 2284 580 his
2307 567 2321 588 ,
2362 542 2590 594 quorum
2623 529 2814 584 notitia
2840 539 2938 593 est,
2968 532 3022 585 in
3054 543 3314 602 quantum
3345 535 3534 589 melior

1949 623 2032 666 est
2062 623 2276 679 natura,
2304 616 2356 668 in
2387 631 2492 684 qua
2517 620 2808 673 constituta
2829 630 2930 674 est.
2955 618 3144 677 Omnis
3165 632 3344 677 autem
3368 625 3534 677 ratio-

1951 705 2143 759 nabilis
2173 717 2364 762 natura
2391 711 2537 764 omni
2567 711 2921 768 irrationabili
2950 723 3006 768 et
3029 716 3274 770 sensibili
3305 728 3531 772 naturae.

1954 802 2098 847 recta
2131 795 2338 850 ratione
2366 801 2738 867 praeponitur,
2762 803 3018 872 quoniam
3049 805 3160 859 Deo
3185 807 3535 876 propinquior

1951 894 2055 940 est.
2087 885 2424 956 Quapropter
2461 898 2516 944 et
2547 905 2653 960 res,
2685 907 2913 960 quarum
2943 893 2964 925 ⁹
2997 895 3222 950 notitiae
3268 897 3533 953 humanae

1952 985 2176 1031 naturae
2207 978 2411 1042 insunt,
2447 979 2500 1033 in
2531 981 2643 1035 suis
2666 983 2976 1039 notionibus
2996 986 3290 1042 subsistere
3317 1004 3422 1042 non
3452 991 3536 1044 in-

1931 1065 2188 1137 congrue
2219 1068 2605 1140 intelliguntur.
2641 1071 2744 1128 Ubi
2779 1076 2921 1130 enim
2951 1077 3139 1132 melius
3165 1079 3530 1148 cognitionem

1953 1172 2105 1212 Suam
2130 1160 2428 1226 patiuntur,
2460 1162 2532 1216 ibi
2568 1165 2750 1219 verius
2777 1167 3010 1223 existere
3030 1169 3356 1238 judicandae
3387 1181 3532 1226 sunt.

1953 1248 2122 1303 Porro
2171 1250 2214 1304 si
2262 1267 2348 1307 res
2392 1253 2539 1322 ipsae
2570 1256 2622 1309 in
2654 1258 2965 1314 nationibus
3013 1261 3125 1316 suis
3152 1262 3331 1316 verius
3370 1278 3532 1330 quam

1955 1339 2006 1392 in
2038 1341 2229 1408 seipsis
2254 1342 2578 1410 subsistunt,
2613 1348 2836 1403 notitiae
2871 1359 3052 1404 autem
3095 1367 3283 1406 earum
3325 1353 3532 1408 homini

1955 1429 2278 1484 naturaliter
2325 1432 2533 1501 insunt,
2579 1437 2631 1490 in
2679 1439 2897 1493 homine
2947 1441 3112 1511 igitur
3159 1443 3538 1499 universaliter

1955 1529 2170 1574 creatae
2198 1533 2344 1576 sunt.
2369 1524 2520 1591 Quod
2550 1528 2755 1584 reditus
2788 1532 3028 1585 omnium
3060 1534 3112 1586 in
3135 1533 3405 1588 hominem
3437 1551 3536 1589 suo

1958 1617 2199 1679 tempore
2233 1612 2601 1672 indubitanter
2629 1620 2896 1688 probabit.
2927 1621 3042 1689 Qua
3065 1623 3207 1677 enim
3241 1625 3450 1680 ratione
3481 1625 3531 1680 iu

1956 1713 2078 1752 eum
2110 1715 2390 1757 reversuro
2418 1715 2562 1772 sunt,
2593 1708 2635 1763 si
2668 1709 2720 1762 in
2747 1723 2813 1765 eo
2833 1713 3238 1767 conuaturalem
3263 1715 3534 1783 quandam

1879 1784 1924 1843 B
1951 1791 2324 1858 cognationem
2357 1796 2400 1827 ¹⁰
2429 1815 2533 1853 non
2564 1801 2920 1870 possiderent,
2961 1815 3014 1859 et
3053 1806 3122 1860 ab
3165 1823 3230 1862 eo
3270 1808 3533 1877 quodam-

1957 1881 2117 1935 modo
2145 1900 2247 1937 non
2279 1891 2670 1954 procederent?
2715 1892 2790 1948 De
2835 1911 2940 1964 quo
2981 1897 3154 1950 reditu
3187 1913 3284 1952 suo
3313 1898 3430 1953 loco
3453 1903 3538 1954 di-

1955 1970 2186 2026 cendum
2218 1977 2585 2042 promisimus.
2615 1981 2762 2036 DISC.
2793 1983 2958 2048 llaec,
2983 1988 3232 2054 quamvis
3256 1988 3409 2044 valde
3431 1991 3535 2044 dif-

1957 2057 2116 2114 ﬁcilia
2133 2062 2438 2132 videantur,
2461 2071 2713 2137 quoniam
2739 2071 2998 2144 simplicis
3019 2077 3296 2132 doctrinae
3317 2080 3534 2135 modum

1955 2152 2254 2218 ex‘cedunt,
2309 2159 2663 2225 speculatrice
2716 2171 2892 2216 tamen
2920 2165 3255 2222 considerata
3306 2171 3534 2233 ratione,

1955 2242 2297 2310 amplitudini
2328 2247 2599 2305 humanae
2640 2253 2966 2309 conditionis
3012 2255 3387 2326 intelligendae
3434 2260 3532 2313 ad-

1955 2333 2172 2386 modum
2219 2339 2584 2405 conveniunt,
2637 2343 3031 2413 utilissimeque
3091 2347 3418 2414 proﬁciunt,
3475 2356 3536 2402 ut

1955 2438 2060 2477 non
2085 2423 2358 2481 immerito
2384 2429 2648 2496 dicamus,
2675 2449 2778 2486 non
2808 2434 3078 2490 hominem
3111 2437 3162 2490 in
3184 2453 3384 2506 genere
3412 2439 3534 2492 ani—

1956 2513 2196 2580 malium,
2228 2517 2319 2572 sed
2343 2519 2513 2589 magis
2536 2536 2696 2575 omne
2717 2537 2882 2590 genus
2907 2525 3219 2580 animalium
3245 2528 3295 2580 in
3317 2529 3537 2582 homine

1955 2601 2021 2658 de
2053 2614 2222 2669 terra,
2251 2607 2355 2662 hoc
2388 2618 2491 2674 est,
2525 2611 2792 2668 soliditate
2837 2625 3062 2670 naturae
3111 2613 3452 2686 productum,
3481 2630 3536 2672 et

1956 2706 2062 2746 non
2093 2694 2266 2749 solum
2291 2712 2451 2752 omne
2478 2715 2647 2769 genus
2674 2702 3006 2768 animalium,
3031 2721 3216 2760 verum
3239 2707 3396 2761 etiam
3425 2708 3538 2760 uni-

1958 2786 2264 2841 versitatem
2289 2790 2557 2845 conditam
2587 2791 2639 2844 in
2665 2793 2880 2848 homine
2902 2792 3119 2858 factam,
3146 2797 3218 2850 ita
3249 2805 3307 2850 ut
3333 2801 3538 2854 veraci-

1961 2885 2040 2930 ter
2068 2877 2135 2932 de
2155 2879 2374 2933 homine
2402 2881 2732 2950 intelligatur
2753 2885 2896 2954 quod
2932 2886 3144 2942 Veritas
3169 2888 3336 2942 dixit:
3375 2888 3538 2944 Prae-

1957 2967 2127 3021 dicate
2167 2967 2507 3040 Evangelinm
2546 2975 2688 3027 omni
2713 2985 3016 3042 creaturae;
3045 2977 3174 3031 item
3199 2979 3484 3048 Apostolus
3517 2995 3533 3033 :

1960 3057 2144 3114 Omnis
2169 3071 2411 3115 creatura
2447 3066 2775 3134 congemiscit
2816 3077 2864 3120 et
2896 3069 3119 3138 parturit
3152 3086 3312 3139 usque
3339 3070 3535 3125 adhuc.

3179 3201 3194 3226 ,
3222 3161 3302 3215 vel
3327 3163 3538 3231 penitus

1955 3242 2288 3299 incredibilia
2319 3245 2586 3312 videntur,
2611 3249 2654 3302 si
2682 3251 2920 3303 omnium
2946 3251 3270 3306 naturalium
3297 3253 3539 3322 discipli-

1955 3349 2166 3398 narum,
2212 3350 2346 3404 quas
2375 3335 2626 3393 liberales
2656 3340 2942 3408 appellant,
2976 3343 3255 3412 imperitus
3284 3351 3402 3408 est,
3446 3354 3543 3397 aut

1955 3421 2131 3488 sileat,
2163 3433 2256 3478 aut
2285 3425 2474 3490 discat,
2505 3442 2574 3481 ne
2602 3429 2644 3460 ¹²
2676 3429 2925 3485 incautus
2967 3441 3229 3502 repugnet
3263 3433 3367 3502 his,
3399 3447 3539 3502 quae

1956 3515 2256 3586 intelligere
2307 3533 2414 3573 non
2468 3521 2642 3584 valet;
2699 3521 2743 3575 si
2799 3522 3031 3588 doctus,
3084 3524 3241 3594 plane
3303 3525 3538 3592 videbit,

1955 3617 2015 3663 ut
2067 3610 2134 3665 de
2183 3627 2290 3664 una
2335 3626 2522 3666 earum
2561 3615 2864 3685 exemplum
2915 3614 3281 3685 proferamus,
3340 3615 3542 3688 ﬁguras

1955 3703 2309 3772 geometricas
2335 3719 2439 3759 non
2465 3704 2518 3758 in
2543 3706 2734 3774 seipsis
2755 3707 3075 3761 naturaliter
3097 3708 3412 3773 subsistere,
3443 3709 3540 3762 sed

1956 3795 2010 3848 in
2044 3793 2339 3848 rationibus
2369 3795 2541 3863 ipsius
2587 3796 2930 3866 disciplinae,
2960 3799 3114 3869 cujus
3150 3799 3352 3869 ﬁgurae
3392 3810 3540 3855 sunt.

1957 3881 2222 3951 Trigonus
2259 3883 2524 3953 siquidem
2551 3925 2566 3950 ,
2619 3886 2711 3954 qui
2757 3901 3016 3955 corporeo
3057 3903 3218 3943 sensu
3266 3889 3318 3942 in
3365 3888 3544 3958 aliqua

1957 3972 2184 4027 materia
2211 3974 2560 4043 conspicitur,
2587 3973 2828 4044 profecto
2857 3975 3022 4040 illius,
3047 3976 3139 4045 qui
3167 3977 3348 4030 animo
3380 3978 3538 4041 inest,

1957 4063 2218 4132 quaedam
2245 4062 2535 4118 "sensibilis
2571 4065 2883 4134 imaginatio
2913 4076 3015 4131 est,
3055 4067 3332 4136 ipsumque
3379 4067 3543 4137 trigo-

1958 4165 2108 4216 num,
2141 4153 2232 4221 qui
2263 4152 2314 4205 in
2342 4153 2523 4208 animo
2558 4154 2932 4224 disciplinabili
2965 4156 3228 4222 subsistit,
3259 4156 3539 4225 intelliget,

1960 4249 2214 4310 rectoque
2247 4241 2489 4311 judicio,
2538 4243 2666 4313 quid
2715 4247 3074 4313 praestantius
3109 4247 3217 4310 sit,
3274 4247 3544 4316 pondera-

1958 4337 2058 4402 bit,
2102 4351 2230 4391 num
2277 4337 2448 4406 ﬁgura
2480 4336 2756 4406 trianguli,
2803 4355 2868 4392 an
2899 4339 3012 4408 ipse
3036 4339 3352 4409 triangulus,
3382 4341 3538 4410 cujus

1963 4429 2134 4499 ﬁgura
2166 4437 2266 4484 est.
2296 4429 2364 4483 Et
2390 4428 2642 4494 inveniet,
2688 4430 2742 4482 ni
2774 4429 2948 4490 fallor,
2979 4430 3123 4483 illam
3160 4431 3375 4499 quidem
3409 4431 3543 4502 ﬁgu-

1965 4536 2078 4573 ram
2105 4533 2229 4572 vere
2258 4517 2480 4587 ﬁguram
2511 4532 2650 4582 esse,
2679 4519 2774 4573 sed
2809 4518 2853 4554 ⁸³
2883 4517 3078 4574 falsum
3115 4521 3456 4592 trianguhnu,
3485 4523 3545 4576 il-

1962 4609 2072 4662 lum
2099 4622 2228 4662 vero
2257 4605 2602 4678 trianguhim,
2634 4608 2724 4678 qui
2762 4609 2814 4663 in
2859 4617 2975 4664 arte
3011 4611 3276 4676 subsistit,
3308 4613 3448 4667 illius
3475 4613 3541 4666 ﬁ-

1963 4715 2130 4771 gurae
2176 4715 2390 4755 causam
2419 4716 2560 4765 esse,
2602 4717 2894 4773 verumque
2941 4705 3286 4776 triangulum.
3323 4707 3391 4762 Et
3437 4727 3544 4764 non

1964 4795 2083 4848 dico
2106 4793 2502 4862 phantasticum
2531 4793 2878 4865 triangulum,
2903 4796 2994 4864 qui
3023 4811 3091 4850 ex
3117 4798 3299 4852 animo
3321 4800 3544 4854 descen-

1961 4884 2038 4937 dit
2064 4897 2160 4951 per
2185 4883 2498 4937 memoriam
2530 4883 2584 4937 in
2611 4897 2823 4950 sensus,
2855 4893 2908 4939 et
2941 4885 2986 4916 ¹⁹⁵
3012 4901 3110 4956 per
3128 4903 3318 4944 sensus
3347 4889 3398 4944 in
3422 4906 3544 4945 sen-

1961 4971 2142 5028 sibiles
2173 4970 2403 5041 ﬁguras,
2458 4986 2634 5040 neque
2665 4973 2813 5026 illum
2839 5014 2852 5037 ,
2893 4975 2985 5044 qui
3033 4975 3227 5030 iterum
3265 4992 3331 5031 ex
3371 4977 3543 5046 ﬁgura

1961 5063 2202 5120 sensibili
2235 5079 2333 5132 per
2360 5078 2680 5132 corporeum
2711 5080 2926 5118 sensum
2959 5069 3253 5122 memoriae
3283 5068 3541 5136 inﬁgitur,

1962 5155 2054 5208 sed
2087 5153 2234 5206 illum
2275 5152 2489 5222 ipsum,
2523 5153 2614 5222 qui
2653 5152 2705 5207 in
2738 5154 2852 5225 ipsa
2889 5155 3169 5224 disciplina
3203 5155 3544 5211 uniformiter

1960 5250 2262 5312 permanet,
2295 5243 2382 5296 ubi
2413 5242 2573 5297 simul
2603 5253 2687 5297 est
2713 5243 2854 5300 linea
2894 5255 2948 5300 et
2983 5246 3228 5317 angulus,
3273 5259 3370 5299 nec
3414 5245 3550 5304 alibi.

1961 5333 2124 5394 linea,
2164 5330 2288 5384 alibi
2317 5331 2562 5402 angulus,
2596 5332 2722 5386 alibi
2765 5335 3019 5398 medium,
3049 5332 3175 5386 alibi
3214 5341 3540 5397 extremum,

1539 5484 1794 5539 VARIAE
1833 5482 2232 5540 LECTIO'NES.

937 5553 960 5569 Ι

343 5616 360 5642 ¹
399 5612 492 5667 Sic
511 5613 549 5669 C
569 5614 642 5680 F;
683 5615 728 5668 Α
757 5615 990 5668 omnium
1065 5617 1086 5648 ¹
1117 5614 1208 5671 Sic
1235 5614 1358 5679 CF;
1391 5613 1598 5670 caelesti
1619 5617 1736 5668 diro
1760 5615 2080 5669 substantiae
2101 5631 2210 5670 om.
2240 5617 2306 5670 A.

1210 5686 1230 5716 ³
1254 5686 1344 5741 Sic
1377 5685 1493 5744 CF:
1520 5689 1561 5738 A
1593 5685 1981 5740 excelsioribus.

262 5682 570 5736 videantur.
671 5687 690 5716 ⁵
716 5684 801 5738 CF
831 5687 956 5737 dum
991 5687 1114 5740 sint.

2381 5617 2401 5648 ³
2429 5617 2518 5671 Sic
2539 5615 2652 5682 CF;
2708 5618 2754 5670 A
2798 5633 2997 5670 onmem
3024 5627 3091 5670 et.
3169 5616 3190 5648 ⁸
3221 5617 3313 5673 Sic
3333 5619 3449 5683 CF;
3500 5625 3542 5676 A

2077 5686 2442 5760 '_S_ic'_(_l_l";AA
2470 5687 2767 5760 ttloltlttt§.__
2793 5687 2814 5717 ⁸
2961 5686 3108 5760 Ideo,
3140 5697 3218 5744 ut.
3295 5689 3315 5720 θ
3345 5691 3388 5745 Δ
3411 5709 3539 5760 qtto-

267 5767 416 5805 rum.
497 5755 534 5784 ιο
560 5754 649 5809 Sic.
673 5755 789 5820 CF;
819 5755 858 5808 Α
883 5757 1245 5826 cognitionem.
1317 5759 1358 5792 “
1385 5755 1474 5812 Sic
1493 5757 1567 5822 .\;
1595 5755 1678 5812 CF
1708 5757 1968 5811 abstrusa.
2036 5759 2077 5787 ”
2109 5755 2199 5812 Sic
2225 5755 2306 5810 Cl"
2329 5774 2342 5822 ;
2366 5757 2409 5810 Λ
2441 5773 2562 5810 non.
2642 5757 2685 5791 ²³
2715 5756 2806 5812 Sic
2852 5757 2970 5825 CF;
3001 5758 3042 5814 Α
3064 5771 3133 5815 et.
3205 5761 3246 5792 ”
3276 5771 3321 5814 et
3347 5754 3454 5817 vni.
3496 5765 3543 5816 Α
