3898 6154
304 280 421 317 ἠε-κ

332 280 426 344 775
1687 274 1915 331 JOANNI

2016 270 2207 328 SCOTI

3490 265 3596 320 776

323 394 448 449 alibi
473 392 703 463 signum,
735 382 859 443 alibi
906 387 1073 457 Spatia
1109 385 1124 415 ¹
1156 384 1382 437 laterum
1408 398 1438 437 a
1459 385 1636 454 signo,
1661 383 1786 437 alibi
1813 398 1908 437 an-
1935 387 1985 446 Α
2014 378 2248 433 hominis
2274 376 2483 430 factura
2516 377 2566 441 ³,
2603 392 2739 447 quae
2765 375 2881 431 sine
2907 376 3069 431 dubio
3099 376 3152 429 in
3178 376 3353 429 anima
3397 385 3449 431 et
3478 394 3599 434 eor-

324 484 589 555 gulorum,
630 480 755 534 alibi
793 486 1071 547 punctum,
1103 491 1211 544 quo
1236 474 1410 529 lineae
1440 474 1724 542 incipiunt,
1760 483 1816 528 et
1853 473 1907 527 in

324 591 433 645 quo
466 588 563 644 per
585 571 869 639 iuncturas
897 568 1124 621 laterum
1161 564 1341 632 anguli
1369 563 1786 629 concluduntur,
1814 563 1908 617 sed

325 669 379 719 in
409 681 511 718 una
538 662 834 728 eademque
860 658 1076 713 notione
1102 656 1414 727 geontetrici
1443 655 1603 710 animi
1632 655 1909 723 praedicta

325 755 506 809 omnia
531 766 697 806 unum
725 756 870 811 sunt,
902 755 956 801 et
983 755 1152 801 totum
1180 746 1231 799 in
1260 744 1506 815 singulis,
1531 754 1590 798 et
1613 742 1821 813 singula
1854 743 1909 797 in

328 858 439 900 toto
466 842 853 913 intelliguntur,
889 848 944 894 et
991 840 1044 892 in
1085 838 1201 907 ipso
1232 837 1502 891 intellectu
1531 834 1683 889 unita
1712 837 1733 865 ⁸
1762 841 1905 898 sunt,

326 938 451 1007 quia
483 937 594 1005 ipse
612 933 876 997 omnium,
903 943 1043 1000 quae
1074 929 1343 999 intelligit,
1373 926 1745 982 substantialis
1772 926 1911 979 ratio

324 1037 427 1090 est,
464 1041 529 1081 ex
560 1039 664 1094 qua
693 1021 1147 1094 geometricorum
1178 1033 1467 1089 corporum
1497 1017 1758 1073 formulae
1791 1030 1912 1085 spe—

328 1121 629 1176 cilicantur.
663 1118 731 1172 Et
761 1116 907 1188 quod
941 1115 1006 1170 de
1035 1113 1302 1185 triangqu
1336 1114 1592 1179 diximus,
1620 1113 1688 1168 de
1714 1112 1912 1168 ceteris

326 1226 541 1282 quoque
575 1209 760 1279 ﬁguris
781 1207 1077 1280 angulosis,
1107 1222 1200 1261 seu
1228 1205 1604 1269 circularibus,
1634 1205 1749 1259 sive
1770 1203 1912 1258 obli-

328 1304 482 1372 quis,
522 1299 808 1369 ‘iu-‘planis
854 1311 1067 1367 quoque
1120 1310 1183 1352 ac
1231 1295 1417 1350 solidis
1464 1292 1909 1364 intelligendum;

329 1393 525 1462 quippe
569 1396 761 1444 cuncta
806 1386 827 1417 ³
875 1388 1009 1441 haec
1066 1400 1171 1438 una
1240 1384 1538 1453 eademque
1594 1382 1803 1437 ratione
1857 1382 1913 1436 in

329 1490 509 1536 mente
526 1478 700 1550 perita
722 1475 1211 1546 disciplinabilique
1226 1473 1246 1504 ⁸
1259 1475 1312 1528 in
1329 1473 1637 1529 notionibus
1656 1473 1769 1528 suis
1786 1472 1915 1527 sub-

330 1574 543 1628 sistunt.
575 1569 630 1624 Si
658 1584 787 1640 ergo
820 1568 1144 1638 geometrica
1175 1581 1433 1636 corpora,
1463 1566 1577 1622 sive
1604 1566 1656 1621 in
1686 1567 1917 1634 phanta-

329 1662 426 1716 siis
455 1658 771 1722 memoriae,
807 1658 920 1712 sive
953 1656 1004 1709 in
1047 1656 1226 1727 aliqua
1260 1655 1484 1710 materia
1530 1655 1769 1710 sensibili
1801 1654 1913 1708 for-

2009 486 2142 540 pore
2189 471 2455 539 spirituali
2502 471 2556 525 in
2595 471 2766 541 prima
2804 469 3115 524 conditione
3153 468 3443 522 constituta
3487 479 3598 532 est,

2009 577 2196 631 quam,
2221 562 2427 639 scilicet
2457 564 2711 625 animam,
2741 562 2869 616 llatu
2896 561 3101 623 divino,
3130 559 3238 614 imo
3259 558 3442 612 ﬂatum
3463 559 3602 613 divi-

2010 667 2137 705 num
2159 692 2173 716 ,
2204 652 2271 706 de
2301 652 2468 705 nihilo
2492 652 2792 714 conditam,
2823 665 2929 705 non
2960 658 3143 704 autem
3172 650 3239 703 de
3268 649 3449 717 aliquo
3481 663 3603 703 cre—

2008 742 2203 797 dinms.
2244 742 2380 798 MAG.
2412 742 2562 819 Hanc
2590 742 2962 811 quaestionem
2999 740 3165 795 multa
3193 739 3425 810 caligine
3451 740 3604 795 invo-

2009 830 2178 885 lutam
2216 832 2392 885 sentio
2416 871 2431 898 ,
2475 830 2936 901 multiplicemque
2972 829 3323 884 reserationis
3356 843 3486 883 suae
3516 827 3597 883 fa-

2010 922 2263 980 cultatem
2281 939 2566 994 quaerere.
2585 925 2689 980 Sed
2708 940 2775 979 ne
2790 924 3003 993 penitus
3026 923 3224 978 intacta
3245 923 3600 989 transiliatur,

2011 1014 2182 1083 ipsam
2228 1014 2655 1083 quodammodo,
2694 1024 2855 1084 prout
2903 1014 3131 1069 interior
3167 1013 3333 1067 divini
3384 1013 3604 1068 luminis

2012 1106 2197 1160 radius
2222 1106 2485 1168 arriserit,
2517 1105 2868 1176 contemplari
2894 1105 3235 1160 conabimur.
3261 1105 3340 1158 Ac
3366 1105 3601 1174 priurum

2013 1198 2186 1261 dicas,
2215 1211 2437 1267 quaeso,
2464 1206 2645 1251 utrum
2673 1212 2760 1252 res
2788 1197 3150 1268 intelligibiles
3191 1212 3284 1250 seu
3322 1198 3605 1252 sensibiles

2011 1288 2222 1358 priores
2250 1296 2378 1341 sunt
2405 1287 2608 1351 animo,
2638 1288 2727 1355 qui
2755 1302 2852 1341 eas
2881 1287 3152 1357 intelligit,
3177 1286 3261 1339 vel
3287 1300 3471 1349 sensu,
3497 1301 3605 1355 qun

2006 1380 2343 1436 sentiuntur.
2376 1379 2521 1433 Dtsc.
2552 1377 2653 1434 Ubi
2682 1378 2827 1432 aliud
2872 1386 2986 1442 est,
3026 1379 3170 1448 quod
3197 1378 3478 1449 intelligit,
3504 1388 3561 1433 et
3584 1381 3606 1412 ’

2015 1468 2184 1534 aliud,
2207 1468 2351 1539 quod
2372 1468 2716 1539 intelligitur,
2741 1476 2795 1521 et
2818 1468 3058 1523 melioris
3082 1478 3307 1523 naturae
3328 1480 3437 1535 est,
3462 1471 3604 1538 quod

2016 1559 2302 1630 intelligit,
2328 1574 2490 1629 quam
2516 1558 2658 1628 quod
2686 1558 3002 1629 intelligitur
3023 1600 3038 1623 ,
3080 1559 3397 1628 intelligenn'
3426 1561 3607 1614 auium

2016 1665 2112 1707 seu
2149 1665 2309 1706 sensu
2348 1649 2601 1705 sentienti
2645 1665 2757 1704 rem
2804 1649 3131 1704 intellectam
3170 1665 3263 1705 seu
3306 1666 3523 1706 setrsam
3564 1653 3609 1685 '°

330 1759 546 1807 mentur
567 1751 621 1804 in
648 1749 959 1803 notionibus
983 1748 1094 1802 suis
1118 1747 1547 1813 rationabilibus,
1575 1748 1719 1802 omni
1743 1746 1914 1817 pban-
1944 1731 1987 1791 Β
2015 1741 2289 1813 praecedi,
2334 1756 2437 1794 non
2480 1742 2772 1810 incongrue
2807 1741 3059 1795 dixerim.
3092 1740 3198 1796 Res
3236 1752 3417 1797 autem
3440 1745 3606 1814 ipsas,

329 1842 463 1897 tasia
500 1850 664 1911 atque
699 1840 926 1894 materia
959 1839 1301 1903 carentibus,
1336 1853 1498 1908 super
1535 1852 1730 1902 omne,
1770 1839 1914 1909 quod

330 1947 491 1986 sensu
520 1944 782 2001 corporeo
804 1929 1123 2000 percipitur,
1146 1927 1231 1982 vel
1262 1928 1313 1981 in
1342 1928 1602 1982 memoria
1631 1927 1912 1997 ﬁguratur,

332 2021 669 2076 subsistunt:
705 2019 833 2089 quid
862 2019 1081 2082 mirum,
1112 2031 1339 2087 corpora
1374 2030 1589 2085 quoque
1619 2016 1913 2081 naturalia,

329 2128 395 2165 ex
422 2109 773 2180 qualitatibus
801 2107 1190 2162 elementorum
1216 2106 1400 2160 mundi
1424 2106 1746 2175 composita,
1775 2106 1827 2159 in
1849 2120 1915 2161 ea

326 2210 544 2265 natura,
570 2200 623 2254 in
645 2213 750 2268 qua
772 2211 960 2253 eorum
988 2196 1180 2251 notitia
1202 2203 1304 2260 est,
1327 2194 1643 2257 subsistere,
1667 2207 1913 2263 praeser-

248 2272 251 2277 ί
305 2294 427 2346 έιίιιι
461 2306 582 2347 cum
608 2290 823 2356 omnia,
868 2302 1007 2357 quae
1040 2287 1184 2345 circa
1220 2300 1447 2356 corpora
1476 2284 1801 2349 sentiuntur,
1836 2283 1917 2338 in-

310 2397 593 2452 corporea
625 2380 778 2436 sint?
814 2378 952 2433 Nam
987 2386 1044 2432 et
1071 2376 1300 2447 species,
1326 2376 1524 2445 quibus
1545 2375 1911 2441 continentur,

331 2470 700 2542 incorporales
723 2478 879 2535 sunt;
902 2467 1237 2537 quantitates
1265 2464 1515 2520 similiter
1541 2474 1596 2519 et
1624 2464 1916 2534 qualitates

328 2562 681 2634 intelligibilis
705 2569 931 2615 naturae
949 2570 1072 2612 esse
1097 2556 1229 2611 nulli
1260 2556 1491 2627 sapienti
1522 2555 1743 2610 dubium
1764 2555 1917 2610 vide-

331 2665 438 2717 tur,
471 2661 523 2707 et
549 2653 618 2707 ab
649 2646 1101 2705 intellectualibus
1125 2645 1305 2702 vitalis
1333 2644 1666 2700 substantiae
1687 2644 1912 2698 rationi-

328 2745 430 2797 bus
465 2743 778 2814 procedere.

400 2835 453 2889 9.
498 2833 636 2888 MAG.
678 2832 934 2904 Quisquis
967 2841 1188 2887 naturas
1216 2843 1396 2884 rerum
1428 2832 1667 2886 intentus
1694 2842 1916 2900 perspe-

325 2924 500 2988 xerit,
552 2924 687 2979 haec
745 2923 822 2977 ita
876 2939 935 2979 se
983 2922 1186 2978 habere
1231 2921 1611 2977 incunctanter
1654 2921 1913 2977 inveniet.

326 3013 472 3067 Ιιιςε.
516 3011 611 3067 llis
655 3012 836 3081 itaque
889 3012 1149 3067 discussis
1185 3026 1291 3065 non
1352 3011 1647 3082 incongrue
1701 3010 1918 3079 quaeri-

2015 1848 2155 1903 quae
2191 1847 2251 1887 se
2287 1831 2613 1902 intelligunt,
2660 1833 2711 1885 iu
2756 1842 3019 1901 quantum
3057 1848 3117 1886 se
3153 1833 3451 1903 intelligere
3484 1850 3606 1904 posn

2006 1932 2142 1981 sunt
2164 1923 2232 1989 υ,
2256 1938 2361 1976 non
2388 1922 2618 1976 dixerim
2644 1938 2767 1977 esse
2790 1932 2963 1978 semet
2985 1924 3213 1992 priores.
3243 1923 3380 1978 Nam
3404 1926 3492 1978 nisi
3521 1940 3607 1979 res

2015 2012 2130 2082 ipsa
2159 2020 2214 2066 et
2239 2011 2320 2065 sui
2349 2011 2587 2080 cognitio
2613 2027 2776 2064 unum
2808 2021 2913 2075 est,
2944 2011 3120 2081 qualis
3149 2013 3458 2081 praecessio
3487 2013 3603 2070 ἢθη

2014 2109 2215 2171 potest,
2239 2116 2343 2153 non
2376 2099 2550 2153 video.
2587 2098 2713 2153 Scio
2734 2100 2878 2153 enim
2907 2118 2995 2155 me
3021 2114 3162 2166 esse,
3186 2115 3284 2156 nec
3313 2112 3497 2157 tamen
3518 2118 3606 2158 me

2015 2190 2293 2259 praecedit
2319 2189 2546 2245 scientia
2586 2190 2712 2251 mei,
2737 2190 2863 2259 quia
2896 2207 3003 2244 non
3034 2191 3176 2245 aliud
3209 2207 3353 2254 sum,
3381 2202 3440 2247 et
3461 2192 3606 2247 aliud

2017 2280 2264 2346 scientia,
2295 2293 2402 2350 qua
2444 2294 2531 2333 me
2562 2280 2717 2344 scio;
2757 2290 2813 2334 et
2841 2280 2883 2333 si
2912 2281 3177 2335 nescirem
3214 2296 3301 2335 me
3322 2295 3464 2347 esse,
3495 2298 3606 2337 non

2016 2372 2283 2428 nescirem
2308 2373 2555 2444 ignorare
2582 2388 2667 2427 me
2694 2388 2815 2427 esse
2842 2389 2854 2425 :
2879 2388 2942 2427 ac
2971 2388 3068 2443 per
3089 2373 3211 2437 hoc,
3235 2375 3350 2429 sive
3368 2376 3603 2440 scivero,

2017 2463 2132 2517 sive
2159 2462 2438 2517 nescivero
2472 2477 2558 2516 me
2587 2477 2743 2528 esse,
2785 2464 3010 2518 scientia
3042 2479 3148 2517 non
3197 2464 3434 2529 carebo;
3473 2466 3607 2521 mihi

2016 2553 2160 2607 enim
2181 2553 2479 2608 remanebit
2499 2553 2640 2608 scire
2661 2553 3021 2624 ignorantiam
3046 2570 3241 2609 meam.
3265 2554 3329 2609 Et
3353 2556 3398 2611 si
3414 2571 3605 2623 omne,

2016 2645 2158 2716 quod
2178 2655 2355 2716 potest
2373 2647 2512 2701 scire
2535 2646 2598 2677 ¹¹⁶
2624 2662 2682 2701 se
2699 2647 2871 2716 ipsum
2892 2647 3123 2714 nescire,
3139 2663 3245 2702 non
3258 2657 3436 2717 potest
3452 2650 3608 2720 igno-

2018 2749 2142 2791 rare
2168 2750 2227 2791 se
2257 2736 2432 2805 ipsum
2460 2749 2617 2800 esse;
2653 2752 2777 2790 nam
2822 2736 2866 2790 si
2896 2737 3110 2806 penitus
3149 2752 3256 2791 non
3296 2746 3472 2803 esset,
3498 2755 3609 2793 non

2017 2825 2187 2881 sciret
2230 2825 2466 2895 seipsum
2516 2826 2729 2882 nescire
2772 2843 2787 2880 :
2835 2827 3156 2892 coniicitur,
3207 2828 3431 2883 omnino
3478 2843 3612 2885 esse

2018 2928 2179 2970 omne
2196 2954 2212 2979 ,
2236 2915 2380 2984 quod
2406 2915 2509 2970 scit
2530 2929 2594 2970 se
2619 2930 2772 2979 esse,
2802 2914 2885 2969 vel
2910 2916 3013 2971 scit
3043 2930 3103 2971 se
3130 2916 3342 2972 nescire
3378 2931 3609 2973 seesse.

2022 3007 2078 3061 Si
2113 3008 2233 3077 quis
2262 3017 2445 3063 autem
2481 3017 2629 3062 tanta
2672 3008 2978 3078 ignorantia
3013 3008 3240 3063 obrutus
3274 3018 3379 3071 est,
3411 3018 3476 3063 ut
3509 3025 3609 3064 nec

327 3113 434 3167 tur,
457 3101 726 3170 quomodo
751 3079 933 3157 omnis
957 3101 1289 3157 creatura‘in
1311 3079 1538 3155 homine
1559 3107 1645 3154 est
1670 3099 1910 3164 condita,
1939 3079 1987 3145 ο
2006 3099 2253 3169 scipsmn
2282 3114 2403 3154 esse
2420 3100 2591 3165 sciat,
2610 3115 2724 3155 nec
2747 3100 2958 3156 nescire
2986 3102 3031 3132 ¹¹
3069 3102 3303 3171 seipsum
3333 3116 3458 3158 esse
3490 3119 3611 3158 sen-

325 3210 447 3248 euut
478 3194 591 3263 ipse
620 3204 742 3263 post
771 3193 1102 3248 creationem
1124 3191 1366 3248 omnium
1392 3190 1570 3245 factus
1600 3188 1768 3244 fuisse
1795 3202 1917 3258 pcr-

325 3284 598 3338 hibeatur.
637 3283 694 3337 Si
723 3296 852 3352 ergo
889 3290 1015 3336 ante
1057 3283 1233 3352 ipsum
1264 3280 1515 3336 universa
1547 3288 1796 3335 creatura
1839 3278 1918 3332 vi-

325 3372 500 3425 sibilis
552 3383 606 3425 et
649 3371 933 3425 invisibilis
989 3380 1175 3426 creata
1220 3379 1342 3436 est,
1397 3379 1458 3424 ut
1506 3370 1689 3425 divina
1752 3368 1922 3424 tradit

325 3462 576 3527 historia,
619 3460 923 3533 uulliusque
952 3462 1191 3516 conditio
1215 3471 1345 3531 post
1363 3461 1538 3531 ipsum
1567 3460 1782 3531 legitur,
1809 3474 1915 3531 qua

330 3554 540 3607 ratione
576 3567 861 3629 possumus
902 3553 1246 3624 perspicere,
1280 3569 1497 3610 omnem
1527 3563 1830 3610 creaturam
1862 3556 1918 3611 in

308 3643 547 3697 homine
582 3643 855 3699 conditam
884 3644 1089 3700 fuisse?
1127 3644 1263 3700 Nam
1298 3645 1343 3701 si
1382 3646 1505 3716 quis
1543 3646 1761 3713 dixerit,
1798 3648 1923 3703 uni-

324 3748 537 3788 versam
566 3742 871 3789 creaturam
902 3734 985 3791 bis
1012 3735 1310 3801 conditam,
1341 3736 1515 3806 primo
1545 3736 1762 3808 quidem
1793 3754 1916 3809 spe-

323 3822 538 3878 cialiter
564 3824 615 3878 iu
648 3824 848 3895 seipsa,
884 3825 1123 3882 secundo
1155 3840 1283 3881 vero
1308 3828 1635 3897 generaliter
1662 3828 1717 3884 in
1745 3829 1921 3885 homi-

328 3930 418 3978 ne,
454 3931 557 3969 non
585 3914 743 3972 facile
765 3917 1090 3973 crediderim
1127 3917 1323 3973 rationi
1355 3919 1668 3985 convenire,
1694 3921 1846 3990 quia,
1873 3922 1920 3976 si

328 4007 400 4062 ita
428 4018 528 4073 est,
559 4010 833 4079 propriam
856 4010 1214 4066 substantiam
1244 4010 1408 4066 homo
1428 4026 1535 4067 non
1560 4011 1798 4076 habebit,
1824 4013 1920 4068 sed

325 4099 431 4152 erit
479 4100 644 4154 veluti
689 4100 957 4169 quaedam
1001 4100 1319 4171 compositio
1368 4100 1659 4156 multarum
1712 4118 1918 4168 rerum,

316 4188 628 4242 iimoctiam
663 4188 830 4244 totius
858 4197 1143 4244 creaturae
1169 4190 1320 4259 prius
1346 4190 1542 4257 factae,
1574 4200 1629 4247 et
1653 4207 1756 4247 una
1788 4193 1923 4247 mul-

318 4276 488 4345 tiplex
517 4278 746 4332 diversis
786 4277 976 4332 formis
1004 4282 1371 4350 exaggeratio.
1411 4277 1479 4334 Et
1515 4282 1658 4350 quod
1692 4290 1776 4336 est
1799 4297 1922 4353 gra-

324 4371 465 4433 vius,
488 4371 532 4424 si
555 4371 732 4425 oatnis
749 4380 1028 4436 creatura,
1053 4372 1168 4427 sive
1190 4372 1441 4439 visibilis,
1468 4374 1584 4430 sive
1611 4376 1917 4441 invisibilis,

324 4462 378 4512 in
412 4462 585 4530 seipsa
621 4460 1013 4531 perfectissime
1041 4462 1320 4530 facta‘est;
1348 4464 1623 4534 perfectus
1651 4467 1915 4536 siquidem

326 4552 574 4603 conditor
600 4554 727 4605 dum
756 4553 829 4607 sit
862 4563 918 4608 et
946 4554 1228 4625 plusquam
1258 4556 1550 4626 perfectus,
1580 4560 1786 4614 nulhtm
1819 4560 1919 4615 im-

328 4638 624 4706 perfectum
666 4640 923 4696 credibile
962 4650 1048 4697 est
1073 4644 1378 4700 condidisse
1407 4661 1421 4700 :
1451 4649 1720 4717 quomodo
1752 4649 1915 4704 veluti

325 4728 619 4783 scetttttknn
656 4730 985 4785 conditionis
1015 4747 1146 4788 suae
1167 4734 1189 4764 ⁸
1210 4734 1595 4805 perfectionem
1621 4737 1674 4792 in
1700 4737 1917 4793 homine

326 4822 598 4891 arcepct'il
627 4822 648 4853 ⁸
672 4864 686 4886 ,
725 4823 817 4892 qui
850 4833 1125 4881 extremus
1170 4828 1223 4882 iu
1278 4828 1474 4885 divinis
1512 4831 1917 4900 operationibus

324 4929 374 4966 tu
388 4916 575 4965 eatur?
606 4913 698 4975 Et,
727 4915 770 4968 si
805 4917 876 4969 ita
906 4925 1018 4981 est,
1049 4933 1155 4973 non
1187 4921 1252 4974 de
1284 4920 1454 4976 nihilo
1491 4921 1619 4976 fecit
1647 4922 1789 4977 Deus
1818 4924 1916 4979 ho-

326 5004 524 5057 minem
557 5005 621 5056 a:l
671 5005 956 5075 imaginem
1005 5023 1191 5075 suam,
1233 5011 1325 5065 sed
1363 5011 1430 5067 de
1471 5012 1588 5077 his,
1622 5026 1762 5083 quae
1790 5023 1916 5068 ante

326 5098 500 5166 ipsum
540 5096 685 5150 facta
729 5106 872 5151 sunt.
917 5098 1069 5165 Quod
1107 5100 1150 5153 si
1194 5102 1316 5171 quis
1354 5102 1574 5166 dixerit,
1618 5104 1914 5158 humanum

323 5204 521 5256 corpus
550 5203 653 5241 non
685 5190 750 5243 de
774 5188 959 5252 nihilo,
990 5190 1081 5244 sed
1109 5190 1172 5245 de
1196 5191 1375 5261 aliquo
1404 5202 1635 5256 terreno,
1666 5194 1918 5248 videlicet

326 5279 452 5331 lium
475 5281 519 5341 ⁷,
544 5280 815 5334 conditum
836 5280 1031 5345 fuisse,
1054 5281 1183 5351 quid
1207 5282 1449 5337 dicturus
1493 5285 1596 5340 erit
1618 5285 1683 5339 de
1706 5283 1916 5339 meliori

2004 3189 2141 3254 -tiat,
2166 3198 2262 3243 aut
2284 3189 2501 3257 penitus
2523 3189 2682 3245 talem
2712 3204 2819 3245 non
2845 3205 2968 3246 esse
2993 3209 3007 3245 :
3036 3192 3330 3257 hominem,
3364 3200 3462 3246 aut
3488 3208 3607 3247 om-

2018 3278 2148 3332 nino
2187 3278 2488 3334 extinctum
2523 3280 2778 3335 dixerim.
2823 3280 2882 3335 ln
2923 3281 3251 3352 supradictis
3278 3296 3496 3352 quoque
3525 3299 3611 3338 ra-

2020 3369 2256 3426 tionibus
2291 3372 2425 3427 satis
2465 3371 2609 3428 iuter
2642 3388 2743 3429 nos
2784 3382 3049 3429 statutum
3095 3375 3158 3440 ¹³,
3193 3377 3329 3430 haee
3367 3379 3479 3432 duo
3507 3378 3609 3432 bu-

2003 3474 2213 3515 vntanae
2242 3462 2456 3518 animae
2506 3463 2667 3518 simul
2710 3473 2767 3519 et
2820 3464 3265 3536 inseparabiliter
3304 3482 3609 3537 acsemper

2008 3553 2196 3609 inesse
2220 3570 2235 3606 :
2262 3554 2489 3611 scire'et
2524 3556 2764 3612 nescire.
2793 3554 2913 3611 Scit
2943 3556 3109 3623 enim,
3133 3572 3193 3612 se
3212 3572 3336 3613 esse
3369 3560 3612 3614 rationa-

2018 3642 2181 3698 bilem
2206 3652 2262 3698 et
2291 3642 2706 3701 intellectualem
2728 3654 3016 3711 naturam;
3045 3647 3218 3701 nescit
3244 3656 3451 3713 autem,
3479 3648 3608 3718 quid

2019 3734 2091 3789 sit
2113 3734 2228 3806 ipse
2255 3735 2559 3793 intellectus
2587 3745 2645 3792 et
2667 3737 2782 3806 ipsa
2811 3736 2973 3797 ratio.
3002 3736 3143 3793 MAG.
3166 3736 3283 3792 Non
3304 3751 3437 3794 eras
3457 3751 3609 3808 ergo,

2020 3824 2335 3894 priusquam
2365 3825 2539 3881 scires
2579 3825 2664 3879 vel
2715 3826 2957 3882 nescires
2985 3834 3039 3881 te
3065 3826 3220 3881 esse?
3254 3825 3408 3882 Brsc.
3454 3826 3609 3891 Non;

2016 3914 2179 3968 simul
2206 3916 2351 3970 enim
2382 3916 2569 3986 accepi
2618 3930 2762 3983 esse,
2802 3926 2860 3972 et
2903 3932 3232 3989 cognoscere
3267 3934 3356 3974 me
3383 3933 3532 3986 esse,
3557 3929 3616 3975 et

2021 4008 2343 4078 intelligere,
2395 4024 2483 4066 me
2521 4009 2794 4081 ignorare,
2819 4010 2951 4080 quid
2977 4027 3119 4067 sum.
3154 4012 3296 4068 Mtte.
3326 4014 3427 4070 Dic
3452 4015 3609 4081 mihi,

2020 4098 2237 4168 quando
2266 4099 2514 4155 notitiam
2536 4101 2618 4155 sui
2647 4100 2844 4170 accipit
2863 4100 3048 4166 homo,
3078 4110 3257 4157 utrum
3285 4103 3341 4157 in
3364 4103 3456 4158 illa
3480 4120 3614 4160 con-

2021 4190 2249 4256 ditione,
2283 4190 2336 4245 in
2387 4206 2494 4262 qua
2531 4206 2722 4247 omnes
2773 4191 3024 4249 homines
3065 4194 3448 4253 universaliter
3482 4196 3613 4252 facti

2024 4291 2150 4338 sunt
2194 4283 2247 4337 in
2274 4283 2716 4353 primordialtbus
2743 4279 2924 4340 causis
2955 4294 3081 4341 ante
3124 4295 3369 4357 tempora
3399 4289 3615 4343 secula-

2026 4372 2129 4437 ria,
2157 4388 2225 4427 an
2247 4373 2300 4427 in
2325 4373 2441 4442 ipsa
2462 4374 2834 4444 generatione,
2856 4390 2965 4445 qua
2984 4375 3038 4429 in
3059 4375 3253 4431 ordine
3281 4385 3611 4447 temporum,

2029 4464 2138 4519 Deo
2186 4464 2285 4520 soli
2315 4466 2534 4535 cognito
2558 4475 2613 4522 et
2642 4468 3015 4538 praedetinito,
3043 4468 3096 4523 in
3122 4467 3265 4524 hanc
3291 4470 3462 4525 vitam
3487 4485 3613 4540 pro-

2025 4557 2212 4611 cedit?
2243 4558 2387 4613 Dtsc.
2441 4558 2498 4612 In
2529 4559 2795 4628 utrisque,
2827 4567 2885 4612 ut
2913 4559 3153 4615 arbitror
3190 4578 3203 4612 :
3246 4560 3300 4614 in
3351 4575 3460 4615 una
3495 4561 3615 4631 qui-

2025 4652 2144 4706 dem
2183 4649 2507 4720 generaliter
2552 4651 2605 4705 in
2654 4650 2835 4706 causis
2883 4650 3132 4717 latenter,
3173 4653 3227 4707 in
3279 4652 3449 4708 altera
3480 4668 3613 4709 vero

2023 4742 2333 4813 specialiter
2378 4742 2431 4796 in
2468 4739 2752 4797 ellectibus
2791 4742 3097 4798 manifeste.
3128 4742 3262 4798 Nam
3300 4744 3354 4798 in
3381 4744 3470 4799 illa
3494 4746 3615 4815 pri-

2024 4830 2269 4886 mordiali
2302 4838 2355 4885 et
2392 4830 2626 4901 generali
2667 4831 2833 4886 totius
2862 4832 3134 4886 humanae
3172 4840 3400 4889 naturae
3422 4834 3615 4889 condio

2024 4919 2169 4976 tione
2193 4933 2352 4974 nemo
2372 4920 2608 4990 seipsum
2630 4919 2942 4989 Specialiter
2962 4922 3261 4992 cognoscit,
3287 4937 3461 4993 neque
3484 4938 3614 4994 pro-

2024 5010 2198 5078 priam
2229 5008 2474 5063 notitiam
2498 5008 2579 5063 sui
2632 5009 2835 5065 habere
2862 5011 3081 5082 incipit;
3128 5027 3233 5067 una
3261 5011 3406 5067 enim
3434 5022 3489 5068 et
3518 5027 3582 5085 gr

2027 5099 2224 5153 neralis
2271 5099 2509 5170 cognitio
2537 5099 2778 5154 omnium
2810 5110 2894 5156 est
2922 5101 3020 5164 ibi,
3049 5103 3259 5171 solique
3286 5104 3399 5158 Deo
3425 5103 3581 5174 cogni

2027 5198 2099 5242 ta.
2126 5188 2239 5244 Illic
2275 5204 2513 5259 namque
2536 5205 2728 5246 omnes
2751 5192 2999 5248 homines
3032 5210 3173 5249 unus
3195 5205 3342 5260 sunt,
3367 5195 3455 5249 ille
3479 5208 3593 5264 pro

2027 5283 2166 5336 l'ceto
2200 5284 2266 5336 ad
2312 5282 2601 5351 imaginem
2650 5285 2743 5339 Dei
2781 5283 2981 5353 factus,
3004 5286 3059 5341 in
3091 5303 3199 5358 quo
3224 5303 3417 5344 omnes
3438 5288 3613 5342 creati

1629 5391 1879 5447 VARIAE
1912 5388 2314 5446 LECTlONES.

402 5502 412 5514 ·
448 5486 538 5539 Sic
568 5486 693 5549 (2F;
729 5487 769 5539 Α
806 5490 1055 5541 sentiunt.
1127 5488 1152 5520 ’
1184 5488 1275 5543 Sic
1295 5488 1411 5553 CF;
1442 5489 1486 5543 A
1518 5491 1691 5543 unica.

329 5555 366 5605 Α
402 5573 545 5624 suae
574 5557 906 5611 conditionis.
986 5559 1006 5589 ⁸
1042 5558 1132 5612 Sic
1171 5558 1288 5624 CF;
1331 5560 1374 5612 A
1430 5562 1646 5623 accepit.

333 5623 413 5697 liii:
439 5640 451 5679 ;
488 5626 525 5697 τι
552 5641 642 5675 seu
674 5641 822 5697 senm
858 5630 1251 5697 appr-elicitam».

333 5691 413 5743 Li"
435 5708 447 5754 ;
476 5693 514 5742 ,Χ
549 5694 814 5745 statuitur.

1769 5490 1789 5521 ³
1814 5489 1904 5545 Sic
1931 5489 2046 5546 CF:
2074 5490 2111 5542 Α
2145 5504 2331 5543 turrem
2354 5493 2462 5592 qui;

1776 5561 1866 5592 ea.
1922 5560 2033 5592 me.
2086 5563 2110 5592 Α
2153 5560 2258 5592 In”.
2411 5564 2462 5592 q;

1723 5561 1741 5591 ⁷
1776 5561 1869 5635 Sic.
1922 5560 2281 5635 Cl";_AdIulr_).
2535 5565 2651 5626 CI“;
2685 5569 2721 5617 Λ
2759 5578 2925 5635 parte.

1329 5629 1371 5662 ¹¹
1402 5628 1491 5684 Sic
1522 5628 1636 5695 CF;
1662 5630 1704 5682 Α
1730 5633 1947 5699 possim.

3317 5496 3343 5529 ⁸
3373 5495 3465 5550 Sic
3491 5493 3608 5556 CF;

3001 5568 3021 5597 ’⁵
3052 5581 3098 5622 ει
3125 5564 3232 5620 om.
3263 5567 3368 5620 CF.
3451 5564 3491 5596 ¹⁶
3518 5564 3613 5617 Sic

2819 5638 2856 5666 "
2886 5637 2973 5691 Sit:
3006 5640 3124 5704 (LF;
3160 5640 3196 5691 Α
3226 5639 3374 5691 scire.
3452 5635 3490 5667 ⁸³
3519 5634 3613 5687 Sic

2390 5493 2652 5568 uippe.___‘
2691 5496 2776 5551 CF
2804 5497 3242 5568 disciplinnlique.

2030 5631 2090 5660 ”'
2123 5630 2298 5700 Coa},
2336 5633 2467 5686 Alii"
2501 5637 2714 5688 ncsrire.
