3898 6154
266 308 359 370 7ῗῖ

1066 319 1155 377 DE
1194 321 1532 380 DlV'lSlO‘NF.
1569 325 1917 384 NATURAE.
1959 362 2028 370 —
2066 328 2264 385 LIBER
2305 326 2654 397 QUARTUS.

3405 331 3507 384 773

261 437 388 486 sunt.
412 423 481 483 Ut
525 426 671 483 enim
724 443 911 486 omnes
942 429 1147 488 formae
1182 436 1266 490 vel
1321 438 1551 507 species,
1592 455 1729 508 quae
1768 442 1819 496 in
1850 444 1899 504 Α
1929 452 2010 498 ter
2040 443 2197 498 insita
2223 452 2324 507 est,
2347 452 2607 514 quantum
2634 441 2872 514 cognitio
2891 452 3173 500 creaturae
3193 446 3504 514 etseipsam

258 538 354 578 uno
380 536 571 592 genere
608 524 971 592 continentur,
1031 529 1207 585 adhuc
1262 547 1359 602 per
1412 531 1745 589 dill‘erentias
1767 542 1824 589 et

254 612 594 683 proprietates
663 613 954 671 intellectui
1018 619 1101 672 vel
1163 621 1345 675 sensui
1403 622 1652 693 cognitae
1714 639 1820 677 non

255 705 618 769 succumbunt,
647 705 742 760 sed
788 706 951 762 veluti
976 713 1241 778 quaedam
1276 713 1456 769 unitas
1484 715 1718 770 nondum
1747 714 1824 769 di-

253 795 357 849 visa
380 796 637 858 subsiStit,
661 796 833 852 donec
871 814 1224 871 unaquaeque
1262 819 1413 859 suam
1436 806 1820 875 proprietatem

165 930 179 946 .
250 894 301 939 et
326 884 677 940 differentiam
708 887 760 940 in
783 888 963 956 specie
993 890 1267 947 individua
1297 894 1709 966 iutclligibiliter
1736 896 1820 949 vel

249 974 566 1030 sensibiliter
612 976 844 1047 accipiat
894 995 908 1031 :
951 979 1023 1033 ita
1077 983 1450 1053 unusquisque
1475 984 1530 1038 in
1576 1000 1820 1039 commu~

249 1074 397 1128 nioue
426 1072 694 1128 humanae
736 1083 961 1130 naturae
1017 1092 1119 1132 nec
1173 1079 1410 1149 seipsam
1461 1094 1560 1134 nec
1590 1081 1822 1135 consub-

248 1166 512 1220 stantiales
555 1182 682 1222 suos
709 1170 926 1238 propria
976 1172 1287 1241 cognitione
1315 1173 1593 1236 discernit,
1642 1176 1823 1245 prius-

245 1270 394 1324 quam
417 1255 471 1309 iu
501 1256 643 1311 hunc
673 1259 930 1313 mundttm
970 1261 1082 1316 suis
1112 1264 1464 1334 temporibus,
1492 1266 1647 1336 juxta
1675 1267 1820 1337 quod

246 1345 294 1399 in
316 1346 551 1401 aeternis
598 1348 902 1404 rationibus
951 1352 1305 1409 constitutum
1336 1362 1440 1417 est,
1474 1357 1816 1425 processerit.

244 1435 373 1492 Hac.
401 1436 579 1505 Quare
615 1454 749 1510 ergo
780 1441 1152 1511 unusquisque
1182 1459 1325 1507 mox,
1371 1455 1430 1499 ut
1459 1462 1554 1515 per
1587 1460 1820 1517 genera-

244 1527 446 1584 tionem.
483 1528 536 1581 in
567 1528 711 1583 hunc
763 1529 1022 1585 mundum
1080 1535 1414 1601 provenerit,
1444 1549 1549 1588 non
1582 1536 1819 1606 seipsum

244 1618 546 1687 cognoscit?
595 1616 740 1673 Disc.
773 1618 1010 1674 Poenam
1061 1622 1548 1690 praevaricationis
1590 1633 1821 1679 naturae

246 1713 291 1767 in
322 1712 421 1768 hoc
474 1713 806 1769 manifestari
829 1730 935 1770 non
966 1723 1170 1772 temere
1207 1716 1459 1772 dixerim.
1493 1716 1629 1771 Nam
1652 1718 1697 1772 si
1722 1718 1837 1773 ho-.

1926 542 1980 588 et
2018 548 2236 588 causam
2288 548 2440 588 suam
2464 540 2643 604 potest
2683 534 3180 604 comprehendere?
3210 537 3354 591 DISC.
3394 536 3506 587 Non

1923 623 2086 678 aliter
2128 624 2380 679 existimo
2406 624 2448 677 ⁸.
2481 622 2617 679 Nam
2645 624 2918 694 quomodo
2954 624 3134 696 imago
3163 636 3330 688 esset,
3362 626 3408 679 si
3455 628 3507 679 in

1923 713 2105 782 aliquo
2128 714 2197 766 ab
2215 729 2300 779 eo,
2323 713 2478 782 cujus
2498 714 2676 785 imago
2709 723 2816 778 est,
2853 714 3099 778 distaret,
3128 725 3355 784 excepta
3386 717 3509 770 sub-

1917 804 2048 874 jecti
2080 806 2307 869 ratione,
2330 805 2398 860 de
2432 820 2538 876 qua
2569 807 2622 859 in
2654 805 3029 876 superioribus
3054 806 3208 861 libris
3252 808 3506 868 diximus,

1923 899 2049 954 dum
2075 898 2142 953 de
2192 905 2502 969 prototypo,
2532 898 2639 952 hoc
2663 906 2767 962 est,
2810 897 2881 955 de
2922 898 3207 968 principali
3257 900 3509 969 exemplo

1921 986 2145 1058 ejusque
2201 988 2434 1060 imagine
2502 987 2935 1058 disputahamus,
2983 989 3257 1055 dicentes,
3333 990 3506 1060 ipsum

1922 1075 2091 1131 Deum
2144 1076 2439 1146 principale
2486 1077 2795 1148 exemplum
2844 1092 2966 1134 esse
3012 1094 3110 1149 per
3156 1079 3417 1149 seipsam,
3478 1097 3529 1133 at

1921 1165 2124 1235 seipse,
2157 1166 2211 1221 in
2254 1166 2458 1237 seipso,
2485 1175 2541 1222 et
2581 1183 2615 1222 a
2651 1167 2797 1223 nullo
2824 1176 3068 1225 creatum
3104 1169 3191 1225 vel
3214 1169 3504 1229 formatum

1920 1256 2005 1310 vel
2023 1272 2344 1313 conversum
2373 1258 2698 1325 subsistens,
2746 1261 3034 1330 imaginem
3059 1277 3188 1317 vero
3208 1262 3347 1331 ejus,
3369 1278 3507 1332 quae

1921 1358 2007 1404 est
2031 1349 2213 1414 homo,
2238 1350 2307 1404 ab
2331 1351 2447 1420 ipso
2469 1358 2727 1416 creatam,
2750 1367 2851 1407 nec
2874 1367 2971 1422 per
2987 1353 3218 1423 seipsam
3243 1368 3386 1419 esse,
3410 1368 3515 1408 nes

1921 1456 1953 1496 a
2001 1441 2203 1513 seipsa,
2235 1457 2334 1497 nec
2365 1441 2419 1497 in
2443 1441 2621 1512 seipsa
2661 1442 2977 1507 subsistere,
3017 1444 3112 1498 sed
3142 1444 3210 1499 ah
3234 1459 3323 1510 eo,
3352 1459 3402 1499 Ct
3420 1444 3507 1514 jus

1923 1531 2103 1602 imago
2124 1540 2242 1594 est,
2264 1531 2473 1601 accepit
2500 1545 2620 1585 esse
2648 1532 2941 1587 secundum
2977 1541 3247 1597 naturam,
3287 1544 3341 1588 et
3363 1533 3506 1588 Deus

1920 1637 2043 1678 esse
2068 1622 2361 1678 secundum
2392 1622 2647 1695 gratiam,
2677 1631 2859 1679 cetera
2884 1639 3102 1694 quoque
3128 1625 3335 1689 omnia,
3369 1639 3506 1692 quae

1921 1713 1989 1768 de
2039 1713 2150 1769 Deo
2199 1713 2610 1782 praedicantur,
2660 1706 2727 1768 de
2778 1714 3016 1784 imagine
3060 1712 3175 1782 ejus
3203 1714 3504 1783 praedicari
3546 1748 3551 1751 -

242 1822 322 1862 me
349 1824 454 1863 non
491 1817 762 1878 peccaret,
785 1809 838 1863 in
868 1818 974 1863 tam
1006 1807 1328 1880 profundam
1351 1810 1435 1865 sui
1458 1809 1817 1881 ignorantiam
1849 1795 1895 1855 Β
1922 1819 2103 1876 posse,
2142 1803 2235 1859 sed
2284 1804 2352 1858 de
2398 1803 2512 1860 Deo
2553 1804 2969 1871 essentialitate,
3005 1806 3095 1861 δερ
3121 1806 3352 1876 imagine
3379 1822 3519 1861 “Bm

242 1900 478 1971 proiecto
530 1917 637 1957 non
685 1902 939 1969 caderet;
998 1903 1141 1959 sicut
1173 1919 1349 1973 neque
1401 1904 1819 1974 ignominiosam

243 1991 635 2061 generationem
657 2008 727 2047 ex
756 1991 952 2063 duplici
981 2006 1112 2048 sexu
1141 1994 1208 2048 ad
1239 1993 1645 2050 similitudinem
1682 1995 1821 2049 irra-

243 2081 571 2136 tionabilium
594 2082 910 2137 animalium
930 2097 1037 2138 non
1059 2091 1359 2151 pateretur,
1398 2094 1458 2137 ut
1482 2082 1818 2140 Graecorum

240 2172 617 2240 sapientissimi
646 2172 971 2229 certissimis
995 2173 1298 2229 rationibus
1323 2172 1593 2229 afﬁrmant
1620 2187 1671 2229 ι.
1701 2174 1820 2245 Ipse

241 2262 632 2334 siquidemgqni
648 2265 792 2319 solus
807 2265 1012 2335 absque
1031 2275 1254 2336 peccato
1276 2276 1434 2322 natus
1453 2275 1537 2323 est
1551 2268 1567 2300 ι
1592 2268 1645 2322 in
1668 2283 1821 2323 mun-

241 2352 319 2415 do,
375 2352 710 2424 Redemptor
746 2355 997 2411 videlicet
1050 2358 1264 2421 mundi,
1307 2373 1573 2429 nusquam
1607 2360 1628 2392 ⁸
1682 2375 1820 2415 nunc

241 2459 387 2512 quam
434 2444 597 2500 talem
631 2445 993 2517 ignorantiam
1038 2463 1328 2520 perpessus
1364 2459 1470 2515 est,
1501 2450 1597 2506 sed
1634 2450 1823 2506 confe-

241 2535 373 2598 stim,
410 2544 475 2591 ut
506 2546 798 2606 conceptus
823 2546 879 2593 et
903 2546 1063 2593 natus
1108 2547 1210 2603 est,
1242 2547 1296 2594 et
1338 2539 1576 2609 seipsum
1613 2549 1670 2595 et
1697 2554 1815 2596 om-

241 2625 318 2677 nia
353 2624 641 2689 iutellexit,
671 2640 737 2681 ac
772 2626 917 2696 loqui
949 2636 1005 2682 et
1031 2628 1224 2683 docere
1272 2628 1294 2660 ³
1348 2629 1541 2699 potuit,
1591 2645 1699 2686 non
1730 2645 1819 2686 so-

240 2717 338 2769 lum
361 2714 490 2783 quia
518 2715 784 2784 sapientia
807 2715 986 2772 Patris
1006 2726 1144 2783 erat,
1177 2733 1339 2788 quam
1375 2720 1509 2774 nihil
1536 2720 1689 2786 latet,
1728 2736 1818 2776 ve—

242 2819 345 2855 rum
370 2804 537 2857 etiam
583 2804 711 2872 quia
736 2805 1215 2862 iucontaminatam
1248 2809 1640 2865 humanitatem
1661 2826 1818 2867 accc-

239 2900 397 2958 perat,
448 2900 509 2945 ut
539 2894 963 2949 contaminatam
1015 2910 1306 2967 purgaret;
1350 2902 1613 2970 nonquia
1657 2901 1813 2956 aliam

239 2981 438 3050 accepit
494 2990 714 3052 praeter
758 2998 876 3038 eam
914 3001 1076 3055 quam
1116 2988 1373 3054 restituit,
1406 2991 1500 3045 sed
1537 2991 1664 3060 quia
1699 2991 1816 3062 ipse

238 3072 371 3128 solus
407 3074 944 3133 incontaminatusin
968 3093 1033 3135 ea
1078 3082 1358 3147 remansit,
1402 3092 1457 3138 et
1482 3084 1547 3138 ad
1581 3084 1814 3140 medica-

237 3172 466 3219 mentum
508 3166 749 3222 vulneris
794 3168 1016 3226 vitiatae
1070 3181 1298 3229 naturae
1346 3174 1401 3229 in
1431 3175 1813 3231 secretissimis

237 3251 393 3322 ipsius
439 3256 746 3311 rationibus
778 3269 1087 3315 reservatus
1127 3261 1169 3317 ⁸.
1211 3263 1344 3318 Tota
1375 3265 1571 3334 quippe
1599 3266 1652 3319 in
1684 3265 1812 3321 totis

236 3344 381 3413 periit
408 3346 450 3412 ',
491 3356 709 3416 praeter
757 3350 928 3416 illum,
971 3352 1024 3406 in
1078 3367 1185 3423 quo
1227 3353 1342 3407 solo
1392 3354 1811 3427 incorruptibilis

235 3438 543 3501 permansit.
586 3438 653 3493 Et
690 3440 906 3509 quidem
950 3443 1244 3499 maximum
1273 3446 1574 3515 exemplum
1601 3449 1809 3517 gratiae

234 3526 337 3594 ipse
363 3538 467 3593 εει,
502 3544 610 3583 non
657 3531 782 3599 quia
816 3531 946 3600 quid
979 3546 1046 3587 ex
1076 3542 1226 3587 reatu
1274 3533 1544 3592 humanae
1582 3548 1810 3595 naturae

234 3618 488 3675 indultum
515 3620 564 3677 ei
592 3622 717 3687 sit“,
742 3624 836 3678 sed
863 3626 988 3695 quia
1016 3625 1165 3681 solus
1191 3628 1430 3683 omnium
1464 3630 1625 3686 nullis
1648 3647 1807 3702 prae-

230 3708 542 3766 cedentibus
588 3712 796 3768 meritis
847 3714 902 3768 in
948 3716 1216 3771 unitatem
1272 3719 1606 3777 substantiae
1640 3726 1809 3780 verbo

231 3794 317 3850 Dei
344 3801 666 3872 conjunctus
691 3813 794 3869 est,
819 3804 871 3858 in
897 3820 1003 3874 quo
1031 3822 1220 3862 omnes
1249 3808 1425 3876 electi,
1481 3811 1548 3867 de
1576 3812 1807 3882 plenitu-

228 3885 346 3974 dine
376 3893 590 3962 gratiae
621 3890 740 3960 ejus
767 3894 1113 3965 accipientes,
1151 3896 1246 3952 ﬁlii
1283 3896 1378 3955 Dei
1411 3909 1466 3956 et
1513 3902 1806 3974 participes

226 3973 429 4033 divinae
458 3980 796 4037 substantiae
828 3983 982 4039 ﬁunt.
1016 3985 1156 4042 MAG.
1180 3986 1359 4043 luerat
1386 4005 1516 4061 ergo
1535 3973 1804 4049 humanae

225 4073 444 4124 naturae
465 4072 710 4140 potentia
735 4074 1188 4142 perfectissimam
1212 4077 1294 4132 sui
1320 4080 1683 4149 cognitionem
1706 4082 1804 4138 ha-

224 4153 395 4226 bendi,
429 4162 476 4216 si
511 4178 615 4218 non
644 4173 914 4234 peccaret.
939 4167 1083 4224 Dtsc.
1116 4170 1201 4225 Nil
1233 4173 1603 4231 verisimilius.
1629 4176 1822 4236 Casus.

222 4248 409 4320 quippe
429 4252 578 4309 illius
596 4255 874 4312 maximus
903 4266 958 4313 et
982 4260 1320 4318 miserrimus
1341 4272 1482 4331 erat,
1509 4267 1798 4325 scientiam

221 4347 275 4391 et
317 4343 643 4413 sapientiam
678 4346 781 4402 sibi
814 4347 1032 4405 insitam
1069 4352 1345 4420 deserere,
1385 4364 1441 4411 et
1471 4356 1525 4410 in
1568 4359 1795 4429 profun-

1920 1894 2371 1965 participatiune?
2408 1892 2543 1949 Nam
2585 1903 2641 1949 et
2685 1895 2902 1951 bonitas
2942 1905 3029 1950 est
3065 1905 3122 1952 et
3150 1897 3292 1951 bona
3327 1897 3505 1966 imago

1918 1983 2331 2053 participatione
2357 1983 2552 2038 summi
2582 1983 2709 2039 boni
2735 1999 3087 2057 summaeque
3107 1987 3384 2049 bonitatis,
3415 2006 3502 2043 cn-

1913 2071 2006 2141 jus
2028 2072 2207 2142 imago
2249 2081 2357 2138 est,
2391 2080 2614 2128 aeterna
2644 2087 2859 2142 quoque
2891 2082 2947 2130 et
2984 2078 3280 2155 aeternitas
3333 2080 3502 2147 parti-

1920 2162 2192 2233 cipatione
2225 2162 2368 2219 illius
2420 2164 2629 2219 aeterni
2662 2173 2720 2219 et
2760 2166 3118 2234 aeternitatis,
3178 2184 3209 2222 a
3246 2184 3351 2239 qua
3397 2170 3504 2221 fur-

1918 2266 2065 2313 mata
2116 2268 2231 2324 est,
2262 2258 2652 2328 omnipotentia
2704 2258 2832 2313 item
2874 2258 3288 2330 participatione
3319 2260 3460 2313 illius
3482 2260 3502 2290 '

1920 2350 2365 2420 omnipotentiae,
2394 2365 2423 2403 a
2451 2364 2555 2420 qua
2584 2351 2821 2415 condita,
2846 2360 2902 2405 et
2942 2350 3010 2405 ad
3041 2366 3203 2420 quam
3240 2366 3509 2405 conversa

1919 2439 2226 2508 speciﬁcata
2250 2447 2356 2495 est.
2380 2439 2515 2494 Nam
2542 2440 2586 2494 si
2617 2441 2853 2495 humana
2880 2452 3071 2495 natura
3099 2457 3203 2496 non
3230 2452 3497 2510 peccaret,

1919 2534 2096 2605 eique,
2110 2532 2200 2602 qui
2223 2546 2341 2588 eam
2357 2530 2693 2595 condiderat,
2708 2531 3216 2586 incommutabilitcr
3233 2532 3275 2568 ιθ
3300 2533 3501 2587 adhae«

1918 2632 2081 2688 reret,
2112 2622 2357 2694 profecto
2398 2623 2742 2691 omnipotens
2771 2630 2933 2679 esset.
2967 2622 3233 2694 Quicquid
3270 2625 3412 2677 enim
3445 2625 3497 2677 in

1919 2726 2112 2772 natura
2143 2731 2324 2771 rerum
2364 2713 2484 2770 ﬁeri
2520 2715 2699 2778 vellet,
2743 2715 3051 2770 necessario
3098 2714 3274 2779 ﬁeret,
3305 2714 3502 2789 quippe

1918 2808 2046 2862 dum
2076 2804 2151 2861 nil
2178 2805 2323 2859 aliud
2373 2803 2489 2859 fieri
2534 2802 2717 2867 vellet,
2747 2812 2966 2872 praeter
3014 2803 3157 2873 quod
3182 2802 3496 2858 Creatorem

1917 2898 1999 2953 sui
2059 2896 2178 2951 ﬁeri
2234 2894 2372 2950 velle
2442 2893 2795 2963 intelligeret;
2853 2892 3127 2948 Creatoris
3182 2901 3362 2947 autem
3417 2894 3498 2947 sui

1918 2989 2246 3045 voluntatem
2273 2988 2697 3056 omnipotentem
2751 2985 3248 3040 incouunutabilem
3278 2986 3500 3039 onmiuo

1917 3083 2262 3151 intelligeret,
2334 3081 2378 3134 si
2454 3080 2505 3134 ei
2574 3078 2795 3133 omnino
2859 3077 3198 3141 adhaereret,
3267 3093 3530 3157 eumque-

1840 3139 1884 3201 δ
1916 3190 2021 3230 non
2063 3175 2361 3238 desereret,
2412 3187 2480 3226 ne
2522 3172 2624 3226 sibi
2679 3170 2958 3226 dissimilis
2996 3180 3159 3234 esset,
3202 3180 3257 3225 et
3287 3180 3493 3236 cetera,

1914 3281 2053 3337 quae
2099 3274 2245 3320 recta
2286 3264 2495 3318 ratione
2552 3263 2619 3317 de
2678 3261 2789 3316 Deo
2842 3259 3064 3331 ejusque
3116 3260 3349 3331 imagine
3410 3261 3495 3316 iu-

1915 3357 2101 3429 telligi,
2137 3355 2221 3411 vel
2255 3355 2503 3425 cogitari,
2531 3353 2612 3411 vel
2656 3354 2956 3423 praedicari
2980 3362 3203 3422 possunt
3248 3354 3312 3407 “.
3355 3353 3494 3408 illac.

1912 3448 1967 3503 Si
1998 3463 2128 3519 ergo
2172 3447 2441 3501 humanae
2481 3453 2705 3499 naturae
2762 3452 2887 3498 ante
2930 3454 3212 3513 peccatqu
3243 3444 3417 3498 iuerat
3441 3454 3498 3498 et

1910 3541 2104 3595 suimet
2124 3537 2362 3609 perfecta
2389 3535 2646 3606 cognitio,
2688 3542 2743 3588 et
2777 3533 3057 3590 Creatoris
3084 3533 3190 3597 sui,
3235 3534 3361 3602 quid
3389 3534 3492 3586 mi-

1909 3646 2050 3687 rum.
2079 3630 2122 3683 si
2156 3626 2548 3683 rationabiliter
2576 3625 2642 3680 de
2663 3640 2726 3681 ea
2752 3624 3100 3696 intelligatur,
3126 3623 3523 3692 plenissimam.

1909 3719 2190 3775 scientiam
2226 3720 2270 3750 "
2313 3716 2568 3772 similium
2610 3716 2690 3770 sui
2724 3725 3063 3780 naturarum,
3110 3723 3171 3769 ut
3212 3723 3339 3769 sunt
3374 3730 3498 3769 cae«

1908 3812 2070 3867 lestes
2120 3809 2411 3876 essentiae,
2453 3818 2509 3864 et
2554 3807 2873 3864 inferiorum
2915 3822 2996 3871 se,
3027 3814 3088 3860 ut
3130 3815 3214 3860 est
3262 3808 3509 3861 mundus

1905 3903 2008 3958 iste
2033 3916 2158 3956 cum
2188 3899 2487 3954 rationibus
2528 3897 2642 3953 suis
2666 3896 2961 3951 intellectui
2993 3895 3491 3957 succumbentibus,

1904 3994 2179 4057 habuisse,
2228 4000 2283 4046 et
2332 3990 2509 4044 adhuc
2557 3987 2670 4043 sola
2709 3985 3065 4057 possibilitate
3117 3994 3171 4040 et
3215 3985 3390 4051 reipsa
3435 3984 3489 4038 in

1904 4085 2131 4141 summis
2159 4083 2468 4140 hominibus
2501 4079 2742 4135 habere?
2768 4079 2916 4133 DISC.
2946 4076 3102 4132 Clare
3144 4075 3491 4146 intelligenti-

1902 4176 2003 4233 bus
2032 4175 2268 4230 nouerit
2311 4172 2531 4231 mirum.
2559 4170 2651 4226 sed
2679 4183 2865 4224 verum
2907 4176 2961 4223 et
3010 4166 3320 4221 verisimile.
3349 4165 3485 4219 Man.

1902 4267 2092 4337 Magna
2142 4265 2258 4319 laus
2300 4271 2383 4319 est
2412 4262 2457 4294 “
2491 4277 2555 4317 ac
2582 4275 2708 4317 vera
2756 4260 3025 4315 humanae
3076 4267 3321 4321 naturae,
3376 4257 3485 4310 ium

1900 4358 2063 4413 etiam
2112 4356 2272 4419 illius,
2302 4354 2394 4424 qui
2430 4353 2511 4407 sic
2538 4366 2658 4405 eam
2702 4365 2889 4406 creare
2917 4349 3102 4403 voluit.
3149 4347 3488 4418 Quapropter

222 4431 336 4532 dam
358 4434 724 4505 ignorantiam
747 4440 946 4497 suimet
972 4453 1028 4498 et
1046 4442 1324 4503 Creatoris
1342 4448 1425 4503 sui
1450 4448 1581 4515 labi,
1604 4465 1795 4522 quam-
1826 4482 1874 4544 Β
1901 4448 1966 4503 de
1992 4444 2263 4503 intellectu
2291 4443 2440 4544 illius
2458 4450 2512 4495 et
2534 4437 3118 4544 cpgnitionesmtiliter
3145 4438 3248 4540 hoc
3270 4453 3486 4544 quoque

139 4556 186 4587 .,
219 4522 293 4577 vis
326 4526 604 4596 appetitus
650 4528 1019 4594 beatitudinis,
1069 4549 1230 4604 quam
1266 4537 1593 4605 perdiderat,
1626 4541 1791 4599 etiam

219 4624 333 4681 post
362 4632 554 4674 casum
608 4620 664 4675 in
694 4635 758 4675 ea
784 4624 1109 4681 remansisse
1138 4626 1493 4701 intelligatur,
1535 4633 1626 4702 qui
1651 4633 1704 4688 in
1727 4646 1790 4689 ea

217 4704 353 4761 nullo
399 4708 564 4765 modo
594 4721 923 4778 remaneret,
964 4715 1009 4770 si
1047 4716 1280 4787 seipsam
1328 4729 1384 4774 et
1429 4721 1598 4777 Deum
1633 4739 1789 4778 suum

215 4796 425 4853 omnino
474 4800 773 4871 ignoraret.
820 4803 959 4860 MAG.
1000 4805 1397 4865 Perfectissima
1444 4811 1606 4883 igitur
1652 4814 1673 4847 ⁷
1701 4829 1793 4870 co-

213 4886 373 4950 gaitio
396 4900 456 4945 et
482 4892 568 4946 sui
594 4901 651 4949 et
672 4892 948 4952 Creatoris
969 4898 1018 4952 ei
1055 4907 1180 4954 ante
1219 4910 1501 4970 peccatum
1527 4906 1786 4960 naturali-

1899 4536 2271 4607 accipiendum
2303 4533 2367 4587 ".
2397 4531 2469 4587 Ut
2493 4532 2636 4587 enim
2682 4531 2725 4562 “’
2755 4528 3018 4600 sapientia
3053 4529 3312 4594 creatrix,
3339 4531 3484 4599 quod

1897 4640 1980 4685 est
2009 4627 2240 4684 Verbum
2263 4623 2611 4689 Dei,omnia,
2639 4638 2777 4693 quae
2801 4623 2851 4676 in
2879 4636 2942 4675 ea
2967 4620 3106 4675 facta
3134 4622 3280 4687 sunt,
3307 4622 3483 4692 prius-

1896 4737 2058 4793 quam
2109 4717 2524 4783 lierent,,vidit,
2575 4716 2798 4787 ipsaque
2835 4715 2972 4771 visio
3011 4730 3221 4780 eorum,
3268 4732 3408 4786 quae
3438 4717 3483 4748 “‘

1896 4814 2205 4887 priusquam
2244 4811 2456 4874 ﬁerent,
2480 4809 2592 4863 visa
2624 4817 2769 4873 sunt,
2802 4823 2929 4862 vera
2976 4816 3031 4862 et
3061 4808 3479 4865 incommutabi-

1896 4906 1963 4962 lis
1994 4906 2037 4938 ³⁷
2081 4911 2411 4974 aeternaque
2450 4899 2682 4956 essentia
2726 4906 2845 4966 est,
2887 4898 2958 4954 ita
2982 4911 3163 4981 creata
3192 4901 3475 4972 sapientia,

1509 5011 1592 5069 VA
1604 5011 1760 5075 ΠΙΑΕ
1797 5013 2195 5073 LECTIONES.

206 5152 230 5253 ς
530 5152 575 5215 Α
620 5178 938 5253 reservatur.
1037 5152 1169 5251 ’.άῐξ
1196 5152 1351 5253 perit-v.1

271 5225 359 5299 Sic
388 5230 515 5296 CF;
551 5235 747 5287 aeterni
786 5245 834 5289 et
872 5225 1299 5295 aeternitatis'i—V
1316 5225 1457 5297 illius
1502 5225 1609 5298 om.
1638 5225 1721 5299 VA.

1896 5121 2156 5187 nusquam
2188 5120 2297 5187 qui.
2479 5104 2509 5187 3‘
2540 5101 2631 5158 Sic
2659 5102 2743 5158 CF
2764 5120 2779 5170 ;
2814 5103 2950 5187 ῥέζε
2994 5105 3178 5187 docere
3220 5122 3281 5157 az:
3312 5104 3469 5185 loqui.

2137 5176 2156 5207 "
2193 5174 2284 5229 Sic
2321 5173 2439 5238 CF;
2482 5174 2525 5243 Α
2569 5190 2712 5245 ergo.
2814 5174 2835 5205 ⁸
2873 5175 2962 5228 Sic
2990 5175 3108 5238 Cl“;
3149 5174 3191 5226 Α
3232 5176 3467 5226 aestimo.

2139 5263 2153 5307 ;
2193 5245 2236 5297 Α
2265 5243 2674 5298 immutabililer.
2785 5246 2825 5277 “
2875 5247 2962 5298 Sic
3001 5244 3464 5307 (2F;_A,..posscnt.

209 5294 362 5381 :Sir
569 5305 613 5357 A
643 5306 943 5381 plenissima
962 5309 1200 5381 scientia.
1277 5311 1322 5344 ³³
1645 5294 1872 5368 gerrim.
1899 5294 1996 5347 ﬁt"
2257 5294 2771 5379 "ii-'devnintellectu
2805 5294 3181 5381 “agitabilis
3210 5294 3470 5380 r't'eogni—

206 5370 341 5454 ξῖοξιθ
366 5370 1023 5454 similiteraccipiendum:
1043 5379 1137 5454 m"
1159 5382 1293 5435 enim
1311 5398 1418 5438 om.
1442 5383 1514 5449 F;
1545 5385 1583 5439 C
1600 5370 1765 5443 'utere
1794 5385 2080 5454 sapientia,
2104 5370 2196 5442 sed
2217 5370 2404 5438 literae
2432 5401 2515 5437 ere
2543 5384 2682 5437 linea
2708 5370 3089 5439 ιίυιιίιε.ιρ’διιιιι.,
3158 5382 3198 5411 ¹⁶
3234 5382 3323 5436 Sic
3349 5370 3465 5445 Cl";

204 5431 245 5486 Α
270 5452 393 5506 qua.
474 5442 519 5472 "
550 5442 589 5495 A
620 5431 1143 5504 incohtmuuicabilis.

1727 5545 1957 5601 NOTAE

271 5630 292 5658 υ
320 5620 571 5679 Danae}.
604 5626 770 5693 Scoti,
798 5629 1314 5706 Maxinriquumqucm
1346 5638 1605 5706 sequitur,
1636 5637 1917 5693 falsissima
1937 5640 2198 5695 iloctriaa.
2225 5640 2304 5691 (ll‘.
2330 5656 2389 5691 ea
2418 5637 2811 5706 quaet-01.50;),
2846 5642 2954 5685 not.
2988 5646 3008 5672 ιι
3036 5634 3133 5689 olis
3155 5636 3461 5694 ~rvaviuaus.
