3898 6154
429 236 531 292 779
986 298 1002 306 ,
1743 226 1751 236 ’
1806 237 1968 298 toan

2125 239 2322 298 SCOTI
2811 221 2828 233 “
3535 297 3543 303 ,‹
3571 241 3661 300 τεο

431 368 568 423 quae
622 358 704 408 est
723 349 966 407 humana
1011 356 1220 412 natura,
1269 350 1468 414 omnia,
1511 365 1647 422 quae
1693 354 1745 408 in
1790 370 1848 410 se
1865 356 2006 411 facta
2032 354 2486 418 Aintellectnalis
2528 362 2610 408 est
2653 353 2696 387 ιο
2737 353 3044 424 particeps;
3101 353 3168 409 de
3211 352 3440 423 angelica
3483 353 3660 425 quippe

431 451 574 506 sunt,
605 443 917 513 priusquam
963 433 1172 503 tierent,
1205 441 1476 512 cognovit,
1525 441 1746 513 ipsaque
1775 445 2010 516 cognitio
2116 446 2458 515 humanaque
2497 446 2727 500 essentia
2761 453 2816 500 et
2850 455 3042 498 natura
3068 453 3108 484 ἰ
3143 445 3394 514 scriptum
3427 454 3536 500 cst:
3570 445 3660 511 Qui

431 551 639 597 eorum,
667 549 826 604 quae,
851 533 1162 602 priusquam
1190 531 1378 588 tierent
1406 533 1443 596 ⁸,
1475 535 1686 605 cognita
1714 542 1860 599 sunt,
1885 549 2010 588 vera
2114 539 2236 608 fecit
2282 536 2452 591 caelos
2498 535 2552 590 in
2589 534 2870 598 intellectu,
2906 549 2970 590 ac
2999 534 3042 589 si
3073 543 3255 604 aperte
3291 535 3546 589 diceretur
3582 537 3657 589 "z

433 625 664 680 essentia
709 633 763 678 et
801 623 1116 678 inconcussa
1147 630 1248 676 est.
1297 619 1526 680 Proinde
1563 626 1674 695 ipsa
1707 625 1896 679 notitia
1931 615 2016 678 sa-
2117 627 2207 696 qui
2237 627 2366 680 fecit
2391 624 2776 680 intellectuales
2802 624 2997 678 caelos.
3033 624 3364 694 Quapropter
3404 641 3500 678 non
3526 627 3661 680 facile

431 714 662 784 pienliae
684 713 962 768 creatricis
983 713 1154 782 prima
1175 714 1516 784 eausalisque
1539 716 1702 769 totius
1728 724 2013 770 creaturae
2114 721 2350 776 occurrit
2374 721 2439 773 ad
2469 719 2894 790 intelligendum,
2916 719 2958 773 si
2983 718 3143 774 homo
3172 719 3422 789 angelicis
3445 722 3662 774 essentiis

429 803 660 859 essentia
691 811 837 858 recte
866 803 1182 871 intelligitur
1207 818 1349 867 esse,
1380 805 1616 875 cognitio
1650 819 1778 858 vero
1800 812 2014 859 creatae
2115 808 2545 864 substantialiter
2569 817 2887 862 concreatus
2909 809 2998 870 sit,
3023 809 3289 876 quomodo
3316 810 3663 862 omuiavisilti-

429 896 721 966 sapientiae
787 898 1021 952 secunda
1070 899 1302 952 essentia
1355 905 1406 952 et
1447 899 1743 968 superioris
1789 899 2014 954 notitiae
2115 899 2184 953 lia
2207 910 2262 953 et
2285 899 2571 954 invisibilia
2603 899 2653 952 in
2695 900 2808 967 ipso
2845 899 3058 952 condita
3096 909 3241 951 sunt.
3290 897 3404 950 Non
3439 900 3568 952 enim
3590 915 3662 951 ra-
3696 908 3710 922 '

427 977 651 1044 elfeetus
676 987 945 1044 subsistit.
985 989 1050 1043 Et
1082 991 1224 1058 quod
1253 990 1484 1045 diximus
1510 991 1576 1045 de
1605 993 1778 1060 prima
1805 998 1860 1046 et
1886 1006 2014 1045 cau-
2118 989 2248 1044 tioni
2276 990 2564 1044 convenire
2592 991 2823 1053 videtur,
2855 999 2912 1042 ut
2941 999 2996 1042 ct
3035 1005 3154 1042 cum
3186 989 3500 1042 caelestibus
3522 991 3665 1043 virtu-

428 1081 523 1135 sali
547 1082 779 1136 essentia
814 1082 866 1134 in
896 1083 1176 1136 creatricis
1222 1083 1516 1152 Sapientiae
1551 1085 1770 1138 notione
1807 1082 2010 1138 consti-
2116 1081 2258 1134 tibus
2302 1096 2432 1135 suae
2483 1081 2641 1134 simul
2669 1079 2990 1150 principium
3036 1081 3360 1134 conditionis
3393 1079 3590 1141 habeat,
3622 1089 3663 1132 et

427 1179 564 1235 tuta,
616 1172 790 1241 deque
838 1172 1070 1225 secunda
1123 1181 1176 1227 et
1220 1171 1486 1238 eﬂectiva,
1541 1189 1680 1244 quae
1725 1175 1778 1229 in
1833 1175 2013 1228 anima
2115 1186 2213 1226 eae
2259 1172 2302 1202 ¹³
2355 1173 2405 1226 in
2455 1173 2569 1242 ipso
2618 1181 2832 1226 creatae
2880 1173 3006 1224 sint.
3062 1171 3202 1225 MAG.
3253 1169 3310 1224 Si
3349 1171 3570 1224 intentus
3602 1172 3664 1223 in-

429 1261 664 1314 humana
691 1259 985 1314 subsistere
1019 1275 1126 1315 non
1177 1261 1470 1333 incongrue
1495 1263 1776 1326 asseritur,
1809 1263 1875 1317 de
1899 1279 2016 1316 om-
2118 1263 2497 1318 tellectnalium
2545 1271 2599 1317 et
2664 1263 3057 1317 rationabilimn
3102 1272 3418 1315 naturarum
3463 1263 3663 1330 recipro-

426 1351 587 1404 nibus
605 1349 876 1414 similiter,
901 1364 1039 1418 quae
1064 1351 1208 1405 circa
1233 1352 1704 1408 essentiamtotius
1735 1361 2016 1407 creaturae
2117 1369 2236 1407 cam
2267 1353 2660 1422 copulationem
2710 1361 2765 1406 et
2799 1353 3055 1406 unitatem
3105 1351 3425 1422 inspexeris,
3465 1352 3665 1407 invenies

426 1439 834 1511 dignoscuntur,
854 1441 1643 1516 incunctanterintelligendum
1667 1446 1811 1500 est’.
1845 1444 2016 1500 Omne
2115 1444 2358 1515 profecto
2383 1453 2437 1499 et
2462 1443 2755 1512 angelicam
2784 1445 3072 1499 essentiam
3123 1445 3176 1498 in
3219 1447 3470 1510 lunnana,
3497 1453 3546 1498 et
3584 1445 3662 1498 ltu-

426 1532 715 1601 siquidem,
745 1534 1102 1604 quodcunque
1134 1534 1187 1588 in
1219 1536 1451 1589 humana
1485 1535 1833 1606 intelligentia
1869 1535 2014 1588 circa
2120 1553 2333 1592 manam
2383 1538 2436 1592 in
2476 1537 2713 1606 angelica
2747 1539 3114 1591 constitutam.
3144 1536 3198 1590 In
3239 1538 3386 1590 omni
3417 1537 3661 1604 siquidem,

426 1621 754 1676 substantias
782 1639 962 1678 rerum
992 1625 1359 1688 constituitur,
1405 1641 1472 1680 ex
1501 1625 1614 1695 ipsa
1643 1625 1831 1678 notitia
1858 1639 2013 1678 crea-
2119 1629 2475 1698 quodcunque
2519 1643 2686 1697 purus
2728 1627 3030 1682 intellectus
3081 1627 3472 1696 perfectissime
3500 1643 3663 1696 cogno-

429 1711 581 1765 trieis
603 1712 896 1781 sapientiae
917 1727 1012 1782 per
1045 1721 1280 1768 creatam
1313 1713 1333 1744 ³
1356 1715 1671 1784 sapientiam
1700 1713 2008 1784 procedere.
2044 1703 2087 1762 Β
2118 1721 2241 1784 scit,
2271 1721 2349 1786 tit,
2375 1721 2530 1790 eique
2552 1737 2716 1774 unum
2741 1719 2988 1774 etlieitur.
3023 1721 3191 1774 Tanta
3216 1722 3414 1790 quippe
3444 1722 3668 1774 humanae

427 1812 575 1857 recta
613 1811 841 1884 naturae
893 1805 1258 1860 consideratio
1295 1806 1552 1861 declarat.
1603 1805 2020 1862 Constituantur
2119 1823 2344 1867 natm-ae
2395 1821 2448 1866 et
2498 1813 2774 1882 angelicae
2828 1813 3058 1866 societas
3102 1812 3301 1876 fuerat,
3343 1822 3394 1866 et
3448 1811 3598 1872 ﬁeret,
3631 1811 3666 1864 si

427 1903 606 1948 autem
673 1895 818 1950 circa
867 1896 1134 1950 essentias
1177 1895 1394 1963 quidem
1452 1897 1662 1967 Species
1713 1895 2016 1961 sensibiles,
2119 1904 2324 1972 primus
2349 1903 2510 1956 homo
2544 1918 2648 1957 non
2691 1913 2960 1972 peccaret,
2999 1912 3058 1956 ut
3085 1913 3321 1972 utraque
3346 1919 3501 1956 unum
3525 1901 3668 1956 enice-

426 1985 780 2053 (Ιυτηιῑῖῑθῐθεν
845 1986 1154 2055 (Ιιιῖιίίίθῑθεν
1210 1986 1349 2051 ⁸06³»
1403 1995 1666 2058 tempora.
1715 1996 1771 2042 Θῑ
1797 1987 2017 2049 Similia.
2122 2003 2288 2048 retur.
2333 1994 2484 2061 Quod
2528 1995 2688 2047 etiam
2737 1993 2790 2046 in
2840 1993 3065 2048 summis
3102 1993 3434 2054 hominibus.
3479 2007 3665 2060 quorum

427 2075 546 2131 sine
609 2077 805 2146 quibus
857 2077 1090 2132 essentia
1148 2076 1372 2148 intelligi
1437 2094 1555 2134 esse
1596 2079 1616 2109 ⁸
1673 2095 1777 2132 non
1821 2085 2016 2147 potest.
2121 2083 2391 2153 primitiae
2420 2083 2472 2136 in
2503 2083 2827 2137 caelestibus
2855 2090 2998 2145 sunt,
3027 2081 3140 2135 ﬁeri
3164 2082 3376 2150 incipit.
3403 2081 3459 2135 Et
3485 2081 3666 2149 angelus

429 2165 790 2233 Quamobrem
819 2175 1011 2234 totum,
1034 2168 1176 2237 quod
1207 2169 1456 2224 volumus
1507 2170 1756 2233 suadere,
1785 2170 2022 2224 breviter
2121 2176 2333 2243 quidem
2369 2175 2419 2228 in
2463 2175 2679 2228 homine
2715 2174 2774 2226 lit
2800 2189 2895 2242 per
2937 2171 3266 2226 intellectum
3297 2173 3488 2243 angeli,
3527 2172 3600 2240 qui
3625 2172 3668 2225 in

427 2261 506 2316 sic
549 2262 571 2293 ⁵
622 2277 908 2332 possumus
962 2263 1288 2319 concludere
1341 2284 1352 2319 :
1405 2265 1868 2340 Quemadmodum
1940 2266 2021 2320 in-
2119 2265 2340 2319 homine
2365 2272 2468 2327 est,
2513 2272 2568 2317 et
2599 2263 2757 2316 homo
2803 2262 2854 2314 in
2887 2261 3076 2341 angelo
3104 2276 3201 2330 per
3250 2261 3564 2315 intellectum
3587 2261 3665 2312 lto-

427 2353 676 2408 tellectus
721 2355 986 2423 omnium,
1016 2370 1154 2425 quae
1200 2356 1362 2410 Pater
1417 2357 1544 2412 fecit
1601 2357 1654 2410 in
1699 2371 1796 2411 suo
1841 2357 2020 2412 Verbo
2121 2357 2356 2410 tninisin
2386 2355 2576 2424 angelo
2606 2354 2978 2408 constitutum.
3008 2352 3107 2419 Qui
3133 2353 3394 2418 enim,ut
3419 2355 3536 2413 dixi,
3562 2366 3667 2420 pure

428 2445 726 2516 nnigenito,
772 2447 1004 2502 essentia
1043 2463 1228 2502 eorum
1261 2458 1362 2513 est,
1405 2459 1457 2503 et
1504 2459 1846 2516 cunctorum,
1883 2467 2020 2521 quae
2122 2449 2394 2519 intelligit,
2442 2448 2494 2500 in
2528 2463 2615 2511 eo,
2649 2447 2790 2515 quod
2831 2445 3098 2514 intelligit,
3147 2446 3224 2498 lit.
3278 2445 3478 2499 Natura
3524 2445 3667 2510 itaque

428 2540 572 2594 circa
600 2554 720 2594 eam
751 2540 1072 2595 naturaliter
1095 2541 1492 2614 intelliguntur,
1528 2543 1841 2598 substitutio
1867 2544 1910 2608 ³,
1945 2545 2017 2598 ita
2123 2536 2494 2593 intellectualis
2533 2545 2587 2589 et
2633 2535 2909 2589 rationalis
2942 2534 2984 2566 “‘
3027 2535 3268 2604 angelica
3327 2535 3379 2588 in
3408 2543 3580 2587 natura
3607 2533 3668 2584 in-

429 2631 667 2701 cognitio
713 2632 982 2694 omnium,
1017 2649 1156 2703 quae
1193 2633 1370 2690 Patris
1397 2635 1632 2690 Verbum
1681 2635 1734 2690 in
1785 2637 2017 2691 humana
2121 2630 2410 2686 tellectnali
2441 2638 2494 2684 et
2521 2627 2769 2682 rationali
2797 2628 3028 2680 lnunana
3062 2625 3196 2679 facta
3225 2636 3338 2689 est,
3367 2623 3672 2694 quemadmo-

431 2721 614 2776 anima
659 2721 900 2785 ereavit,
948 2723 1184 2778 essentia
1228 2733 1312 2778 est
1355 2739 1581 2790 eorum,
1627 2726 2016 2796 omniumque,
2120 2725 2245 2777 dmn
2301 2734 2355 2779 et
2408 2728 2638 2780 humana
2693 2725 2744 2778 in
2795 2723 3037 2792 angelica
3089 2738 3185 2792 per
3226 2723 3552 2792 reciprocam
3593 2732 3670 2771 eo—

428 2825 570 2880 quae
593 2811 738 2866 circa
761 2827 882 2866 eam
911 2813 1225 2867 naturaliter
1256 2815 1658 2886 dignoscantur,
1695 2817 2014 2882 subjectum.
2120 2815 2434 2882 gnitionem,
2491 2832 2596 2885 qua
2644 2825 2698 2872 et
2753 2815 2973 2885 angelus
3020 2815 3290 2868 hominem
3347 2811 3593 2882 intelligit,
3629 2815 3674 2861 et

433 2902 500 2958 Et
520 2903 972 2973 quemadmodum
1021 2905 1232 2960 divinus
1269 2907 1574 2964 intellectus
1595 2911 1872 2979 praecedit
1898 2926 2018 2964 om-
2121 2905 2280 2958 homo
2294 2905 2689 2976 angelunnNec
2712 2906 2928 2958 mirum.
2948 2903 3078 2956 Nam
3096 2913 3150 2957 et
3181 2917 3305 2964 nos,
3327 2905 3448 2957 dum
3472 2902 3674 2970 diSputa-

430 2995 540 3060 nia,
569 3003 625 3051 et
650 2997 829 3051 omnia
869 3005 974 3064 est,
1021 2997 1093 3052 it'a
1124 3001 1358 3070 cognitio
1393 3000 1768 3057 intellectualis
1807 3003 2018 3058 animae
2046 3041 2089 3070 ρ,
2122 3010 2261 3058 mus,
2282 2993 2856 3048 innobismetinvicem
2877 2993 3156 3048 ellicimur.
3182 2990 3460 3060 Siquidem
3487 2985 3673 3041 dumin—

429 3087 708 3154 praecedit
746 3087 946 3152 omnia,
999 3102 1139 3158 quae
1193 3091 1512 3160 cognoscit,
1556 3099 1610 3145 et
1637 3092 1838 3156 omnia,
1881 3107 2020 3160 quae
2046 3077 2090 3104 υ
2124 3085 2303 3155 telligo
2327 3086 2466 3155 quod
2504 3085 2773 3155 intelligis,
2807 3084 3106 3139 intellectus
3143 3092 3268 3136 tuus
3307 3081 3520 3143 eﬂicior,
3545 3077 3676 3132 etin-

431 3179 866 3247 praecognoseit,
902 3187 1020 3243 est,
1065 3187 1123 3232 ut
1175 3178 1228 3233 in
1279 3181 1460 3253 divino
1518 3181 1786 3237 intellectu
1839 3187 2023 3238 omnia
2121 3167 3674 3244 etl‘abiliquodammodointefactussum.Similiter-quando

431 3270 742 3334 causaliter,
794 3271 846 3325 in
881 3272 1116 3326 humana
1162 3287 1292 3327 vero
1321 3275 1624 3343 cognitione
1665 3275 2023 3330 eﬂ‘ectnaliter
2121 3262 3668 3338 pureintelligisqumlegoplaneintelligo,intellectusmeu:

433 3359 748 3412 subsistant.
797 3359 911 3414 Non
940 3362 1084 3432 quod
1131 3361 1234 3417 alia
1274 3363 1342 3417 sit
1391 3365 1632 3418 omnium
1675 3367 1929 3430 essentia,
1962 3375 2023 3422 nt
2122 3359 2372 3422 etiiceris,
2403 3373 2467 3412 ac
2495 3358 2562 3412 de
2591 3357 2800 3412 duobus
2835 3356 3192 3410 intellectibus
3231 3353 3288 3406 ﬁt
3330 3367 3484 3415 tutus,
3519 3348 3576 3402 ab
3602 3361 3673 3406 eo,

433 3467 596 3521 saepe
625 3453 882 3516 diximus,
921 3454 973 3508 in
1007 3455 1212 3519 Verbo,
1248 3455 1348 3510 alia
1391 3457 1442 3510 in
1493 3457 1732 3521 homine,
1756 3459 1848 3512 sed
1877 3458 2020 3526 qunti
2123 3449 2264 3520 quod
2297 3450 2456 3504 ambo
2481 3449 2692 3502 sincere
2714 3455 2768 3502 et
2796 3449 3173 3502 incunctanter
3207 3445 3566 3514 intelligimus,
3590 3437 3676 3490 lor-

435 3558 598 3595 uuam
645 3544 980 3615 eandemque
1029 3545 1186 3599 aliter
1238 3547 1290 3600 in
1336 3547 1516 3602 causis
1562 3549 1799 3604 aeternis
1832 3549 1852 3580 ἰ
1891 3550 2022 3605 sub-
2124 3548 2322 3594 matus.
2351 3539 2510 3595 Verbi
2537 3539 2732 3609 gratia.
2762 3547 2904 3593 utex
2940 3537 3181 3592 numeris
3205 3536 3507 3606 exemplum
3537 3531 3676 3584 intro-

433 3635 738 3694 sistentem.
765 3637 923 3690 aliter
951 3638 1002 3692 in
1035 3636 1316 3694 effectibus
1362 3637 1686 3696 intellectam
1721 3658 1872 3697 mens
1903 3659 2024 3713 spe-
2123 3629 2383 3685 dllcamlls
2431 3643 2446 3683 ³
2493 3630 2765 3683 senarium
2817 3643 3098 3682 "umerum
3142 3627 3254 3680 θυῖε
3309 3625 3544 3695 93'1")"s
3582 3631 3677 3672 ⁸⁵³⁸

435 3726 674 3790 eulatur;
711 3729 821 3783 illic
872 3731 1014 3785 enim
1046 3739 1267 3802 superat
1308 3747 1522 3786 onmem
1550 3733 1903 3800 intellectum,
1933 3711 1967 3789 lt

2139 3722 2409 3792 tequalem
2435 3721 2725 3792 intelligis;
2760 3728 2814 3774 et
2843 3736 2942 3790 ego
2973 3719 3224 3772 similiter
3254 3717 3512 3784 intelligo,
3539 3721 3586 3766 et
3615 3711 3678 3762 in-

441 3827 615 3874 :utem
645 3835 708 3875 ex
748 3821 853 3886 liis,
900 3838 1038 3892 quae
1085 3825 1230 3879 circa
1269 3839 1388 3878 eam
1421 3826 1854 3892 considerantur,
1902 3846 1980 3884 ess

2136 3815 2366 3884 lclligere
2391 3822 2442 3868 te
2463 3813 2722 3882 intelligo,
2761 3813 2900 3867 sicut
2919 3819 2974 3866 et
3003 3825 3089 3863 me
3114 3809 3371 3880 intelligis
3399 3805 3675 3873 intelligere.

434 3909 772 3966 solummodo
819 3913 1162 3986 intelligitur;
1196 3916 1248 3970 in
1284 3916 1528 3985 utrisque
1566 3931 1715 3981 vero,
1753 3920 1881 3987 quid
1929 3919 1972 3973 si

2140 3905 2367 3974 Uterque
2414 3913 2602 3960 noster
2641 3903 2944 3957 intellectus
2971 3893 3109 3956 unus
3141 3901 3199 3954 tit
3238 3901 3457 3954 senario
3489 3906 3679 3951 numero

433 4003 565 4058 nulli
611 4016 795 4060 creato
843 4005 1134 4062 intellectui
1189 4023 1346 4063 nosse
1389 4007 1535 4062 licet.
1581 4008 1715 4063 Nam
1775 4010 1819 4064 si
1874 4027 1971 4066 nos

2143 3995 2414 4058 'ormatus,
2445 4009 2510 4048 ac
2535 4009 2632 4063 per
2663 3995 2766 4048 hoc
2794 4001 2850 4046 et
2872 4007 2972 4062 ego
3005 3993 3058 4046 in
3095 4000 3144 4044 te
3166 4005 3348 4054 ereor,
3383 3999 3437 4044 et
3467 3997 3516 4040 tu
3547 3987 3591 4037 in
3613 3997 3682 4036 me

432 4093 682 4162 posset",
714 4110 820 4149 non
847 4098 1156 4150 muni-modo
1201 4096 1477 4153 Creatoris
1529 4101 1610 4154 sui
1651 4101 1936 4168 imaginem
1970 4102 2022 4156 in
2127 4087 2352 4142 θ’ΐθεινίεσ
2385 4085 2500 4140 Νοη
2529 4087 2672 4139 ollim
2711 4084 2857 4138 alilld
2897 4097 3104 4145 sumus.
3135 4081 3280 4135 aliud
3335 4089 3514 4134 “0519'
3557 4071 3686 4168 inlel’

433 4196 492 4233 se
537 4182 884 4250 exprimeret,
929 4186 1019 4254 qui
1051 4200 1118 4238 ex
1157 4185 1261 4249 Itis,
1301 4203 1531 4256 quorum
1581 4165 1922 4259 principium,
1971 4199 2028 4246 et
2129 4177 2335 4242 lectus;
2379 4193 2505 4232 vera
2537 4175 2800 4246 siquidem
2833 4189 2896 4228 ac
2921 4188 3130 4228 summa
3160 4183 3348 4224 nostra
3379 4165 3596 4259 essentia
3617 4167 3686 4214 est

436 4287 624 4334 (eiusa,
680 4281 735 4326 et
782 4274 1030 4328 conditur
1075 4285 1180 4339 est,
1226 4277 1570 4346 cognoscitur
1628 4257 1834 4331 tantum
1882 4294 2024 4342 esse,
2130 4270 2436 4323 ἱηίοηοοῑῑιε
2502 4265 2956 4337 ςοηιεηψιίιιὶοιιθ
3027 4263 3272 4316 "erimus
3353 4257 3682 4346 ερεεῖηεῐιίιιε·

434 4365 562 4428 quid
615 4376 792 4419 autent
843 4367 950 4430 sit,
1009 4383 1224 4422 omnem
1269 4383 1492 4423 sensum
1537 4379 1590 4424 et
1635 4372 1656 4403 '
1697 4370 1966 4424 intellectu

2146 4359 2280 4426 Quod
2314 4369 2492 4413 autem
2535 4357 2840 4412 intellectus
2888 4371 2994 4410 non
3045 4353 3216 4408 solum
3267 4345 3685 4440 coesscutialibus

436 4454 639 4525 tingit.
692 4458 837 4512 Dtse.
878 4458 1026 4512 Nulla
1056 4460 1218 4529 igitur
1261 4469 1510 4516 creatura
1559 4462 1642 4516 vel
1685 4463 1912 4516 visibilis
1941 4463 2025 4516 vel
2129 4451 2228 4505 Sibi
2277 4451 2506 4514 "amris.
2551 4464 2736 4502 verum
2784 4447 2946 4501 etiam
2994 4443 3342 4498 inferioribus
3391 4438 3686 4494 conformari

438 4547 723 4604 invisibilis
747 4551 1109 4606 conditionem
1149 4553 1384 4607 hominis
1409 4555 1704 4624 praecedit.
1750 4571 1852 4608 non
1883 4555 2022 4619 loco,
2125 4544 2318 4612 P053“:
2351 4543 2475 4595 dum
2513 4557 2606 4596 €35
2634 4541 2864 4595 amando
2897 4537 3147 4606 ίιιιθηίὲίῑ
3170 4549 3263 4589 se“
3312 4533 3688 4627 5°"'_i_"__s_‘?rm9

443 4651 548 4688 non
578 4645 839 4706 tempore,
868 4655 972 4693 non
1003 4641 1280 4711 dignitate,
1321 4657 1426 4697 non
1450 4644 1676 4712 origine,
1709 4660 1814 4699 non
1847 4653 1982 4698 aetet

2150 4633 2286 4688 locet
2323 4631 2679 4700 apostolicus,
2733 4625 3094 4682 intellectualc
3141 4631 3390 4678 nostrum
3427 4618 3470 4652 "
3499 4617 3689 4684 diligere

439 4725 630 4790 nitate,
659 4734 716 4782 et
742 4709 1231 4798 simplicitervnullo
1258 4709 1650 4802 praecessidnis
1678 4735 1873 4796 modo;
1911 4733 2023 4802 ipsa
2127 4723 2368 4779 visibiles
2399 4721 2603 4775 formas
2634 4721 2926 4790 PPOIIibeIIS
2955 4717 3022 4781 “,
3062 4715 3290 4770 dicendo
3325 4731 3338 4766 :
3376 4709 3551 4765 Nolite
3587 4720 3690 4757 con-

437 4831 569 4870 vt-ro
613 4819 919 4889 cognitione
971 4829 1025 4875 et
1076 4823 1356 4892 dignitate,
1411 4839 1512 4878 non
1565 4833 1742 4878 autem
1782 4825 1901 4879 loco
1942 4826 2026 4879 vel
2133 4819 2352 4887 formari
2383 4819 2503 4871 huic
2534 4815 2727 4870 seculo.
2779 4813 2891 4868 ilac
2939 4812 3121 4879 itaque
3167 4808 3377 4862 ratione
3413 4803 3690 4870 reciprocae

447 4919 686 4980 tempore
716 4912 986 4980 praecedit
1009 4926 1095 4974 ea,
1123 4929 1260 4984 quae
1283 4928 1404 4969 cum
1437 4929 1520 4976 ea.
1549 4922 1604 4968 et
1629 4915 1680 4968 in
1703 4929 1790 4978 ea,
1814 4923 1867 4968 et
1889 4914 2026 4969 infra
2135 4910 2520 4982 intelligentiae
2570 4918 2622 4962 et
2654 4906 2874 4978 angelus
2903 4905 2956 4958 in
2988 4903 3232 4965 homine,
3265 4909 3320 4955 et
3347 4901 3509 4953 homo
3538 4896 3584 4949 in
3611 4907 3688 4943 an-

455 5018 574 5056 eam
639 5011 820 5058 creata
873 5013 1030 5068 sunt;
1080 5005 1164 5059 his
1222 5019 1367 5068 vero,
1424 5004 1620 5073 quibus
1670 5005 2033 5074 condignitate
2133 5003 2274 5075 gelo,
2318 5019 2422 5057 non
2461 5002 2558 5056 abs
2599 5017 2656 5054 re
2681 4999 2856 5054 creari
2883 4997 3103 5060 dicitur,
3151 5005 3205 5050 et
3248 5006 3424 5062 neque
3469 4985 3689 5058 angelum

446 5103 674 5148 naturae
700 5092 939 5162 aequalis
967 5101 1070 5156 est,
1121 5093 1442 5149 caelestibus
1477 5093 1722 5150 videlicet
1757 5094 2030 5156 esscnliis,
2133 5095 2455 5166 praecedere
2479 5093 2750 5147 hominem
2783 5089 2886 5144 nlla
2918 5086 3240 5143 conditionis
3271 5084 3408 5154 lege,
3436 5081 3542 5134 ullo
3561 5087 3692 5147 priter

447 5194 735 5242 cenet-cata
782 5193 884 5240 est.
938 5184 1071 5240 Nam
1124 5195 1178 5240 et
1227 5187 1340 5257 ipsa
1392 5186 1641 5242 caelestis
1678 5187 1943 5242 essentiae
1979 5195 2033 5241 et
2135 5186 2398 5242 cessionis
2449 5185 2490 5217 "
2551 5182 2710 5237 modo
2767 5191 2914 5236 recte
2964 5178 3204 5234 creditur
3269 5184 3323 5230 et
3363 5169 3692 5269 intelligitur,

1728 5323 1983 5379 VARlAE
2025 5322 2420 5380 LECTlONES.

527 5418 542 5484 ξ
578 5415 668 5471 Sic.
695 5416 814 5483 (2F;
842 5417 1074 5484 cognorit
1097 5416 1364 5480 —ﬁcrem
1394 5431 1502 5470 om.
1535 5417 1576 5469 A
1652 5417 1672 5446 ²
1701 5426 1774 5470 est
1810 5432 1918 5472 om.
1945 5414 2050 5470 CF.
2129 5415 2148 5444 ³
2180 5415 2219 5467 Α
2252 5413 2547 5481 sapientiae
2567 5419 2912 5484 procreatam.
2987 5409 3008 5439 ⁸
3040 5407 3130 5462 Sic
3169 5403 3288 5484 FF;
3319 5403 3359 5455 Α
3411 5415 3521 5484 “fe
3566 5389 3694 5484 Wﬁl’

451 5465 662 5554 tigni}
703 5465 1108 5549 ἑῖίὰιβέλῇτ
1288 5465 1361 5516 ηδ.
1396 5465 2056 5540 ξίι-έιξίὶἶηιίο-δαί-’.Ᾱί-⁷
2104 5485 2144 5537 Δ
2181 5465 2427 5538 arietaria.
2504 5485 2524 5511 "
2557 5465 2649 5535 Sic
2683 5481 2800 5554 CF;
2905 5488 3090 5548 potest.
3155 5481 3186 5554 _'
3207 5465 3488 5554 sertsttnt‘et
3519 5465 3694 5554 oili-AA.-

444 5531 616 5608 ”JSie
645 5555 679 5608 Δ
759 5531 1013 5609 ξεῖν-οἶμ’.-
1235 5557 1270 5593 ι¹
1313 5567 1359 5608 et
1417 5531 1630 5610 mihi)“.
1657 5531 1766 5611 om:
1991 5562 2034 5592 ⁸³
2075 5555 2166 5610 Sic
2199 5554 2282 5606 Cl"
2305 5596 2318 5618 ,
2351 5557 2390 5606 Λ
2448 5553 2660 5606 diceret.
2741 5531 2855 5604 “VA
2888 5531 2938 5604 ert
2978 5547 3246 5603 cssentiae.
3325 5541 3365 5572 ”
3401 5540 3492 5595 Sic
3526 5534 3632 5596 LI";
3662 5531 3695 5582 Α

450 5645 801 5698 γαιιοηιιίιίἰίδ.
888 5646 927 5675 ¹¹¹
967 5645 1078 5707 Cl";
1116 5637 1229 5698 lii-iu
1263 5663 1274 5708 ;
1305 5646 1339 5696 Λ
1369 5647 1632 5699 nimirum.
1716 5647 1756 5676 ¹⁶
1786 5649 1873 5698 Sir
1897 5646 2009 5696 (Ἢ-
2045 5647 2082 5700 Λ
2114 5646 2402 5712 perhibetis.
2479 5645 2520 5683 ⁸⁷
2553 5644 2592 5696 Λ
2621 5643 2978 5713 processionis.
