3898 6154
267 267 358 338 ἰἑι

1091 270 1185 328 DE
1217 271 1556 330 DIVISIONE
1593 270 1946 330 NATURAE.
1984 301 2054 312 —-
2087 269 2285 325 LIBER
2322 259 2694 337 QUARTUS:

3419 265 3534 320 783:

265 389 506 464 quamvis
551 397 782 444 naturae
813 385 1104 458 angelicae
1145 387 1473 443 creationem
1523 386 1833 457 prophetica
1866 395 1912 452 Α
1941 383 2412 451 cnttlt‘tnplutiouis
2450 383 2613 436 homo
2656 380 3033 444 introducitur,
3069 379 3162 435 sed
3187 381 3375 436 eadem
3401 398 3526 436 con-

264 484 509 539 narratio
536 481 687 552 prius
712 480 1043 550 pronuntiet,
1072 490 1130 533 ut
1159 479 1310 534 tuulti
1343 479 1548 540 volunt,
1574 478 1867 535 humanae,

262 588 391 630 vero
413 573 702 642 posterius.
733 570 848 625 Non
875 571 1042 634 enim,
1077 580 1136 624 ut
1169 571 1246 624 ait
1273 577 1494 624 sanctus
1527 575 1545 606 ι
1582 565 1840 634 Augusti-

262 680 362 718 nus
410 666 464 718 in
506 663 790 717 undecimo
820 663 840 693 ¹
891 663 958 715 de
1003 661 1236 716 Civitate
1287 660 1404 724 Dei,
1455 657 1714 713 credibile
1739 664 1843 720 est,

258 757 496 810 divinam
523 754 856 822 Seriptnram
879 753 932 806 in
952 753 1205 822 operibus
1226 767 1318 806 sex
1345 747 1768 820 primordialium
1791 755 1846 802 et

257 843 679 912 intelligibilium
728 842 940 896 diermn
990 843 1354 896 conditionem
1387 839 1696 893 caelestium
1736 837 1848 890 vir-

262 942 438 987 tutum
461 932 682 986 omnino
705 930 935 996 siluisse,
963 931 1058 986 sed
1087 931 1166 985 vel
1193 932 1244 984 in
1275 931 1446 1000 prima
1478 929 1652 983 fronte
1673 927 1848 982 Gene—

259 1039 402 1086 seos,
459 1023 549 1076 ubi
606 1022 864 1090 scriptum
911 1031 996 1076 est
1053 1038 1066 1074 :
1117 1019 1183 1074 In
1237 1020 1494 1090 principio
1542 1018 1660 1088 fecit
1706 1017 1846 1070 Deus

211 1177 214 1180 ,
259 1113 466 1169 caelum
494 1125 539 1167 et
566 1123 782 1175 terram,
811 1111 945 1165 caeli
972 1111 1190 1164 nomine
1217 1125 1402 1164 earum
1440 1108 1702 1162 facturam
1728 1121 1851 1176 pro-

259 1207 483 1270 tulisse,
520 1213 612 1259 aut
642 1203 802 1274 paulo
837 1211 976 1272 post,
1014 1203 1103 1255 ubi
1151 1202 1227 1255 ait
1257 1219 1270 1255 :
1303 1200 1368 1254 Et
1399 1201 1529 1254 dixit
1563 1200 1724 1264 Dens,
1751 1199 1848 1268 ﬁat

257 1295 372 1358 lux,
402 1305 450 1347 et
479 1295 619 1363 facta
649 1303 722 1347 est
753 1292 864 1347 lux.
905 1291 962 1346 In
991 1291 1251 1345 alterutro
1281 1305 1514 1359 namque
1545 1289 1660 1342 loco
1692 1301 1850 1356 prae-

257 1386 439 1439 dictus
454 1383 614 1438 Pater
633 1383 928 1452 angelicam
949 1380 1311 1435 conditionem
1335 1379 1657 1432 insinuatam
1685 1376 1850 1431 fuisse

257 1474 516 1542 afﬁrmat,
546 1481 602 1528 et
625 1473 857 1526 maxime
881 1472 932 1526 in
959 1471 1214 1526 secundo.
1245 1468 1302 1522 lu
1334 1469 1507 1538 prium
1529 1467 1724 1537 quippe
1750 1466 1850 1520 sub

257 1564 394 1618 caeli
429 1563 789 1633 appellatione
826 1562 992 1616 totius
1028 1559 1315 1613 invisibilis
1351 1565 1635 1612 creaturae
1665 1556 1852 1609 condi-

257 1653 466 1707 tionem
495 1651 614 1722 plus
641 1650 836 1706 asserit
861 1648 1217 1718 siguilicatam
1261 1647 1314 1701 in
1356 1645 1571 1701 informi
1601 1643 1848 1707 materia,

1945 475 2289 544 templationc
2315 475 2491 528 sexies
2539 472 2767 544 repetita
2797 472 2848 526 in
2875 471 2978 525 fine
3001 471 3243 526 omnium
3280 471 3524 526 introdu-

1943 574 2064 620 ctus
2084 564 2200 619 est?
2231 563 2454 619 Videtur
2478 564 2624 618 enim
2647 577 2754 618 non
2785 560 2958 616 solum
2991 561 3228 632 angelica
3269 562 3524 626 essentia,

1943 673 2132 712 verum
2171 657 2335 710 etiam
2377 655 2712 711 sensibilium
2753 669 2932 708 rerum
2963 654 3197 723 quadam
3245 653 3526 724 dignitate,

1944 760 2007 805 ut
2051 765 2156 804 non
2188 749 2361 804 dicam
2396 741 2827 819 temporalitate,
2874 747 3165 801 humanam
3206 747 3531 816 praecedere

1946 841 2387 897 substitutionem
2411 844 2452 893 ο.
2494 840 2635 896 MAG.
2667 839 2919 908 Quinimo
2943 840 2995 894 in
3024 841 3129 895 hoc
3170 840 3404 894 maxime
3431 841 3534 894 hu-

1947 946 2140 986 manae
2186 930 2456 985 essentiae
2516 946 2678 1000 super
2707 931 2923 1000 omnia,
2963 945 3103 999 quae
3160 940 3304 995 sunt,
3361 931 3532 985 mani-

1947 1021 2237 1077 festissime
2274 1021 2510 1090 dignitas
2557 1022 2817 1091 aperitur.
2850 997 3126 1090 Siquidem
3172 1023 3294 1077 luce
3335 1022 3534 1076 clarius

1948 1114 2110 1167 datur
2151 1111 2402 1180 intelligi,
2436 1111 2486 1164 in
2522 1111 2796 1175 onmibus,
2841 1128 2981 1181 quae
3029 1122 3154 1167 ante
3184 1113 3502 1168 constitutio

1949 1217 2070 1256 nem
2103 1201 2337 1255 hominis
2369 1209 2682 1264 narrantur,
2715 1201 2888 1271 ipsum
2929 1201 3096 1257 fuisse
3126 1212 3390 1266 creatum,
3425 1203 3534 1257 imo

1949 1293 2130 1346 omnia
2181 1292 2234 1345 in
2289 1292 2406 1362 ipso
2458 1291 2774 1344 constituta.
2819 1291 2934 1345 Non
2985 1293 3126 1346 enim
3177 1292 3279 1346 alia
3325 1293 3536 1347 ratione

1949 1383 2128 1439 altiori
2161 1383 2407 1437 fortassis
2438 1383 2480 1413 ¹⁰
2520 1383 2572 1436 in
2598 1381 2727 1436 lucis
2768 1383 3030 1438 vocabulo
3065 1382 3377 1454 angelorum
3409 1399 3550 1438 con-.

1951 1475 2158 1531 stitutio
2213 1484 2401 1544 aperte
2459 1489 2568 1528 non
2628 1474 2972 1536 describitur,
3023 1474 3221 1544 quippe
3280 1489 3386 1528 non
3453 1482 3575 1528 est-

1951 1567 2153 1621 dictum
2200 1565 2240 1596 ¹¹
2289 1565 2382 1618 fiat
2419 1564 2680 1634 angelus,
2732 1563 2814 1617 vel
2862 1565 2904 1594 “
2955 1562 3220 1618 faciamus
3263 1563 3578 1634 angelum,.

1951 1656 2401 1732 quemadmodmtt
2445 1668 2696 1724 expresse
2751 1664 2836 1710 est
2883 1655 3144 1725 scriptum
3191 1673 3206 1710 :
3253 1653 3540 1710 Faciamus

255 1761 424 1816 quam
455 1745 732 1815 angelicae
757 1753 982 1799 naturae
1018 1743 1329 1813 specialiter
1359 1741 1758 1795 formationem.
1791 1738 1848 1792 Ιιι
1880 1741 1924 1798 Β
1951 1746 2237 1809 hominem,
2286 1743 2389 1799 nisi
2431 1753 2492 1797 ut
2542 1743 2893 1814 intell?gatur,
2943 1744 2996 1798 in
3051 1745 3361 1800 conditione
3405 1744 3542 1800 lueis

255 1853 319 1892 eo
359 1851 498 1890 vero
541 1835 681 1904 quod
713 1835 972 1905 scriptum
1013 1843 1096 1890 est
1129 1853 1142 1888 :
1178 1831 1302 1886 Fiat
1347 1831 1462 1897 tum,
1505 1840 1554 1885 et
1583 1830 1724 1900 facta
1775 1837 1850 1882 est

256 1931 370 1990 tux,
441 1925 751 1980 caelestium
807 1925 1165 1980 essentiarum
1216 1923 1594 1978 formationem
1645 1919 1851 1974 descri-

256 2026 410 2085 ptam
443 2016 822 2071 incunctanter
859 2017 1093 2071 asserit:
1128 2031 1434 2086 quanquam
1464 2014 1689 2068 aliorum
1730 2028 1853 2066 sen-

261 2122 382 2160 sum
443 2107 846 2172 introduxerit,
901 2107 990 2174 qui
1049 2109 1101 2161 in
1159 2107 1263 2162 hoc
1319 2106 1504 2160 divino
1540 2091 1856 2174 praecepto

257 2198 546 2269 cujusdam
579 2199 888 2266 primitivae
927 2198 1063 2252 lucis
1095 2199 1367 2253 sensibilis
1406 2198 1428 2230 ⁸
1481 2197 1772 2265 localisque
1802 2196 1855 2249 in

257 2288 642 2358 superioribus
689 2287 871 2341 mundi
908 2287 1152 2357 partibus
1190 2288 1484 2358 Opinantur
1517 2285 1857 2341 constitutio-

259 2393 419 2440 nem;
450 2377 538 2430 cui
587 2387 762 2429 tamen
793 2377 977 2430 sensui
1023 2377 1075 2430 in
1120 2377 1390 2432 Exeruere
1421 2390 1520 2428 suo
1548 2372 1860 2426 acutissime

260 2477 556 2536 repugnat.
586 2465 738 2532 Quod
765 2475 944 2520 autem
974 2466 1176 2519 dictum
1211 2475 1294 2519 est
1325 2505 1336 2518 .
1371 2463 1433 2517 Et
1462 2463 1638 2516 divisit
1668 2461 1809 2515 Dens
1836 2460 1860 2491 ⁸

259 2576 436 2615 .ucem
467 2576 502 2612 a
531 2558 774 2622 tenebris,
808 2567 858 2611 et
888 2559 1088 2612 vocavit
1138 2557 1276 2610 Deus
1308 2557 1475 2609 lucem
1517 2555 1679 2617 diem,
1720 2563 1860 2606 tene-
1897 2587 1904 2592 ν

263 2655 388 2704 bras
425 2665 548 2704 vero
579 2659 799 2712 noctem,
831 2648 1114 2716 dupliciter
1149 2647 1263 2700 vult
1300 2646 1523 2716 intelligi
1555 2664 1567 2698 :
1601 2653 1694 2699 aut
1716 2645 1858 2698 enim

259 2746 399 2798 lucis
432 2742 700 2797 vocabulo
729 2741 980 2795 formatio
1003 2749 1281 2795 creaturae
1305 2739 1576 2810 angelicae
1602 2737 1654 2790 in
1685 2735 1863 2805 specie

263 2833 514 2903 propria,
545 2832 888 2886 tenebrarum
924 2846 1053 2885 vero
1083 2830 1249 2901 ipsius
1268 2831 1599 2900 praecedens
1631 2827 1860 2898 origine,

261 2945 372 2982 non
408 2937 652 2995 tempore
676 2925 981 2980 informitas
1015 2925 1190 2979 adhuc
1214 2923 1579 2994 imperfectae,
1609 2933 1702 2977 aut
1729 2921 1864 2976 divi-

265 3019 426 3072 sione
461 3017 484 3048 ³
520 3017 654 3072 lucis
685 3033 714 3070 a
751 3017 991 3072 tenebris
1027 3018 1332 3087 segregatio
1373 3025 1536 3086 atque
1560 3013 1862 3087 differentia

268 3107 415 3162 ilius
435 3108 608 3178 partis
637 3107 935 3177 angelicae,
963 3123 1103 3173 quae
1135 3107 1402 3162 conditori
1433 3123 1530 3163 suo
1558 3107 1859 3162 incommu-
1889 3087 1934 3149 Ο

271 3200 519 3254 tabiliter
539 3199 876 3262 adhaeserat,
899 3199 1204 3268 meritoque
1225 3213 1355 3253 suae
1380 3199 1718 3254 obedientiae
1743 3197 1866 3250 bea-

271 3290 526 3344 titudinis
563 3290 827 3358 praescia,
857 3289 924 3342 ab
954 3304 1017 3342 ea
1049 3299 1226 3360 parte,
1255 3305 1396 3358 quae
1416 3290 1468 3343 in
1501 3290 1729 3342 veritate
1759 3303 1865 3342 non

267 3383 450 3446 stetit,
491 3380 586 3435 sed
632 3394 762 3434 suae
796 3381 1083 3452 superbiae
1129 3395 1301 3450 poena
1346 3381 1400 3433 in
1434 3381 1688 3434 tenebras
1716 3379 1868 3448 igno-

266 3476 486 3528 rantiae
530 3474 610 3528 sui
659 3473 840 3542 lapsus
877 3474 1062 3535 futuri,
1105 3481 1270 3541 atque
1322 3483 1574 3527 aeternae
1615 3471 1894 3526 miseriae-

264 3569 491 3628 cecidit,
545 3566 843 3636 significata
891 3567 913 3598 ⁸
963 3574 1064 3621 est.
1123 3567 1382 3636 Quisquis
1425 3574 1604 3620 autem
1653 3565 1865 3634 plenius

265 3659 415 3713 hunc
445 3659 714 3728 duplicem
739 3658 1071 3713 intellectum
1095 3658 1415 3713 divinissimi
1447 3656 1682 3726 magistri
1708 3671 1866 3712 nosse

268 3752 425 3814 velit,
468 3752 641 3820 ipsius
675 3753 835 3805 verba
882 3753 934 3806 in
975 3754 1242 3807 Exemero
1272 3769 1390 3814 suo,
1425 3761 1479 3806 et
1521 3752 1574 3805 in
1622 3749 1867 3820 praefato

263 3841 332 3894 de
361 3840 601 3895 Civitate
631 3840 722 3894 Dei
749 3841 1017 3895 volumine
1048 3843 1322 3896 studiosus
1353 3841 1527 3909 legat;
1562 3853 1704 3910 quae
1729 3855 1866 3908 quo—

265 3929 418 3981 niam
457 3928 690 3996 prolixa,
729 3938 784 3982 et
827 3929 1161 3983 omnibusin
1210 3928 1495 3999 propatulo
1537 3936 1685 3992 sunt,
1738 3926 1866 3981 huic

263 4027 495 4072 nostrae
528 4018 1019 4087 disputatiunculae
1057 4017 1387 4088 superﬂuum
1419 4017 1550 4070 mihi
1581 4017 1756 4070 visum
1781 4023 1866 4070 est

261 4106 531 4160 inserere.
563 4109 706 4162 Dtsc.
731 4107 983 4171 Protide;
1017 4124 1122 4161 non
1146 4109 1287 4162 enim
1311 4115 1620 4162 sanctorum
1643 4106 1865 4160 Patrum

261 4199 600 4259 sententiae,
634 4199 954 4266 praesertim
999 4199 1042 4253 si
1091 4197 1340 4266 plurimis
1369 4206 1529 4251 notae
1565 4196 1676 4250 sint
1704 4196 1747 4260 ",
1783 4195 1866 4249 in-

262 4289 638 4342 troducendae
683 4298 827 4351 sunt,
858 4290 958 4344 nisi
990 4289 1078 4342 ubi
1125 4304 1336 4342 summa
1379 4288 1673 4342 necessitas
1707 4286 1866 4342 robo-

261 4379 474 4432 randae
503 4379 935 4434 ratiocinationis
957 4380 1195 4449 exegerit
1217 4390 1436 4447 propter
1466 4394 1577 4442 eos,
1604 4378 1718 4447 qui,
1739 4392 1860 4432 cum

1952 1853 2056 1892 non
2089 1839 2266 1892 minus
2297 1837 2534 1891 hominis
2567 1852 2734 1906 quam
2782 1836 2956 1908 angeli
3005 1847 3246 1893 creatam
3294 1837 3542 1892 substan-

1953 1929 2084 1984 tiam
2115 1928 2471 2000 signilicatam
2505 1928 2669 1982 fuisse
2701 1927 2764 1980 ¹³.
2799 1928 2968 1982 Porro
2996 1928 3038 1983 si
3077 1927 3327 1982 caelestis
3353 1943 3542 1983 essen-

1954 2023 2062 2076 tiae
2086 2021 2411 2076 conditionis
2431 2019 2562 2073 lucis
2587 2017 2848 2073 vocabulo
2874 2017 3208 2089 significatae
3233 2018 3396 2074 homo
3416 2033 3543 2088 par-

1956 2115 2128 2184 ticeps
2179 2121 2281 2176 est,
2314 2111 2438 2182 quis
2487 2111 2531 2142 ιδ
2577 2125 2756 2165 rerum
2805 2119 3028 2165 naturas
3056 2109 3103 2142 “
3129 2117 3276 2165 recte
3325 2110 3539 2163 intuen-

1956 2203 2090 2256 tium
2123 2218 2229 2256 non
2262 2211 2658 2270 consequenter
2703 2199 2952 2267 inspiciat
2993 2199 3192 2264 omnia,
3227 2213 3367 2268 quae
3421 2207 3546 2267 post

1955 2293 2091 2347 lucis
2133 2291 2574 2348 constitutionem
2627 2297 2938 2354 narrantur,
2986 2290 3040 2344 in
3091 2291 3313 2344 homine
3359 2298 3542 2344 creata

1957 2399 2109 2448 esse,
2164 2398 2273 2438 non
2329 2382 2501 2437 solum
2551 2380 2845 2434 secundum
2895 2394 3082 2434 eorum
3143 2379 3540 2449 cognitionem,

1957 2488 2146 2528 verum
2179 2473 2343 2526 etiam
2381 2470 2676 2526 secundum
2717 2483 2803 2524 res
2849 2469 3014 2538 ipsas,
3045 2470 3364 2537 praesertim
3417 2469 3546 2522 dum

1960 2564 2339 2618 incunctanter
2401 2561 2624 2624 videat,
2691 2557 2836 2612 hunc
2905 2542 3159 2611 mundum
3234 2557 3546 2619 sensibilem

1959 2663 2181 2726 propter
2211 2648 2730 2707 hominem,factum
2763 2646 2928 2702 fuisse
2949 2689 2962 2712 ,
3007 2657 3064 2701 ut
3098 2649 3146 2702 ei
3185 2639 3462 2717 praeesset
3489 2657 3550 2701 ut

1963 2763 2058 2802 rex
2085 2760 2270 2815 regno,
2303 2753 2358 2798 et
2385 2741 2428 2774 "
2451 2741 2702 2801 dominus
2724 2740 2925 2805 domui,
2955 2748 3121 2809 utque
3146 2754 3210 2794 eo
3240 2739 3305 2793 ad
3333 2738 3547 2794 laudem

1963 2834 2243 2892 Creatoris
2267 2840 2532 2894 uteretur,
2557 2830 2716 2884 nuliis
2743 2829 2860 2897 ejus
2889 2829 3134 2898 partibus
3156 2829 3426 2892 subditus,
3451 2829 3550 2882 sed

1965 2942 2128 2997 supra
2155 2940 2298 2987 eum,
2337 2924 2388 2977 in
2414 2922 2560 2976 nullo
2589 2920 2706 2990 ejus
2736 2921 3003 2992 indigens,
3038 2921 3150 2976 solo
3172 2921 3434 2992 regimine
3463 2937 3552 2974 su-

1964 3024 2269 3090 pervectus.
2308 3012 2422 3067 Non
2459 3011 2600 3067 enim
2639 3013 2820 3077 homo,
2863 3012 2909 3066 si
2950 3027 3056 3066 non
3098 3021 3370 3082 peccaret,
3408 3013 3552 3066 inter

1963 3115 2146 3180 partes
2176 3103 2360 3158 mundi
2389 3101 2878 3164 administraretur,
2930 3100 3023 3156 sed
3067 3099 3183 3168 ejus
3209 3099 3252 3132 ’⁷
3281 3100 3553 3156 universi-

1967 3205 2134 3251 tatem
2160 3193 2380 3248 omnino
2407 3191 2509 3246 sibi
2537 3189 2808 3246 subditam
2839 3191 3270 3253 administraret,
3301 3205 3402 3244 nec
3433 3205 3552 3244 cor-

1964 3291 2146 3362 poreis
2171 3289 2256 3344 his
2284 3289 2532 3344 sensibus
2553 3287 2797 3342 mortalis
2823 3287 3066 3353 corporis
3093 3285 3159 3340 ad
3187 3283 3334 3339 illum
3358 3299 3554 3356 regen-

1965 3382 2092 3436 dum
2116 3391 2380 3444 uteretur,
2399 3395 2587 3434 vermn
2609 3379 2726 3433 sine
2743 3377 2850 3432 ullo
2871 3377 3110 3432 sensibili
3133 3386 3280 3431 motu
3297 3375 3378 3430 vel
3394 3375 3550 3430 loeali

1963 3472 2050 3526 vel
2074 3470 2378 3541 temporali,
2402 3469 2516 3524 solo
2541 3468 2848 3522 rationabili
2875 3467 3120 3521 contuitu
3150 3465 3478 3520 naturalium
3500 3477 3556 3519 et

1967 3563 2288 3616 interiorum
2321 3561 2438 3631 ejus
2461 3575 2773 3624 causarum,
2803 3557 3063 3614 facillimo
3096 3565 3280 3613 rectae
3305 3556 3556 3611 volunta-

1969 3651 2037 3704 tis
2064 3665 2187 3714 usu,
2221 3651 2517 3704 secundum
2547 3649 2694 3718 leges
2725 3649 2937 3703 divinas
2966 3647 3319 3703 aeternaliter
3345 3661 3410 3702 ac
3438 3647 3557 3701 sine

1965 3758 2155 3800 errore
2185 3742 2532 3811 gubernaret,
2564 3741 2679 3796 sive
2711 3742 2761 3794 in
2793 3740 3266 3794 administratione
3295 3738 3582 3808 partium”

1966 3836 2080 3889 sive
2109 3835 2161 3887 in
2195 3832 2663 3887 administratione
2695 3830 3090 3884 universitatis.
3142 3829 3198 3883 Si
3236 3844 3366 3882 vero
3391 3828 3556 3882 Crea-

1967 3934 2138 3978 torem
2168 3921 2468 3977 deserendo
2504 3937 2569 3980 ex
2607 3921 2865 3990 dignitate
2915 3935 3046 3974 suae
3091 3929 3318 3972 naturae
3350 3919 3400 3972 in
3431 3933 3553 3972 eum

1965 4017 2206 4078 caderet,
2253 4014 2392 4068 inter
2435 3987 2753 4082 partcslejtis
2783 4011 3090 4081 ignobiliter
3133 4011 3440 4079 deputatus,
3475 4010 3556 4062 dic

1964 4107 2087 4160 vina
2111 4106 2320 4176 justitia
2352 4113 2654 4168 correctus,
2686 4119 2818 4157 suae
2840 4100 3326 4171 praevaricationis
3354 4114 3557 4168 poenas
3593 4144 3598 4148 .

1965 4197 2158 4252 lueret.
2209 4197 2442 4250 Proinde
2483 4204 2602 4264 post
2639 4197 2822 4260 mutuli
2859 4193 3087 4249 visibilis
3113 4202 3339 4248 ornatus
3369 4208 3556 4246 narra-

1966 4289 2166 4342 tionem
2200 4286 2564 4341 introducitur
2595 4288 2756 4341 homo
2789 4286 2953 4340 veluti
2983 4285 3221 4339 omnium
3255 4283 3555 4346 conclusio,

1963 4387 2024 4432 ut
2055 4378 2465 4449 intelligeretur,
2499 4379 2642 4447 quod
2680 4378 2884 4443 omnia,
2913 4393 3054 4446 quae
3080 4386 3205 4431 ante
3231 4377 3402 4446 ipsum
3426 4392 3555 4430 cun-

257 4469 374 4522 sint
433 4469 868 4523 ratiocinationis
919 4470 1096 4536 inscii,
1147 4469 1268 4540 plus
1326 4468 1637 4522 auctoritati
1697 4483 1860 4538 quam
1894 4441 2077 4526 l)dita
2130 4479 2456 4533 narrantur,
2509 4470 2562 4523 in
2611 4470 2726 4539 ipso
2773 4469 3154 4524 univcrsaliter
3200 4469 3556 4537 comprehen-

162 4552 210 4578 "
258 4557 467 4610 rationi
501 4560 885 4612 succumbunt.

334 4645 428 4699 10.
473 4646 579 4701 Sed
613 4648 775 4700 velim
809 4663 904 4715 per
935 4657 986 4702 te
1019 4663 1204 4713 nosse,
1239 4650 1592 4717 quamobrem
1623 4647 1864 4718 angelica

257 4737 583 4791 c0u5tilutio
632 4738 792 4792 veluti
822 4740 872 4792 in
902 4741 1074 4808 prima
1105 4739 1453 4794 intellectuali
1490 4740 1597 4805 die,
1629 4739 1733 4792 hoc
1763 4747 1864 4801 est,

259 4825 316 4880 in
370 4828 545 4894 prima
595 4830 944 4898 propheticac
1000 4831 1473 4900 contemplationis
1523 4831 1864 4885 ordinatione

256 4924 540 4978 narratur,
574 4921 917 4986 postmodum
963 4937 1092 4974 vero
1148 4922 1464 4991 interposita
1511 4923 1858 4990 quaternaria

253 5005 534 5060 sensibilis
579 5009 761 5061 mutuli
807 5011 1010 5064 tlteuria
1055 5011 1288 5065 humana
1337 5020 1487 5066 sexta
1527 5012 1858 5080 contempla~

255 5094 412 5148 tione
464 5096 822 5150 introducitur
886 5098 1139 5154 formatio
1193 5118 1205 5154 :
1262 5101 1344 5154 vel
1415 5111 1475 5155 ιιι
1535 5103 1776 5170 θρανιὶιε
1831 5101 1852 5133 ⁸

253 5183 464 5248 dicunt,
490 5201 660 5255 quare
689 5204 794 5241 non
825 5189 875 5242 in
903 5190 1078 5259 primo
1105 5191 1326 5246 introitu
1377 5193 1541 5248 totius
1569 5202 1852 5246 creaturae

1967 4563 2186 4616 duntur.
2236 4561 2425 4616 Omnis
2467 4560 2611 4614 enim
2657 4575 2916 4615 numerus
2957 4559 3131 4626 major
3170 4559 3432 4614 minorem
3474 4557 3556 4612 in-

1971 4659 2052 4704 tra
2079 4649 2123 4681 ¹⁸
2154 4665 2212 4704 se
2239 4663 2521 4702 numerum
2550 4649 2840 4703 concludit.
2871 4647 3006 4701 Nam
3034 4648 3077 4702 si
3107 4647 3341 4703 hominis
3371 4647 3556 4703 concli-

1972 4739 2047 4792 tio
2085 4737 2336 4808 primitus
2375 4737 2428 4790 in
2465 4737 2778 4791 narratione
2821 4737 3160 4792 conditarum
3216 4725 3406 4791 rerum"
3443 4737 3554 4790 sive.

1971 4831 2263 4884 visibilium
2312 4829 2426 4884 sive
2471 4829 2820 4884 invisibilium
2873 4837 3056 4899 aperte
3108 4828 3150 4859 "
3202 4829 3551 4887 itttlit'art‘lttz‘,

1970 4932 2151 4977 cetera
2191 4923 2394 4986 omnia,
2443 4938 2673 4992 quorum
2723 4923 2960 4977 conditio
3003 4922 3332 4976 narrationis
3366 4920 3555 4974 ordine

1968 5013 2296 5066 creationem
2349 5012 2514 5081 ipsius
2562 5019 2877 5079 sequeretur
2917 5011 2980 5074 '°,
3034 5020 3189 5064 extra
3232 5006 3543 5064 naturam"

1962 5100 2079 5167 eius
2110 5101 2402 5154 subsistere
2449 5117 2555 5153 non
2602 5101 2876 5154 immerito
2902 5102 3237 5155 viderentur.
3274 5097 3392 5150 Jam
3425 5111 3551 5147 vero

1961 5194 2213 5261 quoniam
2243 5193 2295 5245 in
2329 5191 2432 5246 fine
2459 5191 2697 5245 omnium
2729 5191 3033 5246 divinorum
3057 5190 3102 5221 "
3128 5200 3352 5258 operum
3385 5185 3553 5238 intto-

1569 5281 1822 5335 VARIAE
1861 5281 2264 5336 LECTIONES.
3352 5347 3358 5352 δ

334 5371 348 5400 ¹
404 5382 610 5424 sam-Ius
639 5389 747 5424 om.
779 5373 885 5428 CF.
961 5377 982 5406 ’
1015 5375 1105 5429 Sic
1128 5375 1244 5440 Cl“;
1273 5376 1316 5428 Α
1359 5377 1408 5429 in
1442 5378 1725 5430 undecimo
1773 5375 1924 5428 libro.
2001 5374 2022 5405 ⁸
2055 5374 2144 5428 Sic
2176 5373 2297 5437 CF;
2338 5374 2377 5427 A
2415 5375 2651 5427 visibilis.
2730 5373 2751 5404 ⁸
2813 5373 2948 5426 Deus
2977 5384 3086 5424 om.
3119 5369 3185 5423 Α.
3260 5369 3280 5400 ⁸
3309 5367 3400 5419 Sic
3425 5364 3546 5440 CF;

251 5439 292 5492 Α
329 5440 622 5514 diuisionis.
688 5443 803 5514 7‘_.\
849 5446 1197 5514 siqui/iculum
1234 5439 1355 5500 est.

252 5510 580 5563 szti’stittttin.
659 5512 824 5584 '°VS:r
859 5510 993 5577 (ζῐθς⁷
1021 5516 1198 5568 nltiori
1225 5517 1466 5584 fortassis
1509 5533 1617 5569 om.
1652 5517 1712 5567 Δ.

251 5583 986 5652 r‘tavitamsigniﬁertimmn
1036 5583 1231 5652 fuisse.
1296 5587 1338 5616 ¹’⁸
1379 5587 1413 5638 Α
1457 5589 1626 5651 quasi.

252 5650 297 5684 ⁸⁸
339 5651 430 5701 tie
462 5651 571 5716 lli";
605 5655 642 5704 Α
678 5654 750 5705 in.
835 5657 874 5683 ¹⁵’
909 5656 945 5707 .\
982 5650 1117 5724 (ψέρ.
1195 5657 1236 5686 "'7
1272 5657 1308 5708 .\
1345 5650 1689 5724 vrqttwvttttr.

1434 5447 1453 5478 ⁷
1497 5447 1587 5500 Sic
1627 5446 1744 5509 CF;
1794 5447 1838 5498 A
1883 5455 2022 5497 sunt.

1813 5518 1847 5547 “
1887 5516 1975 5569 Sic
2015 5514 2130 5576 CF;
2183 5512 2224 5566 Α
2258 5530 2359 5566 nou
2402 5516 2597 5568 diuum
2637 5526 2731 5566 est.

1712 5587 1752 5614 ”‘
1787 5585 1874 5635 Sic
1913 5586 2028 5636 (lii:
2064 5585 2104 5636 Α
2139 5583 2418 5636 naturalis.
2499 5585 2541 5625 ιδ
2580 5585 2668 5636 Sic
2697 5588 2731 5633 (ζ

1735 5587 1752 5614 5
1787 5585 1838 5618 ρ·
1863 5603 1874 5615 .
1913 5586 1994 5636 (η’

1789 5605 1858 5635 ιἸ(
1942 5607 1983 5637 .I‘

1771 5657 1810 5687 "
1846 5658 1926 5710 Sit
1955 5657 2070 5722 (.l’;
2109 5655 2146 5707 .\
2194 5654 2455 5707 notitiam.

2532 5444 2551 5474 ⁹
2594 5445 2683 5499 Sic
2714 5443 2826 5502 (Ἐς
2878 5444 2919 5495 Α
2950 5443 3181 5493 Immmm
3228 5437 3552 5498 praecedere

2811 5513 2852 5546 ¹³
2899 5511 2940 5563 Α
2989 5519 3061 5561 ut.
3143 5508 3187 5543 "
3224 5506 3452 5567 Sion";
3507 5508 3545 5558 Α

2499 5585 2541 5625 ιδ
2580 5585 2668 5636 Sic
2697 5583 2809 5635 (Ἐξ
2847 5582 2883 5632 .-\
2930 5589 3001 5630 ut.
3090 5578 3128 5608 ¹τ
3187 5579 3299 5646 (jus
3340 5593 3446 5628 om.
3484 5575 3544 5626 Α.

2536 5659 2577 5689 ﬂ
2615 5656 2699 5704 Sir
2737 5651 2848 5714 Cl";
2899 5651 2934 5700 .\
2966 5647 3258 5703 dirinorum
3296 5648 3549 5704 omnium,

2101 5444 2121 5473 "
2162 5443 2202 5496 Α
2249 5445 2441 5512 aptius.

2015 5602 2028 5642 ξ
2064 5585 2104 5637 Α
2139 5583 2418 5636 naturalis.
