3898 6154
230 238 327 299 785

1033 232 1122 286 DE
1160 231 1501 288 DlVlSlONE
1539 224 1894 285 NATUBaE.
1926 257 1997 267 -—-
2037 227 2239 282 LIBER
2277 225 2624 296 QUARTUS.

3383 221 3486 276 736

227 358 438 422 propter
478 360 697 403 sensum
743 345 885 399 facta
910 383 925 407 ,
978 358 1084 396 non
1137 352 1315 397 autent
1353 352 1544 397 aeneus
1577 346 1799 411 propter
1828 340 1872 395 A
1902 335 2184 410 Scriptura
2215 341 2425 396 dicente
2456 359 2468 393 :
2506 338 2569 393 Et
2606 339 2738 392 dixit
2782 337 2923 392 Deus
2950 351 2968 387 :
3003 334 3285 390 Faciamus
3319 335 3486 389 homi-

226 439 530 502 sensiliilia,
578 452 737 493 nemo
774 437 1074 506 sapientum
1124 434 1367 498 dubitat;
1420 426 1613 491 deinde
1662 429 1802 501 quod

224 547 343 585 vera
398 532 609 584 ratione
652 525 1001 597 praepenitur
1046 524 1306 595 dignitate
1354 531 1580 577 naturae
1606 559 1623 585 ,
1661 517 1802 589 quod

216 624 437 693 iudicat,
468 624 539 689 ei,
563 621 704 693 quod
735 620 1026 690 judicatur.
1082 616 1286 672 Sensus
1323 627 1504 670 autem
1534 616 1601 670 de
1633 613 1804 668 sensi-

225 716 444 776 bdabus,
487 730 589 767 non
628 726 758 767 vero
806 709 1081 764 sensibilia
1130 708 1198 762 de
1245 708 1495 763 sensibus
1536 704 1801 777 judicare,

222 805 342 860 nulli
378 815 609 858 naturas
640 806 816 857 rerum
853 816 987 870 pure
1012 797 1307 868 speculanti
1348 807 1432 851 est
1473 795 1800 865 ambiguum.

223 893 330 948 lluc
356 893 590 957 accedit,
622 893 763 962 quod
795 906 985 946 sensus
1031 906 1137 945 non
1177 889 1277 943 nisi
1309 889 1361 943 in
1393 885 1694 943 substantia
1726 884 1808 937 vi-

222 986 331 1050 tali,
362 986 556 1055 inqua
584 981 1057 1037 manifestissimus
1093 990 1271 1036 motus
1295 979 1436 1033 vitae
1467 987 1566 1040 est,
1604 973 1807 1030 consti-

223 1079 383 1133 tuitur
464 1075 739 1131 sensibilia
787 1091 952 1135 vero,
1008 1073 1065 1127 in
1111 1081 1371 1143 quantum
1403 1083 1629 1139 corpora
1656 1076 1801 1128 sunt,

220 1166 480 1238 quoniam
514 1175 817 1220 extremum
847 1165 900 1218 in
922 1162 1192 1217 creaturis
1212 1160 1459 1218 obtinent
1485 1158 1681 1217 locum,
1706 1170 1805 1208 nec

220 1271 428 1327 semper
465 1266 670 1311 motum
706 1255 848 1310 vitae
888 1262 1076 1325 aperte
1121 1252 1516 1307 demonstrant.
1565 1244 1805 1302 Sensibi—

220 1346 343 1401 lium
374 1348 584 1416 quippe
607 1345 872 1417 quaedam
899 1354 1045 1409 sunt,
1074 1343 1129 1397 in
1165 1341 1361 1412 quibus
1390 1351 1481 1394 aut
1508 1338 1596 1392 vix
1626 1334 1806 1390 vitalis

219 1447 392 1493 motus
424 1445 680 1508 apparet,
705 1446 797 1489 aut
828 1449 1124 1505 nunquam.
1143 1431 1421 1488 Postremo
1452 1428 1654 1483 nullutn
1687 1444 1807 1480 scn-

218 1528 365 1583 sibile
394 1528 515 1582 vita
540 1538 645 1593 est,
674 1527 921 1596 quamvis
955 1536 972 1566 ί
1005 1524 1115 1580 vita
1146 1522 1351 1578 moveri
1380 1521 1624 1575 videatur
1648 1533 1662 1571 :
1688 1533 1809 1574 seu-

220 1638 331 1676 sum
358 1638 503 1677 vero
530 1637 637 1676 non
664 1622 837 1675 solum
883 1619 1065 1674 vivere
1088 1657 1105 1683 ,
1147 1631 1335 1671 verum
1366 1614 1530 1669 etiam
1559 1612 1809 1666 substan-

1907 449 2023 488 nem
2043 435 2111 487 ad
2132 434 2407 503 imaginem
2437 440 2483 486 et
2507 429 2899 484 similitudinem
2938 437 3192 486 nostram,
3218 435 3261 478 et
3295 426 3487 492 praesit

1904 524 2129 593 piscibus
2160 525 2322 576 maris
2341 562 2357 586 ,
2390 533 2436 576 et
2465 518 2765 576 volatilibus
2797 516 2949 581 caeli,
2978 526 3023 570 et
3053 516 3246 580 bestiis,
3282 518 3488 570 univer-

1904 633 2091 686 sueqne
2139 627 2448 679 creaturae,
2500 615 2740 684 omnique
2787 611 2957 681 reptili
2991 612 3129 680 quod
3173 624 3406 664 movetur
3434 608 3490 663 in

1905 703 2064 761 terra.
2105 706 2171 759 Et
2199 709 2387 761 ereavit
2416 706 2554 760 Dens
2582 706 2839 759 hominem
2885 703 2955 757 ad
3001 703 3277 770 imaginem
3316 717 3488 765 suam,

1904 799 1976 852 ad
2012 800 2289 865 imaginem
2341 797 2438 851 Dei
2474 798 2664 850 crearit
2703 795 2871 849 illam.
2929 791 3029 848 Ubi
3076 793 3251 863 primo
3303 800 3493 844 notau-

1906 890 2031 944 dum
2062 931 2076 955 ,
2119 890 2261 958 quod
2294 890 2344 943 in
2376 889 2685 943 conditione
2709 888 2949 943 omnium
2976 926 2991 951 ,
3041 901 3180 954 quae
3224 884 3291 937 ab
3337 883 3496 937 initio

1905 993 2191 1038 creaturae
2222 984 2272 1036 in
2302 981 2591 1052 praedictis
2628 980 2866 1050 quinque
2905 975 3355 1032 intellectualilms
3384 974 3495 1027 die-

1905 1073 2006 1127 bus
2031 1081 2346 1134 narrautur,
2375 1071 2588 1125 divinae
2615 1078 2841 1123 naturae
2873 1063 3339 1135 superessentialis
3372 1064 3485 1115 un".-

1908 1174 1991 1218 tas
2019 1172 2067 1218 et
2103 1162 2385 1218 inell‘abilis
2406 1160 2643 1216 Trinitas
2662 1160 2706 1225 ",
2730 1160 2837 1223 vel,
2867 1167 2925 1212 ut
2954 1159 3030 1211 ait
3059 1165 3276 1211 sanctus
3299 1155 3496 1225 Diony-

1907 1257 2020 1310 sius
2047 1254 2393 1325 Areopagita,
2438 1269 2672 1307 summae
2711 1251 2960 1305 bonitatis
2991 1248 3284 1318 {calliditas
3311 1254 3498 1313 aperte

1906 1361 2014 1401 non
2036 1353 2117 1399 est
2136 1358 2412 1413 expressa.
2442 1341 2701 1408 Quamvis
2724 1340 2776 1394 in
2801 1353 2887 1404 eo,
2915 1337 3057 1408 quod
3082 1336 3338 1407 scriptum
3366 1341 3448 1387 est
3478 1349 3492 1383 :

1908 1433 1975 1488 In
2014 1432 2267 1503 principio
2311 1432 2430 1501 fecit
2474 1431 2612 1485 Dens
2651 1428 2851 1484 caelum
2880 1438 2928 1481 et
2954 1437 3147 1480 terram
3170 1464 3187 1489 ,
3231 1422 3409 1477 Patris
3444 1431 3501 1476 et

1908 1522 2030 1578 Filii
2063 1537 2324 1594 personas
2357 1519 2652 1592 signiﬁcari
2683 1532 2787 1572 non
2830 1516 3123 1584 incongrue
3145 1509 3497 1577 intelligitur:

1911 1614 2012 1669 Dei
2043 1614 2259 1685 quidem
2288 1612 2552 1667 vocabulo
2579 1610 2762 1673 Pater,
2801 1606 3047 1676 principii
3085 1618 3211 1659 vero
3241 1600 3499 1661 Verbum,

221 1714 327 1776 liali
354 1718 545 1770 inesse
574 1715 715 1769 vitae
740 1716 780 1778 ³,
816 1713 931 1782 ipsa
962 1711 1121 1766 docet
1162 1718 1378 1764 natura.
1427 1706 1493 1760 Et
1520 1705 1565 1760 si
1595 1702 1812 1775 quanti-
1838 1683 1886 1743 Β
1914 1715 1968 1760 et
1988 1683 2146 1777 paulo
2165 1716 2284 1775 post
2299 1703 2536 1773 Spiritus
2552 1708 2773 1756 sanctus
2792 1692 3277 1757 introducitur,ubi
3299 1691 3500 1746 dictum

223 1819 299 1864 tas
323 1820 377 1866 et
398 1808 728 1881 magnitudo
753 1819 1047 1877 corporeae
1084 1802 1241 1858 molis
1268 1801 1321 1856 in
1350 1799 1513 1855 rebus
1538 1795 1810 1853 sensibili-

221 1903 316 1958 bus
339 1901 625 1966 laudatur,
675 1898 993 1955 laudabilior
1020 1905 1105 1953 est
1143 1896 1260 1966 ipsa
1306 1891 1586 1962 quantitas
1612 1897 1667 1944 et
1697 1903 1811 1941 ma-

220 1995 442 2063 gnitudo
492 1992 748 2056 virtutis,
798 2005 939 2061 quae
989 1989 1044 2046 in
1087 1986 1337 2043 sensibus
1379 1983 1666 2039 substituta
1705 1989 1808 2035 est.

221 2081 368 2146 Vide.
400 2093 615 2152 quanta
648 2082 731 2137 vis
756 2090 842 2136 est
868 2081 922 2135 in
947 2094 1109 2136 sensu
1134 2076 1413 2133 oculorum
1439 2073 1508 2127 ad
1534 2068 1812 2127 lustranda

224 2174 272 2228 in
303 2174 586 2230 inﬁnitum
629 2173 803 2229 lucida
844 2172 1040 2243 spatia,
1071 2170 1142 2225 ad
1185 2168 1497 2225 formandas
1544 2165 1598 2220 in
1643 2178 1704 2220 se
1733 2164 1813 2219 di-

223 2281 400 2321 versas
432 2277 494 2320 et
524 2266 946 2320 innumerabiles
971 2264 1180 2334 species
1205 2274 1520 2330 corporum,
1548 2257 1812 2319 colorum,

221 2360 522 2426 ﬁgurarum
551 2398 565 2420 ,
603 2368 1015 2425 ceterorumque
1042 2396 1057 2419 ,
1098 2368 1327 2422 quorum
1373 2348 1687 2421 phantasiae
1719 2362 1818 2416 per

222 2448 361 2505 hunc
385 2463 619 2503 sensum
654 2448 970 2503 memoriam
1013 2446 1407 2517 ingrediuntur.
1453 2442 1592 2510 Quid
1617 2441 1684 2497 de
1704 2442 1815 2495 vir-

223 2548 334 2594 tute
361 2539 628 2594 audiendi
658 2538 840 2593 dices?
888 2536 1091 2591 Tantas
1128 2520 1326 2605 quippe
1355 2548 1515 2587 voces
1544 2531 1702 2586 simul
1732 2546 1819 2585 so-

222 2638 436 2695 nantes,
468 2641 529 2683 et
560 2629 698 2682 inter
726 2643 784 2682 se
812 2627 1184 2695 discrepantes
1209 2624 1366 2679 simul
1398 2630 1573 2691 potest
1602 2620 1819 2675 auditus

223 2720 273 2773 in
294 2720 545 2788 seipsnm
569 2720 786 2774 haurire
806 2726 970 2787 atque
994 2717 1323 2771 discernere.
1351 2715 1406 2768 ln
1434 2714 1575 2768 hunc
1601 2711 1819 2765 modum

222 2810 473 2881 quisquis
502 2809 739 2879 reliquos
766 2824 958 2864 sensus
986 2807 1300 2877 inspexerit,
1329 2803 1604 2858 mirabiles
1635 2800 1820 2855 inclta-

221 2888 472 2971 bilesque
504 2916 693 2955 eorum
730 2900 955 2955 virtutes
984 2896 1461 2966 contemplabitur.
1496 2893 1632 2949 llinc
1661 2891 1821 2945 datur

224 2991 477 3060 intelligi,
506 2990 955 3060 quemadmodum
978 2986 1346 3042 universitatis
1389 2983 1638 3040 conditae
1665 2979 1821 3035 intel—

223 3084 463 3156 ligibiles
504 3086 772 3146 rationes,
820 3083 873 3137 in
905 3089 1168 3152 quantum
1217 3077 1439 3148 intelligi
1485 3082 1731 3145 possunt,
1765 3071 1817 3125 in

223 3179 468 3233 hominis
496 3176 769 3230 intellectu
800 3183 1016 3228 creatae
1042 3180 1185 3235 sunt,
1225 3170 1296 3225 ita
1321 3166 1560 3236 ejusdem
1605 3165 1823 3219 univer-

225 3271 406 3325 sitatis
440 3266 727 3321 seusibiles
763 3254 974 3332 spebies
996 3271 1052 3317 et
1074 3261 1406 3331 quantitates
1430 3267 1486 3314 et
1511 3256 1818 3325 qualitates,

227 3364 281 3418 in
306 3372 579 3433 quantum
608 3359 794 3415 sentiri
823 3364 1068 3433 possunt,
1104 3355 1158 3410 in
1183 3355 1417 3408 lmmano
1445 3365 1606 3406 sensu
1637 3348 1821 3403 condi-

229 3455 396 3511 tionis
422 3468 556 3508 suae
581 3467 774 3506 causas
805 3432 1140 3506 constituunt
1170 3455 1333 3515 atque
1362 3443 1681 3500 subsistunt.
1715 3438 1821 3494 Sed

226 3547 488 3616 quoniam
524 3544 637 3612 ipse
666 3556 857 3595 sensus
883 3554 998 3607 .non
1029 3537 1233 3593 homini
1262 3544 1493 3597 tantum,
1525 3532 1618 3597 sed
1648 3540 1704 3586 et
1734 3546 1824 3586 ce-

231 3637 361 3690 teris
383 3634 711 3688 animalibus
741 3630 1059 3697 uaturaliter
1086 3628 1245 3691 inest,
1270 3634 1555 3694 prepterea
1582 3630 1637 3677 et
1660 3621 1820 3675 aliam

227 3727 440 3797 patitur
461 3722 914 3777 distributionem.
942 3716 1222 3772 Tribuitur
1264 3715 1409 3770 enim
1442 3722 1499 3768 et
1543 3713 1824 3781 reptilibus

230 3817 402 3872 maris
436 3825 493 3871 et
538 3813 848 3868 volatilibus
891 3809 1025 3865 caeli
1069 3809 1256 3878 quinta
1285 3806 1305 3839 ³
1340 3804 1651 3877 prophetica
1688 3798 1823 3859 cou-

231 3907 606 3977 templatioue.
638 3903 747 3958 Nec
773 3900 1063 3968 immerito,
1092 3913 1213 3953 cum
1245 3904 1299 3951 et
1337 3896 1451 3966 ipse
1489 3909 1702 3952 sensus.
1731 3893 1823 3963 qui

230 4000 426 4067 quinto
456 3998 541 4052 die
573 4006 798 4049 naturae
833 4006 1015 4046 rerum
1051 3988 1327 4051 inseritur,
1357 3987 1826 4057 quinquepertitus

229 4093 325 4147 sit.
356 4090 614 4144 Terrenis
639 4100 852 4157 quoque
878 4082 1200 4139 animalibus
1230 4088 1381 4135 sexta
1408 4080 1495 4135 die
1519 4077 1821 4148 copulatur,

229 4195 295 4236 ea
328 4181 650 4242 intentione,
683 4186 742 4231 ut
769 4177 981 4247 opinor,
1014 4175 1267 4245 quoniam
1301 4173 1412 4241 ipsa
1444 4172 1703 4245 majorem
1733 4185 1825 4226 co-

231 4274 542 4342 gnationem
572 4285 692 4324 cum
722 4267 957 4327 homine.
989 4265 1079 4334 qui
1110 4272 1261 4318 sexta
1292 4263 1379 4317 die
1408 4260 1583 4316 factus
1610 4270 1713 4325 est,
1747 4259 1824 4314 vi-

1910 1805 1995 1852 est
2020 1815 2033 1850 :
2062 1794 2128 1849 Et
2165 1795 2397 1865 Spiritus
2426 1792 2521 1847 Dei
2567 1790 2770 1863 fovebat
2802 1802 2998 1858 aquas;
3030 1800 3097 1839 ac
3123 1783 3205 1838 sic
3235 1782 3287 1836 in
3318 1779 3503 1836 condi-

1912 1889 2058 1944 tione
2078 1886 2502 1958 primortlialium
2524 1895 2809 1939 causarum
2833 1887 3055 1935 sanctae
3078 1872 3360 1930 Trinitatis
3381 1886 3506 1925 sua-

1913 1980 2069 2035 detur
2111 1977 2434 2048 pr0prietas.
2483 1975 2541 2029 In
2590 1969 3028 2043 processionibus
3064 1965 3229 2018 etiam
3268 1962 3505 2032 ipsarum

1913 2084 2199 2124 causarum
2223 2068 2275 2122 iu
2298 2066 2498 2121 formas
2513 2072 2566 2120 et
2579 2061 2788 2132 species
2804 2074 2929 2115 suas
2941 2055 3166 2113 eandem
3183 2051 3507 2107 Trinitatem

1917 2159 2199 2229 Scriptura
2247 2168 2676 2212 commemorare
2724 2148 3027 2219 inspicitur.
3085 2141 3247 2200 Verbi
3279 2138 3450 2211 gratia
3487 2154 3504 2191 :

1914 2252 2065 2310 Dixit
2105 2252 2250 2307 Dens
2278 2264 2296 2303 :
2330 2248 2456 2303 Fiat
2482 2248 2576 2301 tua:
2602 2287 2617 2312 ,
2666 2244 2759 2299 Dei
2792 2242 3012 2298 nomine
3039 2237 3286 2300 Patrem,
3330 2230 3507 2289 Verbo

1917 2354 2095 2399 autem
2146 2339 2430 2404 sensibili,
2474 2334 2614 2406 quod
2645 2342 2729 2389 est
2767 2331 2935 2396 dixit,
2973 2328 3306 2397 unigenitum
3332 2331 3387 2377 et
3417 2335 3509 2375 su-

1916 2431 2350 2506 perintelligibile
2369 2428 2487 2498 ejus
2502 2425 2761 2488 Verbum,
2786 2421 2840 2476 in
2867 2434 2977 2490 quo
3001 2427 3056 2472 et
3075 2432 3172 2487 per
3194 2412 3335 2506 quod
3356 2410 3507 2474 fecit,

1917 2502 2057 2597 quae
2072 2532 2217 2587 sunt,
2234 2521 2436 2576 omnia.
2460 2517 2562 2574 Ubi
2577 2530 2705 2570 vero
2720 2512 2872 2578 dicit,
2888 2511 2909 2543 ⁸
2929 2528 2943 2564 :
2962 2507 3027 2562 Et
3044 2507 3169 2562 vidit
3188 2504 3326 2559 Dens
3341 2502 3510 2556 lucem

1916 2593 2043 2688 quia
2077 2616 2210 2670 bona
2232 2623 2328 2677 est,
2372 2608 2634 2679 Spiritum
2675 2611 2925 2660 sanctum
2956 2598 3217 2653 insinuat.
3250 2593 3307 2648 ld
3333 2593 3507 2663 ipsum

1919 2682 1972 2763 in
2015 2705 2214 2761 ceteris
2253 2716 2469 2772 quoque
2503 2698 2697 2754 diebus
2742 2693 2901 2758 facit,
2950 2689 3276 2756 ubicumque
3318 2682 3510 2738 addit:

1920 2796 1988 2851 Et
2019 2795 2150 2848 vidit
2182 2793 2345 2854 Dens,
2375 2790 2519 2862 quod
2545 2796 2675 2841 esset
2699 2786 2911 2839 bonum.
2933 2779 3244 2834 Sextavero
3273 2772 3360 2828 die
3385 2773 3512 2826 dum

1918 2888 2080 2943 homo
2109 2885 2394 2940 formatur,
2416 2889 2469 2934 et
2490 2879 2668 2933 unitas
2702 2874 2915 2930 divinae
2936 2879 3186 2931 naturae,
3208 2874 3266 2920 et
3297 2863 3513 2917 trinitas

1922 2976 2260 3050 apertissime
2304 2970 2685 3042 praedicatur:
2732 2965 2913 3019 unitas
2948 2960 3166 3032 quidem
3195 2954 3425 3011 dicendo
3462 2961 3511 3007 et

1922 3046 2017 3134 ait,
2049 3076 2108 3122 ut
2136 3064 2488 3122 subaudiatur
2518 3061 2681 3123 Deus,
2729 3056 2815 3111 vel
2842 3055 2862 3086 ⁶
2889 3054 3030 3110 sicut
3072 3057 3257 3121 aperte
3284 3046 3515 3116 Septua-

1921 3163 2070 3235 ginta
2098 3156 2435 3229 interpretati
2461 3163 2618 3217 sunt,
2653 3163 2701 3206 et
2739 3149 2872 3203 dixit
2924 3147 3081 3211 Deus,
3115 3141 3304 3213 plurali
3331 3148 3512 3194 autem

1921 3254 2107 3318 verbo,
2132 3251 2274 3322 quod
2300 3258 2383 3304 est
2413 3248 2704 3317 faciamus,
2741 3252 2852 3296 tres
2880 3237 3215 3295 substantiae
3239 3234 3396 3287 unius
3424 3245 3515 3285 es-

1922 3346 2147 3407 sentiae,
2178 3340 2261 3395 vel
2298 3348 2351 3393 ut
2387 3336 2639 3391 usitatius
2672 3330 2848 3387 Latini
2880 3326 3085 3390 volunt,
3115 3332 3225 3378 tres
3250 3333 3514 3392 personae

1921 3438 2086 3494 unius
2126 3433 2462 3492 substantiae
2500 3426 2895 3497 exprimuntur.
2930 3417 3037 3472 Nec
3088 3413 3379 3469 immerito.
3408 3409 3511 3465 Ubi

1923 3534 2071 3589 enim
2111 3524 2591 3602 imago-conditur,
2620 3519 2691 3573 ibi
2721 3510 3023 3586 principale
3052 3504 3379 3574 exemplum,
3420 3517 3516 3557 cu-

1919 3623 2010 3695 jus
2053 3624 2231 3693 imago
2261 3626 2364 3677 est,
2414 3609 2754 3684 apertissime
2792 3603 3055 3674 aperitur.

1995 3711 2084 3764 ll.
2113 3679 2222 3763 sé’u
2249 3679 2506 3775 quoniam
2536 3700 2716 3761 homo,
2741 3693 2867 3749 dum
2909 3690 2930 3721 ⁷
2962 3689 3035 3744 sit
3058 3700 3218 3750 unus,
3259 3679 3422 3737 veluti
3448 3694 3515 3735 ex

1924 3801 2110 3859 multis
2128 3798 2375 3869 partibus
2395 3789 2726 3861 cdtupositus
2747 3794 2861 3850 est;
2889 3787 3103 3838 constat
3133 3777 3277 3833 enim
3302 3789 3371 3830 ex
3396 3787 3517 3828 cor-

1924 3908 2077 3965 pore,
2110 3864 2213 3947 lioe
2237 3894 2411 3943 estex
2438 3883 2666 3940 formata
2696 3874 2924 3932 materia
2964 3868 3205 3927 sensibili
3232 3874 3289 3921 et
3313 3864 3518 3925 anima,

1925 3952 2029 4045 lioc
2064 3952 2167 4041 est
2215 3996 2374 4038 sensu
2423 3984 2478 4032 et
2526 3972 2756 4030 ratione,
2807 3975 2863 4020 et
2911 3961 3208 4023 intellectu,
3260 3964 3315 4010 et
3365 3952 3518 4006 vitali

1925 4088 2075 4137 motu
2104 4094 2119 4131 :
2149 4072 2451 4146 quaeritur,
2491 4072 2674 4120 utrum
2708 4073 2807 4130 per
2835 4067 3023 4111 omnes
3066 4063 3194 4106 suas
3224 4052 3409 4116 partes
3448 4040 3518 4095 ad

1925 4136 2215 4239 imaginem
2272 4160 2365 4217 Dei
2393 4159 2557 4213 homo
2597 4152 2619 4183 "
2655 4150 2830 4206 factus
2865 4154 2972 4211 est,
3003 4159 3070 4199 an
3101 4136 3520 4235 secundumeas

1927 4222 2286 4315 soluiumodo.
2317 4263 2457 4319 quae
2485 4246 2541 4300 in
2578 4257 2643 4299 eo
2678 4234 2991 4295 exeelsioris
3016 4230 3101 4287 vel
3129 4222 3520 4284 excellentissi-

232 4316 542 4342 ε.....-.....-...
576 4316 692 4324 -....-
995 4316 1079 4334 τη
1114 4316 1160 4318 --
1190 4316 1203 4317 κ
1364 4316 1370 4317 κ
1701 4316 1710 4325 ,
2336 4316 2351 4319 _

232 4369 437 4423 dentur
460 4365 682 4427 habere,
714 4377 875 4431 quam
905 4374 1046 4431 quae
1072 4358 1140 4413 de
1183 4371 1446 4427 aquarum
1478 4365 1669 4410 natura
1700 4369 1824 4424 pro-
1851 4367 1905 4428 ι)
1930 4364 2051 4405 mae
2075 4354 2301 4402 naturae
2330 4348 2477 4396 sunt.
2513 4336 2579 4391 Et
2611 4332 2742 4404 quid
2772 4329 2863 4386 tibi
2893 4326 3106 4381 videtur
3139 4322 3205 4424 de
3229 4316 3320 4373 tali
3353 4329 3519 4386 nego-

231 4461 399 4513 ducta
446 4467 587 4512 sunt.
646 4456 763 4526 Ipse
810 4454 990 4523 itaque
1038 4452 1197 4504 homo
1224 4491 1239 4514 ,
1284 4447 1437 4516 cujus
1477 4445 1715 4503 conditio
1768 4445 1821 4499 in

234 4551 531 4622 praedictis
558 4548 774 4602 divinae
802 4542 1135 4615 operationis
1161 4536 1704 4608 contemplationibus
1729 4550 1826 4605 per

234 4642 444 4712 singula
475 4641 712 4695 latenter
742 4637 1066 4697 insinuatur,
1098 4631 1352 4703 quoniam
1393 4630 1446 4684 in
1476 4630 1594 4699 ipso
1621 4639 1674 4683 et
1701 4642 1823 4683 cum

236 4733 359 4801 ipso
384 4731 656 4800 praedicta
686 4730 867 4785 omnia
915 4726 1130 4782 condita
1161 4736 1280 4779 sunt
1314 4764 1329 4787 ,
1376 4736 1482 4776 non
1521 4737 1619 4792 per
1647 4734 1828 4774 moras

238 4834 540 4893 temporum
569 4864 584 4885 ,
635 4815 751 4877 sed“
774 4820 1115 4875 ordinatione
1161 4830 1447 4872 causarum
1494 4805 1549 4868 in
1601 4812 1826 4868 ell‘cctus

236 4931 373 4968 suos
401 4916 751 4976 manantium,
787 4913 840 4967 in
890 4912 994 4967 line
1042 4911 1207 4966 totius
1255 4908 1622 4963 universitatis
1656 4906 1827 4961 maui-

239 5004 381 5061 {este
407 5009 695 5068 formatur,
723 5003 935 5058 seuaria
966 5000 1283 5071 repetitione
1303 5000 1655 5070 propheticae
1680 4997 1825 5051 theo-

236 5099 359 5153 riae
386 5110 620 5168 peracta,
650 5106 709 5150 ut
736 5112 800 5153 eo
829 5108 1054 5149 nmuero
1088 5108 1191 5145 non
1230 5090 1401 5145 solum
1443 5089 1702 5158 perfectio
1729 5087 1828 5141 hu-

238 5203 436 5245 manae
483 5201 731 5251 naturae,
781 5201 971 5240 verum
1002 5184 1166 5239 etiam
1215 5181 1479 5244 omnium,
1527 5196 1666 5248 quae
1703 5190 1828 5234 ante

240 5281 414 5348 ipsam
440 5282 706 5352 explicata
740 5286 885 5343 sunt,
915 5278 967 5332 in
1015 5290 1078 5329 ea
1124 5272 1363 5329 conditio
1404 5271 1824 5344 signiﬁcaretur,

1932 4443 2027 4505 tio,
2058 4440 2101 4496 si
2134 4438 2284 4501 libet,
2306 4432 2564 4489 edissere.
2594 4426 2738 4481 DISC.
2764 4422 2839 4477 De
2862 4422 2963 4475 hac
2985 4412 3305 4487 quaestione
3327 4423 3519 4464 omnes

1928 4499 2045 4588 fere
2086 4499 2277 4586 sacrae
2319 4523 2635 4593 Scripturae
2676 4513 3013 4585 expositores
3056 4522 3162 4564 nou
3209 4510 3410 4558 tacent.
3452 4499 3522 4555 Et

1928 4622 2165 4695 primum
2192 4615 2409 4687 quidem
2435 4609 2762 4668 unanimiter
2793 4603 3097 4676 perhibent,
3136 4596 3432 4659 hominem,
3464 4593 3520 4647 in

1932 4692 2193 4787 quantum
2241 4723 2438 4780 corpus
2485 4713 2607 4769 est,
2651 4702 2719 4757 ad
2766 4697 3053 4768 imaginem
3099 4692 3195 4748 Dei
3243 4706 3350 4745 non
3397 4701 3519 4743 esse

1935 4781 2170 4868 factum;
2202 4804 2346 4857 Deus
2372 4796 2570 4868 quippe
2599 4794 2949 4861 incorporeus
2986 4794 3066 4841 est
3085 4826 3099 4848 .
3132 4781 3377 4851 nihilque
3400 4793 3523 4834 cora

1931 4897 2232 4972 poralitatis
2253 4894 2301 4948 ei
2326 4893 2487 4955 inest,
2510 4887 2594 4942 vel
2618 4884 2834 4940 accidit.
2862 4879 3053 4936 Utrum
3078 4892 3207 4931 vero
3225 4872 3522 4930 secundum

1933 4960 2168 5045 animam
2185 4986 2230 5049 ’,
2248 4986 2351 5039 hoc
2364 4990 2449 5037 est
2471 4978 2764 5035 secundum
2781 4986 2969 5028 omnes
2986 4978 3186 5041 partes,
3206 4979 3346 5035 quae
3362 4960 3521 5015 inteb-

1934 5081 2175 5154 liguntur
2203 5079 2255 5132 in
2288 5075 2489 5135 anima,
2519 5070 2585 5124 ad
2616 5066 2906 5138 imaginem
2937 5062 3030 5117 Dei
3056 5059 3305 5114 conditus
3326 5062 3427 5114 est,
3453 5067 3522 5105 an

1935 5144 2229 5233 secundum
2260 5162 2650 5238 praecellentes
2681 5154 3041 5217 solummodo,
3069 5144 3462 5205 studiosissime
3490 5156 3520 5194 a

1935 5261 2306 5337 spiritualibus
2348 5258 2483 5313 viris
2510 5261 2592 5307 est
2623 5252 2667 5282 ¹⁰
2695 5248 2997 5319 quaesitum
3019 5285 3032 5308 ,
3079 5252 3134 5298 et
3178 5240 3244 5293 ad
3274 5238 3374 5289 hoc
3402 5248 3520 5301 per-

1531 5407 1784 5462 \‘AltlAE
1822 5399 2219 5464 LECTIONES.
2760 5421 2781 5447 .
2830 5462 2843 5473 .

322 5545 345 5580 ³
377 5547 464 5602 Sic
505 5549 619 5607 CF:
672 5551 708 5604 Λ
743 5566 865 5619 qua.
944 5549 967 5619 ἵ
1007 5547 1097 5601 Sit:
1144 5546 1270 5619 (JF;
1409 5542 1822 5619 stilistattlialiter
1873 5560 1980 5597 esse
2026 5541 2205 5619 ritum:

243 5616 539 5684 pluralitlts.
616 5622 637 5652 ⁸
677 5588 769 5673 Sil:
797 5619 914 5677 CF:
948 5618 988 5671 A
1022 5618 1173 5671 dirit.
1253 5617 1273 5645 ⁶
1305 5617 1399 5671 Sic
1432 5614 1545 5679 Cl";
1596 5614 1668 5666 τυ(
1697 5632 1804 5668 om.

1929 5588 1949 5597 ν
1977 5616 1994 5645 τ
2028 5588 2226 5665 Suilli"
2257 5626 2266 5671 ;
2311 5608 2345 5658 Λ
2383 5616 2535 5658 manu
2599 5600 2618 5629 "
2649 5599 2802 5651 homo
2829 5588 2937 5649 om.
2980 5588 3084 5644 (2F.

246 5692 525 5745 secundum
568 5693 762 5745 omnia.
841 5691 882 5721 ¹⁰
916 5699 987 5744 ι’δί
1021 5705 1127 5742 um.
1161 5686 1264 5741 Cl".

3142 5514 3158 5544 ⁸
3201 5512 3295 5566 Sic
3325 5509 3439 5566 Cl“:
3480 5510 3519 5561 Α

2305 5536 2324 5565 ³
2367 5534 2456 5585 Sic
2502 5529 2616 5586 CF;
2670 5529 2710 5579 Α
2751 5526 2804 5577 in
2844 5520 3047 5589 quinta.
3142 5520 3158 5544 ‘
3201 5520 3295 5585 sic
3325 5520 3439 5566 tit“:
3480 5520 3519 5561 Α

2319 5608 2338 5638 ἱ
2383 5621 2496 5638 vum
2528 5616 2535 5638 ι
2599 5600 2618 5629 ⁸
2650 5599 2802 5638 Immn
2829 5607 2937 5638 mn.
2980 5588 3084 5638 Cl“.
3159 5587 3180 5618 ’
3480 5582 3519 5634 Α
