3898 6154
460 257 561 312 787

1800 208 1804 213 ’
1849 243 2130 312 MANle
2169 249 2363 307 SCOTl
3625 251 3708 310 788

456 380 712 432 ventum,
753 383 860 424 non
908 367 1034 424 alibi
1074 367 1176 421 nisi
1216 367 1510 421 secundum
1537 365 2047 420 excellentissimam
2077 371 2126 430 Α
2151 362 2446 434 Gregorius
2495 359 2765 432 Nyssaeus
2794 361 2990 417 asserit
3022 361 3077 417 in
3117 375 3364 418 sermone
3398 363 3457 418 de
3489 365 3704 434 imagine.

458 460 541 512 sui
583 468 820 528 partem,
855 457 1244 528 intelligibilem
1272 456 1560 520 videlicet,
1590 456 1823 510 divinam
1856 457 2048 526 imagi-

459 566 582 604 nem
611 550 858 618 exprimi.
885 550 1032 614 Quae
1063 564 1188 618 pars
1216 547 1378 602 veluti
1413 547 1676 602 triformis
1708 549 2046 619 intelligitur,

460 641 512 694 iu
545 640 812 694 intellectu
842 639 1016 707 plane,
1050 652 1104 693 et
1138 639 1380 702 ratione,
1405 646 1460 694 et
1488 654 1648 693 sensu
1683 639 1949 704 interiori,
1977 642 2048 710 de

457 731 654 799 quibus
699 731 749 782 in
795 731 808 760 ¹
861 729 1234 797 superioribus
1271 727 1424 784 libris
1476 729 1642 782 nlulta
1676 729 1816 784 inter
1847 746 1944 784 nos
1974 731 2050 784 al-

441 796 666 874 ternata
695 827 838 871 sunt.
867 819 955 870 Illa
985 819 1246 886 siquidem
1289 820 1399 872 vita
1419 859 1433 883 ,
1459 835 1563 888 qua
1589 835 1786 888 corpus
1812 822 2046 873 admiuio

457 919 658 962 stralur
683 909 725 970 ¹,
753 919 808 962 et
834 925 936 976 qua
969 909 1148 961 anima
1191 910 1422 962 humana
1473 909 1763 962 nutrilivac
1797 919 1852 962 et
1878 911 2049 964 aucti-

456 1015 554 1055 vae
593 1003 748 1060 vitae,
785 1017 922 1070 quae
958 1001 1142 1054 herbis
1171 1013 1228 1054 et
1251 1001 1536 1055 arboribus
1563 1001 1868 1070 specialiter
1894 1001 2048 1055 attri-

455 1090 584 1144 buta
632 1099 752 1153 est,
815 1092 1219 1144 communicare
1274 1092 1522 1156 videtur,
1585 1108 1778 1146 sensus
1829 1106 2048 1161 quoque

455 1182 694 1233 exterior
747 1189 803 1232 et
847 1181 1363 1248 quiuquepertitus,
1418 1197 1526 1248 quo
1586 1182 2046 1236 irrationabilibus

455 1271 779 1322 animalibus
831 1271 991 1322 homo
1033 1271 1427 1334 rtnntuunicat,
1476 1271 1721 1338 quamvis
1760 1272 1825 1324 ad
1864 1281 2047 1340 partes

454 1359 667 1410 animae
714 1359 982 1425 pertinere
1035 1359 1402 1428 intelligantur
1427 1361 1468 1424 ³,
1493 1363 1573 1414 eis
1600 1360 1621 1390 ⁸
1649 1370 1825 1415 tamen
1870 1361 2048 1416 inesse

453 1449 744 1517 imaginem
793 1448 883 1500 Dt'i
927 1448 1079 1501 multi
1129 1451 1400 1518 sapientes
1443 1453 1731 1521 abnegaut.
1775 1451 1879 1504 Sed
1918 1454 2044 1506 dum

455 1541 566 1610 ipsa
605 1542 744 1594 ratio
769 1542 1058 1595 humanam
1087 1543 1321 1596 animam
1353 1545 1658 1614 diligentius
1681 1543 2040 1614 conspicatur,

452 1631 884 1699 simplicissimac
923 1643 1147 1686 naturae
1189 1648 1306 1687 eam
1355 1635 1575 1703 reperit,
1631 1644 1906 1706 totamque
1945 1651 2044 1706 per

2227 449 2364 508 Hinc
2401 453 2560 507 datur
2588 451 2842 520 intelligi,
2875 461 3042 507 totam
3071 453 3308 507 animam
3338 453 3610 509 humanam
3651 461 3705 513 al

2153 545 2446 613 imaginem
2470 543 2566 599 Dei
2592 541 2814 610 laetam,
2843 545 2967 614 quia
3002 553 3110 599 tota
3141 545 3438 600 intellectus
3463 558 3540 600 est
3569 550 3703 603 intel-

2151 635 2341 704 ligens,
2373 643 2481 690 tota
2511 636 2651 690 ratio
2679 636 2978 706 disputans,
3023 645 3131 691 tota
3163 653 3358 692 sensus
3396 639 3446 692 in
3490 640 3703 696 interiori

2151 740 2313 779 sensu
2365 734 2420 780 et
2465 727 2736 790 sentiens,
2789 736 2898 780 tota
2941 728 3050 780 vita
3099 737 3153 781 et
3187 727 3486 782 viviticans.
3517 729 3704 785 Duobus

2151 825 2328 869 autem
2357 817 2530 869 modis
2569 817 2801 870 maxime
2841 798 3146 870 humanam“
3175 819 3410 871 animam
3443 820 3504 872 ad
3546 821 3703 888 imagi-

2151 919 2272 956 nem
2306 905 2397 958 Dei
2429 903 2621 957 lactam
2651 907 3026 975 cognoscimus
3053 925 3065 959 :
3099 907 3272 976 primo
3311 910 3543 975 quidem.
3563 913 3698 978 quod,

2151 991 2293 1045 sicut
2335 991 2475 1045 Deus
2519 1007 2615 1060 per
2661 994 2840 1046 Olllllia
2881 1009 3020 1062 quae
3056 1004 3180 1049 sunt
3226 996 3554 1061 dilTuuditur,
3598 1011 3642 1052 et
3674 1015 3700 1054 a

2150 1083 2297 1136 nullo
2325 1097 2508 1136 eorum
2540 1093 2714 1152 potest
2737 1086 3143 1152 comprehendi,
3179 1087 3248 1138 ita
3283 1087 3327 1117 ”
3359 1089 3532 1140 anima
3562 1099 3698 1142 totum

2149 1172 2229 1227 sui
2259 1173 2500 1240 corporis
2525 1187 2785 1242 organum
2817 1183 3084 1242 penetrat,
3112 1175 3177 1227 ab
3197 1191 3262 1228 eo
3285 1186 3462 1228 tamen
3493 1177 3698 1230 concludi

2151 1279 2256 1316 nou
2298 1265 2469 1326 valet;
2505 1265 2740 1316 secundo
2784 1279 2938 1325 vero,
2989 1267 3130 1333 quod
3175 1268 3610 1334 quemadmodqu
3647 1271 3698 1322 de

2148 1352 2259 1406 Deo
2284 1354 2625 1420 praedicatur
2661 1353 2999 1407 solummodo
3027 1371 3167 1417 esse,
3201 1356 3346 1411 nullo
3375 1359 3528 1412 modo
3550 1370 3695 1412 autem

2147 1443 2404 1498 delinitur
2429 1444 2554 1512 quid
2589 1444 2688 1508 -sit,
2719 1445 2790 1498 ita
2821 1445 2868 1484 ιθ
2899 1447 3131 1500 lntmaua
3163 1449 3342 1501 anima
3373 1453 3696 1505 tantummodo

2148 1535 2468 1604 intelligitur
2499 1549 2647 1598 esse,
2679 1537 2806 1603 quid
2840 1546 3016 1590 autem
3058 1539 3129 1592 sit
3156 1578 3171 1602 ,
3219 1555 3315 1592 nec
3348 1541 3435 1592 illa
3461 1543 3582 1610 ipsa,
3619 1557 3698 1597 nec

2109 1641 2120 1655 ·
2147 1623 2249 1677 alia
2280 1633 2529 1693 creatura
2571 1623 2838 1694 intelligit.
2869 1623 3018 1680 Sicut
3058 1627 3335 1696 praefatus
3371 1628 3698 1698 Gregoriasin

451 1729 623 1773 totum
667 1719 719 1772 iu
765 1721 960 1788 seipsa,
1007 1731 1064 1774 et
1107 1723 1252 1776 nullo
1281 1725 1441 1779 modo
1472 1726 1524 1778 in
1568 1725 1745 1794 aliqua
1777 1726 1859 1781 sui
1887 1736 2039 1796 parte

2147 1716 2432 1771 undecimo
2458 1717 2693 1784 capitqu
2723 1717 2980 1785 praedicti
3011 1720 3282 1774 sermonis
3321 1721 3387 1775 de
3410 1722 3620 1791 imagine
3642 1721 3697 1784 ",

452 1808 766 1863 dissimilem
793 1811 896 1874 sui,
927 1811 1012 1864 vel
1040 1809 1375 1878 inferiorem,
1403 1813 1486 1866 vel
1512 1815 1842 1883 superiorem
1867 1816 2044 1884 seipsa

451 1905 504 1954 iu
534 1901 642 1954 ullo
671 1917 881 1966 eorum,
917 1919 1056 1971 quae
1085 1904 1138 1958 in
1171 1905 1284 1974 ipsa
1315 1909 1679 1962 cssentialiter
1705 1923 1826 1963 esse
1855 1909 2046 1964 intelli-

449 2002 669 2060 guntur.
718 1991 852 2045 Tota
891 1994 1110 2062 quippe,
1163 2003 1223 2048 ut
1265 1999 1598 2065 praedictum
1639 2008 1720 2054 cst
1761 2000 1804 2063 ⁸,
1847 2015 2046 2068 corpus

449 2095 605 2131 s‘nun
639 2081 999 2146 administrat,
1033 2083 1224 2147 nutrit,
1249 2096 1411 2154 auget
1437 2085 1457 2115 ⁸
1481 2103 1496 2150 ;
1523 2095 1632 2140 tota
1657 2087 1822 2141 sentit
1849 2088 1901 2140 in
1930 2102 2046 2140 sen-

363 2207 368 2212 -
450 2171 630 2234 sibus;
657 2180 762 2224 tota
783 2187 960 2224 rerum
987 2173 1319 2228 sensibilium
1344 2177 1658 2244 pbantasias
1688 2179 1906 2247 recipit;
1935 2163 2043 2233 tota

448 2261 500 2314 iu
535 2263 915 2315 occursoribus
957 2265 1226 2327 numeris,
1256 2266 1346 2334 qui
1391 2266 1548 2336 primi
1579 2269 1894 2337 pbantasias
1922 2285 2044 2323 scn-

447 2353 683 2406 sibilium
716 2354 1039 2422 suscipiunt;
1081 2364 1186 2408 tota
1237 2357 1780 2428 inprogressorilms,
1810 2360 1900 2429 qui
1949 2375 2043 2414 eas

448 2441 824 2506 introducunt;
855 2452 963 2496 tota
997 2446 1050 2496 in
1081 2445 1631 2516 recordabililms,qui
1659 2449 2043 2504 easdem'mc-

449 2534 656 2585 uxoriae
696 2535 1114 2599 commemlant,
1169 2546 1282 2590 tota
1331 2537 1382 2590 in
1439 2547 1548 2592 tota
1599 2542 1880 2605 memoria,
1927 2550 2040 2595 tota

448 2643 611 2697 saper
644 2638 805 2683 totam
840 2635 1178 2695 n'ieiuoriam,
1214 2634 1326 2688 sive
1356 2651 1534 2688 rerum
1563 2637 1898 2690 sensibilium
1927 2638 2041 2691 sive

449 2731 630 2768 rerum
662 2717 1101 2787 iutelligibilium.
1131 2720 1213 2774 Ac
1244 2736 1342 2788 per
1369 2723 1471 2774 bne
1498 2737 1604 2776 non
1638 2723 1778 2778 illius
1806 2726 2039 2792 partium

448 2806 767 2869 diversitas,
814 2807 856 2860 si
917 2819 1091 2862 tamen
1145 2822 1331 2878 partes
1380 2812 1433 2864 in
1486 2826 1546 2866 ea
1591 2827 1710 2866 esse
1751 2811 2039 2866 dicendum

448 2907 530 2952 est
555 2898 600 2961 ⁸,
634 2899 727 2952 sed
777 2900 1300 2957 adminiszrationnm
1335 2920 1399 2959 ac
1427 2914 1666 2960 motuum
1694 2907 1928 2961 varietas
1959 2907 2040 2960 di-

447 2988 753 3058 gnoscitur;
785 2999 962 3044 motus
987 2993 1182 3060 quippe
1227 2993 1343 3060 ejus
1384 3005 1564 3064 partes
1602 2995 1718 3063 ejus
1761 3005 1918 3061 sunt,
1945 2996 2036 3066 qui

2143 1821 2439 1876 corporeos
2467 1821 2663 1860 sensus
2691 1807 2758 1860 ab
2783 1809 2950 1862 animi
2977 1818 3169 1862 natura
3195 1811 3526 1874 discernens,
3550 1812 3700 1881 expla-

2145 1905 2240 1950 nat
2269 1897 2442 1965 ipsum
2487 1899 2724 1952 animum
2747 1938 2760 1962 ,
2793 1899 3394 1969 incomprehensibilem
3439 1903 3694 1957 alIirmans.

2146 1986 2286 2053 Quid
2335 1987 2494 2056 igitur
2521 1997 2629 2052 est,
2660 1989 2864 2058 inquit,
2893 1993 3102 2044 animus
3140 1993 3422 2046 secundant
3458 1996 3534 2046 sui
3567 2006 3696 2045 natu-

2144 2093 2279 2141 ram,
2301 2080 2390 2147 qui
2419 2093 2664 2134 sensuum
2697 2079 2970 2132 virtutibus
2994 2081 3217 2150 seipsum
3241 2083 3542 2151 impertitur,
3565 2093 3604 2134 et
3620 2097 3697 2149 per

2142 2169 2377 2239 singulas
2406 2171 2767 2224 convenienter
2789 2187 2990 2234 eorum,
3014 2189 3148 2241 quae
3181 2182 3320 2236 sunt,
3353 2173 3604 2226 scientiam
3630 2189 3697 2225 re-

2143 2261 2312 2332 cipit?
2345 2260 2482 2314 Nam
2522 2262 2646 2332 quia
2691 2262 2838 2314 aliud
2889 2265 3015 2332 quid
3042 2273 3248 2332 praeter
3286 2280 3464 2316 sensus
3493 2274 3579 2326 est,
3611 2278 3696 2315 non

2143 2347 2369 2407 arbitror
2408 2355 2704 2424 quempiam
2741 2349 3055 2422 sapientium
3099 2357 3358 2410 dubitare.
3413 2356 3472 2410 Si
3503 2358 3620 2410 enim
3651 2357 3695 2408 id

2141 2445 2310 2514 ipsum
2361 2458 2508 2508 esset,
2545 2445 2720 2499 sensui
2765 2448 2834 2497 ad
2865 2462 3023 2497 unum
3057 2449 3267 2500 omnino
3307 2447 3512 2502 haberet
3537 2463 3695 2501 secun-

2141 2533 2266 2588 dum
2292 2533 2336 2568 “‘
2371 2550 2576 2586 sensum
2603 2550 2816 2603 operum
2857 2537 3190 2598 societatem;
3237 2553 3297 2589 eo
3334 2538 3470 2606 quod
3515 2534 3697 2603 simplex

2139 2624 2347 2691 quidem
2373 2625 2480 2692 ipse
2526 2633 2620 2684 est,
2670 2623 2744 2676 nil
2767 2633 2942 2677 autent
2968 2625 3170 2678 varium
3201 2627 3255 2678 in
3283 2627 3470 2696 simplo
3493 2627 3532 2660 "
3555 2625 3698 2680 consi-

2143 2717 2380 2766 deratur.
2423 2710 2581 2764 Nunc
2604 2711 2650 2743 ¹⁰
2682 2728 2801 2765 vero
2826 2713 3064 2766 omnibus
3105 2718 3422 2783 comparatis
3451 2697 3702 2783 aliud‘qui-

2140 2804 2258 2858 dem
2278 2814 2477 2856 tactam
2505 2819 2637 2868 esse,
2665 2803 2812 2856 aliud
2837 2803 3110 2872 olfactum,
3135 2806 3255 2860 aliis
3277 2808 3519 2880 similiter
3535 2808 3700 2877 absque

2141 2895 2507 2949 communione
2525 2895 2593 2948 ad
2621 2911 2676 2948 se
2712 2897 2924 2949 invicem
2949 2899 3233 2968 dispositis,
3265 2901 3508 2969 quoniam
3535 2916 3702 2968 aequa-

2142 2985 2262 3038 liter
2291 2988 2568 3056 unicuique
2621 2997 2670 3041 et
2719 2989 3082 3042 convenienter
3121 2993 3300 3054 adest;
3356 2991 3569 3044 alterunt
3594 2989 3702 3058 quid

447 3077 689 3132 diversas
735 3078 1116 3147 intelligendas
1148 3081 1198 3134 iu
1244 3085 1421 3138 innima
1461 3085 1682 3138 faciunt.
1711 3085 1829 3154 lp-'a
1870 3085 2040 3154 siqui-
2067 3079 2109 3137 C
2142 3087 2340 3146 ορονιεε
2380 3079 2590 3130 omnino
2615 3079 2786 3146 ipsum
2812 3078 3048 3130 animum
3087 3089 3514 3147 praetersensum
3539 3078 3704 3130 substi-

446 3164 568 3218 dem
616 3167 666 3220 in
711 3168 886 3236 seipsa
934 3177 1040 3223 tota
1091 3170 1286 3239 ubique
1315 3180 1476 3226 estet
1521 3173 1823 3238 individua;
1852 3184 2034 3228 motus

447 3268 626 3311 tamen
665 3259 850 3326 ipsius,
882 3275 1016 3329 quos
1045 3262 1206 3322 etiam
1241 3279 1493 3318 numeros
1522 3266 1783 3318 animales
1818 3273 2032 3329 vorant,

446 3346 570 3412 quia
617 3347 666 3397 in
696 3348 874 3398 anima
909 3357 1064 3428 sunt,
1095 3350 1320 3404 diversis
1357 3351 1801 3420 appellationibus
1831 3352 2033 3422 signiti-

446 3443 658 3484 cantur.
688 3434 820 3485 Dum
845 3437 988 3488 enim
1029 3437 1172 3488 circa
1201 3440 1220 3470 '
1243 3437 1552 3493 Creatorem
1583 3455 1737 3492 suum
1761 3481 1774 3504 ,
1801 3455 1962 3509 super
1991 3440 2034 3471 ¹⁰

445 3523 677 3590 seipsam
709 3525 749 3555 ²¹
791 3531 845 3576 et
883 3539 1044 3592 super
1073 3527 1235 3579 totius
1275 3538 1555 3582 creaturae
1605 3531 2030 3598 intelligentiam,

445 3611 863 3679 contemplativa
906 3623 1052 3666 motu
1099 3624 1366 3679 versatur,
1400 3617 1703 3671 intellectus
1743 3635 1836 3673 seu
1883 3634 2034 3673 mens

443 3719 538 3759 seu
587 3704 830 3769 animus;
883 3706 1008 3758 dum
1062 3708 1298 3762 rationes
1344 3724 1524 3762 rerum
1567 3711 1746 3772 veluti
1798 3714 2034 3767 secundo

445 3804 592 3849 motu
636 3795 862 3848 naturali
903 3797 1216 3868 investigat,
1251 3793 1592 3866 ratio;-ilum
1626 3804 1828 3857 invenit
1860 3819 1952 3859 eas
1981 3813 2060 3874 et\

445 3887 704 3942 discernit
735 3896 897 3958 atque
923 3889 1146 3955 delinit,
1174 3907 1364 3946 sensus
1415 3893 1665 3960 interior;
1699 3896 1822 3949 dum
1851 3912 2032 3952 rerum

444 3975 778 4030 sensibilium
809 3979 1125 4046 pbantasias
1153 3995 1250 4048 per
1279 3997 1479 4052 organa
1519 3984 1877 4053 corporalium
1909 4002 2034 4040 sen-

444 4083 600 4122 suum
651 4069 880 4137 recipit,
928 4085 1120 4126 sensus
1168 4073 1426 4136 exterior,
1479 4089 1583 4128 non
1627 4077 1769 4144 quod
1809 4077 1878 4130 sit
1917 4077 2032 4146 ipse

441 4163 873 4217 substantialiter
901 4179 1089 4220 sensus
1122 4167 1360 4220 exterior
1388 4167 1565 4221 anima
1587 4208 1602 4232 ,
1633 4169 1725 4223 sed
1753 4169 1894 4239 quod
1935 4185 2032 4238 per

442 4268 617 4324 ipsum
659 4270 838 4308 rermn
877 4256 1210 4310 sensibilium
1252 4255 1455 4312 formas
1494 4267 1550 4312 et
1591 4259 1798 4326 species
1825 4260 2027 4324 sentit;

443 4365 636 4419 magna
681 4351 824 4403 enim
859 4349 1160 4406 dilI'erentia
1203 4360 1286 4406 est
1319 4353 1458 4407 inter
1492 4365 1738 4407 naturam
1769 4354 2028 4424 simplicis

2138 3176 2282 3218 tuere
2319 3182 2411 3235 per
2434 3177 2696 3228 naturam,
2729 3183 2789 3220 ne
2812 3168 2927 3236 quis
2952 3167 3095 3241 varia
3125 3169 3461 3222 intellectuali
3481 3167 3704 3236 simplici-

2137 3256 2231 3308 tati
2261 3257 2610 3308 commisceat.
2656 3256 2785 3320 Quis
2815 3259 3049 3325 cognovit
3092 3259 3325 3311 annuum
3377 3259 3592 3322 Dommi,
3635 3257 3700 3308 ait

2137 3346 2435 3415 Apostolus.
2485 3345 2596 3414 Ego
2638 3358 2812 3400 autent
2858 3359 3062 3416 praeter
3095 3350 3190 3402 hoc
3226 3351 3342 3403 dico
3367 3365 3385 3402 :
3422 3352 3531 3420 quis
3568 3364 3701 3403 suurn

2136 3441 2369 3492 animum
2391 3439 2680 3492 intellexit?
2712 3423 3036 3510 υἱειιηιξᾳαί
3081 3441 3177 3494 Dei
3208 3453 3448 3494 naturam
3475 3444 3601 3494 inter
3621 3455 3691 3498 ea.

2135 3545 2269 3598 quae
2295 3531 2349 3582 in
2375 3546 2551 3582 eorum
2582 3529 3036 3598 comprehensione
3052 3542 3191 3594 sunt,
3217 3533 3437 3600 faciunt,
3461 3532 3503 3584 si
3527 3532 3700 3598 seipsa:

2135 3619 2497 3672 intellexerunt
2521 3619 2590 3681 “,
2627 3620 2670 3672 si
2705 3619 2750 3650 "
2795 3619 2878 3671 sui
2927 3618 3089 3670 animi
3122 3630 3366 3671 naturam
3397 3617 3701 3688 cognovere?

2140 3710 2367 3764 Multum
2400 3711 2642 3778 fortassis
2663 3709 2710 3740 ⁸³
2735 3710 2998 3779 partibilis
3030 3711 3247 3778 quidam
3267 3712 3314 3741 “
3341 3721 3437 3774 est,
3473 3711 3699 3762 multata-

2133 3788 2234 3872 (iue
2254 3803 2589 3870 compositus.
2621 3799 2689 3854 Et
2722 3801 2980 3871 quomodo
3009 3800 3356 3854 intellectuale
3381 3803 3434 3854 in
3473 3801 3702 3869 composi-

2133 3895 2272 3948 tione
2297 3904 2369 3948 est
2387 3893 2530 3947 ?Aut
2557 3895 2672 3964 quis
2699 3893 2884 3946 modus
2911 3901 2984 3945 est
3007 3893 3325 3945 diversorum
3347 3909 3586 3961 generum
3599 3907 3703 3944 con-

2135 3985 2419 4038 cretionis?
2450 3983 2555 4039 Sed
2578 3983 2798 4053 simplex
2820 3983 2868 4014 "
2895 3992 2941 4035 et
2969 3983 3364 4052 incompositus,
3389 3983 3635 4052 quomodo
3655 3981 3702 4034 in

2132 4073 2488 4142 multipliciter
2509 4073 2754 4142 partitam
2773 4072 3161 4126 sensualitatem
3178 4071 3446 4133 dividitur,
3462 4071 3701 4140 quomodo

2131 4163 2186 4215 in
2211 4159 2572 4230 singularitate
2588 4161 2804 4222 varium,
2827 4161 3085 4229 quomodo
3109 4159 3153 4190 ⁸⁸
3177 4160 3228 4212 in
3251 4161 3496 4212 varietate
3519 4159 3704 4211 unum?

2133 4250 2240 4306 Sed
2277 4267 2586 4320 cognoscens
2613 4265 2812 4312 eorum,
2859 4251 2922 4302 de
2945 4249 3135 4319 quibus
3163 4251 3456 4312 dubitatur,
3497 4247 3698 4300 solutio-

2133 4357 2270 4404 nent,
2309 4341 2366 4394 in
2393 4342 2560 4410 ipsam
2591 4340 2684 4393 Dei
2721 4355 2892 4393 vocem
2917 4341 2962 4370 ’⁷
2995 4356 3226 4392 recurro.
3257 4337 3537 4391 Faciamus
3559 4339 3700 4398 enim,

443 4440 630 4500 animi,
676 4448 731 4492 et
749 4441 1108 4508 corporalium
1159 4441 1632 4495 iustrtnuentorum
1677 4442 2026 4511 multiplicem

2141 4431 2320 4500 inquit,
2367 4431 2630 4484 hominem
2679 4430 2747 4482 ad
2796 4431 3076 4499 imaginem
3107 4437 3153 4481 et
3203 4429 3593 4481 similitudinem
3623 4443 3680 4476 ao

440 4531 790 4595 varietatem;
825 4531 946 4583 dum
977 4546 1172 4598 corpus
1201 4532 1542 4586 administrat
1585 4533 1868 4585 nutriendo
1901 4531 2027 4585 illud

444 4629 498 4672 ct
521 4619 784 4688 augendo,
817 4619 994 4674 vitalis
1026 4630 1201 4674 motus
1233 4605 1430 4675 mer-uit
1472 4621 1728 4691 appellari
1755 4662 1768 4685 ,
1803 4621 1928 4674 dum
1959 4621 2030 4675 sit

444 4708 556 4776 ipsa
592 4706 1023 4775 simplicissimac
1058 4710 1099 4740 ¹¹
1121 4717 1175 4763 et
1199 4709 1500 4762 individuac
1529 4718 1584 4763 et
1618 4710 1957 4778 impartibilis
1984 4709 2027 4740 “

444 4800 729 4862 essentiae,
761 4809 814 4852 et
847 4799 892 4831 ³⁵
925 4816 1022 4856 nec
1062 4803 1238 4856 minor
1259 4803 1310 4856 in
1336 4804 1632 4858 minoribus
1669 4804 1780 4857 suis
1813 4804 2024 4867 olliciis,

443 4906 542 4944 nec
577 4889 744 4956 major
782 4889 836 4944 in
867 4891 1188 4961 majoribus,
1235 4908 1332 4947 nec
1375 4895 1609 4946 maxima
1653 4893 1704 4947 in
1752 4895 2022 4957 maximis,

443 4981 536 5036 sed
569 4982 622 5035 in
651 4981 901 5037 omnibus
941 4984 1155 5039 sibimet
1185 4983 1425 5054 aequalis
1453 4993 1553 5048 est,
1586 4993 1644 5038 ut
1685 5000 1910 5054 magnus
1941 4985 2028 5038 ille

2117 4523 2366 4576 stram".
2397 4521 2584 4591 Imago
2629 4521 2791 4575 donec
2833 4522 2886 4574 in
2916 4520 3060 4573 nullo
3089 4537 3289 4584 eorum,
3321 4537 3454 4590 quae
3495 4522 3546 4572 in
3573 4520 3703 4586 priu-

2134 4611 2293 4680 cipali
2341 4609 2706 4680 intelliguntur
2753 4609 3018 4678 exemplo,
3070 4609 3315 4676 deﬁciat,
3375 4608 3581 4678 proprie
3636 4615 3701 4656 est

2131 4703 2342 4770 imago;
2386 4702 2432 4753 si
2473 4716 2590 4753 vero
2633 4700 2687 4752 in
2740 4699 2916 4768 aliqua
2943 4715 3008 4751 ea:
3049 4698 3392 4750 similitudine
3417 4694 3701 4766 principalis

2131 4791 2350 4860 exempli
2381 4792 2671 4852 excesserit,
2701 4790 2754 4842 in
2777 4790 2868 4843 illa
2890 4801 3037 4854 parte
3069 4791 3241 4858 imago
3274 4807 3375 4842 non
3397 4799 3490 4841 est.
3523 4785 3642 4840 Non
3662 4783 3700 4814 "

2131 4897 2252 4951 ergo
2271 4881 2516 4948 quoniam
2545 4881 2596 4932 in
2624 4879 2725 4942 his,
2747 4896 2880 4948 quae
2905 4881 3042 4933 circa
3067 4881 3297 4934 divinant
3323 4880 3706 4933 considerantur

2133 4970 3012 5039 naturam,iucomprehensit'tlitas
3053 4971 3308 5024 essentiae
3335 4981 3433 5034 est,
3485 4984 3704 5024 necessa-

1723 5131 1976 5186 VARIAE
2017 5128 2417 5186 LECTIONES.

517 5260 532 5291 ι
575 5248 631 5302 in
677 5262 786 5301 om.
833 5248 898 5303 Α.

439 5321 759 5390 praedictum
788 5329 861 5390 est
891 5334 976 5371 om
1002 5321 1107 5390 AA.

439 5388 549 5443 om.
580 5389 688 5443 AC.
765 5389 928 5459 u’gSic
957 5388 1062 5448 AF;
1093 5389 1132 5442 C
1170 5405 1260 5456 per
1297 5389 1551 5459 seipsum:

445 5477 562 5514 mae
590 5471 808 5512 naturae
833 5469 887 5512 et
909 5459 1236 5513 individuae.

446 5533 491 5564 ιδ
513 5531 548 5581 Α
573 5540 676 5582 tota
707 5532 961 5583 lunnana.
1040 5531 1078 5566 ιτ
1106 5529 1169 5582 de
1195 5528 1420 5596 imagine
1436 5542 1542 5579 om.
1579 5528 1640 5579 Λ.

444 5598 484 5628 ²¹
517 5599 556 5650 Α
588 5599 953 5652 intellexerint.

441 5665 486 5708 δί’
515 5669 771 5734 thntntlo
804 5685 912 5721 um.
951 5669 1014 5722 Α.

1184 5319 1206 5347 θ
1232 5319 1322 5372 Sic
1347 5318 1452 5380 Cl";
1485 5319 1527 5370 Α
1570 5329 1614 5370 et
1647 5327 1820 5384 auget.

1092 5670 1133 5700 ³⁷
1160 5670 1201 5722 Λ
1241 5684 1410 5722 rnccm
1443 5666 1558 5722 Dei.

975 5249 995 5280 ³
1033 5247 1124 5301 Sic
1165 5246 1279 5307 CF;
1310 5247 1346 5300 Λ
1389 5246 1522 5300 falso
1551 5263 1691 5302 corr.
1728 5247 2172 5301 subministratur.

1897 5319 1914 5348 ⁷
1961 5319 2050 5371 Sic
2089 5317 2194 5379 CF;
2231 5317 2438 5368 easdem
2479 5331 2587 5368 om.
2620 5315 2682 5366 Α.

1632 5388 1672 5418 ⁸³
1711 5379 1752 5440 Ᾰ
1783 5402 1944 5456 super
1963 5389 2192 5454 scipsam
2230 5387 2448 5438 attendit
2474 5397 2527 5437 et
2573 5386 2589 5453 (
2615 5384 2836 5456 attendit
2878 5400 2996 5456 om.
3025 5380 3278 5456 CF.)M_"
3309 5384 3354 5456 _A
3383 5379 3704 5456 simplicissi-

1315 5457 1358 5530 ¹ξ⁸
1398 5458 1486 5511 Sic
1517 5455 1623 5530 CF;
1667 5458 1706 5509 Λ
1731 5466 1783 5530 et
1806 5455 1861 5512 in
1901 5459 2136 5527 partibus
2167 5458 2450 5530 essentiam

1719 5528 1762 5560 ³⁸
1798 5525 2082 5581 secundum
2111 5544 2220 5580 orn.
2253 5525 2356 5580 CF.

1031 5601 1075 5632 "
1103 5601 1145 5649 si
1190 5613 1297 5650 om.
1343 5597 1445 5650 (3F.
1475 5598 1521 5627 ’³
1546 5597 1635 5649 Sic
1665 5597 1781 5660 CF;
1815 5598 2051 5664 fortassis
2084 5613 2193 5650 om.
2232 5597 2296 5648 Α.

1636 5669 1680 5696 ’⁸⁸
1711 5679 1938 5720 nostram
1969 5685 2076 5723 om.
2110 5669 2212 5722 Ci".

3075 5241 3093 5270 ³
3135 5241 3222 5294 Sic
3259 5239 3362 5304 CF;
3393 5242 3434 5293 Α
3465 5242 3529 5292 ei.
3605 5241 3626 5270 ⁸
3655 5248 3702 5291 ut

2251 5247 2270 5276 ³
2297 5245 2386 5298 Sit:
2420 5244 2523 5308 CF;
2571 5244 2608 5295 Α
2655 5242 2995 5310 intelligatur.
3075 5242 3093 5270 ⁵⁵
3135 5242 3222 5294 Sic
3259 5242 3362 5304 CF;
3393 5242 3434 5293 Α
3465 5242 3529 5292 ei.
3605 5242 3626 5270 '
3655 5248 3702 5291 ut

2251 5317 2438 5365 easdem
2479 5331 2587 5365 mn.
2620 5315 2682 5365 Λ.
2759 5314 2780 5344 ⁸
2825 5325 2896 5365 est
2930 5329 3036 5365 om.
3069 5310 3174 5365 CF:
3250 5312 3270 5341 ⁹
3305 5313 3394 5362 Sir
3425 5310 3530 5365 CF:
3574 5311 3702 5363 circa

3307 5327 3394 5362 διο
3425 5327 3530 5376 [ενι

2759 5314 2780 5344 ⁸
2825 5325 2896 5365 est
2930 5329 3036 5365 om.
3069 5310 3174 5375 CF;

2531 5450 2646 5507 ¹’ἐι
2678 5470 2784 5506 mn.
2813 5453 2876 5506 A.
2953 5454 2996 5485 ⁸⁸
3021 5451 3112 5506 Sic
3153 5450 3257 5513 CF;
3298 5451 3334 5504 Α
3367 5461 3475 5501 tota
3507 5450 3700 5502 anima.

2438 5525 2479 5556 ‘9
2513 5525 2600 5578 Sic
2624 5523 2741 5583 Cl";
2775 5522 2818 5576 A
2846 5523 3097 5592 simplice.
3175 5523 3218 5592 ἐ’
3243 5520 3460 5582 Sirtll“;
3499 5522 3539 5570 Α
3579 5519 3698 5592 .\_'rc.

2374 5595 2420 5625 ’δ
2450 5596 2539 5646 Sic
2570 5593 2681 5656 (LF;
2717 5595 2752 5644 Α
2791 5589 3018 5660 quidem.
3096 5593 3141 5624 ’⁸
3173 5591 3210 5644 F
3255 5594 3347 5644 sed
3385 5595 3430 5642 si
3460 5589 3699 5657 simplex.

2291 5670 2334 5700 ’τ’
2358 5667 2444 5720 Sic
2468 5665 2582 5729 (2F;
2620 5668 2656 5716 Α
2694 5664 2892 5717 Nonne.
