3898 6154
250 233 345 288 739

1048 223 1133 280 DE
1172 223 1513 280 DlVlSlONE
1553 217 1902 280 NATURAE.
1945 252 2015 262 —
2039 221 2242 277 LIBER
2283 220 2634 292 QUARTUS.

3409 233 3512 289 799

245 347 376 398 rium
421 348 538 406 erit,
569 355 710 404 eum,
741 339 829 408 qui
872 339 1092 392 sortitur
1113 339 1414 410 imaginem,
1466 355 1666 392 omnem
1701 345 1716 376 ί
1752 336 1820 390 ad
1848 335 1901 394 A
1927 337 2165 406 copulam
2194 349 2242 392 et
2272 340 2688 401 similitudinem,
2720 357 2853 410 quae
2892 341 2961 394 ad
2987 341 3121 397 illud
3149 352 3242 408 est,
3273 349 3506 416 efficitur,

241 429 520 503 principale
541 427 830 496 exemplum
851 427 1190 480 imitatione»:
1221 427 1442 506 habere;
1457 426 1515 482 Si
1533 428 1667 481 enim
1691 427 1819 480 ima-

242 521 372 593 ginis
425 528 613 572 natura
652 516 940 587 principale
1001 516 1293 586 exemplum
1333 517 1813 587 comprehenderit,

243 628 390 680 super
415 611 436 641 ⁸
468 608 970 677 comprehensionem
1015 609 1146 674 erit;
1176 610 1221 662 si
1247 611 1590 663 contrarietas
1612 625 1814 673 eorum,

241 718 366 773 quae
389 701 809 760 considerantur,
848 699 1136 763 invenitur,
1165 701 1304 768 quod
1335 709 1531 768 oportet
1561 700 1602 765 ³,
1637 717 1819 770 pecca-

241 805 342 846 tum
373 792 616 860 imaginis
658 791 1072 855 reprehenditur.
1105 791 1370 856 Quoniam
1398 810 1516 847 vero
1545 794 1814 846 scientiam

241 882 364 950 fugit
405 882 516 950 ipsa
548 881 714 933 nostri
760 881 922 956 animi
970 879 991 910 "
1023 893 1238 947 natura,
1269 900 1404 952 quae
1427 893 1502 936 est
1531 885 1816 936 secundum

239 972 506 1038 imaginem
537 969 844 1032 conditoris,
870 971 1168 1041 diligentem
1201 975 1268 1026 ad
1300 975 1376 1038 id,
1406 977 1545 1044 quod
1569 977 1616 1028 ei
1637 991 1818 1044 super-

237 1061 461 1127 ponitur,
484 1060 632 1116 habet
657 1059 1052 1121 similitudinem
1087 1080 1166 1127 eo,
1196 1065 1333 1133 quod
1360 1066 1644 1119 secundum
1675 1067 1814 1134 seip-

236 1166 339 1202 sam
363 1159 434 1202 est
461 1151 776 1220 incognitus,
805 1153 971 1205 incom
997 1153 1368 1208 irehensibilem
1399 1167 1641 1209 naturam
1687 1158 1816 1210 cha-

237 1242 566 1293 racterizuns.
597 1241 740 1294 Idem
771 1243 822 1294 in
850 1244 1006 1296 tertio
1031 1245 1239 1298 dccimo
1263 1246 1530 1315 capitulo:
1553 1247 1814 1311 Quoniam

234 1331 626 1398 pulcherrinmm
657 1332 885 1384 omnium
914 1342 962 1386 et
982 1333 1465 1389 excellentissimum
1497 1338 1686 1390 bonum
1709 1337 1815 1406 ipse

239 1419 363 1471 Dens
389 1431 484 1484 est,
519 1421 589 1473 ad
609 1439 760 1488 quem
791 1423 970 1476 omnia
1005 1425 1306 1493 respiciunt,
1335 1443 1672 1497 quaecunque
1695 1427 1814 1480 boni

233 1512 406 1564 habent
427 1513 750 1566 desiderium
776 1530 793 1568 :
820 1525 1090 1584 propterea
1113 1515 1335 1569 dicimus
1357 1517 1513 1570 etiam
1535 1519 1766 1572 animant
1791 1517 1812 1548 ⁵

231 1605 300 1657 sic
327 1605 346 1634 ⁸
371 1604 438 1656 ad
491 1605 769 1674 imaginem
799 1605 1166 1674 formosissimi
1210 1607 1431 1676 factum,
1462 1619 1715 1679 quatenus
1743 1609 1811 1662 ad

231 1693 506 1763 principale
521 1696 808 1761 exemplum
831 1695 1226 1750 similitudinem
1255 1701 1604 1769 participarit,
1648 1717 1814 1769 quan-
1846 1677 1890 1738 Β

231 1795 328 1837 tum
359 1787 567 1854 quidem
615 1786 787 1855 ipsum
831 1789 884 1840 in
917 1788 1050 1841 bono
1095 1789 1212 1842 licet
1240 1808 1560 1859 permanere.
1611 1790 1669 1846 Si
1701 1810 1816 1846 vero

230 1876 603 1944 quodammodo
631 1887 779 1930 extra
805 1879 900 1930 hoc
929 1879 1119 1947 fuerit,
1148 1881 1536 1949 pulchritudine
1566 1882 1730 1946 illius,
1759 1885 1814 1938 in

232 1984 323 2036 quo
348 1977 481 2029 erat,
515 1967 834 2022 denudatur.
869 1967 955 2022 Sic
980 1971 1185 2039 quidem
1215 1973 1436 2025 dicimus
1467 1973 1812 2026 similitudine

231 2057 526 2128 principalis
547 2060 769 2128 exempli
798 2059 1206 2128 pulchritudinis
1237 2065 1470 2115 animum
1504 2065 1702 2129 ornari,
1734 2081 1814 2118 ve-

232 2146 318 2198 luti
335 2146 602 2216 quoddam
637 2148 905 2213 speculum
935 2149 1236 2204 charactere
1271 2154 1574 2221 apparentis
1597 2154 1652 2206 in
1705 2171 1764 2208 eo
1787 2155 1806 2186 ⁷

233 2235 507 2301 formatum
534 2253 552 2290 :
577 2237 737 2306 juxta
767 2240 984 2292 eandem
1015 2239 1315 2311 analogiam
1349 2246 1507 2296 etiam
1529 2245 1550 2275 ⁸
1586 2245 1812 2300 admini-

231 2337 431 2380 stratum
478 2345 513 2381 a
558 2343 614 2382 se
664 2339 907 2383 naturam
958 2333 1146 2385 habere
1193 2335 1428 2387 animum
1467 2335 1806 2402 arbitramur,

229 2420 722 2488 pulchritudiueque,
751 2438 886 2490 quae
915 2424 1090 2477 abillo
1115 2435 1210 2486 est,
1239 2427 1405 2496 ipsum
1427 2431 1624 2491 ornari,
1652 2431 1809 2484 veluti

228 2509 476 2574 quoddam
505 2513 701 2582 speculi
724 2513 990 2582 speculum
1037 2517 1252 2585 factam,
1284 2523 1547 2591 tenerique
1569 2522 1632 2575 ab
1657 2525 1765 2593 ipso
1785 2524 1806 2555 ⁹

229 2607 270 2650 et
297 2602 660 2667 comprehendi
687 2603 960 2656 materiale
989 2606 1336 2661 substantiale
1363 2609 1426 2670 ιο,
1459 2610 1555 2664 hoc
1577 2621 1673 2676 est,
1697 2629 1808 2665 ma-

229 2677 443 2742 terialem
469 2691 840 2754 substantiam,
863 2695 1002 2746 circa
1025 2713 1184 2765 quam
1201 2699 1565 2752 consideratur
1593 2711 1803 2755 natura.

229 2776 326 2832 Hoc
347 2793 525 2850 auten)
553 2793 839 2852 pr0pterea
867 2785 1015 2850 dicit,
1043 2789 1184 2856 quod
1213 2789 1356 2844 circa
1381 2792 1663 2845 materiam
1684 2807 1808 2861 pro-

227 2871 330 2938 prie
353 2873 635 2941 inspfcitur
665 2875 705 2906 ¹¹
741 2886 951 2936 natura,
987 2878 1110 2946 quia
1147 2888 1320 2948 natat,
1345 2881 1517 2936 donec
1552 2883 1803 2948 lormam,

227 2975 320 3025 qua
342 2962 754 3028 slainliti-lur",
785 2969 1007 3019 materia
1036 2967 1292 3022 inveniat.
1323 2969 1384 3023 Si
1409 2986 1530 3039 ergo
1558 2971 1798 3034 habetur,

1923 442 2103 495 expers
2144 428 2263 480 boni
2309 429 2518 482 omnino
2543 437 2638 482 est.
2685 427 2746 483 Si
2770 445 2890 498 ergo
2925 448 3084 484 unum
3117 435 3324 502 quidem
3351 438 3510 505 juxta

1921 515 2305 569 consideratam
2347 518 2601 570 rationem
2648 516 2839 570 bonum
2884 529 2960 572 est
2989 521 3053 578 ’³,
3086 524 3224 591 quod
3271 541 3387 578 vere
3414 539 3509 586 est,

1923 605 2130 658 animus
2160 617 2333 660 autem
2362 607 2430 660 ad
2467 607 2744 676 imaginem
2786 609 2906 676 boni
2938 610 3108 677 factus
3131 613 3198 675 ³⁸⁵,
3221 615 3376 668 etiam
3406 617 3514 687 ipse

1919 697 2070 751 habet
2117 699 2280 752 bonus
2330 717 2470 763 esse;
2515 710 2708 752 natura
2756 718 2875 754 vero
2923 705 3156 772 corporis
3183 705 3249 770 ’⁸,
3271 725 3404 776 quae
3449 709 3513 761 ab

1921 789 2096 840 animo
2122 791 2436 853 continetur,
2457 789 2610 843 veluti
2635 793 2890 860 quaedam
2933 793 3106 862 imago
3134 796 3378 866 imaginis
3416 809 3511 855 est.

1921 877 2006 930 Ex
2018 880 2099 932 his
2114 881 2405 934 ostenditur
2420 881 2483 944 ’°,
2501 880 2624 951 quia
2647 881 2918 936 materiale
2931 896 3163 940 nostrum
3179 890 3516 944 constituitur

1917 971 2125 1038 quidem
2173 980 2219 1024 et
2267 971 2740 1040 comprehenditur,
2774 989 2892 1026 cum
2949 991 3012 1028 ex
3063 987 3252 1031 natura
3282 980 3514 1033 animi"

1919 1062 2352 1128 administratur;
2377 1065 2596 1118 solvitur
2619 1081 2738 1117 vero
2783 1065 2970 1118 iterum
3004 1077 3050 1120 et
3078 1069 3288 1133 decidit,
3320 1087 3436 1123 cum
3484 1089 3518 1125 α

1919 1155 2210 1206 continente
2237 1155 2414 1208 animo
2446 1165 2492 1206 et
2538 1155 2996 1221 comprehendente
3024 1170 3317 1225 separatur,
3373 1170 3420 1212 et
3452 1160 3516 1212 ab

1918 1249 2030 1313 ipsa
2059 1247 2128 1298 ad
2151 1247 2340 1299 bonum
2365 1244 2808 1300 conmituralitate
2831 1249 3162 1317 dispergitur.
3199 1249 3312 1303 Iloc
3342 1263 3516 1304 autem

1919 1353 2020 1390 non
2053 1337 2208 1390 aliter
2237 1338 2476 1407 eﬂicitur,
2498 1353 2659 1407 quam
2690 1354 2809 1390 cum
2848 1348 3071 1390 naturae
3093 1338 3161 1390 ad
3189 1339 3515 1391 contrarium

1917 1428 1975 1496 fit
2017 1431 2306 1493 conversio,
2335 1430 2459 1481 dum
2489 1430 2804 1482 desiderium
2842 1445 2943 1482 non
2968 1430 3036 1482 ad
3078 1429 3292 1492 bonum,
3327 1429 3417 1482 sed
3445 1429 3515 1481 ad

1917 1517 1992 1580 id,
2017 1519 2156 1587 quod
2177 1518 2454 1584 formantis
2477 1519 2691 1587 indiget,
2716 1519 2970 1571 intuetur.
3000 1517 3222 1572 Necesse
3247 1529 3320 1572 est
3353 1521 3510 1583 enim,

1917 1623 2116 1660 onmem
2141 1609 2414 1660 materiam
2429 1625 2521 1677 per
2541 1618 2816 1677 egestatem
2837 1609 3079 1677 propriae
3107 1609 3309 1676 formae
3334 1610 3401 1662 ad
3416 1609 3516 1662 ali-

1918 1698 2045 1767 quid
2060 1699 2388 1752 inltonestum
2409 1716 2469 1752 ac
2486 1700 2718 1768 deforme
2732 1698 3088 1751 simulandum
3108 1697 3511 1766 conformari“.

1918 1791 1985 1844 Et
2015 1791 2175 1860 paulo
2209 1799 2330 1861 post
2363 1809 2376 1844 :
2409 1791 2484 1845 Ac
2523 1807 2616 1860 per
2657 1792 2752 1844 hoc
2803 1807 3117 1860 consequens
3147 1790 3512 1860 contemplatio

1918 1881 2110 1934 rationi
2133 1882 2392 1943 occurrit,
2420 1897 2511 1949 per
2535 1899 2693 1950 quam
2716 1882 2987 1946 discimus,
3029 1883 3085 1934 in
3125 1881 3358 1935 humana
3394 1897 3516 1934 con-

1916 1971 2144 2024 cretione
2183 1987 2214 2022 a
2247 1968 2357 2022 Deo
2389 1970 2597 2039 quidem
2635 1971 2868 2022 animum
2899 1969 3295 2034 administrari,
3326 1971 3389 2023 ab
3421 1968 3512 2023 illo

1915 2070 2091 2114 autem
2132 2060 2459 2116 materialem
2501 2073 2737 2115 nostram
2785 2063 2941 2115 citam
2973 2103 2986 2125 ,
3023 2063 3148 2115 dum
3188 2063 3241 2117 in
3280 2074 3468 2117 natura
3495 2103 3510 2128 ,

1914 2153 2010 2204 hoc
2051 2161 2159 2216 est,
2213 2151 2267 2204 in
2304 2151 2535 2220 imagine
2575 2152 2739 2218 animi
2775 2159 2992 2216 manet;
3032 2153 3078 2204 si
3116 2161 3292 2205 autem
3329 2168 3511 2206 aversa

1912 2243 2076 2312 fuerit
2124 2259 2157 2296 α
2201 2251 2427 2304 natura,
2477 2242 2632 2294 etiam
2665 2241 2729 2293 ab
2779 2241 2914 2310 ipsa,
2956 2258 3093 2310 quae
3135 2249 3211 2294 est
3251 2257 3344 2310 per
3391 2243 3511 2294 ani-

1911 2351 2086 2399 mum,
2111 2335 2410 2404 operatione
2437 2332 2680 2386 alienari.
2729 2332 2962 2387 Proinde
3003 2335 3047 2386 si
3091 2332 3211 2400 quis
3249 2331 3510 2400 praedicti

1914 2425 2146 2493 theologi
2175 2421 2341 2476 verba
2388 2422 2645 2475 intentius
2690 2421 2736 2451 ²⁹
2783 2421 3154 2489 perspexerit,
3201 2436 3297 2490 per
3338 2428 3510 2474 totum

1911 2514 2178 2569 sermonis
2203 2514 2270 2568 de
2299 2513 2533 2583 imagine
2561 2520 2764 2566 textum
2799 2511 3036 2565 inveniet
3062 2511 3507 2566 constitutionem

1913 2605 2078 2658 totius
2111 2603 2346 2658 hominis
2369 2603 2420 2655 in
2446 2603 2622 2657 tribus
2647 2601 2992 2671 quihusdam,
3018 2601 3215 2670 quibus
3241 2600 3506 2654 naturalis

1909 2695 2043 2747 ordo
2065 2693 2372 2747 contexitur
2395 2691 2461 2755 ³ο,
2489 2692 2652 2745 veluti
2693 2691 3012 2760 compositis
3051 2697 3361 2744 concrctam
3389 2704 3404 2742 :
3447 2690 3503 2744 in
3581 2720 3589 2724 -

1910 2785 2092 2838 animo
2118 2783 2390 2847 videlicet,
2416 2791 2469 2836 ct
2495 2783 2646 2836 vitali
2678 2791 2850 2844 motu,
2883 2797 3042 2852 quem
3076 2782 3189 2850 ipse
3215 2779 3505 2850 aliquando

1907 2875 2184 2941 ﬂuxilem,
2215 2874 2506 2945 aliquando
2553 2873 2889 2927 materialcm
2937 2872 3104 2926 vitam
3151 2872 3408 2942 appellat,
3446 2880 3504 2926 et

1909 2967 1966 3020 in
1995 2966 2038 2998 ³⁸
2070 2967 2294 3020 materia
2333 2965 2561 3019 formata
2591 2964 2658 3027 ³¹,
2690 2965 2761 3018 ita
2792 2972 2850 3018 ut
2877 2972 3018 3016 totus
3041 2963 3202 3016 homo
3229 2963 3430 3025 animo,
3453 2970 3510 3016 et

229 3047 383 3136 inquit
403 3051 553 3114 “,ab
577 3052 742 3105 altero
766 3053 1116 3124 alterum,per
1135 3059 1310 3110 omnia
1335 3062 1812 3115 corrationabiliter
1841 3046 1886 3107 C
1916 3057 2182 3112 materiali
2205 3058 2348 3120 vita,
2378 3065 2432 3110 et
2465 3057 2577 3125 ipsa
2607 3055 2833 3108 materia
2864 3064 3115 3108 constare
3145 3053 3500 3121 intelligatur.

225 3137 326 3209 ’psa
356 3145 454 3196 veri
484 3144 607 3196 boni
639 3147 858 3198 societas
886 3146 1108 3200 deducta
1131 3149 1172 3178 ¹⁵
1189 3165 1280 3216 per
1303 3150 1378 3212 id,
1401 3152 1539 3219 quod
1562 3155 1809 3222 supponi-

228 3239 318 3292 tur,
349 3233 419 3298 id,
448 3236 590 3303 quod
619 3251 952 3302 consequens,
981 3237 1284 3305 forntiﬁcat,
1309 3239 1406 3292 hoc
1436 3251 1526 3299 est,
1563 3258 1654 3310 per
1685 3244 1774 3297 ani
1786 3272 1805 3284 -

226 3338 350 3375 mum
375 3323 417 3357 “
445 3327 722 3379 materiam
767 3328 982 3396 format.
1037 3329 1168 3380 Cum
1220 3345 1337 3383 vero
1381 3332 1600 3400 efficitur
1643 3334 1802 3403 hujus

227 3416 430 3480 optimae
453 3418 914 3470 connaturalitatis
945 3418 1200 3486 dispersio
1221 3460 1234 3483 ,
1268 3429 1316 3474 et
1359 3421 1428 3473 ad
1458 3426 1798 3487 contrarium,

226 3507 345 3568 quod
383 3509 627 3575 superius
672 3518 764 3572 est,
797 3510 1016 3576 inferius
1044 3509 1159 3578 ﬁat,
1193 3520 1316 3564 tunc
1351 3512 1515 3580 ipsius
1552 3517 1803 3568 materiae

228 3595 468 3651 desolatae
517 3615 582 3652 ex
609 3610 822 3666 natura,
853 3601 948 3654 hoc
983 3611 1057 3654 est
1111 3603 1344 3655 naturali
1391 3605 1574 3658 ordine
1615 3607 1800 3658 redar-

225 3688 446 3754 guitur“
479 3689 812 3759 deformitas.
863 3692 1125 3762 Deformis
1154 3693 1196 3725 ⁸⁷
1235 3696 1374 3748 enim
1415 3712 1496 3748 res
1541 3699 1798 3766 quaedam

226 3786 290 3829 est
316 3795 400 3845 per
422 3781 649 3848 seipsam
681 3783 903 3835 materia
937 3783 1120 3837 ordine
1169 3795 1392 3838 naturae
1432 3795 1631 3840 mutato
1658 3788 1718 3848 ιθ,
1741 3789 1797 3839 'et

225 3865 372 3932 ipsius
424 3869 708 3937 deformati
759 3874 1216 3938 concorrumpitur
1269 3874 1310 3906 ⁸³
1341 3874 1675 3943 pulchritudo
1704 3868 1797 3928 na-

224 3961 375 4022 turne,
403 3959 456 4010 in
481 3975 586 4026 qua
630 3975 722 4029 per
755 3961 988 4014 aniinum
1017 3961 1294 4030 formatur,
1328 3981 1390 4016 ac
1419 3965 1494 4016 sic
1532 3966 1586 4018 in
1625 3966 1794 4033 ipsum

225 4044 437 4098 animum
463 4048 804 4116 turpitudinis
843 4052 1094 4104 materiae
1121 4067 1212 4121 per
1234 4062 1474 4106 naturam
1499 4054 1796 4110 distributio

224 4135 440 4202 efﬁcitur,
504 4148 558 4190 ut
607 4155 711 4193 non
745 4140 863 4209 jam
923 4141 1015 4194 Dei
1069 4143 1350 4212 imaginem
1394 4147 1448 4198 in
1497 4146 1794 4202 charactere

223 4223 434 4292 ﬁgmenti
464 4229 784 4284 consideres.
837 4229 978 4284 Nam
1012 4231 1168 4284 veluti
1220 4232 1486 4302 quoddam
1526 4236 1792 4304 speculum

225 4327 342 4368 retro
370 4318 621 4372 bonorum
649 4320 897 4387 formam,
937 4338 991 4376 se
1035 4322 1246 4376 animus
1289 4323 1486 4392 faciens
1511 4324 1556 4355 ²⁰
1583 4324 1790 4394 projicit

221 4405 404 4468 quidem
429 4408 652 4477 fulgoris
679 4412 870 4462 summi
895 4413 937 4449 ἰ
977 4408 1094 4464 boni
1121 4412 1356 4478 notitias,
1399 4415 1652 4468 materiae
1673 4431 1792 4468 vero

221 4491 582 4559 deformitatem
631 4499 684 4550 in
725 4499 950 4567 seipsum
985 4499 1244 4564 absorbet,
1297 4509 1346 4554 et
1397 4500 1494 4556 hoc
1536 4504 1689 4558 modo
1732 4505 1790 4572 ﬁt

221 4582 330 4634 mali
359 4589 623 4654 generatio
648 4605 742 4658 per
774 4591 1116 4658 privationem
1147 4591 1267 4645 boni
1296 4593 1557 4646 subtexta.
1585 4595 1790 4651 Bonum

223 4687 322 4725 vero
333 4692 476 4732 omne
491 4680 537 4710 ”
559 4690 654 4743 est,
674 4683 1015 4753 quodcunque
1035 4684 1388 4754 consequitur,
1405 4686 1544 4755 quod
1564 4689 1790 4757 primum

223 4760 392 4819 bonum
417 4775 627 4842 proprie
672 4773 860 4838 habet;
909 4775 1256 4844 quodcunque
1293 4791 1412 4830 vero
1448 4787 1598 4832 extra
1643 4779 1791 4834 illam

1913 3148 1979 3202 Et
2017 3149 2230 3200 animus
2262 3147 2503 3216 quidem,
2528 3145 2580 3199 in
2615 3161 2721 3214 quo
2762 3153 2871 3198 tota
2909 3145 3121 3197 animae
3161 3143 3334 3197 virtus
3379 3157 3506 3197 cou-

1907 3247 2056 3299 stat,
2095 3237 2162 3290 ad
2198 3237 2487 3305 imaginem
2527 3235 2620 3288 Dei
2659 3235 2867 3297 factus,
2909 3241 2966 3286 et
3003 3232 3196 3285 summi
3231 3230 3355 3286 honi
3384 3245 3504 3298 spe-

1905 3326 2082 3380 culum
2104 3367 2118 3391 ,
2168 3325 2422 3395 (utquiam
2468 3323 2521 3376 in
2569 3338 2633 3376 eo
2664 3321 2874 3374 divinae
2902 3321 3168 3373 essentiae
3195 3320 3498 3388 incompre-

1905 3417 2185 3471 hensibilis
2212 3417 2384 3471 forma
2413 3413 2664 3468 inellahili
2695 3421 2748 3466 ct
2779 3411 3312 3480 incomprehensihili
3343 3411 3501 3464 modo

1903 3510 2150 3564 resultat.
2177 3507 2466 3562 Materialis
2492 3515 2671 3560 autem
2706 3505 2838 3568 vita,
2860 3519 3000 3572 quae
3023 3501 3331 3570 specialiter
3353 3500 3498 3554 circa

1904 3603 2183 3655 n'iateriam
2224 3608 2494 3663 versatur,
2539 3609 2594 3654 et
2629 3605 2917 3666 propterea
2953 3593 3248 3648 materialis
3276 3591 3494 3655 dicitur,

1901 3694 2024 3762 quia
2052 3690 2394 3744 mutabilitati
2420 3689 2695 3750 materiae,
2722 3689 2772 3740 id
2797 3694 2880 3740 est
2898 3727 2912 3748 ,
2937 3683 3180 3752 corporis
3203 3682 3494 3742 adhaeret,

1902 3783 2078 3851 imago
2103 3781 2366 3849 quaedam
2393 3780 2556 3834 animi
2585 3787 2686 3842 est,
2707 3786 2776 3840 et,
2810 3785 2867 3830 ut
2899 3775 3012 3844 ipsc
3043 3775 3190 3837 dicit,
3219 3772 3496 3842 speculum

1899 3875 2101 3944 Speculi
2128 3891 2142 3938 ;
2173 3873 2332 3926 itaut
2359 3871 2570 3924 animus
2600 3869 2812 3922 divinae
2839 3875 3063 3919 naturae
3087 3863 3256 3918 forma
3285 3863 3388 3926 sit,
3415 3863 3496 3916 vi-

1903 3965 2023 4019 talis
2051 3973 2233 4016 antem
2281 3969 2462 4014 motus
2483 3999 2498 4023 ,
2541 3957 2630 4027 qui
2663 3956 2826 4008 etiam
2862 3951 3160 4007 materialis
3191 3951 3298 4003 vita
3330 3965 3493 4003 voca-

1899 4062 2007 4116 tur,
2037 4067 2158 4106 cum
2188 4051 2303 4119 ipsa
2337 4047 2560 4100 tuateria
2588 4045 2634 4075 ³³
2665 4043 2834 4096 forma
2875 4042 2947 4096 sit
2982 4031 3185 4101 animi,
3225 4053 3290 4092 ac
3325 4037 3490 4090 veluti

1897 4141 2136 4196 secunda
2166 4141 2342 4208 imago
2361 4177 2376 4199 ,
2409 4151 2502 4204 per
2526 4149 2686 4203 quam
2715 4131 2932 4185 animus
2961 4131 3122 4184 etiam
3153 4127 3201 4158 ³³
3230 4127 3493 4181 materiae

1897 4232 2132 4302 speciem
2175 4235 2438 4298 praestat.
2481 4223 2560 4278 Ac
2599 4240 2696 4294 per
2736 4224 2838 4276 hoc
2874 4221 3103 4290 quadam
3145 4218 3356 4273 ratione
3394 4231 3490 4287 per

1899 4326 2166 4376 humanae
2199 4329 2424 4374 naturae
2445 4316 2888 4384 consequentiam
2911 4323 3052 4366 totus
3077 4313 3238 4366 homo
3261 4309 3326 4364 ad
3356 4309 3491 4363 ima-

1899 4417 2075 4487 ginem
2124 4396 2220 4465 Dei
2271 4410 2447 4463 factus
2497 4422 2603 4460 non
2655 4407 2946 4474 incongrue
2983 4403 3200 4466 dicitur,
3239 4400 3488 4470 quamvis

1900 4503 2117 4575 proprie
2145 4509 2198 4554 et
2227 4495 2600 4568 principaliter
2630 4495 2682 4548 in
2723 4493 2836 4547 solo
2865 4493 3046 4544 animo
3079 4491 3256 4560 imago
3304 4490 3484 4544 subsi-

1899 4605 2043 4651 stere
2075 4592 2430 4658 intelligatur,
2481 4601 2547 4641 eo
2574 4585 2784 4648 ordine,
2839 4592 2897 4637 ut
2941 4584 3153 4636 animus
3191 4583 3406 4650 quidem
3453 4597 3484 4635 a

1901 4688 2033 4750 Deo,
2065 4665 2228 4739 nulla.
2249 4680 2356 4735 alia
2387 4684 2639 4732 creatura
2664 4674 2979 4744 interposita
3008 4673 3075 4736 ³⁵,
3100 4673 3280 4726 vitalis
3302 4680 3481 4726 autem

1899 4789 2078 4835 motus
2128 4775 2196 4830 al)
2247 4773 2450 4836 animo,
2497 4777 2768 4838 postremo
2815 4781 2911 4836 per
2946 4765 3166 4818 vitalem
3203 4772 3406 4818 motum
3435 4762 3483 4794 ⁸⁸

1476 4907 1728 4967 VARIAE
1786 4905 2186 4969 LECTIONES.

285 5027 647 5118 :romnempm.
673 5035 801 5118 eis;
857 5039 879 5072 ³
909 5037 1200 5118 εἰθλειῖξᾼ
1225 5058 1406 5112 supra.
1484 5043 1619 5118 {Sic
1647 5045 1765 5112 CF;
1795 5047 1934 5118 quod
1966 5040 2398 5118 opgrtetgoqu.
2473 5039 2495 5069 ⁸
2520 5037 2617 5118 Sic
2635 5035 2748 5118 CF;
2853 5047 3058 5118 nostrae
3082 5039 3360 5118 quintae,“
3390 5039 3412 5070 '

221 5099 429 5155 animum
459 5107 638 5158 etimn.
714 5107 831 5161 “Sic
849 5124 958 5162 om.
989 5109 1053 5162 A.
1124 5099 1148 5142 "’
1181 5112 1234 5164 in
1264 5099 1323 5165 eo
1348 5130 1458 5166 om.
1484 5113 1546 5167 Α.

221 5167 408 5241 dicitur.
482 5185 528 5217 ι’
560 5175 651 5230 Sic
674 5175 780 5238 CF;
821 5175 868 5230 Α
905 5195 1061 5241 quam
1103 5181 1370 5235 stabilitet.

1623 5117 1644 5149 ⁸
1665 5113 1820 5172 etiam
1848 5133 1957 5170 om.
1985 5113 2092 5170 CF.

1450 5184 1492 5215 ³³
1516 5185 1682 5255 inquit
1711 5203 1818 5240 om.
1855 5187 1917 5250 A;

3081 5111 3121 5144 “
3155 5109 3247 5164 Sic
3276 5108 3387 5171 Cl";
3431 5109 3479 5162 Α

2168 5116 2188 5145 θ
2220 5113 2256 5164 A
2304 5112 2436 5174 ipsa.
2519 5109 2561 5140 ¹⁹
2592 5109 2634 5160 Α
2659 5107 2998 5160 substantiae.

2817 5177 2862 5210 ¹⁵
2898 5177 2940 5230 Α
2972 5179 3223 5231 animam.
3317 5177 3358 5207 ¹⁶
3388 5179 3480 5246 Sic

1996 5185 2040 5215 ν’
2071 5183 2162 5237 Sic
2191 5181 2388 5245 CF;‘A
2415 5178 2737 5232 deducendo.

220 5237 320 5302 CF;
352 5240 394 5294 Α
416 5255 462 5297 et
489 5237 812 5324 contrarium
841 5237 1156 5324 59:};qust
1178 5250 1339 5324 fuerit
1359 5237 2190 5324 transgridieniisuuereminens,
2215 5237 2369 5306 etiam
2398 5249 2557 5318 ipsius
2584 5247 2831 5324 materiae
2851 5264 2966 5324 cum
2984 5248 3216 5324 dese/am
3240 5247 3482 5324 [aQ-gfx

220 5319 392 5386 Μανίᾳ
423 5317 778 5386 redarguitur.
856 5316 896 5348 ³⁷
923 5316 1016 5374 Sic
1031 5318 1146 5384 CF;
1172 5316 1212 5373 A
1244 5316 1514 5386 Informis;

1596 5325 1637 5356 ¹⁸
1669 5325 1756 5380 Sic
1778 5325 1882 5388 CF;
1911 5342 2010 5396 pro
2041 5325 2222 5376 ordine
2256 5333 2474 5396 naturae
2516 5328 2714 5396 mutato
2745 5318 2789 5369 Λ
2825 5318 3230 5396 et-imperfecta.

3309 5317 3350 5349 ιε’
3388 5317 3478 5371 Sic

221 5375 324 5461 ςξῆ
368 5383 404 5434 Α
429 5375 1146 5461 ἱιιῙονῆιὶιζιις»εοζιχιηιρὶιτινί
1225 5391 1270 5422 ¹⁰
1299 5375 1390 5447 Sic
1425 5375 1538 5456 CF;
1580 5394 1618 5448 Λ
1651 5375 1882 5449 farinam
1913 5375 2120 5449 iiaimns
2157 5395 2345 5461 factus.
2425 5392 2465 5419 ²¹
2499 5389 2688 5442 summi
2714 5403 2821 5461 Olli.
2872 5389 2934 5438 A.
2995 5389 3056 5461 1’
3087 5403 3243 5461 omne
3266 5401 3372 5438 om.

288 5460 357 5529 gat
379 5445 569 5529 095A.
587 5527 604 5529 _
647 5458 693 5486 “
719 5457 947 5529 SicCF;
969 5445 1013 5511 Ᾰ
1039 5461 1324 5529 efﬁciendo.

1403 5465 1450 5496 ³³
1477 5466 1707 5533 corporis
1735 5483 1842 5518 (πη.
1877 5467 1941 5519 Α.

2017 5467 2063 5496 ’(⁸
2100 5456 2230 5516 Λὶικ
2259 5463 2340 5516 his
2380 5469 2550 5513 autem
2577 5457 2897 5510 ostcmlitur.
2993 5457 3036 5486 ’⁷
3080 5456 3243 5508 animi
3271 5473 3376 5508 out.
3414 5459 3474 5509 Α.

221 5515 261 5544 ’⁸
288 5517 370 5574 Sic
391 5523 494 5606 (3F;
515 5527 556 5578 Α
581 5527 788 5606 formae
808 5515 1112 5606 inaliquam
1131 5530 1338 5598 foedam
1364 5553 1426 5586 ac
1453 5515 1736 5601 dcforrmem
1761 5538 2039 5606 imaginem
2063 5531 2450 5600 transfornuiri.
2501 5529 2574 5606 _"
2596 5529 2684 5606 Si?
2705 5527 2816 5588 (Ἐς
2903 5527 3148 5578 ίηίιήιηε·
3194 5597 3203 5606 ,
3226 5525 3468 5594 sol/"31"“?

221 5593 454 5684 ξςιτξνηξξδ
503 5597 630 5678 ordo
676 5593 1215 5684 COltlt’Iil-tl:-.(tlll‘.';A.

251 5667 259 5682 '
301 5661 334 5710 Α
366 5665 510 5717 etiam
543 5669 769 5723 animus.

1313 5603 1354 5634 ³⁸
1407 5607 1494 5658 Sic.
1542 5605 1623 5659 A:
1679 5607 1758 5658 Ill}
1803 5603 1886 5659 ex.

866 5670 910 5700 ³⁵
941 5669 1029 5725 Sic
1061 5671 1182 5736 CF;
1219 5674 1257 5726 Α
1291 5674 1591 5745 interposi‘u
1623 5688 1880 5732 creatura.
1929 5679 1972 5709 ³⁵
1997 5647 2089 5732 Siti
2111 5673 2192 5728 (ΣΡ
2225 5690 2239 5737 ς
2277 5675 2314 5724 Α
2356 5688 2417 5724 ex
2455 5669 2594 5723 rttali
2629 5677 2790 5719 motu.
3418 5707 3450 5737 ,

1987 5609 2028 5636 ³³
2079 5597 2304 5672 formata
2344 5618 2452 5653 oin.
2486 5600 2552 5652 Α.
2631 5597 2673 5627 ³³
2703 5613 2816 5646 cum
2861 5598 2971 5664 ipsa
3018 5597 3236 5651 materia
3267 5615 3374 5651 oui.
3401 5606 3461 5664 λ,
