3898 6154
455 259 548 313 70!

1870 253 2151 314 JUANNIS
2189 255 2393 315 sema
3326 226 3330 229 ’
3611 256 3698 311 Ἱειὶ

452 375 522 426 ab
572 371 755 427 animo
786 373 799 403 ¹
831 372 1054 426 materia
1091 370 1429 428 loru:ationis
1454 388 1584 429 suae
1608 374 1630 406 ³
1686 388 1907 429 causam
1948 388 2037 429 ac-
2065 377 2112 434 Α
2145 385 2201 430 ut
2232 392 2495 446 nunquam
2527 383 2641 444 post
2672 373 3073 427 mutabilitatem
3105 382 3245 427 stare
3282 372 3475 441 possit;
3506 372 3588 426 sed
3614 375 3698 425 im-

454 464 657 533 ripiat:
701 464 773 517 ita
809 476 868 518 ut
894 464 1118 517 materia
1151 466 1368 519 vitalem
1405 475 1608 520 motum
1639 474 1921 536 sequatur,
1950 465 2037 519 vi-

457 555 580 611 talis
608 565 786 610 motus
817 556 1056 610 animum
1078 597 1091 621 ,
1115 558 1328 613 animus
1348 559 1527 627 ipsum
1560 557 1751 625 Deum,
1779 559 1847 613 ad
1875 574 2038 627 quem

453 663 745 703 conversus
772 656 993 702 naturae
1018 664 1148 703 suae
1187 649 1557 720 integritatem
1593 659 1647 705 et
1677 648 2039 720 pulchritudi~

454 752 578 791 nem
618 737 871 800 custodit,
925 752 1150 792 aversus
1188 752 1319 793 vero
1358 738 1428 792 ab
1464 755 1563 805 eo,
1599 748 1656 794 et
1692 740 1954 809 seipsum,
1985 746 2043 793 et

447 843 590 898 quae
637 828 739 883 sibi
784 827 1027 897 subjecta
1063 837 1231 894 sunt,
1270 830 1604 885 materialem
1644 831 1815 885 vitam
1872 831 1997 885 dico
2022 870 2038 894 ,

451 918 732 988 ipsamque
749 920 1033 973 materiam
1055 918 1282 990 dissipat
1305 928 1470 989 atque
1490 920 1776 975 deformat.
1798 920 1906 976 Sed
1928 922 2042 990 ipse

449 1006 632 1062 vitalis
658 1016 837 1062 motus
863 1024 970 1062 non
996 1023 1218 1078 parvam
1246 1011 1618 1079 quaestionem
1646 1010 1837 1082 gignit.
1867 1010 2040 1077 Quac-

449 1096 589 1151 ritur
612 1098 978 1161 enim,utrum
1009 1098 1076 1151 ad
1103 1099 1467 1153 substantiam
1489 1100 1725 1154 hominis
1751 1100 2037 1169 pertineat,

449 1204 642 1245 necne.
682 1191 749 1245 Et
779 1191 824 1245 si
854 1207 963 1246 non
994 1191 1263 1260 pertinet,
1293 1208 1392 1248 cur
1417 1192 1598 1264 imago
1629 1193 1878 1264 imaginis
1906 1194 2042 1249 dici-

448 1290 561 1344 tur,
591 1281 694 1337 hoc
718 1288 832 1345 est,
860 1280 1040 1351 imago
1066 1281 1270 1348 animi,
1296 1291 1353 1336 et
1375 1286 1720 1352 qua’ratione
1744 1297 1841 1352 per
1864 1284 2039 1353 ipsum

447 1372 712 1427 materiae
744 1374 958 1427 animus
992 1382 1233 1443 praestat
1279 1373 1557 1430 formam?
1588 1376 1646 1430 Si
1684 1385 1865 1432 autem
1914 1375 2043 1432 sub-

447 1463 783 1518 stantialiter
815 1465 936 1521 talis
966 1465 1078 1521 vita
1118 1467 1260 1523 inest
1291 1467 1529 1533 homini,
1568 1484 1737 1538 quare
1771 1470 1935 1524 homo
1971 1484 2041 1525 ex

448 1554 630 1608 anima
678 1554 1018 1611 solummodo
1067 1566 1122 1612 et
1151 1572 1380 1627 corpore
1415 1567 1666 1614 constare
1698 1560 2036 1629 perhibetur,

449 1656 505 1700 et
529 1661 699 1716 quare
721 1646 895 1702 soluta
910 1640 1149 1733 materia
1180 1649 1267 1704 illa
1290 1650 1400 1704 vita
1431 1650 1484 1704 in
1514 1650 1661 1706 nullo
1686 1651 2040 1723 intelligitur?

449 1735 567 1790 Non
599 1739 742 1792 enim
774 1739 825 1793 in
859 1742 1091 1797 materia
1122 1751 1340 1809 manet,
1379 1758 1519 1813 quae
1548 1741 1661 1813 jam
1700 1745 1848 1799 omni
1885 1754 2033 1800 motu

448 1826 599 1881 vitali
636 1829 923 1896 deseritur,
954 1831 1083 1886 dum
1114 1834 1425 1901 praesentia
1455 1835 1827 1890 substantialis
1850 1836 1997 1892 vitae
2018 1877 2035 1903 ,

450 1935 591 1988 quae
619 1921 801 1976 anima
834 1932 949 1990 est,
982 1924 1249 1993 privatur.
1286 1925 1400 1982 Nec
1437 1926 1491 1981 in
1531 1927 1710 1982 anima
1743 1928 2037 1985 subsistere

451 2010 809 2080 dignoscitur,
841 2028 983 2083 quae
1018 2025 1141 2085 post
1174 2018 1414 2088 regimen
1446 2019 1692 2087 corporis
1729 2020 1934 2075 nullum
1969 2022 2037 2078 ad

448 2101 738 2155 materiam
776 2112 982 2158 motum
1022 2106 1247 2174 patitur.
1300 2105 1642 2177 Quapropter
1693 2124 1801 2164 non
1848 2110 2037 2165 incon-

448 2206 613 2262 grue,
642 2204 702 2248 ut
728 2195 936 2264 opinor,
965 2196 1147 2253 vitalis
1172 2208 1352 2255 motus
1381 2199 1403 2231 ³
1452 2199 1574 2255 talis
1599 2201 1737 2258 ratio
1766 2202 2035 2258 reddenda

448 2289 533 2334 εει
552 2323 566 2344 ,
588 2292 649 2337 ιιι
678 2284 812 2338 nihil
834 2285 980 2340 aliud
1002 2287 1073 2342 sit
1101 2288 1215 2359 ipse
1242 2299 1459 2360 praeter
1485 2292 1755 2360 quandam
1787 2293 2034 2364 copulam

448 2380 503 2428 et
525 2373 838 2443 juncturam
868 2380 1115 2449 corporis
1142 2390 1199 2436 et
1222 2383 1453 2447 animae,
1481 2400 1587 2454 qua
1614 2385 1637 2416 ⁸
1658 2387 1759 2442 sibi
1805 2388 2034 2444 invicem

448 2459 773 2533 adhaerent,
814 2479 870 2524 ct
904 2487 1002 2542 per
1039 2488 1201 2543 quam
1247 2492 1442 2547 corpus
1488 2480 1556 2535 ab
1603 2481 1784 2537 anima
1832 2482 2034 2538 forma-

449 2565 542 2610 tur
570 2556 593 2589 ⁸
617 2597 632 2621 ,
666 2568 969 2631 vegetatur,
1011 2573 1068 2619 et
1104 2564 1534 2634 administratur,
1571 2572 1685 2626 sive
1722 2572 1994 2643 vigilando
2017 2613 2033 2639 ,

376 2697 390 2707 ,
449 2643 564 2699 sive
598 2646 955 2718 dormienda,
1005 2654 1120 2709 sive
1166 2657 1348 2712 anima
1399 2659 1678 2726 intendat,
1729 2664 1859 2733 quid
1920 2664 1941 2696 ⁸
1980 2665 2034 2719 in

451 2748 681 2805 corpore
711 2749 953 2812 peragat,
994 2742 1110 2799 sive
1148 2759 1177 2798 a
1209 2748 1460 2803 sensibus
1486 2751 1723 2813 recedat,
1755 2760 1811 2806 et
1844 2752 1896 2807 in
1926 2769 1985 2808 se
2011 2755 2032 2786 "

451 2823 568 2911 ipsa
627 2827 870 2896 quiescat
919 2848 984 2887 ae
1038 2833 1200 2889 veluti
1244 2837 1413 2891 oblita
1460 2838 1530 2892 sit
1575 2840 1597 2873 ⁸
1636 2842 1880 2911 corporis
1928 2842 2033 2898 sui.

449 2910 584 2969 Illud
617 2923 795 2972 tamen
837 2919 1092 2976 ineﬂ‘abili
1133 2924 1364 2993 quodam
1404 2926 1620 2983 silentio
1654 2910 2036 2987 administrare

451 3019 559 3058 non
602 3006 829 3074 desinit,
870 3010 1162 3077 alimenta,
1205 3015 1400 3084 quibus
1448 3033 1647 3087 corpus
1694 3021 1935 3077 nutritur
1981 3032 2037 3078 et

451 3096 779 3163 custoditur,
813 3101 1040 3172 singulis
1067 3102 1375 3175 quibusque
1403 3108 1648 3176 partibus
1679 3108 2032 3166 distribuens.

455 3183 734 3254 Separatis
763 3199 940 3245 autem
974 3193 1250 3263 utrisque,
1284 3211 1513 3266 corpore
1546 3198 1797 3255 videlicet
1829 3211 1884 3257 et
1922 3203 2038 3257 ani-

454 3289 574 3340 ma,
624 3279 803 3334 vitalis
849 3281 938 3336 ille
985 3293 1164 3340 motus
1209 3287 1432 3342 omnino
1472 3289 1676 3344 interit.
1725 3289 1843 3345 Non
1890 3293 2036 3347 enim

454 3363 620 3430 vivit,
655 3368 759 3422 nisi
801 3358 1029 3438 habeat;
1058 3376 1200 3443 quod
1235 3387 1479 3445 moveat,
1510 3378 1612 3434 hoc
1649 3388 1766 3447 est,
1804 3382 1906 3438 nisi
1944 3383 2039 3437 ha-

455 3454 669 3520 lentur,
711 3460 852 3528 quod
891 3476 988 3530 per
1025 3479 1147 3519 eum
1186 3477 1487 3531 moveatur,
1531 3471 1656 3540 quia
1707 3472 1841 3527 nihil
1892 3474 2039 3530 aliud

453 3545 733 3613 subsistit,
766 3550 867 3606 nisi
909 3562 1087 3609 motus
1135 3556 1301 3612 animi
1331 3560 1351 3593 ³
1377 3574 1572 3630 corpus
1610 3564 1867 3633 regentis.
1903 3566 2038 3620 Dum

456 3644 637 3689 autem
677 3640 913 3697 moriens
943 3643 986 3683 ι⁰
1016 3644 1217 3700 desinit
1261 3662 1480 3703 movere
1520 3650 1607 3705 vel
1647 3640 1889 3718 moveri,
1920 3668 2043 3709 mo-

461 3731 547 3778 tus
604 3728 824 3784 omnino
882 3732 935 3786 in
988 3749 1054 3790 eo
1098 3735 1142 3775 ι¹
1194 3737 1351 3806 perit.
1403 3739 1597 3797 Totius
1652 3743 1800 3798 enim
1858 3754 2039 3802 motus

456 3813 720 3870 terminus
749 3825 835 3873 est
863 3819 1016 3890 quies
1045 3822 1178 3877 moti
1208 3822 1292 3879 vel
1322 3825 1366 3856 ¹¹
1394 3829 1681 3884 moventis.
1713 3829 2039 3896 Quiescente

456 3901 622 3973 igitur
670 3907 850 3963 anima
899 3925 1097 3983 corpus
1144 3928 1302 3969 suum
1355 3932 1606 3985 movere,
1662 3928 1806 3976 totus
1857 3921 2039 3978 vitalis

458 4001 666 4061 motus,
718 3996 823 4053 hoc
856 4009 973 4066 est,
1012 4009 1124 4056 tota
1166 4005 1463 4061 materialis
1500 4007 1612 4063 vita
1647 4023 1768 4065 esse
1815 4009 2035 4065 desinit.

460 4082 598 4140 lline
656 4086 798 4143 idem
847 4090 1037 4149 beatus
1074 4093 1368 4166 Gregorius
1420 4098 1476 4155 in
1514 4109 1709 4170 quarto
1746 4101 1958 4159 decimo
1993 4103 2039 4136 ¹³

456 4178 695 4247 capitulo
728 4200 741 4237 :
779 4183 1107 4253 Materialis,
1150 4188 1357 4260 inquit,
1388 4202 1436 4247 et
1467 4194 1667 4263 ﬂuxilis
1697 4197 1825 4252 haec
1858 4215 2041 4270 corpo-

456 4284 575 4323 rum
612 4273 715 4327 vita
735 4313 751 4337 ,
778 4291 979 4347 semper
1004 4289 1148 4333 motu
1184 4283 1519 4350 proveniens,
1547 4284 1603 4339 in
1637 4285 1734 4340 hoc
1772 4287 1924 4342 habet
1961 4305 2041 4343 es-

2138 466 2371 536 potentia
2421 463 2719 535 quiescendi
2769 462 3126 517 incessabilem
3163 462 3317 515 habet
3345 461 3589 515 alternum
3618 479 3699 532 per

2142 552 2339 608 similia
2369 563 2589 607 motum.
2619 548 2677 607 Si
2706 560 2881 605 autem
2909 550 3196 622 aliquando
3226 560 3395 603 motus
3419 553 3694 615 cessarerit,

2142 641 2356 696 omnino
2393 642 2551 695 etiam
2585 639 2794 695 esscndi
2832 640 3052 710 quietem
3093 638 3340 702 habebit,
3374 639 3468 692 hoc
3499 648 3566 692 est
3600 656 3696 693 0M-

2145 736 2267 789 nino
2316 751 2425 789 esse
2456 733 2698 789 cessabit.
2742 732 2810 787 At
2841 733 2888 787 si
2924 732 3007 786 vis
3043 747 3394 804 cognoscere,
3434 733 3566 801 quod
3599 734 3696 787 ani-

2143 844 2265 884 mus
2293 830 2345 883 in
2375 828 2518 883 nulla
2546 837 2703 899 parte
2727 826 2973 897 corporis
2994 825 3374 890 concludatur,
3403 825 3524 880 dum
3549 833 3693 879 totum

2142 936 2340 990 corpus
2358 918 2665 990 praesentia
2704 918 2787 973 sui
2838 916 3179 971 administrat
3228 915 3297 981 “,
3341 929 3396 971 et
3439 916 3619 985 ubique
3649 915 3703 970 in.

2142 1011 2422 1077 munibus,
2455 1011 2651 1080 quibus
2688 1008 3065 1072 administrat,
3106 1015 3251 1062 totus
3286 1015 3405 1073 est,
3440 1006 3555 1060 audi
3586 1023 3684 1060 eun.

2142 1106 2265 1161 dem
2317 1105 2369 1160 in
2405 1104 2596 1160 eodem
2629 1116 2884 1159 sermone
2920 1100 3132 1157 decimo
3175 1099 3368 1170 quinto
3399 1098 3440 1130 "
3471 1097 3683 1168 capitulo.

2145 1196 2345 1263 Nobis,
2378 1197 2578 1265 inquit,
2608 1211 2778 1251 sermo
2817 1203 2929 1249 erat
2965 1193 3262 1263 propositus
3296 1190 3580 1254 ostendere,
3604 1206 3686 1243 non

2140 1290 2197 1344 in
2220 1297 2368 1359 parte
2392 1288 2624 1357 corporis
2651 1287 2887 1340 animum
2908 1284 3126 1339 detineri
3150 1282 3219 1347 η,
3241 1284 3333 1336 sed
3353 1291 3511 1335 totum
3535 1297 3689 1349 aequa-

2142 1379 2263 1435 liter
2298 1380 2576 1450 attingere,
2608 1385 2979 1449 consequenter
3012 1384 3234 1429 naturae
3265 1372 3521 1442 subjectae
3552 1371 3688 1435 partis

2142 1481 2341 1526 motum
2365 1487 2605 1542 operans.
2636 1469 2733 1524 Est
2760 1477 2969 1533 autem,
2999 1468 3090 1522 ubi
3116 1467 3274 1521 etiam
3308 1461 3559 1520 naturales
3582 1460 3691 1529 affe-

2141 1550 2258 1619 ctus
2284 1564 2495 1618 animus
2525 1561 2880 1632 subsequitur,
2909 1558 3066 1614 veluti
3094 1557 3335 1612 minister
3361 1554 3542 1624 factus.
3571 1548 3691 1604 Nam

2143 1672 2297 1726 saepe
2319 1654 2566 1725 praecipit
2592 1653 2634 1687 ¹⁹
2657 1653 2755 1723 ipsi
2775 1651 2820 1683 ”
2847 1650 3079 1719 corporis
3108 1657 3324 1710 natura,
3355 1654 3401 1698 et
3435 1643 3689 1697 contristati

2066 1716 2115 1775 Β
2142 1762 2352 1801 sensum
2389 1753 2439 1799 et
2477 1743 2722 1798 laetantis
2750 1738 3223 1812 concupiscentiam
3264 1736 3440 1791 animo
3476 1730 3686 1801 imponit.

2138 1837 2217 1891 ita
2267 1845 2323 1889 ut
2360 1835 2475 1905 ipsa
2511 1834 2721 1903 quidem
2753 1832 2925 1903 prima
2958 1836 3182 1900 praestet
3226 1825 3512 1898 principia,
3548 1820 3614 1877 vel
3649 1821 3699 1853 ἰ

2139 1926 2376 1981 ciborum
2421 1924 2744 1995 appetitum,
2790 1928 2868 1977 vel
2924 1919 3205 1991 cujusdam
3252 1916 3467 1971 omnino
3506 1927 3685 1973 eorum,

2136 2033 2272 2089 quae
2321 2014 2608 2071 secundum
2652 1998 3589 2074 delectationem‘suat,‘desiderium
3623 2002 3690 2053 iu-

2136 2129 2318 2185 gerens
2347 2128 2367 2166 :
2397 2112 2604 2166 animus
2624 2124 2742 2164 vero
2761 2106 2891 2161 tales
2918 2105 3141 2175 impetus
3174 2100 3460 2170 accipiens,
3490 2097 3586 2150 suis
3619 2110 3682 2148 cu-

2135 2203 2472 2276 gitationibus
2499 2200 2800 2256 occasiones
2839 2197 2908 2251 ad
2946 2196 3025 2259 id,
3061 2193 3199 2264 quod
3230 2190 3569 2251 desideratur,
3594 2200 3688 2276 cunt

2136 2275 2350 2367 corpore
2378 2293 2624 2364 exquirit.
2672 2289 2789 2345 Hoc
2822 2299 2993 2343 autem
3029 2302 3135 2340 non
3163 2285 3218 2338 in
3248 2281 3485 2337 omnibus
3508 2288 3593 2342 est,
3616 2275 3689 2331 sed

2135 2386 2463 2444 solummodo
2491 2385 2548 2438 in
2578 2384 2682 2449 Itis,
2712 2381 2802 2453 qui
2831 2382 2947 2450 plus
2985 2376 3178 2447 captivi
3230 2374 3587 2444 disponuntur,
3618 2367 3690 2438 qui

2136 2482 2394 2535 rationem
2428 2477 2621 2532 servire.
2664 2474 2911 2545 facientes
2959 2469 3233 2525 desideriis
3280 2476 3501 2520 naturae
3536 2478 3689 2532 corpo-

2136 2588 2256 2626 reae
2277 2572 2464 2639 ",’per
2482 2565 2742 2622 auxilium
2765 2563 2955 2619 mentis
2982 2561 3212 2624 libidini,
3252 2574 3389 2629 quae
3419 2572 3508 2627 per
3542 2569 3693 2609 sensus

2134 2672 2233 2728 est,
2268 2659 2521 2717 serviliter
2555 2657 2918 2713 blandiuntur.
2961 2651 3029 2707 In
3058 2647 3451 2721 perfectioribus
3477 2661 3580 2700 vero
3613 2659 3735 2696 non.

2134 2753 2210 2808 sic
2240 2751 2475 2823 efﬁcitur.
2515 2747 2747 2816 Imperat
2771 2744 2908 2800 enim
2935 2741 3146 2796 animus
3180 2737 3406 2800 ratione,
3435 2744 3481 2789 et
3510 2749 3602 2787 non

2135 2846 2265 2900 titur
2289 2841 2359 2908 ’³,
2388 2839 2526 2913 quod
2553 2836 2679 2892 utile
2703 2845 2778 2890 est
2798 2833 3015 2904 eligens,
3045 2838 3235 2884 natura
3261 2836 3435 2880 autent
3464 2840 3490 2878 e
3516 2832 3697 2889 vestigio

2136 2936 2369 3006 sequitur
2382 2929 2776 3003 praecipientem
2797 2925 3032 2978 animum
3052 2919 3119 2974 “.
3145 2917 3409 2985 Quoniam
3433 2915 3599 2970 “vero
3614 2923 3703 2965 tres

2138 3004 2424 3084 secundum
2453 3018 2661 3077 vitalem
2702 3019 2945 3073 virtutem
2989 3011 3316 3083 differentias
3356 3008 3489 3061 ratio
3517 3004 3695 3061 inveni',

2136 3120 2360 3190 primam
2380 3114 2588 3187 quidem
2608 3109 2908 3166 nutritivam
2923 3107 3033 3162 sine
3052 3121 3228 3167 sensu,
3249 3100 3527 3156 secundum
3545 3112 3645 3151 vero
3660 3093 3699 3123 "

2136 3209 2441 3265 nutritivam
2465 3204 2675 3276 quidem
2701 3210 2749 3255 et
2775 3199 3076 3254 sensitivam
3104 3197 3174 3259 ⁸⁷,
3206 3202 3464 3263 expertem
3496 3203 3607 3243 vero
3630 3202 3697 3237 τας

2135 3298 2403 3354 tionabilis
2451 3292 2768 3365 operationis
2800 3329 2817 3356 ,
2857 3290 2980 3343 item
3026 3285 3231 3341 tertiam
3277 3279 3621 3337 rationabilem
3658 3284 3694 3328 et

2135 3387 2437 3459 perfectam,
2467 3397 2657 3450 perque
2693 3393 2897 3433 omnem
2934 3376 3171 3432 virtutem
3198 3381 3545 3443 penetrantem
3570 3367 3630 3431 ³⁸,
3652 3373 3695 3417 ιιι

2136 3479 2260 3535 etin
2282 3476 2389 3531 illis
2413 3473 2610 3539 sit,etsi
2628 3467 2969 3527 intellectuali
2988 3466 3032 3501 ⁸⁹
3054 3465 3172 3535 plus
3198 3462 3481 3532 possideat,
3498 3470 3695 3514 uernae):

2137 3570 2218 3623 his
2246 3568 2506 3636 opinetur,
2535 3573 2638 3617 tres
2675 3560 2880 3615 animas
2920 3556 3230 3612 commixtos
3258 3568 3370 3607 esse
3408 3551 3463 3604 in
3496 3549 3695 3600 humana

2137 3634 2482 3720 concretione,
2509 3654 2563 3706 in
2582 3651 2808 3723 propriis
2834 3642 3404 3714 circumscriptionibus
3426 3634 3694 3723 considera-

2138 3759 2219 3803 tas
2244 3747 2315 3812 '°,
2343 3745 2420 3799 ita
2450 3752 2504 3797 ut
2533 3720 2945 3810 conformatione
2977 3732 3263 3788 multarum
3288 3730 3581 3783 animarum
3614 3720 3695 3812 its:

2138 3808 2350 3894 manam
2376 3850 2486 3890 esse
2511 3808 2812 3895 arbitretur,
2844 3826 2934 3882 sed
2960 3842 3081 3880 vera
3105 3822 3314 3895 quidem
3336 3808 3694 3889 perfectaque"

2138 3932 2316 3986 anima
2359 3943 2468 3982 una
2494 3926 2550 3981 in
2579 3934 2769 3978 natura
2804 3930 2901 3984 est,
2940 3914 3309 3974 intellectualis
3337 3921 3387 3966 et
3416 3904 3699 3964 immateria-

2138 4021 2227 4086 lis,
2250 4035 2384 4091 quae
2403 4034 2493 4088 per
2517 4031 2699 4070 sensus
2724 4007 2986 4067 materiali
3011 4006 3288 4078 copulatur
3319 4014 3559 4091 naturae.
3597 3995 3696 4050 Μαι-

2139 4090 2322 4167 teriale
2349 4119 2524 4164 autem
2557 4122 2707 4161 omne
2740 4105 2795 4157 in
2834 4101 3162 4156 conversione
3190 4106 3235 4149 et
3263 4090 3599 4148 mutabilitate
3620 4100 3696 4155 po-

2139 4204 2295 4258 situnt
2326 4209 2399 4255 est
2424 4215 2443 4254 :
2471 4199 2517 4253 si
2539 4195 2749 4268 quidem
2772 4193 3091 4247 animantent
3120 4187 3359 4242 virtutem
3389 4178 3692 4251 participare-

2142 4293 2230 4355 rit,
2252 4291 2411 4361 juxta
2433 4288 2804 4341 incrementum
2829 4279 3114 4335 movebitur
3125 4277 3208 4341 ;si
3234 4289 3352 4327 vero
3374 4268 3522 4361 vita-li
3548 4278 3699 4361 epeia-

454 4364 605 4418 sendi
632 4365 872 4422 virtutem
894 4409 910 4435 ,
940 4370 995 4424 in
1023 4387 1128 4425 non
1155 4381 1323 4426 stante
1349 4391 1580 4444 unquam
1607 4385 1774 4431 motu.
1804 4376 1875 4431 Ut
1899 4379 2037 4433 enim
2066 4396 2114 4456 ι)
2141 4346 2281 4435 tione
2309 4375 2577 4440 deciderit,
2616 4380 2812 4426 motum
2838 4370 2893 4424 in
2925 4366 3305 4435 corruptionem
3350 4357 3577 4414 resolvet.
3615 4346 3699 4403 Νε-

453 4455 670 4523 quidam
700 4458 920 4526 ﬂuvius,
942 4461 1102 4529 juxta
1128 4478 1282 4516 suum
1322 4479 1477 4519 ruens
1513 4465 1791 4535 impetum,
1822 4466 2036 4537 implere

450 4548 664 4616 quidem
692 4549 877 4605 vallem
907 4553 1219 4621 ostenditur,
1240 4572 1333 4624 per
1358 4574 1739 4628 quamcumque
1763 4559 2036 4629 consequi-

459 4648 570 4704 tur,
608 4640 738 4709 ferri
775 4658 879 4696 non
913 4653 1086 4699 tamen
1120 4646 1175 4700 in
1211 4649 1392 4702 eadem
1441 4666 1579 4718 aqua
1625 4650 1767 4704 circa
1815 4649 2037 4704 eundem

455 4747 657 4801 semper
693 4732 864 4788 locum
902 4737 1148 4799 cernitur,
1189 4739 1280 4793 sed
1308 4738 1400 4794 illa
1432 4741 1639 4810 quidem
1676 4742 1854 4796 subter
1889 4741 2038 4812 lapsa

455 4821 729 4886 cucurrit,
760 4822 853 4877 illa
884 4842 999 4880 vero
1029 4827 1250 4897 desuper
1278 4830 1323 4861 “
1354 4831 1506 4899 ﬂuxit
1534 4843 1554 4882 .'
1584 4833 1660 4885 sic
1689 4841 1738 4884 et
1766 4832 2039 4887 materiale

457 4911 618 4980 hujus
639 4915 773 4967 vitae
797 4933 890 4985 per
908 4918 1165 4988 quendam
1195 4919 1366 4976 locum
1399 4921 1463 4986 ",
1494 4932 1713 4989 utotum,
1735 4925 2039 4995 [lusumque

458 5001 878 5059 vicissitudinum
916 5010 1259 5064 successionis
1297 5011 1639 5068 continuitate
1675 5024 2036 5083 permutatur,

2141 4489 2240 4545 que
2279 4472 2440 4540 igitur
2465 4484 2647 4523 sensus
2684 4466 2876 4535 absque
2901 4458 3164 4517 materiali
3188 4455 3431 4518 essentia,
3459 4464 3612 4545 neque
3636 4446 3701 4545 ia-

2143 4540 2447 4617 tellectualis
2476 4557 2682 4612 virtutis
2707 4551 2817 4609 sine
2856 4568 3013 4607 sensu
3064 4550 3125 4619 fit
3172 4545 3424 4616 operatio.
3475 4542 3533 4597 In
3573 4540 3698 4592 sexto

2145 4651 2354 4710 decimo
2391 4650 2437 4682 ³¹
2485 4663 2700 4719 quoque
2739 4643 2975 4715 capitulo
3017 4640 3245 4696 eundem
3304 4650 3523 4693 sensum
3568 4641 3697 4719 repe-

2146 4743 2229 4808 tit,
2278 4742 2464 4798 dicens
2498 4717 2519 4792 ξ
2544 4717 2627 4793 Inv
2641 4747 2788 4808 parte
2817 4733 3046 4805 quadam
3086 4745 3291 4791 eorum,
3320 4741 3455 4797 quae
3492 4725 3542 4777 in
3576 4717 3696 4773 nobis

2143 4807 2285 4897 sunt,
2315 4834 2521 4888 animus
2558 4847 2661 4885 non
2686 4824 3156 4898 comprehenditur,
3207 4820 3298 4875 sed
3344 4815 3621 4889 aequaliter
3651 4807 3696 4860 in

2143 4925 2383 4980 omnibus
2409 4932 2456 4977 et
2484 4938 2576 4991 per
2600 4921 2776 4974 omnia
2801 4928 2917 4973 est:
2947 4930 3110 4986 neque
3131 4912 3452 4966 extrinsecus
3496 4914 3696 4991 compre-

2142 5015 2390 5079 headeus,
2428 5027 2591 5083 neque
2627 5010 2940 5064 intrinsecus
2968 5004 3400 5077 comprehensus;
3428 5000 3550 5054 haec
3580 4989 3694 5048 enim

1742 5147 1998 5205 VARIAE
2032 5148 2434 5208 LECTIONES.

530 5252 545 5284 ¹
588 5253 652 5307 ab
678 5255 858 5309 animo
887 5270 995 5309 om.
1026 5257 1090 5311 A.
1167 5260 1187 5290 ’
1213 5275 1340 5314 suae
1366 5274 1474 5313 om.
1507 5260 1569 5313 A.

456 5324 661 5397 omigA.
690 5324 759 5397 μδ
787 5324 878 5381 Sic
903 5326 987 5381 CF
1012 5344 1027 5390 ;
1070 5328 1113 5383 A
1143 5329 1371 5397 utquid.
1450 5330 1469 5361 "
1498 5347 1552 5383 se
1575 5345 1686 5384 oni.
1718 5333 1779 5384 A.

462 5395 505 5425 “
541 5394 631 5447 Sic
660 5394 783 5458 CF;
819 5397 858 5450 A
890 5397 942 5449 in
972 5413 1031 5451 eo
1058 5394 1327 5452 omnino.-
1369 5399 1410 5430 ¹²
1441 5400 1485 5453 Α
1516 5409 1627 5455 aut.

459 5481 572 5517 cum
602 5481 709 5519 mn.
738 5466 844 5522 CF.

1644 5260 1665 5291 ⁸
1693 5258 1784 5316 Sic
1811 5259 1895 5316 CF
1920 5277 1935 5325 ;
1966 5262 2007 5315 Α
2038 5269 2209 5314 motus
2240 5259 2429 5313 vitalis.

1860 5333 1882 5363 ⁸
1904 5332 1970 5386 sit
1996 5346 2104 5385 om.
2133 5329 2237 5384 CF.

1707 5400 1749 5432 ¹³
1777 5399 1869 5455 Sic
1898 5401 2019 5465 CF;
2051 5400 2093 5454 Α
2155 5400 2357 5453 decimo
2396 5398 2566 5465 tertio.

921 5466 965 5497 ¹⁸
994 5467 1036 5522 Α
1064 5469 1480 5540 administratur.
1553 5471 1594 5501 ¹⁷
1622 5468 1705 5524 CF
1732 5486 1802 5524 xv
1826 5487 1839 5527 :
1872 5472 1915 5523 A
1944 5472 2152 5526 decium
2174 5481 2378 5540 quarto.

3133 5249 3154 5281 ⁸
3187 5246 3277 5303 Sic
3303 5245 3427 5302 CF:
3465 5244 3695 5315 formatur

2315 5333 2335 5364 ’
2365 5328 2455 5383 Sic
2497 5325 2620 5389 CF;
2661 5326 2704 5378 A
2736 5315 2961 5377 animae.
2986 5355 3001 5370 .
3041 5321 3080 5353 ‘°
3112 5320 3204 5375 Sic
3241 5317 3281 5372 Α
3307 5334 3342 5389 ;_
3370 5315 3455 5373 CF
3495 5323 3691 5389 moerus.

2644 5360 2704 5428 ὃ
3063 5360 3294 5457 (Ιὲξιῖρέει-
3308 5360 3491 5457 Ἰαὲξατ

2462 5445 2625 5521 ‘v‘iVSVic
2653 5445 3096 5527 CF'i‘Avi—let'ineri
3128 5445 3391 5514 animum:
3411 5456 3452 5488 ι’
3476 5453 3565 5527 Sic
3593 5445 3690 5524 CF}

462 5533 502 5584 Α
542 5536 667 5587 Nam
708 5548 754 5589 et
797 5552 957 5603 saepe
999 5540 1233 5608 percipit.
1290 5538 1354 5570 ’³ο
1385 5539 1483 5607 ipsi
1512 5516 1717 5593 omiA.
1748 5516 1764 5524 ’
1804 5516 1846 5571 ’ἶ
1945 5516 2149 5601 ’Ἵξ
2182 5516 2456 5607 ἓονρονξιαε
2477 5516 2717 5608 mnia;
2764 5516 2810 5565 I”
2838 5531 3077 5608 S‘ic‘tlF;
3110 5532 3154 5584 A
3183 5529 3457 5608 passione;
3483 5521 3567 5608 nf‘
3592 5516 3691 5608 gift

1426 5608 1473 5639 ²⁶
1513 5626 1627 5664 vero
1673 5627 1781 5662 om.
1822 5611 1884 5663 Λ.

1070 5678 1111 5707 ³⁰
1146 5680 1185 5731 .\
1216 5680 1572 5734 consideratis.

464 5618 605 5654 mum
637 5623 745 5656 out.
774 5607 835 5657 Α.
914 5607 959 5637 ⁸⁸
995 5608 1033 5659 Α
1071 5610 1350 5669 quomodo.

461 5670 505 5720 Α
529 5680 574 5723 ei
608 5673 990 5737 iutelliqrntiue.

1963 5612 2005 5641 ’⁷
2033 5611 2116 5663 CF
2142 5606 2418 5671 sensivmn,
2448 5608 2523 5660 sic
2552 5606 2767 5673 ubique.

1654 5683 1691 5711 ³³
1737 5684 1774 5733 Α
1808 5690 1853 5733 ct
1887 5680 2130 5734 perfecta.

2844 5602 2888 5634 "
2928 5601 3011 5655 (ΣΡ
3045 5585 3339 5669 penetrans.
3415 5597 3457 5629 ¹⁹
3482 5594 3567 5649 Sic
3591 5585 3691 5642 CF:

2212 5681 2254 5713 ³³
2296 5680 2385 5733 Sic
2421 5677 2534 5741 (ZF;
2569 5680 2607 5729 Α
2659 5676 2865 5731 decimo
2902 5673 3100 5733 quinto.
