3898 6154
407 249 512 300 7:375

1821 249 2100 306 JOANNIS
2143 249 2334 306 SCOTI

3567 253 3660 308 71"}
3672 265 3690 273 '

406 367 528 436 quia
555 367 776 416 a'.ertmt
805 366 950 435 quid,
985 367 1124 436 quod
1162 366 1445 420 secundant
1480 365 1762 435 imaginettt
1792 366 1991 435 factum
2021 373 2066 427 Α
2095 365 2354 420 adducere
2379 367 2640 419 hominem
2689 383 2752 421 ex
2777 383 2878 423 non
2913 367 3166 421 existente
3195 367 3250 419 in
3275 366 3656 435 generationem.

408 465 504 516 est,
555 454 798 517 alterum,
850 456 988 525 quod
1037 473 1174 508 nunc
1225 457 1278 508 in
1317 454 1626 524 infelicitate
1681 455 1990 508 ostenditur.

408 544 558 597 Fecit
601 545 761 605 Dens,
803 546 988 616 inquit,
1025 547 1307 610 hominem,
1339 546 1407 622 ad
1437 546 1720 615 imaginem
1752 545 1846 598 Dei
1876 544 1994 614 fecit

409 639 556 687 eum:
595 633 778 687 Finem
827 635 976 689 habet
1014 637 1127 705 ipsa
1161 635 1228 688 ad
1267 637 1548 706 imaginem
1593 636 1722 704 facti
1773 637 1992 689 creatio.

411 726 612 778 Deinde
663 725 1020 796 epanalepsin,
1067 727 1120 780 id
1162 736 1256 791 est,
1293 727 1645 796 repetitionem
1695 726 1870 794 ‘facit
1919 742 2000 778 se-

411 819 638 871 cundum
687 820 1108 872 constitutionem
1155 820 1430 881 sermonis,
1473 828 1521 870 et
1565 818 1638 870 ait
1664 831 1681 868 :
1707 817 1999 870 masculum

409 919 457 960 et
487 909 735 976 feminam
775 909 896 978 fecit
943 927 1051 964 eos.
1103 908 1358 964 Omnibus
1389 910 1528 964 enint
1561 910 1790 962 arbitror
1819 917 1998 962 notum

409 1017 538 1061 esse,
578 1001 700 1069 quia
735 1002 831 1053 hoc
854 1011 1002 1054 extra
1034 1001 1320 1068 principale
1345 1001 1636 1070 exemplum
1667 998 1998 1068 intelligitur.

410 1091 475 1146 In
503 1092 707 1147 Christo
742 1095 877 1146 enim
906 1093 1056 1156 Jesu,
1093 1095 1225 1145 sicut
1259 1092 1329 1145 ait
1365 1091 1659 1162 Apostolus,
1693 1107 1853 1160 neque
1883 1107 2002 1142 ma-

409 1182 586 1234 sculus
608 1199 769 1250 neque
804 1181 998 1248 femina
1028 1191 1120 1234 est.
1154 1179 1256 1234 Sed
1295 1182 1349 1233 in
1377 1181 1502 1232 haec
1539 1180 1800 1232 hominem
1840 1177 2003 1230 dividi

410 1289 578 1324 sermo
603 1273 748 1323 dicit.
779 1272 964 1324 Nonne
990 1274 1164 1341 itaque
1189 1271 1380 1340 duplex
1399 1270 1658 1337 quaedam
1689 1279 1764 1322 est
1795 1281 2006 1323 nostrae

413 1374 636 1416 naturae
667 1364 989 1424 constitutio,
1031 1379 1140 1415 una
1186 1362 1254 1414 ad
1299 1361 1459 1413 Deum
1491 1360 1808 1424 assintilata,
1838 1359 2004 1412 altera

413 1452 482 1504 ad
525 1452 680 1502 talem
730 1452 1082 1516 differentiam
1132 1451 1340 1504 divisa?
1381 1449 1506 1502 Tale
1533 1450 1668 1502 enim
1711 1449 1910 1518 a'iquid
1943 1464 2008 1501 ex

415 1545 793 1595 constructione
815 1559 1014 1602 eorum,
1047 1559 1181 1612 quae
1202 1543 1396 1610 scripta
1421 1549 1564 1601 sunt,
1597 1539 1728 1591 ratio
1753 1539 2004 1602 insinuat,

414 1635 638 1703 primunt
682 1634 891 1702 quidem
929 1633 1157 1686 dicens:
1197 1635 1320 1702 quia
1367 1633 1486 1700 fecit
1539 1631 1678 1683 Deus
1721 1631 2003 1692 hominem,

2100 467 2148 508 ct
2177 474 2278 509 non
2303 452 2626 525 indigentem"
2660 459 2910 512 bonorum
2955 459 3222 528 perﬁcere.
3268 457 3523 524 Quoniam
3559 474 3662 511 uero

2102 545 2298 598 multus
2358 545 2685 614 singulorum
2737 548 2988 602 bonorum
3017 547 3286 617 catalogus
3312 557 3418 610 est,
3451 564 3597 617 neque
3623 545 3660 580 “

2100 632 2257 701 facile
2307 644 2380 686 est
2432 637 2618 688 eum“
2653 652 2868 689 numero
2918 638 3184 705 perﬁcere,
3238 647 3500 706 propterea
3540 655 3662 690 cont-

2099 724 2404 790 prehensiva
2449 725 2679 794 quadam
2711 741 2826 777 race
2852 727 3028 778 omnia
3057 727 3490 794 eomprehendens
3514 742 3660 778 sermo

2101 813 2434 881 signiﬁcavit,
2485 814 2724 876 dicendo,
2781 815 2849 866 ad
2894 814 3173 884 imaginem
3200 813 3298 866 Dei
3326 815 3570 867 hominem
3591 815 3658 884 fa-

2102 915 2242 957 ctum
2273 903 2456 972 fuisse.
2491 903 2615 957 Tale
2640 907 2774 957 enint
2818 915 2891 958 est
2935 906 3054 968 hoc,
3102 922 3164 958 ac
3211 906 3255 958 si
3303 905 3658 974 diceret:qeia

2104 996 2274 1048 omnis
2325 995 2445 1048 boni
2495 996 2784 1049 humanam
2833 1005 3079 1048 naturam
3130 996 3433 1064 participem
3461 993 3585 1060 fecit.
3613 993 3658 1047 Si

2104 1086 2242 1137 enim
2291 1084 2560 1154 plenitudo
2611 1087 2864 1138 bonorum
2907 1085 3070 1148 Deus,
3121 1085 3266 1140 illius
3299 1095 3468 1138 autem
3493 1089 3596 1149 hoc,
3615 1087 3658 1137 id

2106 1184 2180 1226 est
2207 1174 2384 1240 homo,
2429 1177 2628 1244 imago,
2665 1176 2826 1245 igitur
2850 1177 2905 1228 in
2927 1193 3006 1237 eo,
3033 1176 3172 1246 quod
3197 1176 3262 1227 sit
3290 1175 3547 1244 pleni.udo
3566 1191 3657 1227 ont-

2109 1265 2188 1318 nis
2221 1265 2340 1318 boni
2366 1266 2435 1318 ad
2459 1267 2746 1335 principale
2772 1267 3084 1334 exemplum,
3112 1269 3285 1336 imago
3329 1266 3476 1318 habet
3508 1267 3663 1318 simili-

2109 1354 2361 1407 tudinem.
2393 1353 2516 1408 Non
2539 1372 2658 1424 ergo
2685 1367 2756 1429 est
2783 1357 2837 1410 in
2859 1355 3004 1408 nobis
3027 1357 3194 1409 omnis
3221 1356 3341 1408 boni
3369 1356 3551 1422 forma,
3571 1374 3658 1408 otti-

2112 1445 2192 1498 nis
2243 1447 2406 1498 virtus
2459 1455 2506 1498 et
2575 1447 2830 1516 sapientia
2856 1487 2871 1511 ,
2899 1456 2945 1500 et
2996 1463 3168 1510 omne,
3209 1448 3541 1516 quodcunque
3581 1459 3660 1510 est,

2112 1536 2168 1588 in
2242 1537 2430 1588 melius
2493 1535 2940 1605 intelligendum?
3006 1535 3073 1590 In
3147 1553 3206 1589 eo
3264 1538 3387 1588 item
3431 1537 3493 1600 ”,
3547 1536 3660 1604 quod

2111 1626 2178 1678 sit
2207 1625 2439 1678 omnium
2462 1627 2764 1678 necessitate
2785 1625 3027 1691 liberum,
3053 1625 3284 1696 nullique
3315 1625 3554 1688 naturali,
3585 1626 3662 1676 hoc

415 1724 701 1775 secundum
741 1723 1019 1790 imaginem
1069 1721 1165 1776 Dei
1203 1725 1322 1791 fecit
1358 1737 1497 1785 eum,
1537 1721 1723 1772 iteruttt
1762 1735 1877 1771 vero
1907 1719 2006 1781 his,
2041 1725 2086 1784 Β
2113 1726 2188 1770 est
2213 1715 2492 1782 materiali,
2515 1717 2776 1788 potentiae
2797 1718 3128 1788 subjugatur,
3148 1719 3238 1772 sed
3258 1735 3351 1787 per
3381 1735 3433 1771 se
3446 1729 3662 1786 potentem

416 1828 550 1881 quae
593 1814 733 1864 dicta
764 1822 904 1874 sunt,
941 1811 1180 1872 addens:
1209 1812 1330 1881 quia
1365 1811 1652 1863 masculum
1682 1820 1728 1862 et
1757 1809 2006 1878 feminam

417 1903 538 1970 fecit
563 1919 669 1955 eos.
719 1901 870 1966 Quod
903 1902 1136 1954 alienum
1175 1913 1247 1954 est
1289 1903 1353 1955 ab
1382 1902 1482 1966 his,
1509 1919 1642 1970 quae
1667 1902 1730 1953 de
1781 1901 1886 1953 Deo
1923 1902 2006 1954 in-

418 1991 739 2070 telliguntur.
795 1993 904 2061 Ego
947 1993 1156 2062 quidem
1206 1997 1226 2024 ¹
1262 1994 1510 2057 arbitror,
1560 2009 2012 2066 ntugnam’quan-

419 2081 542 2134 dant
566 2081 922 2150 excelsumque
949 2084 1239 2135 doctrinam
1267 2100 1330 2136 ea:
1358 2084 1456 2148 his,
1484 2100 1617 2152 quae
1650 2084 1788 2135 dicta
1813 2093 1950 2142 sunt.
1978 2101 2010 2136 a

419 2187 574 2224 sacra
603 2171 622 2200 ³
643 2168 914 2240 Scriptura
939 2171 1099 2223 tradi.
1126 2170 1268 2224 Talis
1293 2183 1466 2224 autent
1489 2172 1726 2224 doctrina
1754 2181 1848 2224 est.
1869 2172 2012 2225 Duo-

421 2276 538 2312 rum
578 2261 909 2330 quorundam
951 2278 1041 2329 per
1085 2263 1466 2314 extremitatem
1515 2280 1546 2314 a
1587 2279 1642 2315 se
1689 2263 1904 2315 invicem
1932 2262 2013 2314 di-

421 2351 676 2402 stantiant
731 2352 959 2404 medium
1017 2363 1090 2405 est
1150 2353 1473 2417 humanitas,
1523 2353 1734 2406 divinae
1781 2353 2013 2407 videlicet

420 2441 868 2510 incorporalisque
891 2453 1130 2506 naturae,
1162 2455 1207 2496 et
1235 2443 1610 2497 irrationabilis
1637 2443 2008 2514 pecudalisque

419 2519 579 2584 uitae.
613 2530 754 2584 Licet
781 2549 928 2594 ,eutnt
973 2545 1248 2602 utrumque
1277 2535 1666 2602 praedictorum
1702 2534 1757 2586 in
1782 2520 2013 2586 humana

423 2623 814 2688 comparatione
853 2623 1174 2676 considerari
1213 2623 1232 2653 ⁸⁵
1277 2641 1288 2674 :
1332 2625 1616 2692 portionem
1664 2623 1870 2692 quidem
1923 2622 2014 2674 Dei

423 2713 562 2782 quod
611 2713 921 2776 rationabit'e
964 2725 1037 2768 est
1089 2726 1242 2783 atque
1278 2714 1652 2779 iutellectuale,
1686 2715 1825 2786 quod
1855 2715 2016 2785 juxta

424 2804 716 2856 masculum
741 2814 786 2857 et
812 2806 1058 2874 feminam
1091 2807 1439 2874 differentiam
1472 2824 1574 2860 tton
1609 2807 1861 2870 adntittit,
1890 2807 2018 2860 irra-

427 2892 689 2946 tionabilis
721 2911 838 2947 vero
891 2895 1211 2962 corporalem
1245 2898 1662 2951 constitutionem
1699 2908 1744 2951 et
1773 2898 2014 2965 duplica-

426 2985 619 3036 tionem
664 2985 718 3036 in
758 2987 1049 3038 masculum
1076 2997 1120 3039 et
1147 2987 1395 3052 feminam
1421 2989 1685 3054 partitam.
1729 2986 2016 3056 Utrumque

2111 1806 2180 1858 ad
2201 1805 2278 1869 id,
2311 1805 2448 1875 quod
2477 1807 2760 1873 desiderat,
2790 1808 2942 1860 habet
2965 1807 3299 1861 voluntatem.
3339 1806 3437 1861 Res
3467 1808 3585 1860 enim
3603 1815 3664 1860 est

2113 1897 2384 1950 dominatu
2419 1915 2603 1952 carens
2649 1915 2712 1952 ac
2748 1899 3044 1954 voluntaria
3093 1900 3279 1953 uirtus.
3325 1899 3472 1966 Quod
3517 1911 3663 1952 autent

2113 1987 2316 2056 cogitur
2339 1986 2742 2058 violentiamque
2765 1978 2984 2058 patitur,
3015 1993 3180 2044 uirtus
3205 2006 3315 2044 esse
3367 2007 3466 2042 non
3507 1999 3660 2053 potest.

2111 2077 2300 2148 Itaque
2315 2078 2356 2108 ”
2375 2078 2428 2132 in
2453 2078 2689 2132 omnibus
2704 2081 2926 2150 imagine
2942 2079 2987 2122 ι’
3007 2081 3309 2150 principalis
3334 2079 3540 2147 exetnpli
3560 2079 3662 2130 cha-

2117 2179 2318 2221 ractera
2337 2167 2384 2200 ¹⁶
2413 2168 2816 2236 pulchritudinis
2842 2179 3072 2239 gestante
3093 2170 3156 2235 ",
3178 2172 3281 2224 nisi
3310 2172 3366 2224 in
3394 2169 3554 2236 aliqua
3577 2165 3664 2232 dif-

2116 2260 2390 2326 ferentiam
2419 2261 2681 2325 habuerit,
2711 2277 2812 2314 non
2831 2261 2950 2331 jam
2972 2266 3068 2316 erit
3095 2264 3304 2316 omnino
3327 2261 3592 2316 similitudo
3612 2259 3666 2322 ¹⁸,

2113 2351 2202 2405 sed
2225 2353 2322 2404 hoc
2350 2351 2403 2402 in
2425 2349 2516 2403 illo
2533 2351 2815 2420 perpmnia
2833 2352 3131 2406 ostendetur
3148 2352 3210 2414 ",
3239 2353 3378 2422 quod
3396 2353 3446 2404 in
3468 2352 3667 2404 unieerso

2115 2458 2218 2494 non
2247 2441 2426 2494 distat;
2470 2439 2690 2506 Qualem
2714 2441 2874 2511 igitur
2901 2443 2946 2474 ³⁰
2981 2443 3145 2512 ipsius
3177 2442 3289 2506 Dei,
3312 2453 3360 2496 et
3384 2442 3489 2495 Deo
3513 2439 3669 2495 similis

2115 2530 2466 2598 differentiam
2514 2530 3020 2600 contemplabimur?
3062 2531 3128 2586 In
3179 2531 3276 2584 hoc
3322 2530 3454 2584 illud
3495 2529 3672 2600 quidem

2117 2635 2220 2674 non
2247 2629 2498 2684 creatum,
2515 2619 2612 2672 hoc
2628 2620 2670 2651 "
2688 2637 2803 2674 vero
2823 2638 2915 2691 per
2941 2624 3258 2677 creationem
3278 2622 3528 2687 subsistit.
3556 2618 3674 2672 Talis

2117 2719 2289 2763 autem
2313 2711 2643 2778 proprietatis
2666 2711 2963 2780 differentia
2995 2711 3225 2765 aliarum
3252 2713 3439 2766 iterum
3474 2710 3678 2780 proprie-

2118 2809 2284 2853 tatum
2313 2801 2737 2870 consequentiam
2765 2801 2907 2870 fecit.
2938 2800 3257 2856 Conceditur
3304 2805 3467 2866 enim,
3496 2802 3676 2855 omnino

2118 2890 2404 2942 increatam
2454 2901 2701 2944 naturam
2753 2891 3200 2944 inconversibilem
3239 2907 3374 2954 esse,
3411 2903 3678 2958 semperque

2121 2979 2362 3033 similiter
2380 2979 2586 3041 habere,
2620 2991 2916 3034 creaturam
2952 2998 3070 3036 vero
3097 2999 3199 3035 non
3224 2985 3336 3036 sine
3362 2981 3678 3035 mutabilitate

425 3072 613 3126 horum
649 3081 721 3126 est
751 3075 958 3126 omu'no
987 3076 1038 3126 in
1069 3075 1309 3128 omnibus
1339 3077 1626 3130 humanam
1655 3077 1816 3132 citant
1845 3077 2008 3144 parti-
2039 3091 2084 3151 ρ
2115 3071 2413 3126 consistere.
2441 3069 2584 3124 Nam
2610 3072 2717 3142 ipse
2744 3088 2808 3126 ea:
2847 3088 2952 3126 non
2997 3075 3246 3127 existente
3281 3075 3336 3126 in
3371 3089 3482 3126 esse
3525 3083 3675 3124 tram-

427 3167 722 3236 cipantibus
751 3167 792 3219 ⁸.
827 3167 932 3222 Sed
979 3172 1123 3237 prius
1166 3186 1275 3222 esse
1310 3169 1331 3200 ⁸
1368 3169 1738 3233 intellectuale,
1774 3171 1838 3224 ab
1882 3189 1941 3224 co
1967 3171 2012 3234 ⁷,

427 3258 516 3324 qui
547 3257 832 3308 humanam
865 3260 1247 3326 generationem
1275 3260 1329 3310 in
1351 3259 1532 3312 ordine
1560 3261 1840 3328 percurrit,
1873 3259 2014 3312 didi-

431 3343 616 3406 cimus,
653 3345 1086 3412 supergrnitivam
1115 3364 1229 3399 vero
1261 3364 1368 3400 esse
1403 3349 1601 3400 homini
1629 3349 1697 3400 ad
1732 3349 2018 3402 irrationa-

432 3431 583 3484 bile8
635 3433 934 3484 societatem
983 3444 1029 3485 et
1078 3438 1460 3502 Cogitationem.
1513 3435 1752 3495 Primum
1797 3455 2020 3508 namque

433 3519 530 3582 ait,
583 3521 706 3588 quia
757 3519 875 3587 fecit
936 3521 1076 3574 Deus
1135 3525 1202 3574 ad
1256 3525 1532 3593 imaginem
1584 3526 1674 3579 Dei
1734 3529 2018 3592 hominem,

433 3611 708 3662 ostendens
739 3627 802 3662 ex
824 3612 926 3673 Itis,
949 3629 1082 3681 quae
1111 3613 1253 3665 dicta
1282 3626 1426 3678 sunt,
1453 3616 1586 3668 sicut
1612 3617 1686 3668 ait
1719 3617 2016 3686 Apostolus,

433 3705 556 3775 quia
588 3707 641 3756 in
677 3722 758 3768 eo,
786 3707 875 3774 qui
913 3704 1035 3757 talis
1066 3715 1164 3766 cst,
1195 3706 1459 3759 masculus
1487 3717 1530 3760 et
1567 3707 1760 3776 femina
1791 3725 1893 3762 non
1920 3720 2016 3762 est.

433 3795 636 3848 Deinde
669 3796 822 3864 infert
854 3795 1148 3848 materialcs
1179 3797 1442 3849 humanae
1485 3809 1703 3852 naturae
1727 3801 2018 3869 proin-icta-

435 3893 508 3937 tes
534 3885 554 3916 ⁹
579 3896 596 3934 ;
626 3884 749 3954 quia
784 3885 1072 3936 masculum
1102 3899 1146 3938 et
1179 3886 1423 3954 feminam
1453 3887 1574 3956 fecit
1605 3905 1710 3942 eos.
1743 3888 1880 3954 Quid
1902 3907 2021 3959 ergo

433 3986 500 4026 ex
541 3971 637 4024 hoc
667 3972 968 4025 discemus?
1007 3972 1071 4025 Et
1110 3973 1237 4026 mihi
1272 3991 1420 4027 nemo
1449 3981 1660 4045 imputet
1685 3976 1889 4046 longius
1913 3996 2024 4032 ser-

433 4079 637 4116 monem
676 4063 986 4132 producenti
1031 4065 1294 4134 proposito
1337 4066 1624 4120 intellectu.
1674 4067 1815 4120 Deus
1843 4067 1896 4122 in
1925 4087 2021 4122 sua

435 4163 629 4207 natura
672 4169 840 4218 ontne,
882 4155 1225 4224 quodcunque
1255 4173 1344 4224 per
1377 4157 1614 4208 notitiam
1661 4159 2020 4226 accipiendunt

436 4257 511 4298 est
565 4245 632 4310 ¹⁰,
678 4245 865 4298 bonunt
900 4243 1030 4297 illud
1070 4256 1162 4298 est.
1189 4244 1361 4315 Magis
1393 4257 1564 4300 autem
1589 4249 1758 4301 omnis
1789 4247 1907 4302 boni
1942 4250 2026 4302 in-

437 4333 625 4387 tellecti
673 4345 720 4386 et
775 4335 1130 4403 comprehensi
1177 4337 1452 4390 summitas
1499 4337 1725 4391 existens
1802 4355 1906 4392 non
1958 4341 2020 4392 ob

439 4425 584 4476 aliud
615 4425 816 4493 aliquid
853 4427 1138 4478 huntanant
1174 4429 1330 4480 sitam
1365 4438 1528 4493 creat,
1554 4446 1711 4499 quam
1735 4432 1872 4500 quod
1899 4431 2024 4486 bene

437 4531 547 4568 esse
572 4515 726 4567 talem
751 4525 970 4585 Oportet.
1004 4519 1077 4568 Ac
1097 4535 1190 4587 per
1210 4519 1307 4570 hoc
1335 4519 1402 4570 ad
1431 4520 1784 4572 conditionem
1816 4531 2024 4575 nostrae

442 4614 661 4683 naturae
706 4617 875 4660 motas
931 4623 1032 4660 non
1087 4609 1187 4661 nisi
1231 4610 1584 4679 imperfectam
1633 4611 1880 4666 bonitatis
1941 4631 2025 4666 os-

443 4696 668 4748 tenderet
717 4697 978 4761 eirtutem,
1027 4700 1240 4770 aliquod
1287 4704 1493 4772 quidem
1519 4704 1651 4756 dans
1680 4720 1744 4757 ex
1763 4706 1864 4772 his,
1890 4723 2022 4776 quae

442 4784 540 4836 sibi
574 4783 774 4849 insunt,
821 4787 872 4838 in
910 4787 1086 4858 aliquo
1136 4803 1309 4843 autem
1339 4792 1570 4845 invidens
1591 4809 1720 4846 suae
1740 4796 2024 4863 participa-

444 4876 592 4928 tioni.
645 4877 734 4931 Ast
778 4879 1002 4948 perfecta
1053 4881 1300 4935 bonitatis
1341 4885 1531 4948 species
1585 4887 1637 4938 in
1697 4885 1792 4938 hoc
1836 4897 1931 4952 est,
1971 4897 2019 4940 et

2122 3165 2227 3216 itus
2273 3173 2444 3215 motus
2469 3163 2687 3232 quidam
2713 3173 2810 3228 est,
2839 3173 2886 3216 et
2925 3165 3144 3217 mutatio
3172 3181 3275 3218 non
3337 3163 3591 3218 existentis
3633 3161 3680 3212 in

2123 3271 2231 3308 esse
2276 3255 2561 3308 secundum
2605 3255 2836 3309 divinam
2890 3255 3204 3310 uoluntatem
3246 3251 3677 3308 transmutati.Ae

2122 3347 2254 3400 sicut
2281 3347 2336 3399 in
2365 3347 2802 3401 aerecharactera
2841 3346 3085 3402 Caesaris
3141 3347 3426 3416 imaginem
3470 3343 3679 3411 Evange-

2122 3437 2250 3490 lium
2289 3436 2436 3499 dicit,
2457 3454 2549 3506 per
2575 3439 2713 3508 quod
2742 3439 3016 3504 discimus,
3054 3439 3203 3508 iuxta
3247 3439 3456 3509 quidem
3483 3437 3677 3506 ﬁguram

2123 3527 2520 3580 similitudinem
2556 3545 2667 3583 esse
2698 3528 2932 3594 formati'
2936 3532 3005 3583 ad
3057 3529 3360 3592 Caesarem,
3383 3531 3437 3582 in
3477 3528 3678 3596 subjecto

2125 3637 2242 3674 vero
2278 3620 2631 3688 differentiam
2655 3621 2886 3686 habere;
2914 3623 2992 3675 sic
3033 3623 3190 3675 etiant
3234 3619 3514 3674 secundum
3548 3631 3676 3686 prae-

2123 3722 2318 3766 sentem
2347 3712 2602 3766 rationcm
2622 3713 3054 3782 imaginationum
3072 3714 3137 3776 ’⁸,
3164 3728 3298 3782 quae
3318 3711 3682 3764 considerantur

2123 3805 2178 3855 in
2199 3803 2376 3856 divina
2405 3814 2617 3866 natura,
2637 3804 2691 3856 itt
2717 3804 2947 3856 humana
2968 3803 3124 3856 etiam
3151 3803 3434 3872 cogitantes
3460 3801 3510 3852 in
3529 3799 3600 3850 his
3617 3795 3675 3855 ”.

2125 3897 2178 3948 in
2201 3893 2386 3963 quibus
2422 3893 2712 3946 similitudo
2745 3902 2843 3958 est,
2865 3893 2919 3946 itt
2943 3893 3175 3962 subjecto
3201 3891 3544 3960 differentiam
3563 3887 3686 3938 inre-

2126 3985 2320 4054 nimus,
2342 3998 2475 4052 quae
2495 3983 2550 4034 in
2580 3998 2680 4034 non
2717 3991 2890 4033 creato
2927 3990 2978 4033 et
3019 3990 3192 4033 creato
3239 3978 3588 4032 consideratur
3624 3972 3680 4022 ".

2129 4072 2390 4138 Quoniam
2415 4073 2578 4140 igitur
2601 4070 2734 4124 illud
2762 4071 2971 4140 quidem
2997 4085 3196 4138 semper
3245 4067 3484 4121 similiter
3529 4063 3684 4123 habet,

2125 4165 2223 4216 hoc
2248 4172 2423 4216 autem
2444 4177 2536 4230 per
2581 4162 2891 4214 creationem
2913 4160 3112 4228 factum
3141 4174 3206 4211 ex
3233 4157 3568 4210 mutabilitate
3592 4165 3686 4205 esse

2124 4258 2407 4322 inchoauit,
2432 4266 2478 4310 et
2508 4255 2767 4326 cognatim
2792 4255 2839 4286 ”
2860 4253 2928 4307 ad
2958 4251 3111 4306 talem
3135 4249 3528 4304 mutabiliatem
3555 4242 3685 4298 habet

2127 4349 2536 4411 conversionem,
2558 4355 2852 4416 propterea,
2879 4344 2968 4414 qui
2993 4343 3134 4396 novit
3161 4342 3338 4394 omnia
3359 4350 3478 4390 ante
3499 4347 3686 4405 genera-

2057 4464 2102 4522 ι)
2129 4441 2320 4492 tionem
2351 4453 2554 4497 eorum,
2582 4437 2714 4488 sicut
2735 4437 2808 4486 ait
2831 4433 3078 4504 propheta
3107 4431 3176 4495 “,
3199 4437 3522 4488 consecutus,
3545 4419 3686 4488 magis

2131 4537 2304 4578 autem
2319 4526 2362 4556 ³⁷
2394 4523 2812 4592 praeintelligens
2843 4521 3170 4592 prognostica
3186 4522 3389 4580 virtute,
3409 4516 3474 4568 ad
3490 4513 3603 4584 quid
3613 4510 3688 4562 de-

2131 4615 2348 4668 stillaret
2368 4615 2412 4644 ²⁸
2433 4630 2684 4682 persuant
2705 4613 2941 4666 virtutem
2959 4627 3210 4680 suamque
3227 4608 3510 4678 potentiam
3524 4611 3686 4656 Imma-

2132 4721 2229 4758 uae
2240 4703 2516 4757 voluntatis
2529 4712 2716 4763 motus,
2731 4703 2979 4772 quoniam
2991 4699 3130 4770 quod
3143 4699 3380 4768 futurum
3391 4705 3464 4750 est
3481 4693 3685 4756 uidit,“-

2127 4797 2547 4868 permaehinatus
2561 4805 2633 4848 est
2649 4795 2862 4864 imagini
2883 4792 3167 4846 secundum
3187 4791 3531 4844 masculumet
3552 4783 3683 4855 [eati-

2131 4904 2252 4940 nant
2274 4887 2654 4956 differentiam,
2677 4901 2812 4955 quae
2833 4901 2937 4938 non
2951 4883 3069 4953 jam
3086 4881 3156 4936 ad
3177 4881 3412 4935 divinum
3431 4871 3687 4950 principale

1683 5083 1688 5087 ν
1727 5061 1982 5115 ΥᾹΙΗΔΕ
2024 5059 2406 5117 LECTIONES

527 5193 544 5224 ί
568 5191 606 5242 Λ
640 5190 1006 5260 adjectiouem.
1086 5193 1103 5221 '
1133 5192 1223 5246 Sic
1251 5192 1368 5258 CF;
1398 5193 1438 5247 Α
1467 5193 1622 5247 enim.

444 5262 878 5332 participantibus
927 5280 1031 5314 υηι.
1075 5264 1136 5315 Λ.
1212 5266 1262 5330 L“
1291 5265 1380 5317 Sic
1419 5264 1543 5328 CF;
1587 5267 1632 5318 Α
1671 5269 1994 5332 praecedere.

445 5403 806 5469 accipiendum
837 5404 1056 5455 bonum.
1139 5403 1176 5432 “
1211 5401 1250 5454 A
1286 5419 1408 5455 non.
1486 5408 1527 5435 ¹²
1551 5404 1634 5456 CF
1683 5401 1822 5457 cum.

447 5472 486 5522 A
526 5473 823 5540 imaginem.
903 5473 946 5504 ³⁵
974 5473 1064 5526 Sic
1083 5471 1198 5532 CF:
1231 5473 1270 5523 A
1317 5482 1361 5523 et
1393 5473 1726 5528 characters.

449 5555 544 5612 per
581 5545 760 5612 (millia
785 5542 1090 5594 ostenditur.
1169 5542 1214 5573 ’°
1249 5541 1333 5594 CF
1394 5541 1806 5612 lgiturqualent.

449 5608 564 5664 Ci":
603 5611 642 5661 Α
702 5614 1054 5680 cogitatumtcs
1100 5631 1184 5666 ea.

453 5679 643 5739 pactio.
718 5681 760 5710 ’7
805 5683 844 5733 Α
874 5693 1044 5734 autem
1070 5686 1254 5751 magis.

1747 5212 1778 5248 a
1807 5211 1960 5247 sacra
2008 5209 2117 5248 om.
2159 5194 2226 5248 Α.

2085 5265 2104 5294 τ
2137 5265 2228 5318 Sic
2267 5263 2308 5317 C
2345 5263 2426 5328 F;
2465 5265 2508 5316 Α
2553 5279 2617 5316 ea:
2666 5263 2776 5316 illo.

445 5330 467 5361 ⁹
520 5331 611 5404 Sic
645 5331 758 5404 CF;
804 5333 843 5384 A
879 5332 1101 5399 infertur
1138 5333 1190 5404 It.
1228 5349 1299 5404 Διι.
1337 5338 1624 5402 proprietas
1672 5330 1988 5404 (maleriales
2021 5349 2127 5388 om.
2157 5337 2243 5404 Α).

1901 5405 1944 5434 ¹³
1971 5406 2062 5457 Sic
2107 5404 2222 5468 CF;
2258 5405 2296 5456 Δ
2341 5403 2397 5458 In
2429 5419 2493 5458 eo
2520 5405 2655 5456 enim
2679 5403 2840 5470 quod.

1806 5475 1848 5510 ³⁷
1878 5473 2109 5546 δὴ)ᾼοΙῇ
2144 5484 2180 5526 Λ
2205 5486 2428 5546 gestans.

1883 5546 1927 5574 ¹¹
1964 5544 2008 5597 Α
2035 5545 2188 5596 illud.

1265 5613 1308 5642 “
1348 5614 1391 5664 A
1420 5626 1673 5680 quatenus
1707 5615 1743 5667 i.
1779 5630 1832 5666 ιι.
1874 5629 1920 5666 c.
1950 5630 1998 5666 (ε.
2025 5632 2073 5666 (τ.
2117 5617 2533 5668 considerantur.

1335 5685 1377 5713 ³³³
1418 5685 1506 5737 Sic
1547 5684 1661 5749 Cl";
1697 5685 1734 5736 Δ
1770 5685 2062 5737 inclinaret.

3173 5193 3193 5223 ⁵
3245 5193 3526 5246 humanam
3555 5191 3687 5243 t-ilaat

2854 5263 2876 5296 ⁸
2911 5264 3001 5316 δίο
3043 5261 3166 5326 CF;
3199 5263 3243 5314 Δ
3283 5261 3686 5316 irrationabilem.

2352 5335 2392 5366 ¹⁰
2437 5335 2528 5387 Sic
2565 5332 2681 5398 CF;
2732 5335 2775 5384 A
2821 5333 3180 5402 quodcunque
3225 5344 3300 5386 est
3344 5349 3436 5401 per
3481 5331 3690 5383 notitiam

2352 5405 2397 5456 in
2429 5419 2493 5456 eo
2520 5405 2655 5456 enim
2679 5403 2840 5456 nuod.
2917 5401 2964 5439 ³⁸
3004 5405 3043 5456 Α
3070 5401 3300 5456 Interea.
3397 5403 3440 5432 "
3477 5404 3563 5454 Sic
3588 5397 3688 5456 CF:

2293 5444 2296 5456 ι
2341 5437 2397 5458 Ill
2429 5437 2493 5458 υυ
2520 5437 2655 5456 (ultu
2679 5437 2840 5470 Ἶιιυυο
2918 5437 2933 5439 ⁷
3004 5437 3043 5456 n
3070 5437 3300 5456 ιηιι-συηι
3478 5437 3563 5454 un,
3591 5437 3646 5454 κη
3676 5437 3688 5458 ι

2295 5486 2428 5526 tatis.
2510 5475 2552 5503 ¹⁸
2575 5475 2666 5527 Sic
2695 5472 2812 5535 CF;
2834 5472 2873 5524 A
2899 5473 3086 5525 simile.
3169 5475 3210 5506 ¹⁹
3233 5473 3276 5526 Α
3304 5472 3396 5528 sed
3425 5472 3522 5525 hoc
3547 5471 3690 5546 ipsius

2293 5547 2310 5574 ¹
2353 5545 2444 5596 Sic
2474 5543 2590 5596 Ci":
2633 5547 2672 5596 A
2717 5543 2980 5596 rationem
3019 5542 3130 5595 loco
3160 5543 3468 5596 imaainum.
3542 5541 3585 5574 ”
3617 5543 3690 5590 hic

2267 5547 2310 5575 ²¹
2353 5545 2444 5595 Sic
2474 5543 2590 5595 Ci":
2633 5547 2672 5595 A
2717 5543 2980 5595 rationem
3019 5543 3130 5595 loco
3160 5543 3468 5595 imaainum.
3542 5543 3585 5574 ”
3617 5543 3691 5590 hic

2353 5545 2444 5597 Sic
2474 5545 2590 5608 Ci";
2633 5547 2672 5596 A
2717 5545 2980 5596 rationem
3019 5545 3130 5595 loco
3160 5545 3468 5611 imaginum.
3542 5545 3585 5574 "
3617 5545 3691 5590 hic

2353 5625 2533 5667 antur.
2613 5615 2657 5642 *5
2677 5615 2764 5668 Sic
2815 5612 2934 5676 CF;
2967 5613 3010 5665 Α
3043 5629 3337 5682 cognatam.
3413 5613 3459 5645 "
3489 5610 3568 5668 CF
3593 5622 3695 5679 ρισ-

2303 5193 2324 5224 δ
2353 5193 2444 5246 Sic
2487 5193 2605 5256 CF;
2666 5194 2711 5247 Α
2744 5193 3094 5246 consiaerare.
