3898 6154
181 286 270 344 797.

993 280 1076 334 Dii
1115 279 1453 335 DIVISIOXE
1493 277 1842 334 NATURAE.
1883 295 1950 318 ε-
1989 275 2188 328 LIBER
2227 273 2582 342 QUARTUS.

3328 283 3432 338 738

178 395 437 464 exemplum
469 393 807 462 aspicit,sed,
842 392 974 446 sicut
993 393 1190 446 dictum
1226 403 1322 456 est,
1345 390 1740 444 immutabiliori
1771 396 1817 452 Α
1848 387 2119 440 reducens.
2153 385 2271 455 Ipsa
2301 387 2464 455 igitur
2503 385 2858 439 restitutorum
2892 387 2989 441 vita
3014 388 3085 440 ad
3130 405 3265 456 eam,
3299 410 3432 464 quae

174 486 377 560 pandet
399 494 592 537 natura
630 485 668 534 ⁸.
700 483 930 536 Causam
958 499 1072 536 vero
1099 483 1219 534 talis
1238 479 1744 558 supermachinatio-

179 583 246 636 nis
267 577 356 630 soli
380 575 588 646 quidem
611 576 867 638 noverint,
889 575 978 644 qui
1007 576 1269 626 veritatem
1291 590 1384 642 per
1407 589 1461 624 se
1483 572 1675 635 vident,
1699 580 1744 622 et

177 669 376 722 ministri
399 677 519 720 sunt
545 668 699 722 verbi.
731 667 842 720 Nos
865 677 1062 729 autem,
1093 676 1348 735 quantum
1377 665 1618 748 possibile
1649 674 1744 727 est,

178 777 232 814 es:
245 758 542 830 quibusdam
569 756 882 825 conjecturis
903 769 1058 825 atque
1081 757 1462 824 consequentiis
1482 757 1747 807 veritatem

177 852 406 913 szlentes',
420 851 558 920 quod
574 851 627 902 in
649 849 882 902 animant
905 850 1060 912 renit,
1082 866 1182 901 non
1197 849 1584 916 pronuntiatiee
1599 863 1750 915 expc.

176 941 391 1006 nemus,‘
412 943 500 994 sed
516 939 668 993 veluti
683 943 734 992 in
759 941 1028 1008 gymnasio
1052 941 1266 992 auribus
1281 939 1522 1007 fidelibus
1538 939 1751 991 audien-

179 1035 235 1084 da
255 1047 609 1100 proponemus.
641 1029 779 1094 Quid
804 1046 924 1098 ergo
949 1038 1044 1093 est,
1067 1030 1204 1098 quod
1232 1029 1394 1082 dehis
1419 1031 1705 1097 cogitamus
1727 1027 1752 1080 ?

182 1121 362 1185 Sermo,
394 1122 483 1190 qui
531 1121 656 1173 dicit
694 1133 711 1170 :
747 1119 868 1188 fecit
929 1119 1067 1172 Deus
1097 1120 1380 1182 hominem,
1414 1120 1623 1187 inﬁnita
1684 1120 1749 1171 εἰς

179 1213 492 1282 gniﬁcatione
539 1228 740 1264 omnem
791 1211 1170 1272 humanitatem
1195 1211 1436 1263 ostendit.
1467 1209 1590 1262 Non
1613 1211 1749 1261 enim

179 1319 296 1354 nunc
314 1305 711 1371 cognom'natur
732 1314 1004 1354 creaturae
1033 1300 1224 1364 Adam,
1262 1301 1398 1352 sicut
1424 1301 1474 1352 in
1499 1300 1752 1368 sequenti-

179 1395 258 1446 bus
281 1393 495 1445 historia
524 1392 671 1455 dicit,
699 1396 787 1443 sed
813 1407 996 1443 nomen
1037 1400 1210 1442 creato
1232 1389 1428 1442 homini
1467 1405 1567 1442 non
1603 1388 1752 1440 aliud

177 1483 417 1551 quoddam
441 1483 803 1536 universaliter
830 1492 926 1534 est.
960 1481 1119 1534 Non"
1140 1482 1303 1551 igitur
1338 1481 1622 1535 universali
1652 1498 1750 1534 na-

177 1583 306 1625 turae
342 1573 609 1626 vocatione
650 1571 754 1624 tale
801 1572 1003 1642 aliqu:d
1035 1572 1299 1640 suspicari
1340 1571 1746 1634 introducimur,

177 1665 282 1732 quia
309 1664 358 1716 in
409 1663 589 1716 divina
619 1663 917 1731 praesentia
952 1661 972 1693 ⁵
1001 1672 1049 1715 et
1104 1671 1298 1715 urtute
1341 1663 1512 1714 omnis
1557 1660 1750 1712 Imma-

1847 483 2055 552 proprie
2080 486 2382 550 angelorum
2401 479 2642 542 habetur,
2657 479 2890 548 profecto
2913 491 3032 534 ante
3057 483 3260 536 ruinam
3277 503 3435 556 ange-

1847 572 1929 624 lus
1956 571 2171 637 quidam
2191 571 2230 600 ”
2247 578 2356 622 erat
2387 583 2405 620 :
2428 578 2699 637 propterea
2725 571 2832 638 ipse
2845 574 2913 622 ad
2927 573 3283 642 antiquitatem
3303 587 3436 632 vitae

1849 673 2056 714 nostrae
2081 661 2276 711 reditus
2317 658 2516 727 angelis
2559 657 2901 712 assimilatur.
2927 660 3170 716 Attamen
3198 669 3327 717 sicut
3355 668 3438 719 di-

1850 765 1986 806 ctum
2016 762 2116 814 est,
2143 751 2336 820 nuptiis
2362 751 2501 816 apud
2537 767 2623 802 eos
2659 750 2703 784 ¹⁸
2726 769 2827 804 non
2873 742 3210 808 existentibus
3243 758 3297 810 in
3323 776 3440 826 mg-

1853 842 2086 894 riadibus
2118 841 2338 908 inﬁnitis
2359 839 2580 892 militiae
2605 843 2907 910 angelorum
2939 858 3057 896 sun:
3079 862 3097 909 ;
3120 849 3194 898 sic
3215 851 3352 900 enim
3383 851 3438 903 in

1849 948 1876 982 υ
1900 932 2131 982 sionibus
2157 929 2344 982 Daniel
2365 930 2620 981 narravit.
2651 929 2771 982 Non
2789 930 2948 998 igitur
2969 951 3062 1001 per
3083 936 3302 988 eundem
3341 951 3437 990 no-

1850 1019 2124 1084 minem,si
2150 1016 2296 1069 nulla
2319 1033 2586 1070 conversio
2611 1029 2656 1070 et
2686 1035 2912 1072 recessus
2940 1023 3002 1072 ab
3028 1024 3440 1091 angel.casoc.'e-

1803 1126 1810 1135 '
1851 1117 1956 1160 tate
1975 1108 2428 1176 expeccatonobis
2443 1107 2870 1175 [ieret,[ortassis
2899 1127 2989 1162 nos
3006 1114 3197 1182 nuptiis
3214 1117 3279 1165 ad
3307 1117 3442 1168 mu."-

1851 1198 2224 1266 tiplicationem
2247 1197 2606 1264 alligaremur.
2629 1199 2779 1251 Alius
2795 1203 3010 1269 quidam
3043 1215 3114 1256 est
3141 1207 3191 1256 in
3221 1218 3441 1260 naturae

1855 1289 2161 1356 angelorum
2209 1286 2666 1354 multiplicationts
2699 1292 3207 1360 ntOtltts,ittr/fabilis
3233 1297 3440 1364 quidem
3482 1329 3487 1334 ι

1851 1389 1896 1430 et
1924 1377 2320 1446 inintelligibilis
2341 1379 2583 1430 humanis
2607 1384 3146 1448 argumentatiombus
3167 1398 3444 1445 ,‘rerunta-

1852 1484 1968 1520 men
1998 1484 2119 1535 quia
2139 1469 2180 1496 ¹⁶
2201 1469 2412 1518 omnino
2437 1477 2534 1530 est,
2557 1469 2665 1536 ipse
2683 1470 2836 1520 etiam
2862 1470 2912 1522 in
2935 1471 3036 1535 his,
3061 1475 3149 1541 qui
3167 1475 3322 1538 paulo
3347 1479 3444 1529 mi-

1853 1575 1950 1611 nus
1972 1559 2036 1611 ab
2057 1557 2252 1628 angelis
2280 1557 2320 1588 ’⁷
2346 1559 2590 1610 minorati
2610 1570 2748 1619 sunt,
2784 1574 3088 1630 operaretur
3113 1567 3177 1632 ³⁸,
3205 1549 3443 1636 ἐπ’ίμδιυη

1855 1651 2122 1718 tle/initam
2143 1651 2359 1718 factoris
2383 1650 2600 1702 consilio
2623 1668 2918 1706 mensuram
2942 1657 3323 1711 huntanizatem
3351 1679 3446 1712 au-

178 1755 296 1807 nitas
318 1755 366 1806 in
393 1754 567 1822 prima
603 1754 970 1807 constitutione
993 1755 1363 1823 comprehensa
1387 1762 1482 1806 est.
1519 1751 1735 1822 Oportet

1859 1755 1982 1804 rens.
2006 1740 2065 1792 Si
2089 1755 2205 1791 vero
2228 1748 2426 1790 coartat
2449 1738 2644 1807 “quis’,
2666 1757 2864 1808 genera.
2879 1745 3013 1796 iouis
3027 1761 3322 1798 atumarum
3337 1765 3420 1800 mo
3437 1774 3450 1782 -

179 1847 294 1899 enim
322 1846 389 1898 nil
432 1846 544 1900 Deo
584 1846 847 1915 inﬁnitum
882 1846 936 1898 in
957 1847 1057 1908 his,
1090 1861 1228 1916 quae
1249 1845 1312 1898 ab
1333 1861 1391 1898 eo
1427 1844 1568 1914 facta
1598 1853 1742 1906 sunt,

180 1941 458 2003 aestimare,
490 1941 580 1992 sed
608 1937 1025 2007 uniuscujusque
1050 1953 1252 2000 eorum,
1283 1938 1429 2006 quae‘
1455 1945 1598 1999 sunt,
1623 1935 1746 2002 linis

179 2037 218 2079 et
262 2043 499 2080 mensura
553 2025 1046 2095 circumponderans
1080 2026 1297 2094 [actoris
1353 2026 1609 2092 sapientia
1648 2033 1744 2076 est.

182 2115 613 2181 Quemadmodum
635 2118 797 2186 igitur
817 2115 1008 2186 aliquis
1027 2121 1180 2169 homo
1204 2115 1435 2184 corporis
1461 2114 1750 2172 quantitate

181 2220 458 2274 coartatur,
487 2219 536 2262 et
569 2224 817 2262 mensura
841 2208 939 2261 sibi
965 2207 1291 2262 substantiae
1313 2205 1623 2273 magnitudo
1653 2214 1748 2267 est,

179 2314 290 2366 quae
301 2299 349 2350 in
363 2297 642 2366 superﬁcie
654 2297 888 2366 corporis
902 2297 1202 2365 perﬁcitur:
1219 2297 1313 2374 sic,
1332 2294 1579 2358 arbitror,
1596 2292 1671 2346 vel
1677 2293 1752 2346 uti

182 2386 224 2439 in
239 2403 332 2440 uno
349 2403 568 2456 corpore
589 2397 752 2440 totam
771 2386 1116 2440 humanitatis
1130 2384 1508 2454 plenitudinem
1531 2399 1754 2452 progno-

181 2476 290 2528 stica
313 2477 496 2530 virtute
534 2493 567 2528 a
607 2475 715 2528 Deo
738 2475 969 2528 omnium
1005 2477 1434 2545 comprehensam
1471 2473 1656 2541 fuisse.
1685 2471 1755 2525 Et

181 2567 260 2618 hoc
278 2567 418 2620 docet
447 2581 642 2630 sermo,
675 2565 764 2635 qui
786 2565 948 2618 dicit:
975 2565 1112 2630 Quia
1144 2565 1262 2634 fecit
1288 2563 1432 2618 Deus
1471 2563 1755 2626 hominem,

180 2657 440 2710 secundum
483 2657 764 2726 imaginem
793 2655 888 2708 Det
908 2655 1028 2724 fecit
1053 2671 1192 2708 eum.
1227 2653 1350 2706 Non
1377 2653 1513 2706 enim
1536 2653 1589 2706 in
1608 2661 1760 2721 parte

182 2759 381 2801 naturae
413 2749 613 2816 imago,
639 2762 800 2816 neque
827 2748 880 2798 in
909 2745 1137 2816 quodam
1169 2760 1366 2807 eorum,
1389 2758 1525 2808 quae
1574 2757 1761 2794 secun-

183 2839 292 2890 dum
346 2839 517 2906 ipsam
578 2837 994 2902 considerantur,
1016 2837 1186 2905 gratia
1218 2845 1314 2900 est,
1354 2835 1444 2889 sed
1484 2834 1539 2886 in
1591 2843 1759 2892 totum

179 2944 320 2997 genus
348 2927 644 2998 aequaliter
705 2925 829 2980 talis
865 2928 1094 2996 pervenit
1134 2926 1314 2978 virtus.
1347 2923 1570 2994 Signum
1640 2937 1758 2975 vero

181 3028 261 3080 est,
273 3017 402 3086 quod
417 3015 439 3044 ⁶
456 3016 696 3068 omnibus
711 3013 947 3068 similiter
963 3016 1169 3067 animus
1183 3013 1491 3075 collocatur,
1508 3011 1630 3063 dum
1649 3005 1759 3062 oni-

1849 1832 1972 1883 dum
1999 1830 2290 1900 inquirens,
2316 1830 2413 1881 nisi
2439 1830 2748 1898 alligaretur
2779 1836 3078 1902 nuptiarum
3097 1842 3448 1906 cooperattoui

1850 1923 2026 1985 homo,
2080 1923 2450 1990 respondemus
2493 1923 2538 1953 ¹⁰
2589 1932 2634 1975 et
2673 1940 2764 1975 nos
2817 1927 3081 1994 angelicae
3127 1931 3451 1984 substantiae

1851 2013 2088 2076 modum,
2123 2013 2386 2080 quomodo
2419 2013 2470 2064 in
2499 2014 2540 2046 ἰ
2571 2014 2800 2079 inﬁnitis
2825 2018 3145 2083 nigrtadibus
3167 2019 3245 2072 illi
3267 2031 3312 2072 et
3345 2039 3449 2074 Mlti

1853 2106 2078 2158 essentia
2109 2107 2364 2168 existunt,
2397 2117 2439 2157 et
2471 2105 2524 2157 in
2563 2105 2742 2158 multis
2773 2119 3141 2162 numerantur.
3169 2109 3284 2164 lloc
3313 2115 3451 2166 enim

1853 2207 1968 2265 apte
2015 2197 2435 2266 respondebimus
2483 2199 2813 2266 proponenti,
2863 2204 3122 2268 quomodo
3165 2215 3297 2256 esset
3345 2205 3451 2272 [ine

1854 2289 2049 2356 nuptiis
2088 2291 2260 2352 honto,
2293 2291 2542 2353 dicentes,
2575 2293 2706 2342 sicut
2739 2302 2858 2344 sunt
2881 2295 3052 2361 angeli
3081 2295 3192 2347 sine
3219 2297 3448 2364 nuptiis;

1855 2381 2115 2433 hominem
2139 2382 2274 2433 enim
2297 2381 2715 2435 similiter"illis
2736 2383 2898 2452 {uisise
2918 2394 3036 2436 ante
3055 2388 3454 2452 praevaricatio-

1859 2487 1971 2524 nem
2001 2472 2224 2524 ostendit
2251 2473 2362 2541 ipsa
2405 2473 2458 2525 in
2499 2474 2649 2525 illum
2681 2477 2871 2527 iterant
2917 2478 3192 2530 restitutio.
3227 2477 3325 2532 llis
3359 2481 3453 2532 ite-

1860 2575 1974 2612 rum
2005 2577 2038 2612 a
2079 2561 2224 2613 nobis
2254 2561 2328 2613 sic
2344 2559 2460 2629 jam
2491 2562 2614 2614 bene
2642 2563 2903 2627 discretis,
2943 2565 2993 2616 in
3017 2563 3064 2595 ³³
3099 2566 3322 2634 priorem
3361 2585 3452 2619 ra-

1860 2649 2052 2702 tionem
2098 2649 2420 2702 redeundum
2453 2661 2547 2712 est,
2579 2652 2838 2720 quomodo
2876 2664 2988 2722 post
3030 2656 3452 2709 constitutionem

1860 2741 2108 2810 imaginis
2138 2743 2303 2810 ipsam
2345 2743 2631 2794 secundum
2673 2743 2962 2796 masculum
2989 2755 3036 2798 et
3067 2747 3317 2814 feminam
3348 2749 3454 2816 cli/'-

1861 2833 2136 2900 [erentiam
2177 2833 2664 2900 supermaehimttas
2702 2844 2775 2884 est
2820 2835 2957 2886 Deus
3000 2836 3328 2903 ['ormationi.
3371 2843 3450 2890 Att

1862 2923 1958 2976 hoc
1997 2923 2132 2976 enim
2171 2923 2286 2975 dico
2329 2924 2506 2976 utilem
2551 2940 2660 2975 esse
2701 2927 2846 2992 prius
2893 2927 3020 2994 perll
3039 2938 3174 2980 ctam
3219 2925 3248 2980 α
3307 2931 3454 2982 nobis

1863 3015 2139 3068 theoriam.
2175 3014 2279 3078 Qui
2307 3016 2446 3068 enim
2487 3015 2663 3066 omnia
2688 3016 2908 3067 additin
2941 3017 2994 3070 in
3028 3033 3159 3081 esse,
3187 3029 3453 3089 totumque

183 3107 594 3178 ncsintelligendi
620 3116 669 3161 et
693 3106 1006 3161 consiliandi
1029 3107 1268 3159 virtutem
1291 3105 1538 3166 Ιιίιθεαηιν
1562 3113 1608 3155 ι’(
1629 3101 1758 3153 (alia
1789 3091 1832 3151 (ἶ
1865 3110 1918 3160 in
1943 3125 2038 3160 sua
2069 3108 2333 3160 voluntate
2369 3107 2626 3159 hominem
2655 3107 2723 3158 ad
2765 3109 2997 3160 dieinam
3037 3109 3314 3178 imaginem
3345 3113 3455 3182 for-

183 3201 442 3265 omnia,e:r:
471 3199 659 3270 quibus
682 3200 858 3254 diuina
885 3209 1078 3252 natura
1101 3200 1154 3250 in
1191 3215 1269 3263 eo,
1293 3199 1432 3268 quod
1477 3196 1763 3251 secundant

183 3293 330 3360 ipsam
351 3293 556 3361 factum
573 3301 670 3356 est,
694 3292 1016 3360 imaginatur
1030 3291 1072 3354 ⁷,
1089 3291 1327 3344 similiter
1347 3289 1555 3343 habent.
1576 3288 1642 3341 Et
1658 3290 1765 3356 ipse

183 3382 229 3433 in
253 3385 413 3450 prima
453 3383 642 3436 mundi
679 3383 1054 3435 constitutione
1097 3391 1336 3434 ostensus
1365 3379 1539 3444 homo,
1580 3388 1627 3430 et
1649 3387 1763 3447 post

187 3474 526 3527 universitatis
566 3474 1066 3527 consummationem
1111 3474 1322 3542 futurus
1344 3511 1360 3536 ,
1386 3470 1675 3542 aequaliter
1707 3472 1763 3524 in

187 3565 344 3633 seipsis
391 3564 633 3618 divinam
693 3564 872 3633 [erunt
929 3563 1230 3634 imaginem.
1293 3563 1578 3628 Propterea
1627 3579 1763 3616 unus

188 3650 318 3704 homo
342 3653 674 3706 nominatum
713 3663 788 3706 est
823 3669 998 3718 omne,
1029 3655 1155 3724 quia
1215 3655 1270 3706 in
1303 3655 1489 3707 virtute
1533 3652 1632 3706 Dei
1688 3651 1762 3705 nil

185 3743 428 3807 praeterit,
459 3743 539 3796 nil
598 3743 778 3806 instat,
803 3742 893 3795 sed
932 3753 978 3796 et
1017 3743 1155 3812 quod
1211 3754 1493 3814 spectatur,
1531 3744 1765 3813 aequali-

187 3837 256 3880 ter
271 3832 530 3897 praesenti
578 3831 1004 3900 comprehensiva
1056 3832 1410 3886 universitatis
1463 3833 1763 3901 operatione

185 3921 478 3975 continetur.
523 3920 709 3977 Omnis
759 3923 936 3992 itaque
974 3931 1170 3977 natura
1223 3924 1454 3978 humana
1482 3928 1526 3989 ⁸,
1562 3941 1695 3994 quae
1729 3942 1760 3978 a

187 4011 352 4078 primis
397 4030 564 4082 usque
599 4015 881 4068 novissima
915 4015 1170 4084 pervenit,
1211 4032 1316 4069 una
1355 4018 1610 4086 quaedam
1647 4032 1762 4070 vere

184 4101 430 4157 existentis
471 4104 646 4172 imago
676 4113 750 4157 est
782 4120 799 4157 :
826 4105 942 4172 ipsa
981 4121 1098 4159 vero
1135 4107 1188 4158 in
1215 4105 1508 4160 masculum
1539 4117 1586 4160 et
1609 4107 1760 4175 [etni-

183 4207 294 4244 uam
322 4196 522 4262 generis
550 4195 848 4263 di/ferentia
871 4197 1148 4250 novissime
1175 4198 1534 4250 constitutioni
1561 4198 1760 4266 forum-

187 4279 328 4334 tionis
353 4283 563 4351 adjecta
593 4293 688 4336 est.
730 4284 796 4337 Et
847 4301 916 4339 ne
965 4285 1200 4350 mireris,
1254 4288 1469 4340 easdem
1522 4287 1761 4354 ejusdem

187 4371 468 4426 sententias
481 4386 649 4440 saepe
671 4388 770 4426 nos
793 4385 1071 4442 repetere;
1101 4390 1204 4428 non
1229 4375 1376 4428 enim
1400 4376 1758 4444 ampliﬁcandi

1865 3197 2046 3262 mavit,
2075 3213 2175 3249 non
2209 3197 2464 3266 paulatim
2511 3199 2892 3266 adjee.ionibus
2933 3202 3234 3271 futurorum
3277 3223 3452 3259 morus

1867 3275 2010 3355 fecit,
2039 3287 2250 3340 sciendo
2274 3287 2326 3340 in
2355 3305 2502 3340 suam
2538 3289 2913 3356 plenitudinem
2938 3294 3234 3345 animartmi
3279 3311 3457 3347 nume-

1865 3393 1979 3429 rum
2014 3377 2413 3446 perﬁeiendum,
2452 3380 2541 3432 sed
2569 3379 2876 3433 cumulatim
2903 3382 2956 3435 in
2989 3383 3101 3452 ipsa
3130 3385 3455 3453 plenitudine

1866 3484 2066 3520 omnem
2103 3468 2386 3520 ltumanam
2435 3485 2678 3522 naturam
2711 3487 2805 3539 per
2847 3475 3234 3542 prognosticam
3269 3491 3456 3543 opera-

1865 3559 2054 3612 tionem
2097 3559 2374 3623 intellexit,
2421 3571 2466 3613 et
2509 3562 2560 3613 in
2593 3562 2965 3616 ea‘celsitudine
3005 3575 3051 3616 et
3090 3565 3141 3618 in
3187 3568 3456 3636 coaequati

1865 3649 2063 3719 angelis
2093 3651 2264 3719 quiete
2297 3651 2683 3718 honoriﬁcavit.
2734 3651 2996 3717 Quoniam
3046 3672 3160 3706 tero
3201 3657 3456 3723 praevidit

1865 3737 2292 3807 contemplatoria
2328 3740 2513 3792 virtute
2541 3739 2587 3773 ’λδ
2615 3757 2718 3792 non
2760 3753 2893 3794 recte
2928 3754 3132 3796 euntem
3163 3747 3229 3795 ad
3271 3745 3458 3797 bonam

1867 3827 2200 3890 voluntatem,
2238 3840 2392 3897 atque
2432 3831 2546 3882 ideo
2589 3846 2653 3883 ex
2699 3831 2934 3898 angelica
2969 3833 3068 3885 vita
3103 3837 3448 3896 recedentem,

1865 3935 1926 3973 ne
1979 3921 2288 3995 animarum
2335 3921 2688 3974 linumnarum
2743 3923 3024 3976 multitudo
3085 3926 3450 3986 minueretur,

1862 4010 2052 4063 cadens
2086 4027 2148 4062 es:
2176 4010 2265 4063 illo
2290 4012 2464 4074 modo,
2497 4028 2750 4080 perqnem
2777 4014 2946 4081 angeli
2973 4015 3042 4064 ad
3067 4012 3451 4066 multitudinem

1864 4100 2004 4151 aucti
2034 4111 2177 4161 sunt,
2225 4111 2496 4166 propterea
2541 4101 2921 4152 convenientem
2964 4103 3015 4153 in
3056 4113 3320 4171 peccatum
3361 4120 3430 4154 an

1865 4191 2058 4244 uitiatis
2089 4192 2136 4222 ⁷⁸⁸
2171 4192 2471 4243 incrementi
2499 4193 2927 4260 excogitationem
2953 4194 3005 4246 in
3031 4205 3218 4246 natura
3246 4194 3450 4258 confor-

1864 4285 2042 4345 maeit,
2074 4297 2167 4350 pro
2209 4281 2443 4349 angelica
2476 4283 2866 4350 magniﬁcentia
2907 4284 3210 4352 pecul/alea:
3241 4296 3286 4337 et
3321 4286 3456 4336 irra-

1869 4372 2114 4424 tionalem
2138 4364 2222 4423 ei:
2249 4381 2300 4423 Se
2331 4373 2542 4425 invicem
2589 4375 2931 4426 successionis
2956 4375 3168 4426 modum
3213 4375 3452 4427 hunumi-

186 4461 572 4528 sermonis,sed
586 4463 942 4518 declarandae
961 4465 1408 4533 quaestitmishoc
1425 4468 1768 4536 aginmsgra-
1796 4439 1843 4496 Ι)
1872 4467 1966 4519 tati
1993 4467 2242 4518 inserens.
2269 4463 2418 4517 -lline
2449 4465 2572 4516 mihi
2603 4466 2810 4518 videtur
2835 4467 2990 4518 etiam
3018 4484 3238 4536 magnus
3261 4467 3454 4534 David,

190 4549 252 4602 tia
274 4550 312 4604 ’.
338 4551 394 4604 In
419 4562 616 4607 octavo
638 4555 848 4607 decimo
879 4554 922 4584 ²⁰
955 4555 1083 4609 item
1107 4554 1351 4623 ejusdem
1383 4559 1644 4610 sermonis
1673 4573 1766 4611 ea-

188 4639 339 4708 pitulo
383 4661 396 4698 :
458 4643 906 4709 Resurrectionis,
956 4647 1154 4714 inquit,
1199 4648 1370 4717 gloria
1418 4650 1457 4678 “
1501 4649 1574 4702 nil
1618 4649 1765 4703 aliud

188 4735 317 4788 nobis
345 4739 793 4808 promittit,quam
819 4740 874 4792 in
903 4741 1268 4810 antiquitatem
1297 4744 1592 4794 cadentium
1619 4745 1764 4796 resti-

188 4827 419 4882 tutionem
452 4831 516 4883 ".
545 4829 639 4883 Est
667 4832 802 4884 enim
831 4833 1026 4886 reditus
1052 4835 1264 4903 quidam
1289 4836 1340 4888 in
1359 4836 1581 4903 primum
1609 4839 1763 4890 vitam

185 4923 455 4986 spectanda
472 4923 517 4954 ¹³
541 4923 1024 4994 gratia,expulsum
1040 4929 1288 4996 paradiso
1315 4929 1501 4980 iterum
1524 4929 1575 4979 in
1593 4932 1759 4995 ipsum

1870 4557 2048 4609 dolens
2105 4556 2330 4608 hominis
2377 4555 2680 4618 miseriam,
2735 4555 2926 4609 talibus
2976 4558 3140 4611 verbis
3187 4558 3452 4628 planxisse

1873 4658 2111 4700 naturam
2146 4659 2162 4696 :
2196 4645 2334 4710 Quia
2362 4646 2536 4710 homo,
2583 4648 2635 4699 in
2678 4649 2874 4701 honore
2913 4649 3039 4701 dum
3075 4649 3122 4680 "
3158 4662 3310 4717 esset,
3352 4669 3454 4707 non

1871 4736 2120 4790 intellexit
2143 4739 2410 4801 honorem,
2439 4740 2614 4792 dicens
2641 4740 2908 4810 aequalem
2932 4744 3129 4811 angelis
3152 4745 3194 4776 ’7
3223 4764 3456 4806 revereri-

1869 4831 2015 4891 time,
2042 4840 2331 4897 propterea,
2375 4831 2568 4900 inquit,
2593 4833 2637 4861 ²⁸
2659 4845 2990 4897 eantparatus
3014 4847 3086 4888 est
3105 4837 3357 4905 jumentis
3382 4841 3456 4891 in-

1871 4922 2195 4990 sipientibus.
2256 4921 2384 4978 Vere
2425 4925 2561 4978 enim
2597 4929 2870 4994 pecorinus
2902 4927 3072 4997 [actus
3096 4942 3190 4996 est,
3222 4933 3456 5003 qui‘ani-

1471 5040 1720 5092 γΑιςιΜς
1762 5037 2164 5095 LIZC'HUNES.

254 5149 270 5180 ³
302 5148 392 5203 Sic
413 5149 534 5210 CF;
568 5152 612 5204 A
641 5149 1073 5204 irrationabiliori
1103 5149 1347 5202 adhaeret
1373 5162 1610 5202 naturae.

194 5218 280 5272 Ἀ
333 5221 702 5287 praescientia.
797 5219 818 5250 ‘
855 5222 992 5290 quod
1053 5235 1161 5271 οιιι.
1213 5221 1316 5272 CF.

189 5293 380 5342 mireris
403 5319 472 5330 -—
497 5293 665 5358 gratia
693 5307 801 5342 nni.
823 5290 888 5343 Α.

193 5359 448 5427 lapsorum
494 5361 547 5411 in
587 5363 865 5426 pristinunt
898 5370 1088 5412 statum
1123 5361 1519 5412 restitutionem.

189 5445 266 5500 eos
291 5447 400 5482 mn.
429 5429 500 5482 Α.
575 5431 619 5466 ⁸⁸
650 5433 690 5482 Α
725 5431 991 5500 quoniam.

191 5499 228 5548 Α
271 5510 556 5551 coartatur.
631 5501 677 5531 ³ο
710 5498 801 5554 Sic
853 5498 967 5562 Li";
1019 5500 1058 5551 Δ
1112 5501 1550 5568 respondebimus.

1689 5151 1708 5178 ¹
1749 5150 1840 5204 Sic
1889 5149 2006 5210 (1F;
2045 5149 2084 5200 Α
2121 5150 2408 5212 opinantes.

1405 5222 1421 5250 ⁷
1467 5223 1556 5272 Sit:
1597 5220 1712 5283 CF;
1762 5222 1804 5272 Α

989 5291 1029 5320 ²⁰
1058 5292 1147 5341 Sic
1185 5290 1300 5351 (JF;
1346 5291 1382 5342 Α
1424 5291 1622 5342 decium
1663 5294 1898 5354 septimo.

1072 5431 1111 5459 ¹⁷
1141 5431 1312 5481 minus
1333 5431 1396 5481 ab
1427 5432 1644 5498 angelis.
1679 5447 1786 5482 mn.
1824 5433 1887 5482 A.
1991 5432 1996 5456 τ

1112 5501 1550 5550 τέδυωηίιυὺίηιιιδ.
1628 5502 1668 5531 ²¹
1705 5501 1754 5550 in
1804 5516 1914 5550 orn.
1958 5499 1996 5550 Λ

1628 5502 1668 5531 ²¹
1705 5501 1754 5551 in
1804 5516 1914 5550 mn.
1958 5501 2020 5550 Λ.

3020 5155 3040 5184 ⁸
3085 5153 3203 5207 Non
3238 5171 3345 5208 orn.
3389 5157 3451 5208 Λ.

2585 5223 2606 5252 ⁸
2642 5225 2870 5274 Ιδιςηι..ηε·ι
2907 5242 3014 5276 tun.
3059 5229 3122 5276 Λ.
3199 5230 3218 5258 ⁸
3281 5228 3338 5276 ti:
3393 5243 3455 5278 ne

2487 5149 2506 5180 ³
2544 5151 2588 5203 Α
2615 5152 2942 5218 exponimus.

1866 5219 2259 5271 simlitudinem
2320 5218 2493 5286 refert.

2005 5290 2044 5322 ¹¹
2089 5288 2176 5338 Sit:
2236 5287 2349 5352 (Ἐς
2502 5294 2731 5362 gratiae
2799 5294 2838 5322 “
2890 5294 2978 5346 Sit:
3028 5294 3145 5356 Cl";
3201 5302 3245 5346 Α
3299 5313 3452 5362 (μευ-ιη

1600 5361 1640 5392 ¹³
1679 5361 1765 5414 Sic
1795 5360 1878 5412 Ci"
1903 5375 1913 5423 ;
1940 5357 2341 5433 ij-spectata.
2414 5358 2457 5389 "’
2495 5357 2536 5412 Α
2584 5361 2816 5430 angelica
2870 5367 3160 5433 quaedam.
3233 5365 3277 5395 ιδ
3309 5357 3454 5430 apud

1991 5428 2033 5457 ¹⁸
2064 5431 2153 5480 Su:
2179 5427 2260 5479 (.F
2280 5443 2294 5492 ;
2318 5429 2356 5479 Λ
2381 5427 2697 5498 operaretur
2721 5427 3034 5485 l.‘ominibus.
3132 5432 3172 5462 ³⁸
3203 5436 3290 5487 Sic
3331 5427 3411 5485 Ci"
3438 5451 3450 5497 ;

2102 5499 2144 5568 ξ’
2203 5501 2290 5550 Sit:
2339 5500 2458 5564 (;ι‹’·;
2506 5507 2549 5553 Λ
2588 5502 2826 5553 sintiienz.
2907 5504 2950 5531 ³⁵³
2988 5503 3077 5553 Sit:
3123 5503 3239 5568 CF;
3281 5506 3316 5556 Λ
3365 5511 3452 5556 ml.

255 5568 676 5645 contemplatoria
710 5571 889 5622 virtute
919 5585 1022 5622 om.
1058 5571 1119 5620 Α.
1163 5567 1207 5600 ²³
1239 5572 1327 5623 Sic
1356 5570 1470 5635 (λιες
1511 5572 1551 5622 Δ
1584 5569 1768 5639 lapsis.

1859 5572 1876 5598 ⁸³
1911 5569 1998 5622 Sic
2032 5567 2144 5632 (1F;
2193 5569 2231 5620 Α
2262 5586 2376 5620 Γῖίὶη
2416 5573 2464 5625 fit
2493 5575 2704 5624 honore.
2772 5571 2813 5600 ’⁷
2843 5571 2931 5625 Sit:
2963 5573 3075 5636 Cl“;
3107 5575 3146 5624 Α
3186 5576 3456 5645 anguinis.

191 5638 231 5667 “
257 5639 415 5696 inquit
465 5655 573 5694 om.
613 5641 716 5695 (JF.
