3898 6154
413 219 517 275 799

1782 230 2063 296 50ANNIS
2101 243 2297 298 SCOTI

3572 248 3669 301 800

414 332 601 385 malem
629 351 763 390 nam:
789 340 1171 407 generationem
1196 343 1609 415 accepitproyter
1631 348 1697 401 ad
1724 353 1994 405 materiale
2027 364 2068 419 Λ
2100 354 2397 423 praefatam
2459 370 2676 408 causam
2744 355 3135 426 superaddita?
3199 356 3332 410 Num
3385 357 3406 389 ⁸
3459 358 3507 412 in
3556 362 3666 416 sola

412 421 818 480 inclinationem.
856 427 994 483 alio.
1027 430 1263 485 Praefati
1295 432 1480 503 itaque
1528 439 1707 507 magni
1756 440 1990 510 theologi

410 511 596 573 verba,
628 528 763 580 quae
792 530 819 566 a
866 524 917 570 te
945 516 1247 574 introducta
1274 531 1419 585 sunt,
1463 524 1537 577 nil
1570 525 1715 580 aliud
1743 528 1993 584 videntur

410 601 656 666 suadere,
687 620 847 673 quam
876 614 933 660 ut
964 608 1239 664 hominem
1271 612 1634 685 intelligamus
1664 618 1780 673 solo
1809 621 1991 676 animo

408 699 464 745 et
500 691 789 749 virtutibus
810 696 858 750 ei
892 698 1216 754 naturaliter
1256 702 1434 759 insitis
1475 707 1541 760 ad
1572 706 1861 779 imaginem
1894 711 1989 768 Dei

406 780 605 837 factum
635 814 703 825 -
732 786 914 842 insunt
941 800 1122 846 autem
1147 793 1194 847 ei
1224 796 1512 863 sapientia,
1553 800 1801 868 scientia,
1827 806 1990 860 ratio-

404 872 620 928 cinandi
664 877 856 943 virtus,
905 888 1230 953 ceteraeque
1256 886 1505 951 virtutes,
1541 892 1737 959 quibus
1762 906 1990 951 ematur

404 966 602 1027 anima,
648 969 1056 1027 similitudinem
1090 974 1144 1028 in
1172 989 1230 1029 se
1258 975 1534 1034 Creatoris
1559 983 1640 1036 sui
1680 985 1988 1053 exprimens

400 1085 475 1096 —
492 1065 543 1111 et
563 1060 704 1128 quod
716 1076 904 1116 omnes
918 1064 1166 1121 homines
1192 1068 1358 1123 semel
1381 1078 1436 1123 et
1452 1071 1611 1125 simul
1630 1082 1648 1112 ι
1672 1073 1796 1129 facti
1819 1084 1943 1129 sunt
1962 1079 1985 1108 ¹

404 1146 455 1200 in
486 1146 578 1201 illo
615 1166 721 1203 uno
750 1152 991 1219 homine,
1021 1156 1087 1211 de
1114 1173 1222 1227 quo
1253 1161 1513 1229 scriptum
1540 1173 1625 1218 est
1656 1183 1670 1218 :
1700 1164 1985 1221 Faciamus

399 1238 659 1293 hominem
689 1242 759 1294 ad
786 1244 1065 1312 imaginem
1103 1256 1152 1300 et
1175 1248 1573 1305 similitudinem
1601 1265 1853 1319 nostram,
1886 1266 1940 1312 et
1966 1276 1979 1310 :

398 1328 467 1382 In
488 1346 589 1396 quo
612 1348 788 1386 omnes
815 1349 1191 1403 peccaverant,-
1222 1340 1395 1397 adhuc
1421 1345 1563 1398 enim
1593 1346 1683 1401 ille
1708 1364 1846 1404 unus
1868 1366 1985 1405 om—

398 1417 484 1472 nis
508 1420 629 1484 fuit,
660 1431 715 1475 et
746 1423 797 1476 in
823 1440 931 1492 quo
945 1441 1133 1482 omnes
1160 1429 1493 1488 beatitudine
1509 1436 1746 1503 paradisi
1772 1439 1982 1508 expulsi

397 1517 543 1563 sunt.
586 1510 653 1564 Et
694 1512 738 1564 si
781 1514 943 1568 homo
973 1531 1077 1570 non
1110 1529 1380 1587 peccaret,
1411 1522 1463 1576 in
1491 1524 1763 1590 geminum
1794 1543 1981 1583 sexum

396 1598 757 1668 simplicitatis
792 1618 922 1657 suae
960 1606 1278 1663 divisionem
1303 1626 1409 1664 non
1454 1622 1730 1682 pateretur
1753 1630 1801 1671 ιι.
1829 1619 1980 1686 Quae

2095 444 2275 497 anima
2304 454 2420 498 erat
2451 445 2566 498 sine
2598 458 2843 515 corpore,
2876 462 2942 499 an
2970 446 3023 499 in
3057 445 3235 500 anima
3264 445 3424 500 simul
3465 456 3516 501 et
3554 463 3668 502 coro

2094 535 2263 600 pore?
2290 535 2355 587 Et
2383 535 2425 587 si
2456 535 2508 588 in
2538 535 2650 589 sola
2696 536 2899 598 anima,
2951 536 3220 605 quomodo
3260 535 3423 589 homo
3452 537 3668 606 appella-

2095 631 2179 676 tus
2234 632 2335 687 est,
2391 639 2515 678 cum
2571 633 2801 688 constet,
2858 624 3130 678 hominem
3184 639 3306 679 esse
3365 639 3430 679 ex
3472 625 3667 682 duabus

2090 711 2303 767 naturis
2349 701 2706 782 coinpositum
2745 713 2790 777 ’,
2825 728 2891 767 ex
2948 713 3197 767 invisibili
3246 714 3464 782 quidem
3491 730 3666 770 secuno

2091 802 2217 854 dum
2255 802 2514 866 animam,
2546 810 2601 858 et
2644 801 2841 856 visibili
2885 802 3178 856 secundum
3215 802 3454 870 corpus?
3481 802 3541 855 Et
3576 820 3664 859 nec

2088 898 2296 956 partem
2350 889 2565 958 quidem
2606 890 2841 945 hominis
2897 899 3026 944 tunc
3068 900 3308 944 creatam
3360 889 3525 945 fuisse
3563 907 3665 946 cre-

2088 976 2356 1042 diderim,
2415 986 2474 1033 ut
2524 964 2919 1051 θσυευικδοχικῶς
2982 980 3345 1050 intelligamus
3396 981 3536 1050 quod
3595 984 3664 1035 di-

2082 1072 2233 1118 ctum
2289 1074 2376 1121 est
2425 1084 2438 1120 :
2498 1066 2786 1122 Faciamus
2850 1070 3144 1133 hominem;
3180 1072 3498 1138 praesertim
3553 1084 3662 1125 cum

2086 1163 2401 1210 naturarum
2423 1158 2664 1211 omnium
2697 1158 3015 1226 plenissima
3044 1168 3099 1212 et
3127 1156 3524 1225 perfectissima
3549 1173 3664 1212 cun-

2083 1246 2218 1300 ditio
2270 1247 2357 1301 his
2418 1248 2749 1316 propheticis
2813 1249 2993 1303 verbis
3061 1256 3333 1301 narretur.
3389 1246 3444 1300 Si
3497 1260 3662 1302 autem

2084 1339 2257 1407 prima
2293 1339 2532 1392 conditio
2575 1338 2630 1392 in
2680 1340 2859 1392 anima
2911 1349 2967 1393 et
3007 1353 3258 1407 corpore,
3309 1338 3415 1391 hac
3462 1348 3562 1402 est,
3614 1340 3660 1392 in

2085 1436 2199 1482 toto
2220 1439 2274 1482 et
2293 1429 2505 1499 integro
2530 1429 2746 1483 homine
2791 1438 2938 1484 recte
2963 1429 3295 1500 intelligitur,
3311 1431 3661 1499 quaerendum

2082 1519 2348 1588 profecto,
2373 1520 2534 1589 quale
2560 1535 2757 1589 corpus
2783 1520 2916 1573 illud
2945 1528 3065 1574 erat
3091 1520 3143 1573 in
3166 1519 3341 1589 prima
3371 1520 3663 1575 conditiore

2081 1608 2341 1664 hominis.
2386 1608 2453 1663 Et
2476 1609 2695 1678 quidem
2739 1624 2867 1664 vera
2902 1609 3039 1664 ratio
3063 1608 3284 1671 clamat,
3332 1609 3434 1664 hoc
3479 1623 3664 1678 corpus

396 1686 589 1741 divisio
632 1690 853 1745 omnino
906 1692 1120 1749 divinae
1172 1707 1397 1753 naturae
1445 1701 1696 1771 imaginis
1740 1714 1797 1760 et
1833 1709 1983 1762 simi-
2018 1702 2059 1760 li
2090 1697 2287 1751 merito
2317 1697 2527 1767 peccati
2589 1698 3122 1767 supermaehinatunt
3167 1712 3275 1752 non
3314 1698 3500 1763 fuisse,
3549 1699 3661 1753 ἰηιιά

395 1778 637 1837 litudinis
665 1798 856 1853 expers
881 1794 965 1841 est
1004 1788 1044 1852 ³,
1089 1798 1144 1843 et
1172 1790 1318 1844 nullo
1345 1794 1504 1849 modo
1534 1806 1700 1863 esset,
1729 1799 1775 1853 si
1821 1800 1982 1855 homo

396 1884 502 1923 non
533 1885 801 1939 peccaret,
846 1875 989 1930 sicut
1032 1878 1177 1932 nullo
1209 1880 1369 1935 modo
1399 1884 1507 1936 erit
1536 1893 1660 1952 post
1704 1896 1984 1941 restaura-

395 1959 596 2015 tionem
630 1950 856 2018 naturae
882 1966 932 2017 in
956 1968 1241 2035 pristinum
1274 1980 1495 2037 statum,
1522 1950 1613 2042 qui
1652 1987 1773 2045 post
1795 1981 1977 2033 catho-

392 2049 552 2103 licam
622 2055 1076 2108 resurrectionem
1129 2068 1448 2112 Cunctorum
1491 2062 1767 2118 hominum
1811 2068 1982 2119 mani-

393 2138 702 2193 l'estabitur.
737 2142 1079 2213 Quapropter
1107 2147 1150 2199 si
1178 2148 1337 2200 homo
1356 2165 1460 2202 non
1488 2163 1757 2220 peccaret,
1805 2156 1981 2210 nullus

394 2230 681 2311 utriusque
708 2247 871 2286 sexus
902 2235 1112 2304 copula,
1144 2252 1244 2291 nec
1273 2239 1378 2293 ullo
1406 2242 1612 2297 semine
1644 2256 1978 2311 nasceretur,

392 2320 487 2375 sed
517 2298 972 2390 quemadmodum
1017 2330 1257 2398 angelica
1295 2334 1549 2397 essentia,
1579 2336 1704 2390 dum
1748 2339 1818 2392 sit
1848 2355 1977 2404 una,

393 2410 446 2466 in
483 2413 721 2469 infinitas
763 2417 1057 2487 myriades.
1103 2421 1263 2475 nullis
1292 2433 1590 2495 temporum
1634 2430 1858 2485 merulis
1892 2436 1977 2485 in-

392 2503 649 2572 terjectis,
675 2506 899 2561 simulet
926 2511 1090 2565 semel
1116 2513 1466 2583 multiplicata
1499 2527 1603 2580 est,
1638 2520 1708 2573 ita
1739 2520 1975 2577 humana

393 2603 604 2655 natura,
656 2596 700 2648 si
760 2592 1072 2652 mandatum
1124 2600 1282 2656 vellet
1331 2620 1571 2668 servare,
1620 2616 1675 2661 et
1714 2619 1972 2672 servaret.

394 2684 445 2737 in
488 2688 888 2756 pl‘ﬂCCOgllllttlll
917 2689 1041 2742 .soli
1089 2692 1354 2745 conditori
1404 2710 1687 2749 numerum
1731 2698 1977 2753 simulet

390 2776 558 2830 semel
578 2789 903 2847 erumperet.
946 2780 1212 2847 Quoniam
1244 2798 1371 2837 vero
1400 2786 1668 2853 praevidit
1696 2789 1855 2852 Deus,
1881 2791 1974 2859 qui

390 2882 491 2923 nec
528 2868 668 2922 fallit
724 2885 822 2924 nec
868 2870 1090 2934 fallitur,
1144 2874 1417 2928 hominem
1456 2878 1789 2934 conditionis
1839 2897 1971 2936 suae

387 2958 631 3012 ordinem
658 2970 711 3013 et
742 2961 1057 3031 dignitatem
1075 2964 1440 3031 deserturum,
1464 2970 1971 3037 supermachinatus

2086 1793 2139 1845 iu
2172 1793 2342 1861 prima
2378 1807 2443 1846 ac
2481 1792 2714 1846 naturali
2747 1790 3178 1846 conformatione
3225 1791 3458 1845 hominis
3486 1789 3661 1846 condi-

2085 1891 2221 1935 tum.
2263 1881 2411 1937 Disc.
2442 1880 2558 1936 Non
2602 1897 2666 1936 ex
2698 1881 2966 1951 superfluo
2994 1881 3127 1935 haec
3153 1882 3402 1950 quaestio
3441 1882 3662 1951 interpo-

2084 1973 2185 2027 sita
2219 1982 2323 2037 est,
2348 1980 2405 2027 et
2433 1988 2539 2027 non
2571 1971 2905 2027 infructuose
2946 1973 3254 2041 quaerenda
3275 1982 3438 2042 atque
3466 1973 3659 2027 solven-

2085 2064 2173 2116 da.
2199 2063 2265 2116 Et
2287 2067 2413 2132 quia
2446 2073 2501 2117 tu
2530 2063 2879 2134 proposuisti,
2902 2064 3189 2119 solvendae
3207 2064 3348 2119 illius
3368 2066 3576 2121 debitor
3591 2066 3660 2119 l'a-

2083 2165 2206 2209 etns
2246 2170 2325 2210 es.
2361 2154 2477 2209 Non
2530 2156 2697 2220 enim,
2742 2164 2802 2211 ut
2832 2157 3091 2222 arbitror,
3142 2172 3501 2226 proponeres,
3530 2157 3658 2226 quod

2083 2248 2303 2300 omnino
2333 2247 2542 2304 solvere
2565 2264 2669 2304 non
2695 2263 3015 2319 procurat-es
3034 2246 3100 2302 ιθ.
3128 2247 3270 2302 Mss.
3303 2248 3437 2302 lllud
3459 2263 3653 2317 corpus,

2084 2341 2226 2409 quod
2253 2340 2306 2393 in
2353 2342 2744 2397 constitutione
2794 2341 3028 2396 hominis
3055 2341 3307 2410 primitus
3336 2350 3421 2395 est
3451 2340 3654 2404 factum,

2084 2431 2364 2501 spirituale
2397 2442 2451 2487 et
2479 2432 2520 2465 ιι
2549 2433 2853 2489 immortale
2872 2434 3193 2489 crediderim
3215 2448 3356 2498 esse,
3379 2449 3447 2489 ac
3466 2434 3658 2489 taleaut

2085 2519 2292 2588 ipsum,
2341 2523 2499 2592 quale
2544 2533 2668 2592 post
2714 2524 3170 2580 resurrectionem
3198 2524 3438 2579 habituri
3466 2540 3654 2580 sumus.

2087 2609 2201 2666 Non
2240 2613 2388 2668 enim
2437 2613 2597 2670 facile
2647 2615 3031 2677 concesserim,
3084 2614 3434 2683 corruptibile
3479 2628 3659 2685 corpus

2083 2701 2250 2757 fuisse
2274 2713 2328 2759 et
2348 2704 2653 2770 materiale,
2680 2704 2998 2775 priusquam
3020 2719 3185 2759 causa
3223 2704 3589 2774 corruptionis
3611 2713 3660 2760 et

2083 2794 2504 2859 materialitatis,
2530 2795 2633 2850 hoc
2664 2803 2768 2860 est,
2796 2804 3075 2864 peceatum
3105 2794 3261 2850 fieret
3290 2811 3305 2848 :
3337 2794 3659 2858 etmaximc,

2083 2900 2203 2940 cum
2235 2886 2521 2943 manifesta
2552 2887 2690 2942 ratio
2716 2888 3029 2956 perdoceat,
3074 2886 3118 2940 si
3149 2886 3201 2940 id
3247 2900 3423 2955 ipsum
3454 2899 3656 2955 corpus.

2082 2977 2225 3045 quod
2270 2978 2521 3048 inprima
2544 2978 2853 3032 conditione
2881 2977 3118 3032 hominis
3166 2976 3368 3032 factum
3417 2984 3506 3030 est
3545 2984 3661 3032 ante

386 3056 473 3102 est
512 3048 741 3104 alterum
788 3052 1249 3123 multiplicationis
1294 3056 1560 3112 lmmanae
1596 3067 1825 3115 ruiturae
1867 3079 1975 3115 tno-
2000 3047 2044 3109 C
2076 3047 2363 3133 delictum,
2391 3083 2516 3123 mox
2543 3082 2864 3125 conversum
2885 3076 2971 3123 est
3004 3077 3060 3123 et
3085 3066 3287 3122 factum
3319 3064 3659 3136 corruptibile

386 3139 532 3201 dum,
570 3155 678 3209 quo
709 3143 941 3197 mundus
971 3144 1073 3199 iste
1110 3144 1350 3198 locorum
1379 3156 1434 3200 et
1474 3157 1775 3217 temporum
1807 3153 1974 3205 inter-

388 3226 542 3283 vallis
588 3241 981 3301 perageretur,
1042 3242 1102 3288 ut
1172 3236 1417 3293 homines
1467 3240 1738 3307 generalis
1791 3242 1971 3296 delicti

388 3322 697 3389 generalem
730 3323 940 3379 luerent
988 3340 1239 3395 poenam,
1270 3345 1334 3382 ex
1367 3332 1706 3399 corruptibili
1744 3335 1971 3397 semine,

389 3408 531 3462 sicut
556 3420 612 3463 et
637 3420 820 3465 cetera
851 3414 1129 3476 animalia,
1165 3426 1469 3470 nascentes.
1515 3420 1639 3472 Sed
1662 3421 1787 3473 dum
1818 3423 1973 3487 haee,

389 3500 669 3569 multaque
712 3503 909 3556 similia
952 3519 1018 3558 ex
1061 3507 1321 3573 praedicti
1369 3508 1612 3574 magistri
1654 3511 1923 3564 testimoni
1951 3531 1977 3565 s

388 3591 735 3659 colliguntur,
766 3593 969 3647 multae
1006 3596 1355 3663 quaestiones
1403 3597 1636 3665 undique
1667 3602 1972 3667 prosiliunt.

390 3685 629 3752 Quarum
672 3687 845 3755 prima
894 3703 958 3740 ac
1004 3687 1239 3739 iiiaxima
1274 3687 1535 3756 impetum
1587 3691 1975 3748 validissiunuu

394 3774 543 3829 facit.
579 3774 635 3830 Si
664 3776 807 3829 enim
836 3791 1028 3831 omnes
1063 3777 1331 3839 homines,
1359 3794 1463 3833 non
1494 3781 1665 3835 solum
1684 3824 1699 3843 ,
1730 3786 1820 3852 qui
1864 3784 1979 3839 iue-

392 3874 542 3930 runt,
571 3873 626 3918 et
662 3865 753 3935 qui
785 3875 931 3928 sunt,
958 3880 1144 3920 verum
1169 3876 1223 3920 et
1247 3870 1335 3936 qui
1366 3866 1529 3922 futuri
1563 3882 1710 3936 sunt,
1735 3876 1816 3926 sin
1842 3880 1892 3927 ul
1926 3886 1981 3929 et

391 3955 560 4010 semel
590 3956 767 4010 creati
803 3956 855 4009 in
900 3954 988 4009 illa
1018 3956 1196 4009 divina
1229 3972 1380 4022 voce,
1407 3972 1547 4027 quae
1573 3960 1704 4013 dicit
1737 3978 1751 4015 :
1785 3960 1981 4015 Facia-

390 4062 509 4101 mus
528 4048 824 4113 hominem;
849 4049 959 4102 etsi
978 4048 1077 4103 ista
1105 4064 1329 4119 corpora
1358 4051 1730 4119 corruptibilia
1760 4062 1814 4107 et
1839 4070 1979 4108 mor-

394 4138 520 4192 talia
542 4139 563 4168 ⁵
606 4153 674 4193 ex
703 4140 1043 4209 corruptibili
1069 4150 1126 4195 et
1147 4142 1356 4195 mortali
1387 4154 1442 4198 et
1472 4145 1740 4199 materiali
1772 4148 1982 4202 semine

394 4230 696 4294 nascentia,
730 4232 1072 4286 extrinsecus
1113 4233 1380 4288 humanae
1424 4244 1651 4289 naturae
1690 4236 1756 4289 ad
1787 4237 1979 4307 imagi-

394 4336 515 4373 nem
543 4320 636 4375 Dei
662 4320 837 4377 factae
864 4322 906 4387 ⁸,
934 4324 1414 4392 praevaricationis
1443 4327 1638 4381 merito
1662 4340 1825 4395 super
1868 4345 1980 4381 tua-

2078 3167 2197 3224 post
2224 3157 2503 3222 delictum,
2536 3173 2644 3213 non
2676 3166 2795 3212 erat
2821 3156 2951 3213 illud
2982 3156 3542 3226 supermachinatum,
3573 3153 3660 3209 sed

2077 3250 2142 3301 tie
2166 3246 2432 3315 spirituali
2456 3255 2510 3301 et
2541 3247 2937 3317 iueorruptibili
2968 3248 3023 3301 in
3058 3255 3323 3302 terrenum
3375 3252 3435 3300 et
3486 3257 3661 3300 corru-

2078 3337 2262 3406 ptibile
2285 3347 2704 3393 transmutatum
2729 3379 2745 3402 ,
2778 3353 2844 3393 ac
2874 3352 2973 3408 per
2984 3340 3087 3395 hoc
3110 3337 3372 3408 praedicti
3401 3336 3658 3406 magistri,

2077 3430 2326 3500 Gregorii
2353 3430 2603 3486 videlicet
2631 3430 2889 3502 theologi,
2912 3431 3210 3486 auctoritas
3236 3430 3501 3485 vacillare
3527 3430 3663 3483 vide-

2078 3517 2402 3587 bitur,quod
2424 3520 2584 3574 absit.
2611 3520 2730 3589 Ipse
2750 3520 3018 3589 siquidem
3046 3520 3429 3575 incunctanter
3456 3517 3661 3581 asserit,

2080 3618 2272 3672 totum,
2286 3610 2430 3678 quod
2452 3611 2504 3664 in
2523 3611 2695 3679 prima
2710 3610 3021 3666 conditione
3040 3609 3276 3665 hominis
3295 3610 3361 3664 ad
3379 3610 3659 3681 imaginem

2079 3697 2174 3750 Dei
2223 3696 2424 3752 factum
2455 3709 2538 3754 est
2569 3699 2635 3762 ".
2676 3698 2972 3755 secundum
3025 3699 3292 3754 rationem
3332 3698 3579 3768 corporis
3614 3704 3666 3751 et

2079 3786 2290 3839 animae
2306 3786 2349 3818 ¹³
2374 3802 2588 3857 semper
2606 3787 2649 3818 “
2673 3787 3154 3858 incorruptibiliter
3179 3802 3417 3842 manere.
3444 3786 3664 3842 Utenim

2080 3892 2223 3931 llllllc
2248 3877 2294 3910 "
2317 3878 2633 3932 omittamus
2650 3879 2963 3948 perspicuas
2986 3878 3131 3934 illius
3156 3879 3662 3949 argumentationes.

2078 3968 2275 4035 quibus
2302 3968 2670 4023 indubitanter
2718 3966 2971 4033 alIirmat,
3016 3982 3118 4023 nec
3166 3969 3376 4023 animas
3403 3976 3535 4023 ante
3556 3980 3666 4021 cor-

2082 4076 2212 4129 pora
2238 4059 2404 4115 fuisse
2430 4070 2663 4123 creatas,
2685 4075 2784 4114 nec
2803 4074 3031 4129 corpora
3062 4068 3190 4114 ante
3222 4058 3454 4120 animas.
3488 4057 3579 4113 sed
3602 4056 3673 4111 si-

2082 4126 2201 4204 initi
2219 4159 2271 4203 et
2313 4150 2480 4204 semel
2528 4159 2695 4204 totum
2727 4126 2926 4205 factum
2961 4151 3014 4204 in
3043 4150 3226 4204 divino
3269 4148 3521 4213 consilio,
3562 4160 3664 4217 quo

2081 4242 2285 4296 dictum
2310 4249 2394 4294 est
2424 4240 2682 4309 faciamus
2705 4239 2989 4303 hominem,
3011 4254 3076 4294 ac
3101 4238 3259 4293 simul
3280 4239 3333 4292 in
3360 4239 3507 4294 hunc
3521 4252 3669 4292 mun-

2083 4331 2209 4382 dum
2238 4329 2472 4383 secunda
2493 4328 2726 4397 quadam
2754 4313 3101 4398 generatione
3129 4325 3195 4393 1‘,
3239 4339 3382 4395 quae
3412 4322 3665 4394 superad-

394 4412 611 4467 chinata
633 4424 780 4479 sunt,
811 4430 876 4469 ac
906 4430 1002 4485 per
1026 4417 1128 4470 hoc
1148 4416 1292 4469 nullo
1326 4418 1485 4472 modo
1509 4428 1715 4482 essent,
1741 4419 1787 4471 si
1820 4420 1979 4473 homo
2014 4388 2057 4445 θ
2087 4423 2197 4477 dita
2230 4429 2335 4484 est,
2366 4422 2419 4474 in
2442 4420 2631 4474 ordine
2667 4427 2969 4488 temporum
3001 4418 3170 4481 nasci,
3207 4416 3482 4485 quomodo
3508 4414 3662 4469 etiam

396 4503 609 4559 divinae
638 4507 909 4574 imaginis,
945 4507 995 4559 in
1026 4523 1134 4576 qua
1160 4509 1411 4563 conditus
1442 4518 1523 4562 cst
1561 4507 1603 4571 ⁸,
1625 4508 1977 4577 pulchritudi-

398 4608 519 4646 nem
553 4610 656 4647 non
685 4596 1065 4653 dehonestaret
1099 4617 1111 4652 :
1148 4614 1251 4651 non
1293 4614 1629 4666 supervacuae
1676 4600 1976 4667 quaeritur,

396 4686 671 4750 quomodo
716 4687 888 4755 prima
934 4689 1173 4742 conditio
1214 4689 1280 4742 ad
1326 4690 1613 4758 inutginem
1668 4687 1760 4743 Dei
1788 4689 1808 4719 ⁷
1839 4689 1980 4742 facta

398 4782 501 4841 ist,
527 4776 793 4845 siquidem
811 4780 1043 4834 secunda
1069 4795 1173 4833 non
1204 4781 1270 4833 ad
1296 4781 1608 4848 imaginem,
1639 4780 1729 4833 sed
1758 4792 1979 4849 promer

2087 4527 2230 4564 nunc
2257 4510 2322 4572 ",
2373 4518 2496 4579 post
2537 4517 2816 4578 peccatum
2843 4522 3131 4578 perversae
3155 4506 3447 4562 voluntatis
3490 4508 3673 4560 hama-

2090 4617 2191 4656 uae
2223 4609 2470 4665 naturae,
2494 4609 2547 4653 et
2568 4599 2813 4669 corporis
2834 4598 2879 4631 ‘°
2901 4597 3030 4654 illud
3049 4597 3328 4668 spirituale
3354 4604 3410 4650 et
3428 4591 3667 4650 naturale

2088 4692 2270 4745 animo
2291 4703 2502 4756 semper
2528 4688 2829 4743 adhaerens
2856 4702 2921 4743 ac
2943 4686 3048 4741 sibi
3074 4694 3389 4742 concretum
3413 4680 3666 4739 discerni-

2092 4797 2178 4836 tur
2205 4784 2273 4835 ab
2304 4797 2389 4844 ea,
2412 4781 2554 4849 quod
2587 4780 2781 4834 merito
2815 4776 3238 4849 trangressionis
3265 4776 3538 4848 adjectum
3566 4779 3665 4835 est,

1692 4909 1946 4964 \‘AlllAE
1984 4906 2389 4965 LECTIONES.

476 5024 491 5054 ¹
516 5018 557 5076 Α
581 5021 737 5075 simul
757 5033 801 5074 et
825 5022 1000 5075 semel.
1077 5024 1096 5053 ’
1123 5021 1212 5076 Sic
1233 5024 1306 5085 A;
1334 5021 1416 5076 CF
1441 5022 1565 5074 sint.

404 5094 668 5164 ntptibilia
704 5104 750 5145 et
780 5093 1023 5145 mortalia
1061 5110 1300 5162 corpora.

402 5236 444 5266 "
471 5237 560 5289 Sic
588 5233 706 5293 (LF;
755 5235 792 5284 Λ
825 5233 1023 5302 factum
1071 5244 1143 5286 est
1178 5233 1246 5284 ad
1286 5233 1562 5299 imaginem
1598 5232 1712 5284 Dei.

401 5323 509 5360 om.
541 5306 607 5358 Α.
688 5305 729 5335 ’⁸
751 5304 843 5358 Sic
866 5302 981 5368 (LF;
1023 5302 1067 5355 Λ
1098 5305 1318 5355 ratione.
1397 5303 1434 5332 ³⁷
1468 5303 1513 5354 Α
1552 5319 1662 5354 nec.

1644 5021 1663 5052 ³
1686 5021 1776 5075 Sic
1802 5020 1917 5081 Ci“;
1943 5022 2008 5072 Α.
2033 5022 2099 5087 ρ.
2119 5022 2171 5072 «ι.
2191 5021 2242 5072 «Ι.
2275 5036 2329 5072 ιι.
2349 5021 2382 5070 i.
2408 5033 2458 5069 (δ.
2488 5033 2535 5069 s.
2563 5019 2774 5087 omnino
2794 5033 2975 5085 expers
3004 5023 3110 5071 est.

1380 5093 1401 5122 ⁸
1434 5095 1522 5146 Sic
1545 5089 1659 5153 (Ἐς
1695 5093 1733 5143 Λ
1762 5093 2020 5144 conditae.

401 5164 421 5195 ’
457 5161 544 5218 Sic
568 5163 683 5226 (LF;
716 5164 756 5215 Α
788 5165 1048 5216 Itonnnem
1079 5180 1141 5214 ea:
1183 5164 1386 5214 dilabi”
1442 5163 1644 5214 naturis
1694 5179 1803 5214 esse
1836 5161 2200 5226 euinpositum.
2280 5161 2320 5189 ¹⁰
2363 5161 2454 5212 Sic
2489 5162 2567 5219 A;
2607 5161 2690 5211 Cl“
2727 5173 2783 5237 p_r

402 5236 444 5266 "
471 5237 560 5289 Sic
588 5233 706 5293 (LF;
755 5235 792 5284 Λ
825 5233 1023 5295 factum
1071 5244 1143 5286 est
1178 5233 1246 5284 ad
1286 5233 1562 5295 imaginem
1598 5232 1712 5284 Dei.
1794 5230 1836 5264 '3
1891 5233 1982 5283 Sic
2007 5230 2123 5293 Cl";
2153 5235 2197 5283 Λ
2225 5230 2431 5281 animae
2465 5237 2509 5278 et
2553 5241 2783 5295 corporis

1935 5247 1982 5282 lC
2007 5247 2079 5282 bl‘
2109 5247 2123 5282 ζ
2153 5247 2197 5282 Α
2225 5247 2431 5281 ammae
2465 5247 2509 5278 ει
2553 5247 2805 5282 corporis.

1741 5301 1784 5331 “
1817 5301 1907 5354 Sic
1940 5301 2054 5364 (21";
2166 5314 2373 5367 corpus.

3186 5018 3208 5048 ⁸
3237 5015 3331 5071 Sic
3350 5014 3465 5075 CF;
3493 5015 3535 5067 Α
3560 5029 3666 5066 ror-

3182 5086 3204 5117 ⁹
3234 5086 3328 5140 Sic
3352 5083 3473 5148 CF;
3506 5085 3549 5136 Α
3579 5100 3663 5135 an.

3160 5157 3199 5194 ¹¹
3227 5155 3319 5210 Sic
3346 5154 3471 5213 CF;
3516 5154 3560 5205 Α
3586 5169 3663 5203 at.

3176 5241 3281 5275 om.
3316 5226 3376 5275 A.
3456 5223 3505 5254 ¹⁸
3534 5235 3666 5275 nunc

2102 5092 2121 5119 ⁸
2151 5093 2243 5144 Sic
2265 5088 2381 5147 (LF;
2416 5088 2457 5140 Α
2480 5098 2611 5139 erat.
2690 5088 2709 5118 "
2743 5086 2836 5139 Dei
2860 5102 2968 5140 om.
2998 5086 3105 5141 CF.

2280 5160 2320 5189 ¹⁰
2363 5159 2454 5212 Sic
2489 5162 2567 5219 A;
2607 5155 2690 5211 CF
2727 5172 3080 5225 praeui-asses.
3160 5157 3199 5194 ¹¹
3227 5155 3353 5210 Sict

2280 5230 2431 5281 tiniae
2465 5237 2509 5278 et
2553 5226 2805 5295 corporis.
2884 5225 2929 5258 “
2954 5242 3155 5297 semper
3176 5241 3281 5279 om.
3316 5226 3353 5277 Α

1906 5389 2156 5443 NOTAE.

475 5521 501 5548 ιι
553 5507 761 5562 Falsum
822 5506 871 5561 J.
916 5507 1061 5563 Scoti
1116 5505 1423 5575 opinionem
1483 5505 1547 5557 de
1590 5503 1762 5571 primo
1817 5502 1989 5575 homi-

408 5595 494 5639 ne,
542 5581 786 5645 quiante
827 5571 1344 5646 praevaricatmnem
1396 5575 1617 5641 sinqu
1664 5571 1988 5646 lmine-lue-

413 5659 496 5708 ιιι,
531 5642 592 5700 ae
613 5659 728 5716 post
749 5642 1028 5715 peccatum
1062 5660 1285 5701 naturae
1314 5646 1628 5698 divisionem
1660 5642 1988 5721 indupliceiu

2095 5514 2306 5559 sexum,
2341 5497 2634 5551 masculum
2663 5505 2718 5550 et
2746 5495 3021 5559 feminam,
3048 5510 3239 5564 passus
3264 5494 3355 5559 sit,
3389 5489 3665 5547 recensui-

2052 5601 2061 5609 -
2099 5586 2215 5621 mus
2232 5584 2389 5636 supra
2421 5568 2523 5620 col.
2557 5568 2661 5621 509
2695 5577 2806 5620 not.
2846 5579 2869 5605 α
2895 5575 2949 5619 et
2972 5566 3194 5634 passim.
