3898 6154
193 230 279 294 8111

1094 226 1178 294 ut:
1220 230 1570 294 vmswxr.
1601 225 1957 292 Narrate.
1994 261 2062 274 —
2102 231 2302 285 ttat-nt
2338 227 2686 294 QUARTUS.

3322 220 3427 272 803

193 356 235 407 In
256 353 274 385 ¹
302 353 558 408 vicesimo
588 352 817 423 septimo
857 352 1094 423 capitulo
1125 367 1292 422 saepe
1318 352 1445 408 dicti
1475 352 1743 407 sermonis
1776 366 1815 415 Α
1848 347 1914 401 ad
1954 344 2407 417 compositionem
2457 339 2815 411 Stiperadjecli
2875 352 2934 391 ac
2972 334 3130 390 veluti
3165 332 3427 402 επιβετηιιῖ

189 445 906 513 tuculentissime'explanat.
942 442 1062 497 Non
1082 443 1242 507 enim,
1271 441 1464 511 inquit,
1514 455 1605 509 per
1644 455 1756 492 ont-

189 544 286 601 tu‘a,
306 537 448 605 quod
483 545 717 607 nostrum
744 543 841 598 est,
881 533 933 586 in
955 533 1103 602 ﬂuxu
1125 541 1172 586 et
1199 529 1635 584 transmutatione
1657 536 1752 580 est.

190 628 239 685 Si
275 629 415 683 enim
447 635 600 690 esset,
630 623 1025 694 reprelrensibile
1059 621 1436 684 universaliter,
1467 618 1605 689 quod
1638 616 1757 671 nul-

188 720 282 772 lum
312 728 508 772 statum
545 716 697 769 habet
737 731 802 768 ea:
830 724 1020 767 natura
1040 727 1063 768 ξ
1091 714 1181 767 sed
1219 713 1382 782 juxta
1434 708 1754 765 subtiliorem

189 808 433 860 rationem
460 819 659 865 eorum,
681 819 814 872 quae
835 803 890 856 in
911 800 1058 854 nobis
1084 810 1227 863 sunt,
1257 798 1521 871 quoddam
1546 797 1754 864 quidem

189 905 302 959 stat,
326 894 593 963 quoddam
630 908 746 946 vero
775 907 840 944 ea:
884 889 1230 943 mutabilitate
1274 888 1486 942 accidit.
1518 885 1758 940 Mutatur

187 985 313 1041 enim
354 998 449 1052 per
474 982 770 1035 auctionem
818 986 867 1033 et
919 978 1315 1032 diminutionem
1341 991 1551 1045 corpus,
1601 972 1759 1028 veluti

190 1076 478 1129 vestimenta
527 1072 786 1141 quaedam
836 1079 1200 1139 consequentes
1248 1075 1445 1121 aetates
1492 1065 1755 1119 indutum.

190 1163 293 1220 Stat
327 1178 448 1218 vero
481 1178 573 1233 per
598 1176 804 1215 omnem
853 1160 1238 1239 conversionem
1283 1153 1758 1212 intransmutabilis

191 1257 237 1310 in
258 1273 316 1309 se
366 1255 479 1324 ipsa
509 1254 703 1324 forma,
731 1252 903 1306 insitis
943 1252 1044 1306 sibi
1081 1248 1238 1304 semel
1266 1264 1331 1304 ea:
1358 1258 1550 1302 natura
1598 1246 1760 1315 signis

191 1362 284 1400 non
324 1345 580 1399 desistetts
605 1345 648 1408 ’,
703 1343 792 1397 sed
848 1342 902 1395 in
953 1341 1190 1395 omnibus
1241 1339 1525 1394 secundum
1573 1352 1760 1406 corpus

193 1432 707 1487 "(immutationibus
732 1446 852 1485 cum
891 1431 1001 1484 suis
1034 1429 1328 1483 nationibus
1354 1435 1571 1497 apparet
1595 1442 1613 1481 :
1636 1427 1762 1480 sub-

192 1523 418 1576 trahetur
444 1521 467 1553 ³
493 1529 688 1584 autem,
737 1535 829 1590 per
863 1516 1084 1572 Verbum
1117 1516 1325 1571 Domini
1351 1515 1605 1579 videlicet,
1623 1516 1758 1584 ipsa,

193 1628 312 1683 quae
338 1628 405 1665 ea:
424 1611 665 1678 passione
686 1617 781 1671 est,
810 1606 1048 1668 mutatio,
1091 1621 1224 1675 quae
1246 1605 1266 1635 ⁵
1293 1604 1492 1674 formae
1510 1617 1758 1673 superae-

1856 437 2098 506 corporis
2147 435 2417 504 pertinere
2465 449 2570 487 non
2619 432 2837 486 dubium
2888 438 2990 487 est.
3041 431 3193 499 Quod
3235 446 3434 503 corpus

1856 524 2138 580 materiale
2163 533 2218 577 et
2259 523 2496 578 exterius
2541 520 2704 576 veluti
2749 522 3021 592 quoddam
3052 521 3433 576 vestimentum

1858 615 2192 684 signaculum
2223 613 2265 645 “
2299 613 2571 668 interioris
2600 620 2655 668 et
2703 613 2967 669 naturalis
2996 629 3102 668 non
3144 613 3439 685 incongrue

1856 702 2195 774 intelligitur.
2232 701 2474 756 Movetur
2517 702 2659 755 enim
2690 717 2785 772 per
2830 711 3073 771 tempora
3112 710 3169 757 et
3211 710 3435 764 aetates,

1861 802 2209 863 augmentum
2249 796 2302 845 et
2350 789 2728 845 detrimentum
2760 790 2842 843 sui
2871 789 3147 858 patiendo,
3181 789 3270 844 illo
3295 805 3439 845 sem-

1858 895 1955 950 per
1977 879 2220 933 intcriori
2250 879 2302 932 in
2329 892 2427 931 suo
2456 884 2596 930 statu
2625 876 3133 931 incommutabiliter
3157 887 3437 932 manente.

1930 970 2018 1026 l3.
2054 958 2163 1024 Sed
2185 968 2440 1038 quoniam
2456 976 2505 1022 et
2523 966 2653 1021 illud
2669 967 2947 1021 exteriusa
2967 966 3075 1023 Deo
3087 967 3285 1023 factum
3299 967 3443 1023 est"

1861 1067 1916 1115 et
1928 1058 2354 1130 superadditum,
2370 1057 2584 1110 divinae
2602 1056 2856 1111 bonitatis
2870 1058 3180 1127 magnitudo
3196 1068 3251 1114 et
3263 1059 3442 1114 inﬁni—

1864 1158 1913 1203 ta
1938 1163 2073 1216 erga
2091 1147 2295 1209 omnia,
2319 1160 2457 1216 «piae
2474 1154 2618 1208 sunt,
2651 1145 2987 1215 providentia
3036 1147 3206 1203 noluit
3230 1150 3445 1217 penitus

1861 1237 2094 1308 perire“
2113 1244 2166 1292 et
2185 1237 2250 1290 ad
2268 1236 2491 1290 nihilum
2516 1236 2705 1305 redigi,
2721 1237 2842 1305 quia
2856 1237 2922 1290 ab
2946 1237 3055 1307 ipsa
3072 1248 3173 1303 est,
3195 1248 3443 1298 ctextre-

1864 1343 2007 1381 mum
2035 1326 2085 1379 in
2116 1325 2379 1381 creaturis
2407 1326 2616 1381 obtinet
2641 1326 2903 1390 ordinem;
2926 1341 3085 1396 porro
3115 1329 3240 1398 quia
3260 1345 3446 1400 omne,

1862 1418 2005 1489 quod
2044 1418 2094 1471 in
2129 1416 2271 1471 hunc
2298 1415 2553 1470 mundum
2582 1431 2678 1486 per
2696 1418 3101 1484 generationem
3130 1420 3373 1477 localiter
3392 1431 3450 1478 et

1868 1517 2235 1575 temporanter
2262 1503 2527 1567 nascitur,
2550 1520 2654 1559 non
2678 1513 2853 1574 potest
2870 1505 2973 1560 line
2986 1522 3193 1574 carere,
3212 1509 3324 1565 sive
3350 1510 3451 1564 mi-

1863 1595 2025 1650 nimis
2048 1592 2111 1658 ¹⁷,
2140 1602 2196 1647 ut
2211 1594 2347 1658 dies,
2373 1595 2557 1657 horae,
2577 1607 2869 1661 momenta,
2886 1598 2998 1651 sive
3014 1598 3283 1665 maximis,
3299 1607 3453 1655 utseo

193 1702 328 1760 id".
366 1695 511 1752 Nam
533 1696 892 1771 velum-acia
932 1693 1190 1762 quaedam
1234 1693 1411 1746 αιίεηα
1442 1693 1463 1724 s
1506 1693 1619 1761 ipsa
1673 1708 1764 1761 ρει-
1797 1709 1841 1770 Β
1870 1685 2010 1749 cula,
2044 1684 2157 1738 sive
2184 1684 2398 1748 mediis,
2430 1693 2488 1739 ut
2516 1692 2740 1749 aetates,
2776 1687 2900 1740 anni
2929 1696 3252 1757 temporum,
3285 1690 3454 1745 inter.

195 1781 564 1850 mformitalem
591 1776 896 1846 deformitas
928 1775 1152 1844 formam
1182 1773 1536 1843 deprehendit,
1557 1791 1660 1842 qua
1692 1776 1768 1827 in-

199 1861 452 1922 (ormitate
507 1874 599 1928 per
636 1855 855 1910 Verbum
899 1853 1304 1917 circumablatu,
1336 1854 1469 1907 sicut
1522 1854 1771 1907 Naaman

199 1953 374 2023 Syrus,
398 1968 490 2006 seu
514 1951 687 2004 decem
710 1948 731 1980 ⁸
764 1948 854 2019 qui
876 1948 927 2002 in
952 1942 1232 2017 Evangelia
1255 1956 1564 2010 narrantur,
1586 1946 1770 1999 iterum

199 2044 465 2101 obscurata
491 2039 585 2093 sub
607 2036 845 2108 passione
860 2034 1021 2106 facies
1047 2053 1139 2106 per
1162 2035 1438 2089 sanitatem
1460 2035 1515 2088 in
1539 2035 1649 2089 suis
1680 2049 1773 2087 no-

198 2127 417 2180 tionibus
474 2126 685 2180 relucet.
723 2122 899 2192 Igitur
937 2125 991 2176 in
1035 2120 1390 2191 deiformitate
1432 2124 1642 2176 animae
1670 2136 1773 2173 non

199 2215 375 2284 flatile
420 2230 514 2283 per
559 2209 959 2266 mutabilitatem
1014 2221 1064 2263 et
1116 2209 1515 2264 transmutabile
1556 2217 1650 2272 est,
1681 2208 1772 2263 sed

198 2304 325 2370 quod
345 2311 613 2374 permanet
634 2300 976 2371 similiterque
1011 2300 1063 2352 in
1094 2309 1273 2353 nostra
1301 2300 1629 2352 concretione
1677 2299 1773 2351 lm-

202 2394 361 2457 betur,
410 2394 508 2446 hoc
557 2392 763 2445 animae
815 2389 1082 2443 inseritur.
1116 2388 1185 2442 Et
1214 2388 1462 2459 quoniam
1507 2389 1647 2458 ipsas
1682 2404 1774 2457 per

202 2488 410 2552 speciem
436 2483 762 2554 diﬁ'erentias
805 2483 948 2552 ipsae
974 2481 1246 2535 mutabiles
1273 2481 1615 2535 mncretionis
1641 2496 1772 2549 qua-

202 2574 361 2627 litates
383 2572 765 2642 superformant
788 2571 832 2635 ",
863 2571 1122 2625 concretio
1171 2586 1289 2624 vero
1319 2585 1420 2624 non
1461 2570 1568 2622 alia
1609 2585 1772 2639 quae-

202 2663 318 2716 dam
342 2661 365 2694 ⁸
391 2671 464 2716 est
516 2671 721 2730 praeter
760 2659 1128 2716 elementorum
1172 2659 1451 2735 mixturam
1478 2672 1496 2723 ;
1522 2657 1773 2711 elementa

204 2763 369 2805 autem
422 2751 642 2805 dicimus
688 2750 1046 2803 universitatis
1085 2763 1299 2817 corpore
1340 2744 1361 2775 ⁹
1416 2747 1775 2801 constitutioni

205 2842 430 2911 subjecta
460 2881 477 2905 ,
536 2856 602 2895 ea:
646 2839 835 2911 quibus
882 2838 1040 2893 etiam
1073 2838 1361 2891 humanum
1409 2850 1595 2904 corpus
1646 2851 1772 2890 con-

204 2943 303 2987 stat
348 2960 362 2989 ;
408 2932 696 2986 necessario
757 2930 922 3003 specie
987 2927 1145 2983 veluti
1213 2928 1459 2993 descripti
1518 2925 1776 2997 signaculi

207 3021 403 3088 formae
444 3021 487 3051 "
530 3021 585 3072 in
624 3019 801 3072 anima
836 3026 1167 3087 permanente
1195 3059 1208 3084 ,
1264 3033 1427 3087 neque
1478 3017 1775 3085 reforman-

208 3111 275 3163 da
324 3111 379 3163 in
427 3100 696 3179 signaculo
721 3109 790 3161 ad
836 3107 1060 3175 formam
1091 3108 1156 3161 ab
1194 3123 1276 3172 ea,
1311 3106 1542 3160 videlicet
1572 3107 1774 3170 quinta,

210 3208 505 3266 ignorantur
535 3239 552 3263 ,
596 3198 691 3251 sed
748 3197 803 3251 in
844 3206 1071 3267 tempore
1114 3196 1501 3265 reformationis
1546 3194 1641 3248 i‘la
1686 3195 1781 3248 ite-

215 3303 321 3340 rum
364 3289 432 3342 ad
494 3304 549 3343 se
613 3291 782 3354 ipsam
852 3288 1109 3358 recipiet,
1175 3301 1508 3357 quaecunque
1577 3286 1781 3355 formae

213 3377 489 3431 clmracteri
532 3376 814 3447 coaptabit.
880 3374 1153 3446 Coaptabit
1199 3384 1373 3428 autem
1423 3375 1635 3428 omnino
1686 3372 1781 3426 illa

215 3463 289 3517 liis
321 3473 383 3529 ιι,
417 3482 550 3537 quae
600 3465 663 3519 ab
694 3466 843 3519 initio
890 3466 944 3518 in
982 3451 1152 3535 forma
1201 3464 1610 3517 clmracterizuta
1637 3473 1797 3529 sunt,

217 3549 438 3607 Videsne
462 3554 643 3623 igitur,
667 3569 825 3623 quam
858 3551 1126 3608 subtiliter
1148 3552 1193 3583 ι’
1221 3552 1428 3619 primae
1458 3552 1783 3607 conditionis

226 3641 598 3710 proprietatem
627 3642 694 3695 ab
722 3641 824 3705 his,
850 3655 988 3711 quae
1017 3640 1358 3709 superaddita
1399 3649 1546 3705 sunt,
1577 3640 1781 3694 discer-

220 3732 335 3784 nit?
354 3731 714 3799 Quodcunque
736 3731 878 3785 enim
903 3730 955 3784 in
980 3729 1227 3783 humanis
1248 3730 1565 3798 corporibus
1593 3730 1786 3783 immu-

223 3822 375 3877 tabile
403 3823 734 3891 intelligitur,
778 3821 985 3891 primae
1005 3821 1327 3875 conditionis
1354 3823 1632 3890 proprium
1665 3831 1746 3876 est
1769 3839 1782 3887 ;

221 3910 479 3980 quicquid.
500 3926 629 3965 vero
655 3912 706 3964 in
738 3911 815 3965 eis
849 3910 1102 3965 mutabile
1145 3926 1207 3967 ac
1241 3911 1287 3943 ¹³
1320 3913 1524 3966 varium
1552 3914 1787 3983 percipi-

224 4010 331 4065 tur,
365 4002 483 4056 lllud
511 4013 593 4058 est
622 4003 1071 4072 sup‘eradjectum,
1096 4012 1355 4074 extraque
1389 4013 1634 4059 naturam
1661 4005 1790 4060 sub-

221 4091 475 4147 stitutum.
501 4093 886 4148 Uuivcrsaliter
914 4105 1091 4160 autem
1122 4094 1175 4149 in
1197 4096 1445 4150 omnibus
1470 4096 1787 4166 corporibus
1864 4106 1871 4109 ‘

224 4182 460 4238 humanis
508 4199 613 4237 una
661 4185 957 4252 eademque
1005 4183 1173 4238 forma
1217 4185 1518 4240 communis
1546 4186 1787 4239 omnium

224 4272 543 4346 intelligitur,
583 4284 635 4331 et
666 4293 878 4347 semper
913 4277 963 4331 in
992 4279 1241 4333 onmibus
1283 4279 1792 4336 incommutabiliter

1871 1772 2025 1826 vallis
2075 1772 2218 1826 inter
2265 1771 2591 1842 principium
2642 1774 2940 1831 nativitatis
2992 1779 3045 1832 in
3097 1781 3239 1836 hanc
3287 1783 3452 1837 vitam

1869 1859 2217 1930 ejusdemque
2248 1862 2391 1917 vitae
2426 1862 2584 1918 linem
2629 1863 2981 1935 interpositis,
3033 1872 3268 1925 naturali
3303 1887 3456 1927 crea-

1872 1961 2112 2005 turarum
2139 1950 2479 2006 ordinatione
2497 1952 2763 2022 exigente.
2798 1953 2969 2010 Omne
2992 1958 3282 2027 siquidem,
3308 1962 3453 2032 quod

1874 2040 1926 2094 in
1970 2039 2170 2094 mundo
2200 2054 2264 2094 ex
2299 2038 2497 2095 mundo
2546 2042 2900 2110 compositum
2936 2044 3122 2115 incipit
3166 2062 3309 2111 esse,
3358 2066 3456 2103 ne—

1874 2145 2029 2185 cesse
2067 2139 2150 2186 est
2186 2130 2379 2185 resolvi
2433 2140 2487 2186 et
2528 2146 2648 2185 cum
2677 2135 2877 2188 mundo
2912 2136 3150 2193 interire.
3198 2138 3459 2195 Necessa-

1874 2220 2012 2272 rium
2042 2228 2181 2282 erat,
2207 2219 2448 2274 exterius
2493 2234 2557 2273 ac
2586 2222 2863 2276 materiale
2903 2239 3100 2294 corpus
3135 2228 3270 2283 solvi
3302 2230 3354 2285 in
3392 2247 3457 2287 ca

1874 2309 2158 2371 elementa,
2195 2323 2258 2364 ex
2292 2309 2487 2379 quibus
2513 2320 2850 2380 assumptum
2880 2325 2986 2375 est,
3024 2331 3131 2368 non
3166 2326 3342 2371 autem
3371 2333 3461 2372 ne-

1874 2396 2193 2462 cessarium,
2245 2398 2441 2467 perire,
2488 2398 2739 2466 quoniam
2776 2415 2841 2454 ex
2892 2401 3001 2456 Deo
3036 2414 3173 2467 emt,
3209 2415 3461 2461 manente

1874 2502 2087 2560 semper
2132 2489 2375 2544 interiori
2424 2489 2537 2556 illo,
2564 2499 2617 2544 et
2643 2490 3155 2552 incommutabiliter
3189 2503 3366 2553 stante
3406 2499 3464 2553 in

1876 2582 1990 2637 suis
2033 2580 2351 2645 rationibus,
2405 2583 2701 2638 secundum
2734 2599 2869 2654 quas
2901 2601 3024 2641 cum
3073 2589 3253 2643 anima
3304 2600 3360 2646 et
3407 2592 3461 2646 in

1877 2673 2077 2737 anima_
2099 2681 2154 2728 et
2179 2688 2276 2743 per
2313 2673 2551 2729 animam
2593 2682 2649 2729 et
2686 2686 2905 2746 propter
2932 2677 3170 2733 animam
3197 2681 3462 2735 constitu-

1880 2774 1993 2820 tum
2039 2776 2145 2821 est.
2196 2765 2460 2831 Quoniam
2507 2780 2637 2821 vero
2685 2766 2828 2821 illius
2882 2768 3128 2837 corporis
3169 2771 3465 2826 materialis

1881 2863 2041 2925 atque
2068 2854 2312 2909 solubilis
2338 2862 2520 2908 manet
2552 2854 2605 2909 in
2636 2855 2817 2910 anima
2857 2858 3089 2925 species,
3139 2875 3243 2914 non
3289 2861 3464 2915 solum

1881 2948 1972 3004 illo
2002 2949 2233 3013 vivente,
2270 2963 2458 3002 verum
2507 2948 2671 3004 etiam
2715 2959 2838 3018 post
2867 2949 2984 3019 ejus
3034 2950 3355 3007 solutionem
3407 2962 3464 3006 et

1806 3056 1850 3118 (ς
1885 3040 1936 3093 in
1966 3038 2229 3094 elementa
2259 3040 2440 3094 mundi
2474 3039 2739 3105 reditum;
2788 3041 3078 3110 disputatio
3103 3042 3299 3113 quippe
3326 3044 3467 3099 divi-

1887 3129 1955 3183 tis
2000 3144 2137 3184 cum.
2172 3130 2445 3184 Abraham
2504 3130 2776 3185 notionem
2825 3146 3111 3202 corporum
3168 3135 3465 3190 adhaerere

1885 3220 2168 3275 animabus
2209 3229 2329 3289 post
2373 3229 2603 3277 mortem
2640 3223 2878 3277 indicat:
2915 3235 3200 3295 propterea
3228 3231 3466 3299 partium

1888 3310 2070 3373 illius,
2130 3310 2436 3380 ubicunque
2488 3311 2876 3369 elementorum
2929 3317 3071 3379 sint.
3135 3333 3240 3374 non
3292 3332 3470 3390 potest

1887 3402 2062 3455 anima
2085 3401 2353 3468 oblivisci,
2379 3411 2472 3457 aut
2496 3417 2590 3459 eas
2614 3406 2844 3460 nescire.
2874 3405 3132 3474 Quamvis
3160 3410 3302 3465 enim
3337 3427 3468 3481 pro-

1887 3502 2005 3564 pter
2036 3484 2312 3562 pcccatum
2354 3495 2730 3563 superadditae
2767 3497 2878 3552 sint
2916 3498 3181 3555 humanae
3220 3513 3467 3566 naturae,

1887 3584 1952 3637 ad
1989 3600 2108 3639 eam
2141 3594 2317 3639 tamen
2360 3599 2465 3640 non
2493 3587 2766 3656 pertinere
2793 3604 2898 3643 non
2932 3599 3180 3660 possunt,
3206 3593 3465 3662 quoniam

1887 3673 1956 3727 ab
2013 3675 2200 3729 eodem
2256 3685 2481 3730 naturae
2538 3678 2816 3733 conditore
2868 3684 2923 3735 et
2984 3681 3199 3738 additae
3245 3694 3372 3737 sunt
3415 3696 3471 3738 et

1890 3762 2081 3823 factae,
2107 3777 2171 3816 ac
2203 3778 2298 3830 per
2325 3764 2428 3819 hoc
2471 3764 2524 3818 in
2572 3768 2967 3825 restauratione
3011 3770 3243 3826 hominis
3274 3774 3324 3827 in
3354 3776 3472 3829 uni—

1890 3862 2054 3907 tatem
2086 3863 2312 3909 naturae
2353 3857 2688 3912 revocandae
2720 3870 2844 3913 sunt
2881 3861 2959 3923 ⁸⁸,
3002 3860 3128 3917 dum
3173 3864 3351 3917 anima
3396 3874 3473 3918 to-

1891 3952 2001 3995 tum
2029 3943 2130 3997 sibi
2171 3944 2443 4000 subditum
2488 3948 2902 4002 resurrectionis
2948 3957 3191 4020 tempore
3222 3953 3465 4021 recipiet.

1892 4031 1955 4084 Et
1995 4030 2099 4086 hoc
2148 4041 2254 4098 est,
2302 4034 2445 4102 quod
2483 4033 2557 4087 ait
2605 4036 2897 4105 magister:
2944 4037 3257 4094 Necessario
3301 4044 3470 4109 specie

1890 4121 2044 4177 veluti
2070 4123 2302 4192 discripti
2334 4123 2592 4193 signaculi
2633 4125 2833 4195 formae
2873 4127 2915 4158 "
2957 4130 3011 4183 in
3051 4131 3229 4183 anima
3255 4147 3469 4200 perma-

1892 4222 2063 4278 nente,
2098 4228 2258 4283 neque
2291 4211 2624 4281 reformanda
2655 4215 2709 4268 in
2733 4217 3004 4286 signaculo
3036 4220 3105 4272 ad
3138 4220 3360 4289 formam
3403 4221 3468 4275 ab

1889 4317 1950 4353 ea
1991 4302 2320 4370 ignorantur.
2348 4302 2425 4357 Ac
2462 4300 2508 4355 si
2537 4302 2762 4368 diceret,
2810 4305 2935 4360 dum
2965 4308 3194 4376 species,
3242 4309 3347 4365 hoc
3386 4318 3471 4364 est

224 4373 351 4463 stat.
391 4365 994 4463 Nam-innumerabiles
1030 4368 1383 4463 diﬂ'erentiae,
1415 4371 1775 4463 ιιυειθηβίάβηι
1810 4396 1856 4455 D
1883 4392 2030 4446 notio
2076 4391 2329 4460 descripti
2372 4393 2633 4463 signaculi
2664 4434 2678 4458 ,
2722 4365 3010 4453 exterioris
3047 4365 3300 4455 videlicet
3346 4416 3470 4456 cor-

226 4451 422 4510 t‘ormae
446 4457 716 4523 accidunt,
749 4474 851 4512 non
872 4474 939 4514 ex
973 4460 1175 4514 ratione
1203 4462 1409 4531 primae
1432 4462 1780 4528 conditionis,

227 4543 321 4597 sed
357 4561 415 4601 ex
445 4548 786 4617 qualitatibus
809 4548 1234 4618 corruptibilium
1267 4550 1531 4605 seminum
1577 4552 1787 4606 contin-

226 4643 373 4700 gunt.
402 4635 513 4706 Ipsa
556 4638 720 4707 igitur
761 4636 929 4693 forma
957 4639 1254 4710 spiritualis
1283 4640 1562 4711 spirituale
1590 4657 1788 4712 corpus

228 4733 337 4787 est,
366 4726 413 4780 in
439 4729 606 4797 prima
630 4729 940 4785 conditione
985 4730 1215 4786 hominis
1242 4729 1444 4787 factum
1472 4750 1485 4787 :
1515 4735 1656 4803 quod
1685 4749 1785 4789 au-

234 4823 341 4867 tem
362 4830 420 4870 ex
448 4819 693 4884 materia,
715 4819 815 4891 hoc
841 4828 942 4885 est,
973 4835 1040 4878 ex
1072 4822 1421 4892 qualitatibus
1445 4832 1499 4879 et
1518 4827 1789 4894 quantita-

232 4907 375 4961 tihus
413 4918 659 4978 quattuor
685 4909 1070 4965 elementorum
1121 4912 1303 4968 mundi
1345 4914 1613 4970 sensibilis
1667 4931 1790 4971 cum

233 4996 350 5060 ipsa
377 4998 533 5054 forma
555 5001 887 5071 qualitativa,
916 5001 982 5054 de
1007 5015 1111 5070 qua
1142 5002 1193 5056 in
1223 5003 1491 5071 prioribus
1511 5003 1665 5060 libris
1687 5006 1795 5062 dis~

235 5090 557 5156 putavimus,
587 5096 840 5162 quoniam
868 5105 923 5152 et
948 5099 1131 5168 augeri
1163 5110 1219 5156 et
1265 5104 1433 5159 minui
1478 5105 1782 5173 patiuntur,

1893 4480 2060 4549 poris,
2093 4480 2236 4547 quod
2259 4490 2417 4536 vocat
2444 4481 2488 4512 '°
2518 4481 2853 4553 signaculum
2885 4486 3174 4555 interioris,
3213 4489 3266 4544 in
3290 4491 3470 4544 anima

1894 4578 2194 4638 permanet,
2239 4571 2401 4626 etiam
2433 4581 2553 4642 post
2595 4575 2854 4645 signaculi
2898 4578 3218 4635 solutionem
3250 4592 3471 4652 propter

1893 4659 2039 4712 illam
2082 4659 2375 4725 notionem,
2404 4666 2585 4730 quam
2621 4679 2837 4734 semper
2879 4667 3059 4730 habet.
3109 4685 3212 4725 non
3257 4671 3475 4742 ignorat

1895 4756 2079 4816 partes
2118 4747 2380 4818 signaculi
2426 4766 2524 4820 per
2550 4752 2816 4810 elementa
2865 4771 3103 4826 sparsas,
3146 4769 3201 4815 et
3233 4777 3475 4817 resurre-

1894 4834 2087 4891 ctionis
2132 4837 2218 4891 die
2260 4837 2302 4873 ’ί
2348 4839 2402 4894 in
2446 4840 2742 4912 signaculo,
2778 4845 2880 4902 boc
2915 4857 3020 4911 est.
3048 4850 3100 4904 in
3139 4866 3366 4922 corpore
3404 4856 3474 4908 ad

1894 4925 2122 4982 formam
2146 4929 2380 4995 animae,
2410 4934 2551 5001 quod
2574 4942 2659 4988 est
2683 4936 2909 4992 interius
2929 4954 3143 5010 corpus.
3176 4942 3473 4998 reformano

1895 5016 2012 5071 das.
2045 5017 2139 5071 Est
2164 5017 2308 5072 enim
2337 5021 2578 5075 exterius
2602 5030 2657 5078 et
2691 5028 2970 5083 materiale
2998 5046 3193 5102 corpus
3227 5020 3474 5101 signacu-

1891 5108 1999 5161 lttm
2030 5110 2335 5179 interioris,
2365 5115 2415 5167 in
2443 5128 2551 5181 quo
2586 5113 2754 5167 forma
2782 5116 2993 5170 animae
3019 5117 3363 5186 exprimitur,
3405 5132 3477 5169 ao

1505 5219 1764 5278 VARIAE
1797 5221 2200 5281 LECTIONES.

721 5313 950 5403 $301”;
964 5332 989 5403 ξ
1025 5316 1261 5403 Α,ἱηῇῖι³
1288 5321 1631 5403 δίὺῘΔὲ1θο1-ῃέ
1664 5328 1819 5403 signa
1839 5344 1894 5382 n.
1917 5331 2184 5403 amittens.
2243 5332 2264 5364 ⁸
2287 5332 2377 5389 Sic
2402 5332 2488 5388 CF
2513 5349 2532 5403 ;
2567 5335 2607 5389 Α
2637 5336 2990 5392 subtrahitur.
3023 5338 3047 5369 ⁵
3069 5339 3160 5393 Sic
3185 5339 3301 5401 CF;
3344 5337 3383 5392 Δ
3413 5355 3477 5393 ea

259 5377 470 5443 mutatio
501 5396 633 5443 quae

235 5436 331 5492 CF
349 5459 364 5503 ς
439 5436 609 5518 transit

344 5546 360 5590 ._
386 5520 440 5567 Α.
516 5520 554 5549 ⁸⁸
574 5520 662 5577 Sic
687 5522 773 5577 CF
796 5541 812 5585 ;
836 5526 880 5578 Δ
913 5520 1173 5581 similiter.

235 5589 411 5644 perire
434 5589 651 5653 penitus.
717 5595 761 5625 ⁸⁷
781 5596 823 5648 Λ
846 5596 899 5649 in
934 5596 1190 5652 minimis.
1218 5628 1223 5631 λ

700 5681 949 5744 ΡΑττιοι
1015 5685 1256 5749 CXXII.

661 5385 858 5488 milia.
893 5386 1323 5488 ἃλς,
1358 5393 1407 5488 Α⁶
1428 5392 1519 5488 Sic
1532 5385 1755 5488 Eligit
1774 5399 1920 5488 sicut
1947 5401 2002 5452 in
2028 5396 2281 5488 Naaman
2301 5385 2390 5457 seu
2415 5385 2479 5457 in
2508 5385 2608 5472 liis,
2639 5385 3158 5488 alit'ifﬁiiiitgeiib'
3179 5385 3301 5463 del:
3339 5385 3476 5462 '“S'ic

601 5457 831 5537 prmum.
893 5457 915 5488 ⁸
933 5457 1193 5540 quaedam
1209 5474 1319 5513 om.
1483 5464 1504 5494 '
1532 5464 1621 5518 Sic
1637 5464 1764 5531 CF;
1792 5465 1829 5519 f.
1859 5471 2268 5533 corporeae?-—
2291 5489 2508 5537 corpore
2530 5457 2641 5529 om.
2666 5457 2737 5529 ’Ᾰξ
2770 5457 2837 5530 ’λδ
2855 5457 3287 5545 formabit.st
3328 5480 3366 5510 ”
3386 5457 3476 5530 illi;

601 5539 662 5577 ἰο
687 5522 773 5577 CF
796 5541 812 5585 ε
836 5526 880 5578 Δ
913 5527 1173 5581 similiter.
1257 5529 1300 5561 ³⁸
1324 5531 1413 5585 Sic
1439 5531 1561 5588 CF:
1597 5534 1640 5587 Α
1672 5544 1741 5587 et.
1815 5535 1857 5567 "
1879 5539 2210 5593 sianoculum
2239 5557 2348 5593 ain.
2381 5546 2442 5593 A.
2518 5545 2559 5577 ³⁸
2596 5544 2683 5593 CF
2711 5547 3021 5593 estfactum.
3088 5545 3130 5577 “
3158 5547 3246 5593 Sic
3273 5546 3394 5593 CF:
3435 5552 3472 5593 Λ

1258 5544 1300 5561 ³·
1324 5544 1413 5585 διο
1439 5544 1561 5588 Ut":
1597 5544 1640 5587 Α
1672 5544 1741 5587 et.
1815 5544 1857 5567 "
1879 5544 2210 5605 signaculum
2239 5557 2348 5596 om.
2381 5546 2442 5597 A.
2518 5545 2559 5577 “
2596 5544 2683 5600 CF
2711 5547 3021 5613 estfactum.
3088 5545 3130 5577 “
3158 5547 3246 5600 Sir.
3273 5546 3395 5611 CF;
3435 5552 3474 5601 Λ

1256 5599 1298 5631 ’⁸
1320 5611 1442 5654 sunt
1470 5616 1581 5657 om.
1619 5604 1685 5658 A.
1750 5605 1790 5637 "
1822 5607 2026 5676 formae
2056 5624 2165 5666 om.
2193 5611 2258 5665 Δ.
2333 5614 2377 5643 ’⁸
2409 5613 2500 5669 Sic
2535 5613 2663 5678 CF;
2713 5618 2751 5667 Α
2779 5625 3010 5670 vocatur.
3072 5616 3118 5647 ³⁷
3143 5617 3223 5670 die
3260 5633 3367 5671 om.
3406 5618 3469 5674 Α.

3044 5703 3117 5766 26
