3898 6154
1585 176 1597 208 Ι

453 254 558 301 8(ιῦ

456 460 542 498 me
573 444 870 507 existimes,
904 443 1010 496 duo
1039 455 1263 511 corpora
1300 438 1562 491 naturalia
1593 439 1642 491 in
1671 453 1779 492 uno
1810 438 2024 492 homine.

1880 241 2164 298 JOANNIS
2203 240 2397 298 SCO'l'l

452 369 549 423 per
575 352 677 407 hoc
723 352 888 406 forma
921 348 1036 418 ejus
1069 347 1461 403 rationabiliter
1497 346 1821 417 appellatur.
1856 348 1920 401 Et
1956 364 2021 402 ne
2054 361 2093 415 Α
2125 352 2264 419 quod
2291 364 2383 410 per
2410 352 2491 401 tot
2514 364 2680 403 annos
2706 364 2807 403 non
2838 356 2962 405 sunt
2986 348 3179 403 obtrita
3205 345 3248 378 ”
3279 360 3295 400 :

2129 448 2176 499 si
2240 445 2498 499 obedienti
2557 445 2756 498 homini
2794 444 3027 513 ejusdem
3085 450 3373 518 praeceptis
3403 451 3445 486 “
3477 456 3685 520 potentia

3581 238 3676 294 ειη

3350 345 3468 414 quid
3503 345 3679 395 mirum

457 514 672 590 docere.
712 533 881 588 Unum
914 531 1058 585 enim
1086 543 1171 586 est
1213 545 1433 613 corpus,
1465 543 1572 597 quo
1602 528 2032 582 connaturalitrr
2130 543 2504 603 praestaretur,
2538 543 2596 586 ut
2644 533 2873 587 animale
2921 535 3019 587 hoc
3060 545 3107 589 et
3164 536 3210 573 ¹³
3253 514 3486 594 mortale
3515 542 3687 600 habens

455 637 504 683 et
529 624 1060 681 consubstantialiter
1089 624 1302 677 animae
1330 630 1612 690 compacto
1662 622 1821 673 homo
1864 620 2031 673 conli-

455 719 614 773 citur.
644 717 774 772 lllud
806 716 1069 786 siquidem
1099 713 1402 779 materiale,
1428 712 1572 782 quod
1603 719 1682 766 est
1717 710 2032 780 superaddi-

459 821 589 874 tum,
653 808 850 862 rectius
904 806 1283 859 vestimentum
1351 802 1621 871 quoddam
1683 799 1941 855 mutabile
1979 808 2034 853 et

454 895 803 967 corruptibile
848 896 958 949 veri
1012 908 1076 948 ac
1127 892 1386 947 naturalis
1446 891 1692 961 corporis
1745 891 2030 960 accipitur,

453 1001 616 1059 quam
646 1001 831 1040 verum
875 997 1090 1053 corpus.
1131 981 1247 1037 Non
1298 982 1442 1036 enim
1494 996 1683 1036 verum
1731 989 1834 1045 est,
1892 979 2035 1049 quod

456 1094 667 1147 Semper
695 1091 803 1131 non
847 1083 1046 1139 manet,
1082 1085 1159 1139 ct,
1208 1084 1266 1127 ut
1306 1074 1381 1127 ait
1422 1084 1642 1129 sanctus
1668 1073 2034 1144 Augustinus:

459 1166 614 1232 Quod
648 1166 827 1235 incipit
859 1180 969 1219 esse
995 1164 1132 1235 quod
1160 1180 1261 1217 non
1294 1173 1430 1227 erat,
1455 1154 1515 1215 et'
1536 1163 1727 1217 desinit
1753 1179 1863 1216 esse
1899 1161 2037 1231 quod

460 1270 550 1319 est,
586 1256 704 1328 jam
754 1272 857 1309 non
895 1265 988 1308 est.
1017 1254 1145 1309 lude
1174 1254 1251 1315 lit,
1286 1254 1429 1322 quod
1459 1269 1674 1324 semper
1702 1268 1808 1307 non
1834 1251 2041 1321 simpli«

459 1350 619 1413 eiter,
661 1347 753 1402 sed
784 1363 905 1401 cum
950 1346 1315 1399 additamento
1363 1343 1544 1415 aliquo
1586 1346 1803 1414 ponitur
1845 1357 2041 1411 corpus

461 1439 567 1494 ltoc
592 1439 609 1469 ¹
636 1435 861 1491 mortale
888 1434 970 1489 vel
998 1433 1346 1503 corruptibile
1374 1433 1458 1487 vel
1501 1442 1771 1487 terrenum
1798 1432 1879 1485 vel
1926 1431 2044 1484 ani-

462 1528 621 1590 male,
684 1527 750 1581 ad
805 1525 1186 1579 discretionem
1238 1524 1407 1593 ipsius
1463 1522 1721 1591 sin-plicis
1777 1521 2040 1591 corporis,

462 1619 602 1688 quod
636 1618 885 1688 primitus
911 1616 963 1669 in
1001 1615 1217 1679 homine
1258 1614 1534 1669 conditum
1589 1614 1608 1644 ³
1652 1620 1755 1678 est,
1798 1621 1855 1667 et
1899 1612 2042 1683 quod

463 1710 704 1765 futurum
734 1716 837 1764 est.

470 1824 471 1827 η
537 1798 624 1852 14.
669 1797 813 1851 Dtsc.
863 1795 1000 1863 Quid
1040 1811 1169 1866 ergo
1194 1794 1640 1864 respon:!ebimus
1660 1791 2045 1848 sanctissimo’

468 1888 913 1956 diriuissimoque
960 1884 1228 1955 tbeolo'go,
1274 1885 1576 1953 Augustino‘
1634 1883 1902 1947 videlicet,
1954 1881 2047 1953 qui

467 1978 754 2048 praedictis
800 1976 1099 2030 rationibus
1145 1973 1402 2045 refragari
1431 1974 1676 2029 videtur?
1699 1972 1830 2027 Nam
1857 1970 1970 2027 fere
1994 1973 2048 2027 in

465 2068 720 2123 omnibus
777 2068 889 2122 suis
937 2064 1088 2121 libris
1152 2064 1532 2119 incunctanter
1581 2066 1794 2128 asserit,
1846 2080 2041 2133 corpus

468 2156 628 2227 primi
656 2156 886 2213 hominis
911 2164 1036 2210 ante
1071 2163 1351 2225 peccatum
1382 2153 1616 2209 animale
1656 2152 1841 2219 fuisse,
1875 2163 2047 2209 terre-
2090 2180 2101 2184 -

469 2262 621 2312 num,
651 2245 896 2309 mortale,
928 2247 1177 2316 quamvis
1199 2259 1309 2300 non
1345 2254 1670 2311 moreretur,
1709 2246 1754 2301 si
1785 2262 1890 2300 non
1926 2261 2051 2317 pec-

469 2345 635 2397 caret.
677 2335 951 2406 peccando
978 2350 1107 2391 vero
1138 2345 1427 2403 mortuum,
1451 2337 1590 2392 sicut
1618 2338 1694 2392 ait
1723 2336 2045 2409 Apostolus:

471 2429 671 2498 Corpus
698 2429 907 2499 quidem
926 2439 1188 2482 mortuum
1215 2439 1425 2499 propter
1459 2440 1750 2499 peccatum.
1785 2428 1920 2483 Hinc
1943 2437 2049 2491 est,

462 2514 611 2588 quod
644 2517 694 2571 in
728 2517 902 2586 primo
932 2517 1069 2571 libro
1114 2518 1182 2573 de
1216 2516 1491 2588 Baptismo
1514 2518 1881 2588 parvulorum,
1922 2533 2051 2572 cou-

471 2614 692 2666 vincens
712 2625 822 2674 eos,
857 2611 945 2680 qui
973 2611 1160 2666 dicunt
1200 2611 1371 2666 Adam
1400 2611 1480 2666 sic
1517 2622 1777 2678 creatum,
1808 2622 1867 2667 ut
1888 2611 2051 2667 etiam

472 2702 589 2754 sine
620 2700 827 2768 peccati
868 2700 1061 2754 merito
1104 2709 1425 2765 moreretur,
1469 2714 1575 2755 non
1625 2715 1797 2770 poena
1839 2699 2049 2770 culpae,

473 2791 565 2845 sed
584 2790 907 2844 necessitate
936 2798 1160 2844 naturae
1184 2806 1197 2844 :
1225 2787 1365 2854 Quid
1385 2805 1532 2860 ergo,
1557 2789 1750 2859 inquit,
1777 2788 2056 2859 responde-

473 2884 601 2935 bunt
625 2880 667 2947 ⁸,
692 2898 811 2935 cum
853 2880 1064 2952 legitur,
1089 2884 1186 2935 Irae
1227 2880 1395 2936 Deum
1444 2881 1611 2951 primo
1652 2880 1849 2936 homini
1884 2882 2050 2961 {etiam

472 2983 584 3043 post
642 2982 909 3043 peccatum
974 2973 1291 3044 increpando
1347 2983 1395 3026 et
1445 2973 1746 3028 damnando
1794 2974 1991 3027 dixisse
2031 2989 2051 3027 :

2132 639 2337 692 corpus,
2398 624 2605 678 haberet
2658 625 2714 677 in
2744 640 2819 677 .eo
2861 625 3124 690 quendam
3172 637 3392 695 stutum,
3451 647 3547 701 quo
3593 636 3690 687 sine

2133 714 2336 783 defectu
2362 724 2492 769 esset
2525 731 2804 773 annosum,
2851 724 3098 783 tempore,
3124 734 3227 787 quo
3281 717 3425 773 Deus
3470 720 3621 785 vellet,
3660 740 3689 776 ιι

2135 803 2455 858 mortalitate
2467 806 2538 857 ad
2552 804 2998 859 immortalitatem
3024 808 3138 861 sine
3165 808 3337 860 media
3364 820 3523 863 morte
3536 823 3689 866 ventu-

2138 909 2225 946 rus
2243 892 2269 945 .9
2301 892 2450 948 Sicut
2478 894 2614 946 enim
2634 893 2761 947 haec
2799 893 2905 962 ’psa
2927 910 3073 957 caro,
3097 911 3252 965 quam
3281 913 3422 951 nunc
3447 898 3688 961 habemus,

2138 997 2242 1035 non
2273 982 2390 1034 ideo
2429 996 2532 1033 non
2553 990 2628 1034 est
2655 979 3011 1045 rulnerabilis,
3034 984 3159 1051 quia
3183 999 3287 1037 non
3307 994 3383 1037 est
3414 1002 3618 1049 necesse,
3644 997 3691 1042 at

2138 1068 2469 1134 vulneretur;
2498 1071 2575 1123 sie
2617 1068 2712 1123 illa
2740 1085 2845 1124 non
2873 1070 2989 1124 ideo
3029 1088 3133 1125 non
3166 1072 3267 1142 fuit
3305 1073 3558 1138 mortalis,
3585 1080 3687 1146 quia

2141 1178 2243 1215 non
2281 1171 2392 1215 erat
2430 1177 2631 1215 necesse
2657 1170 2714 1214 ut
2742 1170 3029 1214 moreretur
3063 1160 3127 1214 “.
3158 1160 3336 1216 Talem
3362 1173 3489 1232 puto
3519 1164 3692 1217 habitu-

2139 1251 2313 1304 dinem
2341 1249 2513 1303 adhuc
2552 1249 2607 1302 in
2644 1264 2858 1318 corpore
2890 1248 3109 1303 animali
3137 1260 3289 1319 atque
3324 1252 3534 1307 mortali
3560 1253 3689 1306 etiam

2139 1342 2268 1406 illis,
2298 1342 2387 1412 qui
2415 1342 2528 1394 sine
2554 1349 2716 1394 morte
2739 1340 2859 1392 hinc
2888 1339 3131 1393 translati
3163 1349 3306 1405 sunt,
3332 1342 3495 1410 fuisse
3518 1358 3692 1395 conces-

2140 1448 2275 1487 sam.
2308 1431 2489 1502 Neque
2524 1433 2660 1484 enim
2692 1430 2869 1484 Enoch
2894 1440 2941 1484 et
2968 1427 3117 1485 Elias
3141 1448 3234 1501 per
3260 1445 3371 1485 tant
3402 1432 3595 1502 longam
3618 1448 3689 1484 ae-

2144 1532 2301 1575 tatem
2341 1530 2600 1574 senectute
2641 1530 2995 1585 marcuerunt,
3046 1537 3138 1574 nec
3170 1529 3378 1588 tamen,
3429 1522 3691 1588 credo,eos

2136 1611 2252 1681 jam
2278 1612 2331 1665 in
2361 1611 2508 1664 illam
2544 1610 2869 1681 spiritualem
2891 1610 3195 1681 qualitatem
3233 1613 3468 1682 corporis
3494 1629 3668 1666 continu

2074 1700 2117 1759 Β
2145 1712 2302 1767 tatas,
2329 1701 2500 1773 qualis
2526 1703 2580 1755 in
2609 1703 2982 1756 resurrectione
3008 1692 3350 1772 promittitur,
3371 1720 3505 1774 quae
3530 1706 3578 1758 in
3606 1703 3691 1756 Do-

2150 1792 2290 1847 mino
2315 1793 2483 1863 prima
2512 1792 2821 1862 praecessit,
2853 1792 2955 1846 nisi
2981 1793 3102 1864 quia
3144 1793 3229 1846 isti
3262 1794 3489 1871 fortasse
3522 1812 3602 1850 nec
3627 1796 3692 1847 liis

2151 1885 2277 1939 cibis
2303 1894 2471 1954 egent,
2495 1886 2585 1955 qui
2613 1885 2695 1938 sui
2735 1887 3123 1956 consumptione
3153 1887 3196 1918 ⁸⁸
3229 1888 3490 1956 reﬁciunt.
3525 1887 3617 1943 Sed
3641 1905 3695 1945 es
3732 1956 3735 1959 η

2151 1990 2251 2047 quo
2281 1973 2524 2028 translati
2546 1984 2689 2039 sunt,
2716 1975 2790 2027 ita
2819 1976 2992 2028 vivunt
3015 2014 3031 2039 ,
3069 1986 3123 2028 ut
3152 1976 3371 2031 similem
3401 1977 3605 2030 lubeant
3624 1994 3693 2030 so-

2151 2064 2384 2117 cietatem
2410 2062 2515 2116 illis
2544 2063 2893 2137 quadraginta
2922 2063 3124 2127 diebus,
3155 2064 3342 2134 quibus
3369 2065 3517 2118 Elius
3541 2079 3597 2117 es:
3616 2078 3691 2117 ea-

2150 2152 2249 2206 lice
2273 2168 2439 2222 aquae
2457 2162 2504 2206 et
2529 2169 2593 2206 ea:
2616 2151 2866 2222 collyride
2882 2152 3041 2221 panis
3055 2153 3165 2206 sine
3184 2153 3295 2206 cibo
3319 2154 3485 2217 uixit;
3506 2163 3583 2206 aut
3601 2155 3638 2204 si
3654 2160 3694 2205 et

2150 2245 2231 2298 Itis
2259 2242 2626 2297 sustentaculis
2651 2241 2779 2312 opus
2800 2252 2897 2306 est,
2920 2243 2994 2295 ita
3024 2243 3078 2296 in
3102 2242 3351 2312 paradiso
3372 2242 3582 2311 fortasse
3598 2257 3694 2311 pas-
3736 2276 3739 2281 -

2151 2345 2360 2399 cuntur,
2383 2335 2517 2389 sicut
2533 2334 2724 2397 Adam,
2745 2335 3052 2403 priusquam
3072 2343 3278 2404 propter
3295 2348 3557 2403 peccatum
3579 2334 3695 2385 exin-

2151 2427 2216 2481 de
2239 2427 2379 2481 exire
2402 2427 2691 2480 meruisset.
2729 2425 2967 2480 Habebat
3005 2427 3165 2491 enim,
3192 2435 3450 2496 quantum
3475 2425 3693 2483 cristatae.

2151 2528 2197 2572 et
2227 2519 2292 2571 de
2320 2518 2577 2588 lignorum
2611 2516 2867 2586 fructibus
2901 2515 3231 2585 refectionem
3269 2528 3455 2571 contra
3491 2514 3697 2585 defectio-

2152 2625 2266 2663 nem
2287 2649 2301 2672 ,
2333 2618 2379 2661 et
2412 2607 2475 2661 de
2506 2608 2646 2678 ligno
2679 2607 2812 2661 vitae
2835 2606 3167 2660 stabilitatem
3194 2617 3379 2659 contra
3406 2616 3696 2660 vetustatem.

2152 2698 2220 2754 Et
2255 2699 2381 2768 quid
2427 2700 2495 2755 ad
2537 2713 2647 2752 rem
2668 2722 2693 2763 ,ι
2727 2706 2873 2751 tanta
2911 2696 2953 2728 ⁸⁸
2986 2697 3122 2751 tanti
3160 2707 3216 2751 et
3252 2707 3361 2751 tam
3410 2698 3582 2766 [stagni
3618 2692 3702 2750 viri

2154 2790 2463 2847 testimonia
2492 2804 2843 2860 exaggerare,
2867 2803 2993 2847 eum
3018 2787 3267 2842 omnibus
3295 2786 3468 2844 libros
3492 2787 3619 2841 illius
3639 2785 3697 2836 le-

2154 2882 2427 2952 gentibus,
2457 2888 2512 2934 et
2537 2879 2769 2935 maxime
2794 2879 2859 2933 de
2886 2878 3083 2934 Genesi
3120 2879 3186 2932 ad
3231 2879 3447 2933 literam
3475 2888 3525 2935 et
3552 2879 3609 2932 de
3627 2875 3701 2931 Ci-
3724 2868 3765 2913 ί

2151 2950 2319 3024 ritate
2363 2966 3001 3045 Dei,mar.2lestissimum
3038 2966 3137 3030 sit,
3171 2965 3245 3019 nil
3275 2965 3420 3020 aliud
3446 2950 3735 3053 docer‘ejdeé

476 3060 639 3116 Terra
682 3078 756 3125 es,
792 3072 839 3116 et
887 3063 942 3117 in
985 3073 1177 3117 terram
1206 3063 1347 3117 ibis?
1393 3061 1575 3135 Neque
1602 3065 1738 3118 enim
1768 3065 2052 3118 secundum
2083 3054 2125 3114 C
2157 3076 2387 3131 corpore
2410 3058 2565 3129 primi
2590 3058 2824 3112 hominis
2846 3064 2970 3111 ante
2990 3066 3286 3125 peccatum,
3315 3073 3481 3127 quam
3506 3052 3702 3109 animale

473 3152 725 3215 animam,
753 3152 865 3217 sed,
895 3153 1034 3223 quod
1065 3152 1399 3221 manifestum
1427 3163 1524 3213 est,
1552 3154 1838 3207 secundum
1865 3170 2053 3224 corpus

475 3252 612 3295 terra
640 3251 771 3305 erat,
812 3253 859 3296 et
901 3253 1066 3296 morte
1107 3242 1336 3312 ejusdem
1364 3245 1622 3313 -corporis
1664 3253 1773 3297 erat
1800 3243 1971 3298 iturus
1999 3244 2053 3297 in

474 3346 688 3389 terram.
716 3334 965 3400 Quamvis
985 3336 1121 3389 enim
1138 3335 1420 3389 secundum
1443 3352 1631 3406 corpus
1660 3345 1799 3390 terra
1820 3344 1978 3401 esset,
2005 3343 2053 3389 et

474 3440 682 3494 corpus,
722 3426 778 3477 in
814 3440 919 3494 quo
939 3434 1147 3478 creatus
1187 3430 1282 3488 est,
1307 3423 1537 3477 animale
1576 3434 1824 3494 gestaret,
1854 3433 2052 3489 tamen,

474 3515 522 3567 si
558 3530 660 3568 non
687 3524 969 3583 peccasset,
1011 3514 1071 3568 in
1091 3531 1274 3582 corpus
1300 3514 1430 3582 foret
1473 3512 1501 3551 ⁸
1533 3512 1806 3582 spirituale
1840 3524 2053 3568 mutan-

476 3604 657 3666 dus,et
684 3604 737 3657 in
774 3603 920 3657 illaut
935 3604 1397 3672 incorruptionem,
1427 3619 1562 3691 quae
1576 3601 1821 3672 ﬁdelibus
1846 3612 1891 3656 et
1929 3619 2050 3657 san-

478 3694 575 3747 ctis
605 3695 944 3763 promittitur,
973 3696 1086 3748 sine
1110 3692 1530 3761 mortispericulo
1554 3694 1895 3747 transiturus.
1943 3691 2051 3747 Cu-

474 3781 565 3851 ius
595 3784 671 3836 rei
699 3783 1014 3837 desiderium
1040 3799 1131 3837 nos
1158 3782 1345 3837 habere
1367 3800 1468 3838 non
1496 3782 1665 3837 solum
1690 3784 1788 3855 ipsi
1803 3784 2053 3839 sentimus

480 3874 531 3928 ἰι
571 3874 741 3933 nobis.
765 3890 937 3929 verum
968 3875 1124 3928 etiam
1158 3885 1396 3928 mone-nte
1442 3874 1463 3906 ⁶
1508 3874 1757 3945 Apostolo
1819 3875 2057 3945 agnosci-

474 3980 591 4017 mus
611 3964 654 4029 ’,
677 3964 766 4025 ubi
793 3965 868 4017 ait
891 3979 908 4017 :
940 3962 1143 4017 Etenim
1165 3964 1220 4017 in
1242 3964 1337 4017 hoc
1357 3964 1761 4035 ingetniscimus,
1783 3966 2061 4018 habitacu-

477 4054 584 4106 lum
608 4063 866 4115 nostrum,
888 4053 1025 4123 quod
1062 4052 1126 4106 de
1148 4034 1301 4107 caelo?
1317 4063 1412 4116 est,
1442 4054 1750 4124 superindui
1768 4056 2056 4123 cupientes,

478 4146 525 4198 si
546 4157 719 4199 tamen
745 4143 936 4207 induti,
970 4159 1073 4198 non
1105 4144 1232 4197 nulli
1268 4145 1613 4198 inveniamur.
1633 4144 1838 4198 Etenim
1854 4145 1943 4215 qui
1965 4162 2055 4201 su-

492 4251 592 4288 nns
619 4237 678 4288 in
698 4235 797 4288 hac
823 4234 1163 4299 habitatione,
1201 4235 1585 4303 ingemiscimus
1614 4236 1842 4305 gravati,
1871 4234 1924 4287 in
1952 4250 2054 4305 quo

478 4324 721 4379 nolumus
768 4325 1067 4395 exspoliari,
1094 4328 1182 4379 sed
1211 4328 1560 4396 supervestiri,
1613 4335 1669 4379 ut
1716 4325 2057 4379 absorbeatur

2156 3162 2318 3223 atque
2356 3160 2580 3206 mortuae
2620 3149 2807 3204 fuisse.
2852 3148 2907 3203 Si
2945 3150 3086 3202 enim
3118 3146 3349 3202 animale
3384 3163 3491 3201 non
3520 3146 3700 3205 luisset,
3734 3146 3739 3175 ί

2157 3242 2426 3314 quomodo
2454 3241 2521 3295 de
2556 3238 2822 3295 fructibus
2856 3238 3091 3308 paradisi
3129 3239 3413 3292 comedere
3434 3238 3698 3309 iuberetur,

2158 3348 2227 3387 ne
2254 3330 2525 3394 deﬁceret,
2551 3339 2607 3384 et
2646 3329 2712 3384 de
2751 3327 2894 3399 ligno
2925 3328 3090 3386 vitae,
3119 3342 3185 3385 ne
3212 3324 3551 3381 senesceret?
3571 3324 3704 3383 Nam,

2157 3428 2217 3475 ut
2245 3421 2358 3489 ipse
2383 3432 2542 3486 saepe
2574 3417 2805 3481 asserit,
2839 3416 2994 3485 primi
3040 3416 3284 3470 homines
3312 3425 3438 3468 ante
3463 3412 3700 3485 praevari-

2157 3511 2423 3566 cationem
2447 3509 2512 3563 de
2531 3508 2802 3563 fructibus
2812 3506 3041 3576 paradisi
3066 3506 3423 3574 corporaliter
3443 3503 3701 3559 comedisse

2153 3601 2527 3671 perhibentur.
2548 3597 2686 3653 Mss.
2713 3597 2967 3666 Quisquis
2992 3596 3104 3649 vult
3135 3596 3179 3628 "
3207 3605 3262 3650 et
3291 3605 3492 3665 potest,
3519 3607 3706 3660 respon-

2157 3694 2281 3748 deat
2313 3710 2327 3746 :
2361 3691 2493 3746 mihi
2517 3700 2694 3745 autem
2724 3699 2777 3744 et
2807 3688 2922 3752 tibi,
2951 3688 2993 3742 si
3018 3687 3210 3757 placet,
3241 3687 3494 3750 solliciat,
3521 3693 3703 3739 senten-

2159 3784 2260 3837 tias
2288 3790 2598 3838 sanctorum
2619 3778 2840 3834 Patrum
2866 3780 2931 3833 de
2951 3777 3335 3833 constitutione
3360 3776 3583 3830 hominis
3604 3782 3707 3825 ante

2157 3882 2434 3946 peccatum
2462 3873 2663 3942 legere,
2687 3881 2760 3933 ct,
2793 3870 2921 3939 quid
2943 3869 3307 3939 unusquisque
3330 3882 3515 3923 eorum
3546 3861 3705 3926 voluit,

2158 3973 2313 4017 cauta
2340 3977 2404 4016 ac
2426 3961 2663 4030 diligenti
2700 3959 3047 4028 inquisitione
3072 3971 3354 4027 quaerere.
3383 3955 3527 4010 Lites
3554 3962 3707 4006 autem

2158 4054 2302 4108 inter
2333 4065 2428 4106 eos
2474 4050 2835 4112 constituere,
2882 4064 2988 4102 non
3034 4056 3113 4101 est
3152 4056 3426 4107 nostrum,
3469 4055 3554 4098 aut
3589 4045 3708 4097 lattue

2157 4140 2484 4194 constituere
2504 4178 2520 4205 ,
2560 4138 2701 4191 hunc
2737 4145 2917 4191 autem
2951 4134 3228 4197 refellere,
3257 4135 3510 4197 st-ientes,
3542 4141 3646 4202 past
3673 4129 3708 4161 ι’

2158 4239 2374 4284 sanctos
2398 4228 2678 4298 Apostolus
2703 4227 2906 4280 nullum
2940 4228 3079 4297 apud
3109 4226 3345 4281 Graecos
3373 4225 3533 4281 fuisse
3558 4227 3603 4276 in
3630 4238 3710 4276 et-

2157 4321 2514 4393 positionibus
2542 4319 2756 4374 divinae
2784 4318 3099 4387 Scripturae
3141 4318 3361 4385 majoris
3402 4314 3708 4372 auctoritatis

475 4417 748 4471 mortalea
787 4392 915 4473 vita.
946 4415 1174 4472 Proinde
1200 4418 1247 4471 si
1276 4392 1383 4472 non
1418 4428 1677 4488 peccasset
1716 4418 1904 4479 Adam,
1947 4433 2051 4470 non
2084 4412 2125 4467 Ι)
2154 4392 2417 4481 Gregorio
2472 4409 2748 4479 tlteologo,
2789 4408 2993 4462 nullum
3028 4407 3169 4477 apud
3213 4407 3486 4461 Romanos
3519 4392 3791 4467 Aureliot/

475 4514 588 4557 erat
608 4504 978 4575 exspolimdus
998 4522 1226 4576 corpore,
1253 4505 1341 4558 sed
1367 4506 1811 4575 supernestiendus
1839 4500 2055 4560 immr-

477 4592 679 4645 talitate
724 4601 771 4645 et
798 4593 1202 4662 incorruptione,
1234 4602 1292 4646 ut
1333 4594 1696 4648 absorberetur
1720 4595 1742 4627 ⁸
1765 4594 1982 4648 mortale
2010 4610 2052 4647 ιη

388 4717 400 4724 -
476 4690 604 4747 vita,
627 4680 685 4735 id
713 4689 786 4735 est
822 4681 887 4734 ab
911 4681 1128 4735 animali
1164 4682 1221 4737 in
1245 4682 1521 4752 spirituale
1558 4682 1824 4736 transiret.
1873 4681 2053 4752 Neque

476 4772 613 4826 enim
642 4770 971 4825 metuendum
998 4770 1118 4840 fail,
1150 4771 1376 4841 neforte
1397 4773 1593 4825 diutius
1615 4773 1698 4825 hic
1726 4773 1907 4825 viveret
1950 4774 1974 4806 ’
1998 4773 2052 4825 in

477 4874 692 4928 corpore
719 4857 954 4924 animali,
986 4870 1032 4914 et
1051 4861 1360 4915 "senectute
1378 4869 1703 4931 gravaretur,
1723 4868 1771 4912 et
1801 4858 2052 4927 paulatim

478 4949 840 5004 ueterascendo
885 4951 1169 5020 perveniret
1209 4950 1278 5005 ad
1325 4960 1562 5004 mortem.
1613 4948 1673 5004 Si
1724 4949 1860 5002 enim
1914 4947 2055 5002 Deus

481 5038 843 5094 lsraelitarum
902 5041 1215 5095 vestimentis
1264 5049 1313 5094 et
1358 5038 1725 5095 calceamentis
1775 5039 2054 5108 praestitit,

2157 4502 2479 4572 Augustino.
2505 4498 2569 4553 Et
2593 4500 2746 4569 quid,
2769 4498 2812 4555 si
2841 4498 2892 4552 iu
2921 4497 3023 4551 hac
3046 4498 3207 4552 veluti
3230 4497 3591 4552 controversia
3614 4507 3707 4547 ms-

2157 4607 2384 4664 gnorum
2428 4591 2663 4646 virorum
2703 4590 2970 4659 quendam
3007 4603 3325 4644 consensum
3367 4590 3587 4644 velimus
3612 4599 3707 4637 nta-

2156 4680 2385 4744 cbinari,
2417 4680 2681 4746 dicentes,
2710 4678 2835 4732 illttd
2864 4692 3078 4746 corpus,
3109 4676 3251 4747 quod
3289 4675 3577 4747 Gregorius
3598 4671 3707 4726 dicit

2158 4773 2338 4828 divina
2384 4771 2740 4842 praescieutia
2783 4777 3003 4840 propter
3043 4767 3282 4827 futurum
3321 4775 3596 4837 peccatum
3629 4762 3710 4815 ho-

2158 4863 2291 4919 mini
2347 4860 2875 4931 supermaehinatum
2924 4859 3267 4928 exteriusque
3320 4856 3625 4927 adjectum,
3665 4849 3709 4904 id

2156 4952 2329 5023 ipsum
2369 4953 2437 5007 ab
2468 4951 2770 5024 Augustino
2794 4952 3025 5007 animale
3056 4960 3305 5006 vocatum
3324 4989 3344 5013 ,
3368 4948 3603 5016 duasque
3628 4943 3708 4996 bo-

2159 5042 2321 5097 ntinis
2367 5043 2800 5105 constitutiones,
2853 5057 3010 5093 uuam
3061 5040 3272 5108 quidem
3327 5038 3395 5091 ad
3443 5032 3709 5105 istiaginem

1780 5173 2034 5229 VARIAE
2073 5172 2479 5229 LECTIOVES.

558 5340 574 5369 ³
604 5339 697 5390 ltoc
726 5352 838 5391 om.
878 5337 939 5389 Δ.

486 5407 677 5473 (inquit
706 5410 866 5475 om.).

454 5479 531 5530 ιΑ
556 5477 933 5531 absorbeatur.
1036 5476 1056 5508 ⁸
1089 5477 1180 5530 Sic
1220 5474 1306 5528 CF
1331 5490 1348 5540 ς
1385 5478 1429 5526 Δ
1476 5474 1708 5529 vivendo.

1024 5337 1049 5368 '
1083 5334 1172 5390 Sic
1196 5335 1323 5394 CF;
1366 5338 1406 5389 Α
1438 5334 1659 5388 editum.
1723 5333 1850 5387 ’Sic
1888 5330 1974 5388 CF
2000 5347 2018 5397 ;
2048 5330 2472 5387 Ascientissimo.
2537 5338 2559 5362 ⁸
2586 5329 2675 5385 Sic
2705 5327 2830 5392 CF;
2869 5333 2912 5382 A
2966 5326 3106 5394 Quid
3137 5325 3297 5393 igitur
3321 5318 3708 5397 respondebit}!

952 5406 1093 5459 'Sic
1135 5405 1221 5460 (3F
1247 5421 1263 5470 ;
1306 5407 1344 5456 A
1392 5406 1584 5473 fuerat.
1660 5404 1794 5459 ‘Sic
1840 5401 1966 5465 CF;
2015 5403 2059 5455 A
2110 5404 2442 5459 admonente.

1036 5476 1056 5508 ⁸
1089 5477 1180 5527 Sic
1220 5474 1348 5527 CF:
1385 5478 1429 5526 Δ
1476 5474 1708 5527 vivendo.
1823 5473 1865 5505 "
1885 5483 1934 5527 et
1979 5487 2092 5527 om.
2129 5474 2193 5526 A.
2284 5473 2325 5504 "
2355 5475 2442 5527 Sic

2542 5382 2670 5454 'Sie
2891 5397 2935 5451 Δ
2977 5382 3367 5464 ἶσςηοῖεἰηιιις.
3412 5382 3451 5465 ’ξ’
3485 5388 3576 5443 Sic
3601 5382 3710 5465 υξς

2284 5456 2627 5551 "alter;
2675 5472 2714 5522 Α
2768 5456 2974 5549 ηιῖνξια.
3056 5456 3458 5551 graec-apti:
3500 5456 3709 5551 ριιιῖέ,

559 5545 654 5621 ,ξίθ
784 5562 799 5609 ἱ
831 5530 1053 5621 wither:
1071 5547 1189 5621 et_A
1211 5561 1300 5621 ac.
1331 5530 1347 5540 ’
1365 5543 1408 5575 ¹⁸
1437 5547 1480 5621 Α.
1503 5555 1556 5598 ιιι
1584 5551 2046 5621 non-moreretur.

2150 5542 2170 5574 ¹
2195 5543 2286 5599 Sic
2311 5542 2354 5596 Α
2378 5559 2391 5602 :
2423 5540 2508 5598 CF
2536 5530 3007 5621 consummatione.
3085 5535 3132 5607 ’ξ
3151 5530 3243 5591 Sic
3272 5530 3357 5586 CF
3382 5546 3398 5597 ;
3428 5531 3471 5584 Α
3497 5534 3707 5581 tantam.

490 5613 531 5651 ⁸⁸
558 5613 649 5667 Sic
672 5612 797 5678 (EF;
832 5612 877 5669 Ἀ
907 5615 1168 5683 Quisquis
1204 5617 1368 5682 igitur
1396 5614 1527 5669 vult.
1627 5614 1723 5667 “A
1756 5622 1989 5678 praeter.
