3898 6154
246 263 351 319 805

1101 260 1190 316 DE
1228 258 1567 317 DlVlSlO‘NE
1607 256 1957 315 NATURAE.
1998 288 2048 299 -
2102 257 2305 316 LIBER
2343 259 2696 329 QUARTUS.

3414 263 3520 321 806

247 376 347 432 Dei
379 370 806 428 substantialiter
831 368 1050 435 factam,
1083 371 1306 425 alteram
1338 385 1468 425 vero
1498 372 1652 441 longe
1690 372 1829 427 ima-
1860 383 1906 439 Α
1936 386 2018 430 tus
2047 384 2123 431 est
2145 375 2199 430 in
2244 377 2399 430 corde
2426 393 2539 431 suo.
2570 377 2741 444 Quam
2784 378 2945 449 igitur
2984 377 3158 449 felices
3191 390 3335 434 erant
3364 382 3525 451 primi

240 465 374 538 gine
394 470 414 507 ι
453 465 762 528 diSIantem,
785 472 839 516 et
866 463 918 517 in
941 461 1236 517 masculum
1259 473 1313 517 et
1335 462 1588 518 feminam
1612 471 1832 533 propter

237 568 533 630 peccatum
557 558 806 618 divisam,
830 555 1147 626 Gregorium
1175 570 1279 609 non
1326 556 1583 619 tacuisse,
1624 570 1786 610 unam
1808 556 1832 588 '

240 663 378 704 vero
408 648 554 701 illam
595 647 649 700 in
679 644 976 701 masculum
1006 654 1065 699 et
1104 643 1359 699 feminam
1388 644 1698 713 bipertitam
1726 644 1836 699 Au-

236 738 526 811 gustinum
556 737 787 800 dixisse,
825 734 1052 791 alteram
1079 749 1239 817 vero,
1271 748 1411 803 quae
1440 734 1507 786 ad
1541 734 1832 803 imaginem

241 830 343 885 Dei
376 838 483 890 est,
507 828 762 897 omnique
787 843 920 883 sexu
947 834 1119 891 caret,
1143 826 1433 882 siluisse'?
1461 825 1600 894 Quid
1627 829 1695 880 ad
1722 841 1835 882 rem

239 919 563 991 pertinebit,
587 932 709 989 cum
737 915 1025 971 verisimile
1051 931 1156 971 non
1185 916 1430 970 videatur
1450 916 1515 971 de
1537 914 1838 986 Augustino

234 1009 562 1073 aestimare,
589 1024 707 1062 eam
738 1006 758 1037 ⁸
786 1005 1149 1061 conditionem
1177 1005 1413 1060 hominis
1453 1006 1521 1060 ad
1550 1005 1836 1075 imaginem

238 1101 340 1157 Dei
369 1100 740 1163 siluisse,eam
772 1112 1075 1167 vero,quae
1103 1097 1397 1151 secundum
1420 1096 1739 1167 Gregorium
1772 1096 1838 1151 ad

234 1191 656 1246 similitudinem
672 1190 1037 1259 iumentorum
1054 1187 1421 1258 insipientium
1442 1188 1635 1243 merito
1651 1188 1837 1244 inohe-

237 1280 489 1335 dientiae
514 1278 654 1333 facta
677 1288 784 1341 est,
813 1277 1152 1346 esplanassc,
1173 1275 1494 1345 praesertim
1521 1292 1666 1341 cum,
1689 1277 1840 1346 quis.

235 1372 372 1439 quis
408 1370 576 1423 libros
604 1369 722 1437 ejus
748 1368 1110 1438 perspexerit,
1134 1366 1474 1436 apertissime
1502 1368 1758 1429 inveniet,
1789 1367 1843 1420 in

236 1464 426 1534 primo
469 1462 688 1515 homine
725 1459 1024 1514 masculum
1067 1468 1123 1514 et
1169 1458 1424 1513 fetuinam
1456 1459 1523 1513 ad
1554 1459 1843 1527 imaginem

238 1555 342 1608 Dci
395 1553 571 1606 t‘artos
613 1550 797 1615 fuisse,
847 1550 1070 1619 ipsaque
1115 1547 1368 1604 animalia
1416 1563 1668 1618 corpora,
1705 1564 1846 1618 quae

236 1654 375 1698 ante
404 1651 690 1714 peccatum
732 1649 1110 1711 gestaverant,
1149 1656 1256 1696 nou
1298 1655 1364 1696 ex
1408 1655 1577 1711 poena
1613 1642 1842 1711 peccati,

1934 465 2191 531 homines,
2233 454 2282 520 et
2325 467 2485 521 nullis
2526 467 2865 537 agitabantur
2894 468 3371 538 perturbationibus
3411 474 3528 527 ani-

1935 570 2176 621 morum,
2226 556 2384 611 nullis
2437 573 2714 629 corporum
2766 559 3104 613 laedebantur
3143 561 3530 619 incommodis:

1936 655 2043 701 tam
2077 648 2205 717 felix
2235 650 2474 702 universa
2519 650 2738 703 societas
2767 659 2897 703 esset
2936 650 3199 714 humana,
3238 652 3283 705 si
3322 668 3413 705 nec
3449 651 3533 707 illi

1938 737 2157 802 malum,
2191 738 2332 807 quod
2371 739 2526 791 etiam
2563 739 2615 791 in
2653 752 2883 809 posteros
2922 739 3243 809 trajicerent,
3271 757 3361 796 nec
3388 742 3533 811 quis-

1936 843 2092 897 quam
2149 844 2214 881 ea:
2263 828 2307 861 ¹⁹
2360 844 2538 882 eorum
2578 830 2737 897 stirpe
2794 828 3116 900 iniquitatem
3156 832 3533 895 committeret,

1939 933 2074 984 quae
2118 918 2510 972 damnationem
2553 919 2819 987 reciperet.
2861 918 3028 989 Atque
3066 919 3165 973 ista
3201 931 3536 985 permanente

1943 1008 2212 1077 felicitate,
2237 1007 2402 1062 donec
2427 1026 2517 1080 per
2557 1009 2701 1063 illam
2735 1011 3159 1073 benedictionem,
3190 1026 3293 1080 qua
3314 1010 3534 1074 dictant,

1943 1108 2018 1153 est
2064 1112 2083 1149 :
2140 1096 2368 1153 Crescite
2417 1109 2467 1153 et
2515 1098 2978 1167 multiplicamini,
3028 1101 3537 1168 praedestinatcrum

1946 1187 2264 1243 Sanctorum
2294 1204 2539 1242 numerus
2565 1187 2931 1258 compleretur,
2964 1188 3070 1241 alia
3099 1189 3273 1259 major
3296 1190 3535 1254 daretur,

1942 1294 2077 1347 quae
2114 1278 2423 1331 beatissimis
2450 1277 2648 1347 angelis
2681 1277 2808 1331 data
2838 1288 2945 1341 est,
2982 1277 3069 1331 ubi
3086 1278 3197 1346 jam
3238 1287 3367 1332 esset
3395 1290 3539 1333 certa

1943 1367 2195 1422 securitas
2214 1377 2566 1437 peccatorum,
2604 1368 2959 1437 neminemque
2979 1368 3312 1434 moriturum,
3338 1379 3389 1423 et
3417 1371 3538 1425 talis

1944 1466 2077 1510 esset
2120 1457 2222 1509 vita
2272 1467 2575 1510 sanctorum
2623 1468 2736 1527 post
2797 1457 2999 1510 nullum
3048 1456 3267 1526 laboris,
3318 1459 3538 1521 doloris.

1946 1548 2130 1601 mortis
2166 1548 2606 1616 experimentum,
2641 1548 2813 1618 qualis
2846 1549 2956 1600 erit
2978 1557 3092 1615 post
3124 1549 3253 1602 haec
3282 1549 3456 1605 omnia
3484 1551 3542 1605 in

1948 1640 2338 1707 incorruptione
2362 1654 2638 1709 corporum
2667 1639 2870 1692 reddita
2907 1641 3281 1694 resurrectione
3305 1653 3542 1696 mortuo—

237 1738 341 1792 sed
373 1753 438 1790 ex
468 1735 795 1790 necessitate
835 1743 1063 1789 naturae
1105 1733 1462 1804 processisse,
1494 1733 1560 1786 ad
1588 1746 1842 1802 procrca-
1880 1750 1921 1809 Β
1951 1746 2088 1813 rum.
2140 1729 2285 1785 Idem
2320 1730 2374 1784 iu
2418 1733 2608 1785 eodem
2652 1732 2909 1798 viccsynu
2955 1733 3144 1803 quinto
3183 1734 3229 1768 ⁸³
3262 1736 3495 1805 capitulo
3524 1753 3538 1789 :

238 1830 454 1881 tionem
494 1826 745 1880 videlicet
782 1825 1167 1895 praedestinati
1208 1835 1524 1879 sanctorum
1565 1824 1843 1879 hominum

238 1916 490 1983 numeri,
505 1925 560 1970 et
582 1914 827 1971 societati
857 1913 1131 1984 angelicae
1151 1906 1503 1968 beatitudinis
1518 1928 1584 1968 ex
1607 1914 1845 1967 humana

236 2016 450 2063 natura
478 2006 769 2071 adunandi,
788 2007 958 2061 donec
978 2005 1231 2061 caelestis
1254 2006 1442 2060 civitas
1468 2007 1667 2060 sanctis
1699 2007 1720 2037 '
1746 2023 1844 2059 an-

239 2100 384 2170 gelis
404 2099 717 2168 sanctisque
732 2097 1039 2153 hominibus
1053 2097 1401 2166 impleretur?
1416 2096 1520 2151 Sed
1538 2097 1721 2150 mirari
1739 2113 1844 2151 non

239 2192 575 2255 desino,cur
590 2189 714 2243 illud
729 2194 923 2258 corpus
937 2187 1171 2259 appellat
1186 2188 1461 2255 animale',
1480 2188 1620 2258 qttod
1637 2188 1848 2257 magnis

236 2278 506 2333 laudibus
540 2278 739 2333 exaltat
784 2286 1043 2348 tanquam
1081 2277 1366 2347 spirituale
1406 2287 1569 2347 atque
1606 2276 1843 2332 beatum.

236 2371 482 2426 Beatum
507 2380 684 2426 autem
701 2369 869 2425 fuisse
891 2381 1016 2425 ante
1040 2369 1297 2423 delictum
1322 2369 1408 2423 ille
1436 2369 1549 2439 ipse
1572 2369 1624 2423 in
1651 2377 1847 2438 quarto

237 2464 465 2518 decimo
496 2462 633 2518 lihro
655 2463 719 2518 de
746 2462 978 2517 Civitate
999 2462 1094 2518 Dei
1124 2470 1355 2518 testatur
1370 2446 1585 2539 decimo
1610 2439 1881 2541 capiam—il

238 2556 473 2612 dicetis:
499 2555 604 2611 Sed
618 2565 794 2609 utrunt
808 2541 1007 2622 primus
1024 2554 1177 2608 homo
1195 2552 1273 2608 vel
1285 2554 1441 2624 primi
1456 2555 1706 2618 homines,
1722 2554 1847 2606 duo-

237 2664 362 2701 rum
381 2656 502 2702 erat
518 2647 701 2717 quippe
716 2646 1040 2717 conjugium,
1058 2646 1311 2699 habebant
1328 2646 1452 2699 istos
1468 2646 1708 2715 a/Iectus,
1726 2632 1848 2699 con-

237 2737 631 2806 cupiscentiam
655 2735 886 2806 profecto
907 2745 954 2789 et
977 2734 1251 2796 laetitiam,
1267 2736 1502 2787 timorem
1524 2744 1569 2787 et
1593 2733 1845 2798 dolorem,

235 2846 295 2882 sn
328 2845 560 2898 corpore
592 2828 812 2882 animali
855 2838 973 2882 ante
1002 2837 1302 2897 peccatum,
1340 2824 1519 2894 quales
1545 2825 1599 2877 in
1632 2839 1849 2893 corpore

235 2916 526 2973 suirituali
555 2934 656 2971 non
688 2917 991 2972 habebimus
1022 2918 1163 2971 omni
1196 2927 1415 2985 purgato
1455 2915 1705 2984 ﬁnitoque
1733 2932 1849 2984 pec-

234 3021 391 3073 cato,
428 3025 536 3061 non
567 2996 824 3062 immerite
855 3007 1145 3079 quaeritur.
1172 3004 1230 3060 Si
1256 3006 1392 3058 enim
1416 3003 1689 3066 habebant,
1720 3020 1849 3074 quo-

1962 1816 2169 1873 l’ivebat
2192 1821 2366 1889 itaque
2388 1821 2540 1873 homo
2568 1821 2621 1874 in
2652 1821 2921 1890 paradiso,
2952 1825 3085 1875 sicut
3114 1822 3333 1889 volebat,
3356 1841 3548 1894 quant-
3588 1856 3597 1861 -

1947 1908 2039 1962 diu
2077 1910 2175 1962 hoc
2210 1909 2441 1972 volebat,
2481 1911 2621 1980 quod
2663 1910 2802 1965 Deus
2830 1912 3063 1979 jusserat
3085 1931 3105 1979 ;
3145 1915 3336 1968 virebat
3358 1915 3541 1985 fruens

1950 1997 2077 2065 Deo,
2103 2016 2168 2054 ex
2195 2016 2297 2070 quo
2337 2001 2469 2054 bono
2507 2011 2618 2054 erat
2652 2002 2853 2067 bonus;
2894 2004 3092 2057 virebat
3132 2006 3244 2059 sine
3273 2004 3382 2059 ulla
3422 2023 3541 2076 ege-

1946 2097 2099 2157 state,
2150 2092 2226 2145 ita
2284 2108 2486 2163 semper
2528 2094 2692 2147 virere
2742 2093 2935 2148 habens
2977 2094 3032 2149 in
3072 2107 3342 2166 potestate.
3383 2096 3543 2152 Cibus

1947 2181 2162 2245 aderat,
2204 2198 2267 2235 ne
2294 2183 2552 2246 esuriret;
2585 2192 2767 2247 potus,
2807 2199 2871 2237 ne
2915 2184 3116 2250 sitiret;
3150 2187 3347 2257 lignum
3376 2190 3541 2253 vitae,

1950 2285 2013 2323 ne
2048 2270 2198 2324 illum
2249 2282 2455 2325 senecta
2508 2271 2848 2325 dissolveret:
2901 2272 3050 2327 nihil"
3087 2280 3437 2346 corruptionis
3486 2281 3544 2334 itt

1948 2375 2184 2429 corpore,
2212 2360 2288 2414 ται
2316 2377 2381 2414 ea:
2412 2377 2627 2427 corpore
2656 2362 2795 2416 ullas
2837 2365 3101 2419 molestias
3134 2367 3256 2422 ullis
3286 2369 3399 2438 ejus
3420 2388 3544 2424 sen-

1948 2450 2090 2503 sibus
2132 2450 2419 2518 ingerebat.
2464 2449 2662 2505 Nullus
2701 2452 3011 2507 intrinsecus
3064 2456 3308 2522 morbus,
3365 2460 3543 2514 nullus

1946 2542 2080 2594 ictus
2095 2542 2764 2599 metuebaturextrinsccus.
2784 2544 3002 2601 Summa
3018 2549 3069 2602 in
3084 2566 3241 2604 carne
3252 2554 3473 2619 sanitas,
3489 2557 3547 2610 in

1947 2633 2122 2686 animo
2149 2643 2257 2685 tota
2287 2634 2665 2705 tranquillitas.
2682 2633 2828 2690 Sicut
2845 2638 2896 2689 in
2911 2638 3158 2707 paradiso
3176 2640 3352 2696 nullus
3368 2656 3546 2698 aestus

1948 2731 2037 2773 aut
2059 2721 2247 2792 frigus,
2272 2724 2345 2776 ita
2370 2724 2423 2776 in
2447 2723 2562 2793 ejus
2586 2724 2879 2778 habitatore
2898 2725 3045 2780 nttlla
3072 2743 3136 2781 ex
3162 2730 3447 2797 cupiditate
3467 2732 3545 2786 vel

1947 2812 2072 2881 er“
2098 2815 2284 2867 timore
2307 2814 2580 2868 accedebat
2612 2818 2778 2869 bonae
2815 2816 3101 2871 voluntatis
3126 2820 3362 2890 offensio.
3395 2822 3546 2877 Nihil

1949 2905 2157 2957 omnino
2174 2905 2340 2967 triste,
2358 2905 2487 2958 nihil
2502 2915 2611 2958 erat
2629 2906 2854 2960 inaniter
2867 2907 3083 2973 laetum,
3101 2912 3353 2979 gaudium
3370 2904 3545 2969 verunt

1948 2992 2353 3063 perpetttabatur
2378 3010 2443 3048 ex
2471 2994 2595 3058 Deo,
2626 2995 2679 3047 itt
2704 3010 2854 3064 quem
2885 2998 3145 3067 ﬂagrabat
3171 3001 3369 3055 caritas
3400 3003 3462 3057 de
3500 3004 3546 3035 ⁸⁵

238 3098 410 3153 modo
437 3107 590 3151 erant
620 3096 756 3150 beati
786 3098 839 3150 itt
866 3095 957 3149 illo
985 3094 1311 3149 memorabili
1346 3093 1678 3146 beatitudinis
1708 3092 1843 3159 loco,

1951 3082 2107 3136 corde
2147 3098 2303 3153 puro,
2350 3093 2396 3136 et
2443 3084 2759 3138 conscientta
2804 3085 2971 3148 bona,
3012 3097 3060 3140 et
3099 3088 3205 3157 ﬁde
3253 3103 3357 3143 non
3395 3093 3542 3161 ﬁcta.

237 3191 297 3245 id
327 3200 432 3253 est,
460 3189 712 3259 paradiso
734 3189 759 3242 .’
785 3187 913 3253 Quis
934 3188 1144 3241 tandem
1168 3186 1402 3240 absolute
1422 3185 1527 3238 dici
1548 3185 1727 3239 beatus
1751 3202 1846 3254 po-

239 3292 341 3337 test
372 3324 390 3347 ,
444 3282 538 3351 qui
587 3282 775 3334 timore
821 3280 1064 3350 aﬂicitur,
1114 3276 1190 3332 vel
1234 3277 1455 3333 dolare?
1488 3275 1627 3342 Quid
1677 3288 1850 3331 autem

239 3375 437 3428 timere
460 3381 556 3425 aut
594 3371 770 3426 dolere
806 3380 1044 3440 poterant
1090 3369 1170 3424 illi
1212 3370 1445 3423 homines
1493 3371 1547 3423 in
1586 3378 1853 3422 tantorum

238 3473 402 3516 tanta
450 3461 720 3533 aﬂuentia
760 3461 1034 3521 bonorum,
1066 3459 1155 3512 ubi
1194 3476 1285 3513 nec
1325 3475 1465 3513 ntors
1506 3457 1847 3521 metuebatur,

243 3552 492 3606 nec'ulla
525 3553 755 3622 corporis
779 3552 919 3606 ntala
942 3551 1205 3614 valetudo,
1230 3567 1320 3605 nec
1348 3551 1527 3605 aberat
1549 3552 1851 3622 quicquam,

240 3643 392 3713 quod
415 3645 558 3694 bona
580 3644 817 3696 voluntas
839 3660 941 3696 non
967 3642 1362 3711 adipisceretur,
1390 3657 1482 3695 uec
1506 3644 1692 3705 inerat,
1714 3641 1855 3712 quod

240 3749 470 3786 carnem
497 3732 792 3785 animumve
812 3733 1036 3786 hominis
1060 3732 1279 3801 feliciter
1304 3733 1518 3786 viventis
1534 3732 1813 3802 offenderet
1831 3731 1857 3784 .’

243 3821 420 3874 Amor
446 3830 565 3873 erat
592 3821 994 3889 imperturbatus
1016 3821 1071 3874 in
1100 3820 1288 3885 Deum,
1315 3831 1468 3891 atque
1495 3821 1631 3874 inter
1649 3837 1703 3874 se
1726 3838 1852 3874 con-

238 3928 443 3983 )ugum
473 3911 589 3979 ﬁda
611 3927 672 3964 ac
701 3912 722 3943 ⁷
755 3912 957 3965 sincera
980 3913 1225 3967 societate
1252 3912 1551 3976 viventium,
1592 3923 1639 3967 et
1662 3930 1726 3967 ex
1759 3913 1855 3967 hoc

247 4018 441 4056 amore
459 4001 664 4071 grande
682 4003 957 4073 gaudium,
981 4020 1084 4057 non
1106 4003 1401 4069 desistente,
1421 4003 1562 4075 quod
1580 4005 1858 4057 amabutur

244 4095 321 4149 ad
356 4094 672 4165 fruendum.
717 4095 849 4150 Erat
888 4097 1137 4151 devitatio
1182 4097 1468 4168 tranquilla
1506 4097 1725 4170 peccati,
1752 4112 1857 4164 qua

246 4195 511 4239 manente
535 4185 736 4239 nullum
754 4187 968 4242 omnino
990 4187 1232 4242 alicunde
1258 4188 1280 4218 ⁸
1306 4188 1527 4254 malum,
1553 4188 1693 4259 quod
1736 4204 1857 4241 con-

248 4277 500 4331 tristaret
534 4273 578 4340 ',
627 4262 882 4331 irruebat.
924 4278 1007 4330 An
1046 4276 1182 4346 forte
1224 4276 1498 4348 cupiebant
1540 4277 1858 4346 prohibitum

249 4365 468 4435 lignum
494 4366 565 4417 ad
590 4366 898 4419 vescendum
921 4367 1236 4438 contingere,
1261 4365 1352 4420 sed
1382 4367 1515 4418 mori
1539 4365 1857 4431 metuebant,

1951 3173 2117 3242 Atque
2143 3173 2278 3227 inter
2309 3189 2364 3227 se
2397 3173 2676 3244 conjugum
2704 3174 2814 3242 ﬁda
2838 3186 2885 3229 et
2921 3193 2986 3230 ea:
3022 3177 3237 3231 honesto
3262 3196 3439 3234 amore
3466 3199 3548 3234 so-

1952 3264 2134 3327 cietas,
2166 3280 2381 3317 concors
2404 3264 2592 3318 mentis
2633 3266 2965 3336 corporisque
2993 3268 3195 3337 vigilia,
3219 3278 3269 3323 et
3308 3271 3547 3327 mandati

1951 3354 2064 3408 sine
2094 3354 2271 3408 labore
2290 3354 2551 3409 custodia.
2582 3350 2703 3408 Non
2725 3354 2985 3409 lassitudo
3007 3356 3268 3427 fatigabat
3297 3360 3544 3423 otiosum.

1955 3462 2059 3499 non
2105 3458 2334 3498 summus
2386 3444 2646 3514 premebat
2691 3445 2928 3515 invitum.
2971 3444 3040 3500 In
3093 3457 3242 3501 tanta
3290 3448 3549 3518 facilitate

1956 3552 2130 3591 rerum
2159 3545 2206 3589 et
2230 3520 2479 3605 felicitate
2503 3536 2774 3591 hominum
2802 3538 2959 3603 absit,
2986 3550 3040 3591 ut
3069 3541 3411 3608 suspicemur,
3441 3557 3548 3595 non

1954 3628 2182 3698 potuisse
2222 3627 2419 3698 prolem
2457 3629 2560 3682 seri
2595 3627 2641 3671 ⁸⁸
2688 3630 2800 3683 sine
2834 3629 3065 3685 libidinis
3106 3632 3304 3694 morbo,
3348 3634 3441 3687 sed
3485 3650 3546 3686 eo

1955 3718 2237 3773 voluntatis
2276 3729 2406 3772 nutu
2440 3730 2769 3774 moverentur
2795 3723 3023 3775 membra
3062 3722 3179 3787 illa,
3215 3740 3316 3792 quo
3352 3734 3548 3792 cetera,

1956 3818 2007 3862 et
2050 3812 2162 3883 sine
2216 3810 2425 3865 ardoris
2481 3811 2780 3866 illecebroso
2835 3814 3070 3878 stimulo,
3127 3832 3246 3869 cum
3288 3818 3547 3888 tranquil~

1958 3906 2105 3960 litate
2160 3906 2321 3959 animi
2363 3917 2411 3961 et
2456 3908 2718 3978 corporis,
2761 3906 2907 3960 nulla
2952 3911 3288 3978 corruptione
3334 3911 3550 3979 integri-

1946 4001 2103 4063 tatis,
2165 3992 2530 4069 infunderetur
2573 3998 2767 4068 gremio
2824 3999 3044 4053 maritus
3100 4001 3301 4053 uxoris.
3362 4000 3548 4055 Vides-

1961 4103 2058 4153 ne,
2108 4096 2368 4159 quautum
2437 4087 2652 4151 laudat,
2702 4094 2964 4157 quantum
3008 4084 3277 4156 glorilicat
3318 4088 3549 4144 felicita-
3592 4082 3599 4087 ’

1922 4206 1926 4211 -
1963 4186 2068 4232 tem
2100 4178 2378 4246 utriusque
2405 4191 2568 4231 sexus
2596 4177 2646 4230 in
2677 4178 2929 4246 paradiso
2958 4187 3081 4232 autc
3119 4179 3546 4249 praevaricatio-

1964 4284 2105 4332 nem,
2139 4251 2300 4339 quam
2330 4277 2551 4324 sanctae
2588 4269 3150 4341 incontaminataeque
3189 4274 3409 4343 nuptiae
3449 4274 3547 4330 lle-

1964 4367 2104 4424 rent,
2133 4357 2309 4430 qualis
2334 4373 2485 4413 amor
2508 4358 2990 4428 irrepreliensiliilis
3016 4359 3303 4433 conjugum
3321 4372 3376 4418 et
3402 4362 3550 4420 iuse-

251 4469 318 4507 ac
337 4469 441 4523 per
475 4453 575 4505 hoc
611 4460 659 4506 et
700 4454 961 4523 cupiditas
984 4464 1031 4507 et
1070 4464 1236 4508 metus
1255 4455 1371 4525 jam
1407 4465 1529 4507 tunc
1553 4453 1669 4508 illos
1696 4455 1858 4508 homi-
1892 4441 1938 4499 Ι)
1962 4451 2223 4522 parabilis
2243 4449 2494 4513 societas,
2516 4465 2678 4519 quam
2700 4449 2922 4520 pulchra
2937 4460 3248 4506 sanctorum
3268 4440 3550 4509 hominum

251 4557 349 4595 nes
377 4542 550 4594 etiam
572 4540 626 4593 in
654 4541 742 4594 illo
763 4542 1097 4610 perturbabat
1120 4543 1232 4597 loco
1252 4544 1279 4597 .’
1298 4543 1464 4608 Absit,
1491 4554 1542 4597 ttt
1565 4544 1663 4598 hoc
1684 4545 1863 4597 existi-

251 4646 469 4685 memus
494 4629 681 4695 fuisse,
697 4631 785 4684 ubi
798 4630 1001 4685 nullum
1021 4642 1131 4687 erat
1149 4635 1360 4688 omnino
1372 4647 1659 4705 peccatum.
1683 4630 1863 4703 Neque

251 4725 403 4778 enim
441 4720 649 4774 nullum
678 4732 945 4791 peccatum
974 4731 1071 4788 est,
1093 4742 1174 4786 ea,
1207 4743 1341 4797 quae
1370 4726 1454 4779 lea:
1486 4725 1583 4779 Dei
1609 4725 1861 4795 prohibet,

254 4813 672 4882 concupiscere,
701 4820 855 4881 atque
885 4812 926 4842 "
951 4813 1014 4865 ab
1046 4813 1126 4868 his
1157 4815 1414 4868 abstinere
1439 4815 1621 4868 timore
1644 4830 1859 4883 poenae,

248 4920 369 4957 non
398 4918 586 4956 amore
603 4902 869 4971 justitiae.
895 4902 1062 4968 Absit,
1087 4907 1323 4976 inquam,
1348 4915 1401 4959 ut
1428 4914 1549 4959 ante
1576 4922 1726 4960 omne
1745 4921 1862 4973 pec-

257 5007 455 5047 catum
475 4993 595 5063 jam
622 4994 693 5046 ibi
722 4993 881 5063 fuerit
906 4995 1012 5048 tale
1066 5005 1366 5062 peccatum,
1411 5005 1464 5050 ut
1497 4994 1592 5049 hoc
1622 4995 1685 5049 de
1718 4995 1859 5065 ligno

259 5086 575 5138 amitterent
604 5085 670 5149 ι’,
698 5085 835 5155 quod
855 5086 920 5139 de
942 5086 1159 5140 muliere
1200 5086 1335 5140 Deus
1357 5087 1468 5140 ait:
1497 5082 1560 5142 Si
1579 5086 1698 5154 quis
1725 5086 1863 5139 vide-

260 5175 336 5229 rit
366 5172 654 5227 mulierem
708 5174 777 5227 ad
822 5176 1289 5244 concupiscendum
1315 5192 1430 5230 eam
1466 5176 1587 5245 jam
1618 5176 1864 5229 moecha-

1966 4541 2292 4613 procreatio,
2320 4549 2376 4595 et
2401 4540 2454 4595 in
2483 4539 2942 4609 praedestinatum
2971 4555 3253 4596 numerum
3293 4543 3551 4614 multipli-

1965 4632 2128 4694 calin,
2168 4647 2331 4701 quam
2371 4640 2492 4700 post
2535 4631 2767 4700 paradisi
2814 4629 3123 4686 felicitatem
3164 4631 3218 4687 in
3254 4633 3551 4703 angelicam

1967 4722 2352 4777 beatitudinem
2386 4729 2704 4792 sequeretur
2728 4721 3031 4786 translatio,
3056 4731 3116 4777 ut
3143 4740 3248 4778 non
3279 4724 3553 4781 immerito

1969 4814 2091 4881 quis
2134 4814 2379 4876 miretur,
2429 4812 2700 4882 quomodo
2745 4813 2997 4867 animalia
3051 4829 3277 4885 corpora
3336 4817 3388 4871 in
3442 4826 3551 4871 tam

1966 4901 2178 4957 excelsa
2221 4900 2551 4957 beatitudine
2580 4903 2779 4957 vixisse
2824 4903 3080 4960 credibile
3115 4907 3203 4960 sit.
3236 4907 3380 4963 Disc.
3414 4905 3554 4962 Num

1969 4992 2108 5047 inter
2122 5007 2240 5057 nos,
2254 4991 2380 5045 dum
2398 4992 2439 5023 "
2455 4992 2521 5046 tle
2534 4993 2840 5049 conditione
2861 4994 3128 5051 humanae
3143 5005 3364 5053 naturae
3376 4996 3554 5067 dispu-

1972 5081 2241 5146 tabamus,
2269 5080 2571 5137 conlectum
2600 5092 2703 5149 est,
2730 5084 3089 5142 bominem’iu
3121 5100 3319 5159 genere
3343 5088 3553 5142 anima-

1972 5174 2102 5230 lium
2132 5175 2482 5230 substitutum
2528 5175 2718 5242 fuisse,
2753 5177 2862 5232 imo
2890 5179 3054 5270 etiam
3091 5181 3270 5235 omnia
3300 5178 3552 5234 animalia

1551 5303 1809 5360 VARIAE
1868 5300 2266 5359 LECTIONES.

345 5440 364 5497 ε
401 5436 503 5493 Sic
526 5437 643 5505 CF;
691 5438 737 5494 Δ
772 5438 837 5493 ab
877 5438 1128 5510 imagine.
1200 5439 1221 5471 ²
1252 5435 1346 5510 Sic
1373 5436 1491 5510 9F;
1520 5436 1566 5492 Δ
1591 5436 1784 5510 solum.

239 5507 288 5567 ..'
318 5514 431 5568 Sic
465 5512 551 5566 CF
574 5529 590 5578 ;
616 5515 662 5573 ,Α
689 5513 920 5566 animale
940 5507 1192 5581 appellat.

268 5584 359 5636 llF
430 5582 481 5613 ”
512 5576 603 5636 Sic
629 5583 755 5645 CF;
796 5585 839 5636 A
872 5576 1228 5635 admitterent.
1304 5579 1345 5611 ³⁸
1373 5595 1435 5631 ea:
1468 5592 1577 5631 om.
1604 5576 1710 5633 CF.

270 5655 318 5686 “
359 5653 469 5707 Sic
500 5651 581 5705 LF
608 5668 623 5716 ;
651 5655 690 5703 Α
723 5653 838 5716 [icri
914 5654 952 5682 ⁸⁷
978 5654 1068 5705 {Sic
1097 5649 1223 5715 CF;
1254 5651 1293 5702 A
1330 5666 1469 5702 cum.

1881 5434 1902 5466 ³
1934 5433 2024 5489 Sic
2048 5431 2163 5498 CF;
2190 5434 2232 5487 Α
2255 5434 2499 5490 tacuisse.

1278 5509 1295 5537 ⁷
1327 5507 1412 5562 CF
1447 5519 1519 5561 et.
1586 5509 1607 5539 ⁸
1634 5510 1722 5563 Sic
1752 5507 1838 5564 CF
1867 5522 1883 5571 ;
1913 5509 1956 5562 Α
1986 5508 2222 5562 aliunde.

1803 5578 1847 5609 ⁸³
1878 5578 1965 5632 CF
1997 5593 2102 5631 xxv
2131 5595 2146 5643 ;
2206 5580 2245 5633 Α
2289 5583 2531 5643 vicesimo
2561 5595 2729 5636 sexto.

2578 5434 2599 5468 ⁸
2628 5453 2743 5493 eam
2772 5452 2882 5493 om.
2912 5440 2977 5493 A.
3079 5439 3100 5470 '
3125 5435 3320 5492 sanctis
3347 5450 3457 5491 om.
3486 5439 3553 5493 Α.

2300 5511 2320 5543 ⁸
2342 5509 2435 5564 Sic
2466 5509 2592 5567 CF:
2628 5513 2670 5562 Α
2694 5512 3119 5562 contristaretur.
3188 5507 3229 5536 ⁸⁸
3258 5515 3543 5569 atquein».

2300 5583 2531 5631 vicesima
2561 5595 2729 5631 sexto.
2810 5582 2855 5610 "
2884 5592 2946 5629 ex
2982 5593 3092 5629 out.
3128 5574 3231 5631 LF.
3310 5573 3349 5603 "
3377 5577 3417 5627 Λ
3460 5589 3543 5631 ex.
