3898 6154
400 177 505 236 807

1783 172 2063 232 JOANMS
2103 175 2296 234 SCOTI

3533 171 3625 231 Μ

403 287 830 345 substantialiter
861 287 912 342 in
946 287 1035 341 illo
1065 292 1274 348 creata,
1327 299 1430 340 non
1477 284 1647 340 solum
1681 287 1820 354 quod
1857 301 1975 340 oms
2007 290 2052 348 Α
2084 285 2316 340 humana
2344 293 2534 340 natura
2585 284 2603 312 “
2635 284 2675 337 si
2729 295 2832 337 non
2888 292 3156 353 peccaret,
3209 281 3426 339 ouiuiuo
3466 286 3634 340 libera

405 379 550 432 nium
579 377 766 431 notitia
801 377 969 430 inerat
997 377 1065 438 ei,
1093 391 1273 430 verum
1299 375 1480 439 etiam,
1507 375 1627 443 quia
1655 375 1974 429 universitas

403 468 630 523 visibilis
662 449 724 520 ὀι
765 465 1044 543 invisibilis
1081 473 1364 519 creaturae
1401 464 1450 518 in
1497 479 1560 518 eo
1607 465 1819 519 condita
1861 464 1978 519 est?

401 561 541 614 MAG.
571 558 883 613 Confectum
914 556 1086 627 plane.
1123 558 1263 610 Dtsc.
1295 556 1429 622 Quid
1465 572 1596 626 ergo
1633 557 1862 620 mirum,
1891 555 1978 610 vel

398 666 501 704 cur
530 649 842 704 incredibile
887 649 984 709 sit,
1017 649 1059 702 si
1105 649 1336 702 humana
1367 663 1622 717 corpora,
1666 650 1976 718 priusquam

399 745 688 809 peccarent
736 737 790 790 in
846 737 1115 804 paradiso,
1179 735 1430 789 animalia
1490 735 1652 790 fuisse
1705 737 1975 801 dicantur,

403 845 538 899 quae
561 830 612 882 in
643 844 838 898 genere
866 829 1178 882 animalium
1206 831 1492 883 constituta
1517 829 1676 882 sunt?
1703 829 1743 882 Ε
1771 830 1976 883 duobus

400 921 594 988 quippe
621 935 782 973 unum
810 919 1008 987 eligere
1029 919 1173 988 cogit
1195 934 1293 972 nos
1317 919 1454 972 ratio
1481 937 1494 972 :
1525 929 1616 971 aut
1642 918 1784 972 enim
1810 934 1974 986 nega-

396 1009 575 1063 bimus
601 1009 819 1063 omnino
849 1009 900 1061 iu
935 1023 1131 1077 genere
1168 1008 1474 1060 animalium
1505 1008 1775 1061 conditum
1808 1007 1978 1061 homi-

396 1099 606 1162 nem,si
633 1098 876 1153 volumus
903 1112 1118 1167 negare,
1148 1099 1198 1151 in
1223 1111 1287 1151 eo
1312 1097 1543 1151 animale
1567 1113 1762 1166 corpus
1782 1095 1976 1161 fuisse;

399 1197 510 1253 aut,
544 1190 586 1242 si
620 1205 724 1242 non
749 1204 1033 1258 possumus
1060 1188 1385 1242 contendere
1409 1197 1463 1240 et
1490 1187 1775 1256 abuegare,
1802 1186 1975 1254 ipsum

394 1281 612 1350 quidem
638 1280 902 1348 quoddam
930 1279 1128 1332 animal
1170 1279 1222 1332 in
1259 1292 1455 1347 genere
1493 1278 1804 1331 animalium
1853 1276 1867 1306 ‘
1900 1277 1980 1330 fa-

400 1383 568 1436 etum,
598 1372 864 1440 quomodo
889 1371 1202 1442 negabinms
1220 1411 1234 1432 ,
1255 1369 1490 1424 animale
1515 1359 1710 1439 corpus
1732 1368 1978 1423 habuisse

398 1472 526 1516 aute
573 1471 874 1530 peccatum,
920 1471 994 1525 et,
1041 1461 1083 1514 si
1127 1477 1229 1515 non
1261 1466 1549 1530 peccaret,
1580 1461 1818 1530 potuisse
1861 1458 1976 1512 fieri

401 1551 650 1604 beatum?
682 1550 816 1604 Man.
851 1550 1017 1605 Acute
1046 1550 1261 1619 quidem
1289 1549 1706 1619 philosopharis.
1745 1548 1977 1602 Putasne

2078 383 2342 437 maneret,
2373 375 2820 443 quemadmodum
2849 373 3015 428 libera
3040 372 3216 427 futura
3251 380 3356 428 est.
3400 373 3507 430 Hoc
3544 389 3632 430 att.

2079 473 2184 519 tem
2219 464 2340 518 dico
2391 462 2709 534 Gregorium
2755 464 3052 534 Nyssaeum
3101 479 3352 533 sequens,
3380 467 3635 533 exposito.

2078 570 2298 623 remque
2330 556 2495 624 ipsius
2540 555 2849 617 Maximum,
2897 571 3000 610 non
3031 566 3212 609 autem
3261 556 3394 610 altos
3432 571 3637 614 sanetos

2078 643 2268 698 Patres
2298 644 2590 712 spiritualis
2619 644 2916 708 doctrinae,
2945 643 3176 714 qualiter
3225 644 3473 697 videntur
3519 661 3628 701 seu-

2078 734 2232 796 sisse,
2264 733 2531 792 refellens,
2563 735 2693 788 haec
2721 735 2897 787 omnia
2928 736 2991 788 ad
3023 735 3251 804 primam
3296 747 3352 790 et
3397 735 3636 791 substan-

2081 823 2256 877 tialetn
2285 823 2517 878 hominis
2545 825 2872 878 ereationem
2903 827 3173 892 pertinere
3197 835 3552 879 autumantes.
3578 825 3636 879 Et

2079 913 2124 968 si
2153 924 2202 968 te
2227 922 2420 974 movet,
2440 930 2605 983 quare
2629 913 2767 967 Deus
2793 914 2842 966 in
2869 915 3083 968 homine
3107 915 3314 978 fecerit,
3340 917 3635 985 priusquam

2077 1012 2347 1070 peccaret,
2366 1018 2504 1070 quae
2525 1010 2742 1071 pt‘tipter
2767 1014 3042 1071 peccatum
3069 1005 3207 1058 facta
3235 1015 3382 1070 sunt,
3412 1007 3638 1058 animad-

2079 1104 2248 1158 verte,
2277 1097 2416 1164 quod
2451 1095 2558 1148 Deo
2595 1095 2728 1148 nihil
2759 1107 2842 1148 est
2873 1105 3017 1159 ante,
3051 1097 3178 1150 nihil
3212 1106 3350 1166 post,
3395 1098 3481 1151 cui
3519 1098 3636 1150 nihil

2079 1188 2452 1253 praeteritum,
2486 1188 2614 1240 nihil
2645 1187 2905 1250 futurum,
2925 1188 3055 1243 nihil
3085 1192 3315 1244 tncdinm
3347 1192 3489 1246 inter
3508 1207 3638 1262 prae-

2082 1277 2297 1329 teritum
2327 1287 2380 1330 et
2407 1275 2665 1340 futurum,
2697 1281 2950 1348 quoniam
2983 1281 3078 1349 ipsi
3110 1283 3282 1334 omnia
3324 1283 3484 1335 simul
3510 1295 3634 1334 sunt.

2079 1365 2188 1420 Cur
2210 1382 2344 1436 ergo
2376 1383 2478 1419 non
2527 1368 2683 1421 simul
2718 1369 2936 1431 faceret,
2983 1386 3118 1437 quae
3159 1372 3400 1425 facienda
3449 1372 3638 1425 simul’

2081 1455 2295 1509 videbat
2321 1464 2375 1509 et
2397 1455 2646 1509 volebat?
2695 1455 2826 1510 Nam
2857 1475 2976 1511 cntn
3004 1459 3232 1513 dicimus
3279 1471 3403 1514 ante
3440 1471 3495 1514 et
3534 1469 3637 1530 post

2082 1555 2381 1614 peccatum,
2437 1547 2819 1618 cogitationum
2879 1558 3183 1602 nostrarum
3241 1549 3635 1605 mutabilitatem

393 1642 602 1710 itaque,
635 1641 794 1695 Deum
839 1639 996 1694 simul
1024 1641 1201 1720 omnia
1230 1640 1455 1695 fecisse?
1496 1641 1640 1693 Disc.
1673 1639 1782 1693 ιιιιο
1809 1641 1971 1693 credo
2004 1627 2046 1685 Β
2077 1647 2437 1690 monstramus
2464 1677 2478 1699 ,
2541 1638 2664 1690 dum
2721 1638 2896 1692 adhuc
2950 1637 3279 1706 temporibus
3316 1641 3589 1694 snbdimur
3620 1660 3631 1692 ;

394 1741 454 1785 et
496 1730 753 1802 intelligo.
782 1732 972 1787 Omnia
1009 1732 1293 1801 siquidem,
1324 1746 1461 1800 quae
1489 1741 1784 1799 temporum
1813 1731 1976 1785 inter-

405 1821 553 1875 vallis
594 1822 646 1875 in
697 1822 892 1876 mundo
937 1832 1253 1883 nascuntur,
1286 1821 1526 1875 simulet
1564 1819 1727 1874 semel
1761 1829 1815 1873 et
1852 1829 1976 1873 ante

404 1910 657 1963 mundum
705 1919 760 1964 ct
808 1925 932 1964 cum
975 1910 1173 1963 mundo
1223 1909 1360 1962 facta
1397 1921 1544 1978 sunt,
1582 1910 1824 1977 quamvis
1868 1923 1974 1962 non

399 1999 554 2053 simul
586 2015 680 2068 per
702 2001 720 2028 '
745 2000 956 2053 divinae
1006 2000 1372 2070 providentiae
1409 2001 1928 2054 administrationem
1951 1999 1972 2030 ³

403 2090 656 2142 mundum
695 2089 1020 2142 sensibiliter
1047 2088 1402 2158 aditnplcaut,
1433 2090 1525 2144 sed
1553 2089 1740 2143 ordine
1773 2101 1976 2158 tenipo-

404 2193 519 2230 rutn
540 2217 553 2241 ,
586 2176 811 2230 Domino
838 2177 1047 2230 dicente
1073 2195 1084 2230 :
1121 2175 1279 2230 I’ater
1316 2193 1457 2230 meus
1496 2193 1655 2245 usque
1679 2178 1829 2246 modo
1853 2193 1974 2246 ope-

401 2280 567 2330 ratur,
606 2277 652 2321 ct
690 2284 781 2337 ego
817 2284 1018 2336 operor.
1049 2268 1188 2322 ΜΑο.
1239 2267 1403 2324 Recte
1435 2270 1676 2324 intueris.
1710 2268 1845 2322 Num
1882 2268 1974 2322 tibi

394 2359 637 2423 videtur,
677 2359 817 2427 quod
858 2369 1135 2428 propterea
1184 2358 1323 2414 Deus
1366 2360 1633 2413 hominem
1681 2359 1732 2412 iu
1779 2373 1975 2428 genere

398 2449 709 2503 animalium
757 2448 964 2512 fecerit,
1012 2450 1133 2517 quia
1176 2449 1320 2503 illum
1360 2449 1664 2504 auimaliter
1708 2449 1973 2502 victurum

391 2542 688 2608 praescivit
710 2580 724 2605 ,
759 2540 918 2609 inque
951 2540 1353 2594 irrationabiles
1389 2541 1410 2570 ⁸
1457 2550 1633 2595 motus
1660 2555 1846 2594 eorum
1891 2555 1974 2593 re-

398 2629 525 2686 licta
546 2631 757 2686 divinae
783 2631 1030 2702 imaginis
1053 2631 1447 2700 pulchritudine
1462 2648 1523 2684 ac
1536 2631 1794 2700 dignitate
1818 2646 1974 2684 casn-

400 2721 556 2774 rum?
601 2722 746 2777 Disc.
791 2721 1092 2779 Verisimile
1127 2726 1358 2779 videtur.
1401 2724 1550 2780 Fecit
1583 2726 1726 2780 enim
1770 2723 1971 2788 futura,

398 2812 487 2879 qui
519 2810 646 2866 fecit
672 2813 851 2867 omnia
895 2814 1072 2868 simul.
1105 2813 1244 2870 MAG.
1282 2815 1544 2884 Quoniam
1591 2815 1751 2882 igitur
1781 2815 1845 2868 de
1876 2829 1972 2881 sua

388 2904 775 2971 ,praescituttia,
809 2920 944 2974 quae
975 2903 1084 2958 falli
1114 2923 1215 2960 non
1246 2916 1445 2976 potest,
1473 2907 1808 2961 certissimus
1827 2913 1968 2967 erat,

2077 1724 2187 1778 Deo
2209 1735 2386 1780 autem
2412 1727 2568 1780 simul
2601 1736 2750 1781 erant
2787 1736 2842 1781 ct
2875 1729 3075 1796 peccati
3109 1731 3468 1798 praescientia
3514 1732 3637 1800 ejus-

2075 1827 2179 1880 que
2208 1817 2612 1882 consequentia.
2663 1816 2876 1870 Homini
2900 1818 3183 1886 siquidem,
3220 1833 3323 1871 non
3352 1819 3484 1884 Deo,
3513 1821 3636 1876 futu-

2078 1919 2194 1958 rum
2230 1915 2347 1959 erat
2385 1915 2684 1974 peccatum,
2720 1916 2774 1961 et
2819 1909 3196 1976 consequentia
3245 1911 3454 1978 peccati
3497 1927 3635 1981 prae-

2075 1992 2234 2046 cessit
2263 2003 2540 2061 peccatum
2571 1995 2622 2047 in
2657 1995 2890 2058 homine,
2909 1997 3160 2065 quoniam
3187 2008 3242 2051 et
3266 1998 3441 2067 ipsum
3469 2016 3634 2068 pecca-

2078 2089 2188 2136 tum
2224 2085 2515 2152 praecessit
2543 2086 2584 2115 ¹⁰
2620 2087 2852 2155 seipsnm
2889 2089 2938 2140 iu
2970 2090 3154 2170 eodem
3179 2090 3391 2145 homine
3419 2094 3486 2146 ¹¹.
3516 2093 3633 2146 Mala

2074 2175 2266 2244 quippe
2295 2176 2558 2240 voluntas,
2585 2179 2724 2246 quod
2749 2188 2834 2232 est
2855 2190 3136 2247 peccatum
3176 2183 3473 2248 occultum,
3501 2201 3634 2254 prae.

2075 2266 2236 2318 cessit
2268 2266 2415 2346 vetiti
2447 2265 2650 2321 fructus
2668 2272 3060 2338 gustum,quod
3086 2280 3167 2324 est
3194 2284 3477 2341 peccatum
3500 2293 3633 2345 aper-

2077 2359 2207 2406 tmn.
2236 2353 2432 2406 Eadem
2459 2358 2663 2410 ratione
2704 2367 2878 2426 potest
2921 2359 3164 2429 intelligi,
3207 2364 3346 2428 quod
3387 2365 3630 2433 scriptum

2073 2455 2154 2496 est
2187 2461 2200 2496 :
2242 2443 2406 2498 Jacob
2445 2446 2626 2509 dilexi,
2651 2443 2794 2500 Esau
2825 2460 2996 2502 autent
3035 2451 3154 2503 odio
3189 2451 3364 2506 habui.
3402 2453 3634 2509 Nondum

2073 2531 2213 2585 enim
2249 2533 2525 2602 utriusque
2551 2535 2699 2589 malis
2719 2535 2798 2588 vel
2830 2537 2870 2567 ¹¹
2902 2539 3053 2590 bouis
3075 2539 3281 2593 actibus
3302 2545 3634 2611 perpetratis,

2074 2620 2124 2673 in
2156 2620 2342 2674 ordine
2374 2633 2672 2691 temporum
2699 2639 2884 2677 eorum
2918 2630 3303 2694 consequentia
3337 2630 3482 2683 facta
3526 2641 3638 2684 sunt

2076 2712 2126 2764 in
2154 2727 2240 2777 eo,
2273 2714 2323 2766 in
2359 2730 2462 2781 qtto
2496 2715 2818 2768 universitas
2853 2716 3008 2770 simul
3035 2727 3089 2771 et
3110 2734 3272 2771 unum
3300 2727 3382 2772 est
3415 2739 3428 2773 :
3466 2735 3637 2774 conse-

2072 2805 2289 2872 quentia
2317 2814 2491 2856 autem
2520 2806 2640 2858 dico
2661 2807 2995 2860 dilectionem
3027 2818 3076 2862 et
3105 2809 3304 2862 odium.
3339 2811 3453 2866 Hoc
3488 2813 3635 2864 etiam

2074 2895 2186 2964 ipse
2225 2895 2478 2963 magister
2523 2897 2855 2965 Augustinus
2908 2897 3112 2951 cdocet-
3255 2899 3636 2972 μακρῇ-,Μεί

3365 2959 3615 2968 ι--Α
3695 2955 3700 2962 ⁴

394 2991 592 3054 etiam,
638 2993 948 3062 priusquam
1009 2995 1167 3049 homo
1223 2968 1501 3063 p-eccarct,
1535 2996 1742 3064 peccati
1779 3010 1967 3050 come-
1999 2968 2042 3030 Ε
2077 2985 2234 3040 tertio
2266 2985 2474 3038 decimo
2508 2985 2742 3054 capitulo
2767 2986 2834 3039 de
2861 2985 3048 3055 primis
3086 2987 3389 3042 hominibus
3420 2968 3636 3042 Αἱρειῦ

394 3082 609 3148 quentia
643 3083 694 3136 in
722 3083 937 3138 homine
976 3094 1178 3138 etcum
1210 3085 1431 3138 homine
1459 3084 1616 3140 simul
1645 3084 1970 3149 concreavit,

398 3179 455 3222 ut
483 3186 582 3225 nec
628 3171 896 3227 immerito
934 3174 1264 3238 aestimetur,
1305 3187 1524 3237 eorum,
1563 3189 1699 3242 quae
1728 3172 1887 3226 simul
1918 3173 1971 3226 iu

400 3261 616 3314 homine
645 3259 781 3314 facta
800 3273 944 3326 sunt,
972 3264 1233 3328 quaedam
1260 3261 1472 3332 quidem
1495 3274 1715 3333 propter
1737 3264 1971 3316 divinam
2005 3334 2009 3337 ‘

391 3351 719 3418 "bonitatem,
741 3363 798 3408 ιιι
821 3363 943 3407 sunt
967 3355 1074 3419 illa,
1103 3355 1154 3408 iu
1179 3354 1371 3422 quibus
1402 3356 1577 3424 imago
1617 3355 1912 3409 conditoris
1951 3354 1972 3385 '

392 3439 738 3514 intelligitur,
775 3441 988 3498 animus
1016 3443 1263 3499 videlicet
1294 3453 1348 3498 et
1386 3446 1523 3498 ratio
1569 3459 1862 3512 sensusque
1892 3444 1971 3498 in-

392 3532 585 3597 terior,
615 3533 716 3596 vel,
751 3541 809 3585 ut
844 3533 914 3586 ita
941 3533 1137 3597 dicam,
1163 3533 1602 3597 essentia,virtus
1629 3543 1683 3587 et
1711 3533 1968 3604 operatio,

397 3622 661 3690 quaedam
713 3637 842 3676 vero
890 3632 1109 3690 propter
1150 3621 1402 3676 delictum
1445 3622 1766 3691 praeseitum
1810 3633 1972 3691 atque

397 3711 700 3764 certissime
732 3708 989 3764 futurum.
1029 3710 1190 3765 Multa
1219 3711 1362 3765 enim
1397 3714 1632 3780 praescit
1654 3712 1814 3778 Deus,
1840 3727 1967 3782 quos

399 3819 516 3857 rum
569 3821 672 3857 non
709 3813 793 3858 est
838 3819 998 3858 causa
1039 3805 1172 3874 ipse,
1223 3804 1348 3873 quia
1395 3805 1820 3859 substantialiter
1865 3821 1968 3859 non

397 3905 542 3948 sunt.
604 3895 696 3948 Est
744 3904 924 3968 autem
971 3897 1184 3962 sapiens
1226 3893 1396 3948 factor
1444 3902 1499 3948 et
1550 3895 1849 3959 ordiuator,
1905 3909 1970 3949 ne

399 3984 765 4038 universitatis
807 3984 1253 4053 pulchritudinem
1305 3984 1662 4052 perturbent,
1721 3992 1775 4037 et
1827 3982 1972 4038 solus

341 4137 350 4145 ,
398 4083 589 4143 potens
631 4084 710 4129 est
751 4075 815 4128 de
861 4074 999 4127 malo
1043 4073 1423 4127 irrationabilis
1465 4073 1754 4128 voluntatis
1794 4072 1974 4127 facere

398 4165 614 4218 bonum.
681 4163 821 4218 Haec
878 4173 1054 4216 autem
1126 4171 1250 4216 sunt
1320 4163 1726 4232 consequentia
1767 4162 1972 4232 peccati

401 4264 619 4324 propter
681 4264 1002 4324 peccatum,
1064 4253 1374 4322 priusquam
1437 4252 1586 4306 lieret
1653 4262 1968 4322 peccatum,

400 4347 468 4399 ab
511 4335 576 4400 eo
614 4344 656 4408 ⁸,
707 4346 858 4412 cujus
901 4344 1252 4413 praescieutia
1305 4357 1409 4396 non
1479 4339 1719 4408 fallitur,
1774 4342 1826 4396 in
1878 4341 1970 4396 ho-

406 4435 547 4490 mine
567 4444 622 4488 et
649 4450 772 4489 cum
801 4435 1018 4490 homine
1044 4432 1205 4486 veluti
1234 4433 1683 4503 extrahominem
1707 4447 1769 4486 ac
1791 4446 1972 4500 super-

403 4524 626 4577 addita:
657 4521 886 4576 animale
911 4522 1128 4592 quidem
1174 4535 1368 4590 corpus
1406 4531 1566 4591 atque
1611 4530 1881 4575 terrenum
1919 4528 1974 4574 et

403 4614 768 4684 corruptibile,
799 4629 957 4668 sexus
982 4623 1207 4683 uterque
1241 4629 1308 4669 ex
1365 4615 1606 4670 masculo
1659 4622 1714 4669 et
1752 4614 1971 4679 femina,

406 4704 696 4758 bestiarum
743 4704 1091 4759 similitudine
1147 4707 1536 4776 procreationis
1580 4706 1968 4776 multiplicatio,

406 4793 695 4863 indigentia
723 4793 826 4848 cibi
853 4803 906 4847 et
925 4803 1086 4863 potus
1127 4795 1530 4865 iudumeutique
1555 4795 1605 4860 ',
1638 4797 1970 4852 incrementa

405 4893 456 4938 et
479 4886 818 4938 decrementa
843 4885 1100 4951 corporis,
1126 4887 1296 4940 somni
1329 4900 1392 4940 ac
1422 4885 1722 4956 vigiliarum
1764 4887 1972 4941 alterna

405 4973 839 5044 iuevitabilisque
858 4977 1175 5041 necessitas,
1197 4985 1251 5030 et
1277 4976 1493 5041 similia,
1510 4976 1704 5046 quibus
1723 4977 1974 5033 omnibus

2074 3071 2140 3128 In
2177 3072 2378 3126 occulto
2400 3083 2572 3125 autem
2597 3073 2724 3126 muli
2748 3091 2857 3127 esse
2887 3084 3180 3144 coeperunt,
3215 3087 3266 3128 ut
3316 3076 3368 3128 in
3417 3090 3637 3145 apertam

2072 3163 2473 3216 inobedientiam
2499 3163 2814 3216 laberentur.
2855 3163 2972 3217 Non
3001 3167 3136 3218 enim
3171 3170 3240 3217 ad
3281 3165 3483 3219 malum
3523 3185 3637 3234 opus

2071 3256 2440 3325 perveniretur,
2470 3256 2570 3308 nisi
2610 3257 2968 3324 praecessisset
3015 3257 3254 3310 voluntas
3282 3258 3448 3311 mala.
3486 3257 3638 3313 Porro

2072 3347 2242 3399 malae
2267 3346 2549 3400 voluntatis
2576 3341 2780 3400 initium
2802 3350 2925 3418 quid
2941 3351 3104 3418 potttit
3123 3366 3231 3402 esse
3251 3351 3352 3403 nisi
3371 3351 3642 3419 superbia?

2072 3437 2292 3492 Initium
2322 3441 2458 3492 enim
2490 3441 2656 3492 omnis
2677 3440 2874 3509 peccati
2895 3442 3134 3509 superbia
3166 3452 3261 3495 est.
3300 3443 3378 3496 Ac
3413 3459 3514 3512 per
3553 3444 3641 3495 hoc

2073 3529 2230 3584 datur
2260 3530 2502 3600 intelligi,
2528 3530 2799 3583 hominem
2830 3541 3051 3601 peccato
3074 3547 3346 3600 nunquam
3375 3533 3637 3585 caruisse:

2071 3622 2208 3676 sicut
2248 3637 2521 3689 nunquam
2577 3621 2893 3690 intelligitur
2937 3621 3138 3690 absque
3183 3621 3425 3676 mutabili
3459 3621 3643 3696 ‘volun-

2075 3722 2183 3768 tale
2213 3712 2538 3766 substitisse.
2573 3710 2705 3765 Nam
2731 3721 2784 3764 et
2816 3712 2927 3779 ipsa
2954 3701 3341 3765 irrationabilis
3378 3712 3647 3765 mutabili-

2075 3813 2156 3858 tas
2185 3803 2383 3858 liberae
2408 3793 2717 3866 voluntatis,
2751 3800 2872 3872 quia
2916 3815 3076 3856 causa
3119 3802 3240 3856 mali
3282 3812 3385 3867 est,
3423 3801 3646 3857 nonnuls

2073 3893 2182 3948 lum
2234 3893 2430 3948 malum
2457 3909 2575 3948 esse
2608 3908 2826 3947 necesse
2848 3903 2947 3947 est.
2972 3893 3198 3947 Causam
3230 3894 3498 3961 siquidem
3532 3893 3646 3946 mali

2074 3986 2268 4040 malam
2302 4002 2402 4038 non
2431 4000 2567 4046 esse,
2593 3985 2713 4054 quis
2739 3985 2932 4039 audeat
2960 3985 3138 4038 dicere
3157 4027 3171 4047 ,
3217 3987 3645 4055 quandoquidem

2074 4077 2240 4130 libera
2277 4077 2520 4149 voluntas
2546 4077 2610 4128 ad
2636 4075 2934 4145 eligendum
2968 4076 3164 4129 bonum
3193 4077 3312 4129 data
3346 4077 3389 4108 "
3416 4079 3647 4147 seipsam

2075 4167 2323 4221 servilem
2357 4164 2483 4220 fecit
2508 4166 2571 4218 ad
2620 4167 2953 4234 sequendum
3001 4165 3234 4218 malum?
3281 4165 3436 4231 Quod
3489 4168 3648 4221 etiam

2073 4256 2402 4326 Augustinus
2453 4255 2751 4308 insinuasse
2812 4256 3024 4309 videtur
3073 4255 3136 4308 “.
3197 4255 3312 4309 Non
3364 4258 3510 4311 enim
3557 4258 3649 4315 ait.

2076 4347 2384 4400 vixithomo
2413 4347 2462 4398 in
2493 4345 2763 4414 paradiso,
2785 4344 2867 4397 vel
2892 4346 3115 4404 vixerat,
3150 4346 3283 4399 vixit
3303 4347 3488 4401 fruens
3518 4345 3643 4406 Deo,

2075 4435 2160 4489 vel
2183 4436 2411 4499 vixerat,
2432 4435 2564 4486 vixit
2587 4435 2704 4488 sine
2732 4434 2835 4486 ulla
2865 4444 3120 4503 egestate,
3157 4435 3236 4488 vel
3264 4436 3500 4488 vixerat.
3521 4433 3650 4490 Nam

2075 4525 2118 4580 si
2155 4525 2346 4578 talibus
2375 4524 2552 4579 verbis
2577 4527 2850 4594 praeteriti
2894 4525 2938 4556 ³⁸
2978 4536 3234 4586 uteretur,
3267 4525 3520 4581 fortassis
3549 4543 3650 4580 non

2077 4617 2368 4684 incongrue
2390 4615 2778 4685 intelligeretur
2805 4615 2846 4646 ⁸⁸
2874 4615 3067 4670 docere
3101 4610 3351 4680 voluisse,
3377 4617 3652 4672 hominem

2078 4707 2129 4762 in
2164 4707 2417 4777 paradiso
2453 4705 2744 4777 perfectam
2780 4707 3166 4762 beatitudinem
3203 4708 3320 4762 sine
3366 4706 3480 4763 ullo
3525 4721 3653 4777 pce-

2075 4805 2197 4852 cato
2233 4810 2327 4865 per
2350 4797 2524 4865 spatia
2566 4796 2828 4864 quaedam
2877 4797 3133 4865 temporis
3181 4795 3451 4851 habuisse.
3501 4794 3650 4850 Sed:

2083 4885 2690 4955 Vivebat,inqnit,liomo
2716 4885 2767 4936 in
2785 4884 3052 4952 paradiso,
3088 4884 3286 4937 vivebat
3317 4883 3504 4952 fruens
3526 4881 3654 4945 Deo,

2075 4978 2266 5032 vivebat
2298 4978 2336 5008 "
2368 4978 2478 5030 sine
2506 4975 2614 5030 ulla
2662 4987 2903 5046 egestate.
2935 4976 3012 5032 Ac
3062 4983 3109 5031 si
3151 4987 3335 5046 aperte
3381 4977 3594 5031 diceret
3638 4991 3652 5027 :

1673 5113 1927 5169 VARIAE
1965 5109 2361 5168 LECTIONES.

481 5254 610 5310 'Sie
637 5251 743 5319 CF;
769 5252 1028 5308 conditum
1057 5253 1312 5306 hominem
1349 5283 1419 5292 —
1437 5253 1743 5306 animalium
1766 5231 1876 5308 om.
1925 5253 1989 5306 Δ.

840 5323 860 5353 ³
892 5323 980 5372 Sic
1005 5322 1106 5375 CF'
1143 5324 1183 5373 Α
1212 5324 1478 5374 creatoris.
1581 5320 1603 5352 ⁸
1629 5339 1688 5375 eo
1711 5337 1821 5377 om.
1845 5323 1912 5376 AL

409 5325 761 5379 irrationales.

404 5388 429 5419 ⁹
447 5387 606 5439 simul
639 5403 724 5440 om
751 5389 812 5439 Α.

406 5458 446 5507 Λ
477 5468 590 5510 ant.
680 5455 726 5488 ¹⁸
756 5459 880 5508 data
901 5471 1012 5510 om.
1041 5455 1084 5505 Α

407 5523 492 5576 Cl"
524 5545 536 5590 -,
573 5527 615 5579 Δ
651 5525 703 5578 in
735 5529 1006 5594 paradiso,
1044 5523 1321 5577 ianabat
1346 5528 1512 5575 virere
1541 5525 1658 5577 sine
1686 5535 1790 5584 cet,

1983 5322 2004 5355 "
2044 5321 2434 5386 indumentiqae
2488 5338 2596 5374 om.
2628 5325 2690 5375 Α.

888 5385 932 5417 ¹⁰
961 5385 1053 5439 Sic
1073 5383 1210 5455 CF;
1237 5385 1728 5455 Agpraecesserunt.
1797 5387 1839 5416 “
1873 5387 1964 5438 Sic
1995 5386 2124 5452 (2F;
2165 5383 2414 5455 quoniam
2435 5397 2487 5440 et
2517 5389 2774 5454 ipsum—
2810 5391 3018 5442 homine
3042 5383 3156 5442 'om.
3198 5390 3262 5440 Α.

1178 5452 1223 5484 ⁸⁵
1242 5453 1326 5506 CF
1352 5454 1555 5506 videtur
1577 5453 1631 5504 in
1663 5455 1897 5508 inuasse.
1966 5457 2007 5485 "
2026 5452 2296 5524 praeteriti
2326 5473 2435 5511 om.
2472 5460 2538 5509 A.

2582 5253 2602 5284 ³
2635 5253 2675 5306 Δ
2729 5253 3200 5320 administratione.
3299 5258 3320 5283 ⁸
3351 5253 3440 5306 Sic
3467 5252 3580 5320 CF;
3613 5254 3652 5306 Α

2767 5321 2787 5353 ⁸
2819 5321 2909 5374 Sic
2938 5319 3053 5384 CF;
3083 5324 3124 5375 A
3151 5333 3339 5374 natura
3395 5319 3651 5374 humana.

2767 5415 2774 5426 -
2810 5391 3018 5437 homine
3045 5404 3156 5437 om.
3198 5390 3262 5437 Α.
3337 5390 3379 5418 ¹¹
3416 5387 3513 5437 Sic
3544 5385 3667 5437 (Ἐς

2615 5403 2774 5438 tm—
2810 5391 3018 5442 homins
3045 5404 3156 5442 om.
3198 5390 3262 5440 Α.
3337 5390 3379 5418 ¹¹
3416 5388 3513 5439 Sic
3544 5388 3669 5446 LF;

2615 5457 2657 5487 "
2689 5457 2777 5512 Sic
2803 5457 2910 5512 Cl".
2939 5475 2953 5524 ;
2986 5462 3049 5511 Δ.
3085 5457 3444 5526 ἱηιριιιθενςοιη.
3520 5454 3562 5486 ³⁷
3584 5455 3671 5505 διε

2088 5257 2112 5289 ⁸
2145 5270 2235 5320 per
2281 5267 2390 5307 om.
2420 5253 2482 5305 A.
