3898 6154
142 1124 255 1235 A"ll

256 381 279 386 -

1129 330 1218 388 DE
1256 329 1593 390 DIVISIONE
1632 332 1977 392 ΝΑτιιιιΑν..
2017 366 2085 376 -
2126 332 2324 390 ,λιιιΕῆ
2359 334 2708 403 QUARTUS.

3449 336 3551 395 εις

301 441 597 501 inchoabat
629 443 809 499 vivere
836 442 998 498 homo
1019 442 1071 497 in
1092 444 1368 514 paradiso,
1391 442 1682 499 inchoabat
1702 446 1899 501 vivere.
1911 451 1956 508 Λ
1987 462 2250 517 nunquam
2280 461 2396 499 cum
2420 440 2618 516 angelis
2657 445 2862 499 beatam
2897 443 3108 500 duxisse
3150 446 3331 512 vitam,
3362 449 3453 503 sed
3489 451 3557 505 ab

303 536 500 592 fruens
561 535 694 598 Deo,
738 535 1028 590 inchoabat
1072 536 1255 590 vivere
1308 536 1427 591 sine
1475 534 1583 590 ulla
1625 544 1884 605 egestate.

296 627 455 681 llaec
509 627 655 680 enim
701 624 911 695 species
947 624 1223 695 praeteriti
1269 626 1529 695 temporis
1559 625 1626 680 ab
1662 624 1769 689 his,
1796 624 1888 694 qui

297 732 596 772 vei-norum
626 717 1059 787 significationes
1077 726 1236 773 acute
1270 718 1627 787 perspiciunt,
1667 717 1889 772 inchoa-

298 807 339 856 ti
351 822 417 859 va
450 816 695 861 vocatur.
732 805 1132 860 inchoationem
1157 808 1353 877 quippe
1378 815 1432 861 et
1460 808 1757 876 auspicium
1789 823 1886 862 cu-

289 894 537 966 iuspiam
588 897 663 950 rei
721 896 1006 965 significat,
1038 910 1178 967 quae
1224 894 1339 964 jam
1381 899 1451 953 ad
1500 897 1897 968 perfectionem

295 984 453 1038 nullo
491 984 647 1037 modo
672 986 936 1054 pervenit.

376 1072 468 1127 15.
495 1072 646 1139 Quod
676 1076 862 1138 etiam,
894 1075 996 1129 hoc
1038 1085 1142 1140 est,
1190 1077 1338 1131 nullo
1381 1076 1660 1148 temporali
1713 1077 1889 1146 spatio

290 1165 512 1233 primos
573 1166 818 1220 homines
882 1166 1049 1223 fuisse
1073 1170 1162 1223 vin
1226 1172 1497 1240 paradiso,
1543 1170 1596 1224 in
1664 1186 1809 1225 nono
1866 1172 1885 1204 ί

290 1255 554 1311 Excuteri
581 1259 661 1312 sui
704 1259 818 1328 ipse
863 1260 1053 1315 edocet
1078 1263 1264 1317 dicens
1291 1281 1303 1316 :
1335 1262 1445 1318 Cur
1484 1280 1589 1318 non
1627 1242 1884 1330 coieruiit,

290 1349 405 1400 nisi
429 1365 546 1401 cum
574 1350 798 1404 exissent
824 1352 889 1404 de
904 1354 1153 1420 paradiso
1175 1354 1201 1406 .9
1227 1352 1342 1407 Cito
1365 1355 1664 1424 responderi
1692 1366 1887 1424 potest,

286 1443 424 1510 quia
454 1458 576 1495 mox
599 1452 776 1495 creata
808 1442 1045 1509 muliere,
1067 1447 1368 1515 priusquam
1397 1448 1616 1510 coirent,
1639 1445 1782 1515 facta
1810 1456 1886 1500 est

286 1529 392 1582 illa
422 1530 799 1597 transgressio,
832 1533 988 1602 cujus
1033 1535 1219 1587 merito
1253 1536 1306 1587 in
1358 1546 1573 1590 mortem
1617 1536 1883 1602 destinati,

284 1620 456 1671 etiam
496 1620 516 1650 ⁸
546 1620 614 1673 de
658 1620 772 1674 loco
809 1621 953 1674 illius
984 1623 1241 1690 felicitatis
1276 1626 1532 1679 exierunt.
1578 1625 1701 1680 Non
1746 1627 1884 1681 enim

283 1705 576 1778 Scriptura
601 1721 801 1780 tempus
823 1715 1092 1781 expressit,
1122 1726 1376 1781 quantum
1416 1715 1707 1784 interfuerit
1750 1728 1880 1771 tem-

1988 539 2106 606 ipsa
2136 554 2264 592 suae
2299 538 2609 592 conditionis
2635 536 2679 568 “
2707 537 2857 591 initio
2879 536 3146 601 cecidisse,
3168 554 3272 591 non
3308 539 3384 592 sic
3420 542 3559 595 acci-

1986 629 2233 698 piendum
2268 639 2364 695 est,
2390 639 2447 683 ut
2485 644 2589 683 non
2629 629 2842 698 propria
2895 627 3158 683 uoluntate
3207 629 3557 699 deprauatus,

1987 722 2077 776 sed
2102 721 2273 776 malus
2302 739 2334 775 a
2373 722 2507 775 bono
2534 718 2643 775 Deo
2664 730 2871 775 creatus
2908 724 3153 789 putetur;
3181 721 3412 791 alioquin
3451 739 3556 778 non

1988 812 2054 865 ab
2091 813 2241 866 initio
2274 811 2521 865 cecidisse
2553 810 2831 865 diceretur.
2858 809 3042 879 Neque
3067 812 3205 864 enim
3242 812 3446 874 cecidit,
3467 812 3557 866 sed

1988 900 2110 955 talis
2130 910 2206 955 est
2235 901 2443 970 factus;
2472 901 2569 955 sed
2594 900 2764 968 factus
2784 900 3028 955 continuo
3045 917 3100 954 se
3123 917 3155 953 a
3184 899 3298 955 luce
3334 902 3559 956 ueritatis

1987 986 2194 1054 avertit,
2215 990 2456 1059 superbia
2494 990 2724 1044 tumidus
2750 998 2799 1043 et
2841 990 3082 1058 propriae
3121 991 3386 1057 potestatis
3421 990 3562 1045 dele-

1987 1080 2211 1133 elatione
2268 1089 2563 1148 corruptus.
2612 1077 2763 1133 Unde
2820 1079 2999 1133 beatae
3034 1090 3187 1148 atque
3217 1079 3265 1145 ‘3‘
3299 1079 3562 1148 angelicae
3594 1130 3603 1137 ,

1987 1171 2121 1225 vitae
2156 1169 2481 1223 dulcedinem
2510 1184 2613 1223 non
2648 1169 2894 1237 gustavit.
2919 1184 3089 1238 quam-
3116 1184 3219 1222 non
3261 1168 3437 1233 utique
3473 1183 3563 1220 ae-

1987 1267 2186 1327 ceptam
2245 1258 2533 1327 fastidivit,
2575 1258 2667 1311 sed
2712 1257 2937 1311 nolendo
2981 1258 3212 1326 accipere
3251 1256 3476 1310 deseruit
3512 1266 3561 1310 et

1985 1350 2181 1403 amisit.
2206 1347 2438 1403 Proinde
2463 1364 2554 1402 nec
2586 1349 2668 1402 sui
2709 1364 2863 1402 casus
2903 1349 3168 1417 praescius
3215 1364 3325 1401 esse
3373 1347 3567 1414 potuit,

1986 1440 2233 1510 quoniam
2252 1438 2592 1509 praescientia
2622 1439 2664 1469 "
2688 1438 2898 1509 pietatis
2915 1446 2988 1492 est
3015 1438 3237 1506 fructus.
3268 1434 3368 1489 Ille
3390 1446 3563 1488 autem

1986 1529 2234 1584 continuo
2278 1528 2493 1597 impius,
2523 1536 2891 1598 consequenter
2933 1537 2981 1581 et
3021 1536 3189 1582 mente
3226 1538 3564 1587 caecus,,uon

1985 1636 2051 1675 ex
2075 1637 2157 1683 eo,
2178 1619 2318 1691 quod
2364 1628 2653 1689 acceperat,
2679 1620 2887 1684 cecidit,
2912 1619 3002 1672 sed
3045 1634 3109 1672 ea:
3145 1633 3224 1679 eo,
3250 1617 3388 1686 quod
3427 1613 3566 1668 acci-

1985 1720 2150 1780 peret,
2195 1712 2241 1766 si
2276 1710 2432 1765 subdi
2474 1710 2585 1764 Deo
2633 1709 2897 1765 voluisset.
2947 1707 3099 1774 Quod
3155 1708 3403 1777 profecto.
3437 1707 3577 1776 quia.

279 1800 437 1867 poris
484 1800 506 1830 ³
543 1801 680 1855 inter
708 1818 797 1856 eos
823 1801 991 1872 factas
1016 1813 1062 1857 et
1092 1820 1157 1857 ex
1180 1804 1253 1857 eis
1283 1814 1461 1858 natum
1491 1803 1645 1859 Cain.
1692 1804 1884 1860 Fuisse
1915 1806 1957 1865 Β
1987 1792 2173 1866 noluit,
2203 1813 2252 1857 et
2289 1802 2354 1856 ab
2380 1819 2461 1866 eo,
2483 1801 2622 1872 quod
2659 1810 2966 1871 accepturus
2995 1808 3127 1861 erat,
3164 1798 3370 1859 cecidit,
3398 1806 3444 1850 et
3473 1812 3565 1865 po-

282 1901 478 1943 autem
504 1888 526 1920 ‘
569 1890 740 1944 Adam
772 1892 1143 1961 temporaliter
1175 1895 1225 1948 in
1259 1894 1532 1964 paradiso,
1565 1895 1877 1966 priusquam

281 1980 353 2032 de
378 1990 535 2034 costa
568 1982 686 2051 ejus
708 1983 899 2037 mulier
921 1983 1299 2051 fabricaretur,
1323 1986 1470 2040 dicat
1504 1987 1596 2058 qui
1631 1987 1652 2019 ⁸
1678 1969 1876 2058 potest.

280 2072 531 2128 Proinde
564 2074 714 2144 plus,
739 2084 799 2129 ut
829 2076 1083 2139 arbitror,
1118 2078 1234 2132 laus
1262 2078 1349 2131 illa
1379 2079 1522 2133 vitae
1559 2079 1795 2134 hominis
1823 2079 1876 2135 in

278 2164 547 2232 paradiso
578 2162 857 2219 referenda
879 2173 962 2220 est
992 2167 1058 2219 ad
1088 2165 1323 2220 futuram
1353 2165 1471 2234 ejus
1522 2168 1544 2200 '
1586 2169 1776 2235 vitam,
1829 2168 1875 2224 si

277 2252 553 2308 obediens
592 2263 956 2323 permaneret,
986 2271 1147 2326 quam
1177 2258 1244 2309 ad
1267 2267 1566 2326 peractam,
1612 2273 1750 2325 quae
1789 2273 1874 2312 so-

277 2340 569 2397 ltnnmodu
600 2346 975 2410 inchoaverat,
1000 2361 1099 2400 nec
1123 2362 1359 2417 unquam
1390 2357 1637 2404 steterat.
1662 2349 1795 2403 Nam
1813 2330 1875 2405 Isi

277 2434 484 2490 saltem
515 2438 595 2489 vel
623 2453 786 2505 parvo
814 2438 988 2511 spatio
1015 2439 1279 2503 stetisset,
1304 2441 1612 2495 necessario
1657 2442 1725 2496 ad
1774 2442 1875 2496 ali-

276 2540 455 2599 quam
487 2527 875 2596 perfectionem
903 2531 1227 2598 perveniret.
1251 2532 1326 2586 Ac
1359 2547 1455 2601 per
1479 2532 1582 2587 hoc
1603 2532 1877 2603 praefatus

277 2617 551 2687 magister
577 2619 827 2673 fortassis
859 2635 962 2675 non
1002 2621 1206 2675 diceret
1244 2623 1477 2686 vivebat,
1503 2624 1597 2678 sed
1633 2626 1765 2691 vixit
1792 2626 1876 2681 vel

275 2708 504 2762 vixerat
546 2726 559 2762 :
613 2724 922 2779 quanquam
972 2711 1016 2765 si
1064 2712 1262 2766 talibus
1320 2714 1595 2782 praeteriti
1651 2714 1872 2785 perfecti

273 2808 333 2854 et
388 2799 676 2871 plusquam
728 2801 952 2872 perfecti
998 2805 1175 2858 verbis
1220 2813 1480 2868 uteretur,
1512 2806 1596 2861 vel
1648 2808 1691 2863 si
1741 2809 1877 2864 alias

274 2906 423 2946 usus
473 2902 576 2951 est.
608 2893 726 2962 plus
773 2896 1098 2971 crediderim
1149 2900 1498 2967 praeteritum
1543 2916 1641 2970 pro
1686 2901 1876 2958 futuro

273 2982 561 3050 posuisse,
588 2998 747 3050 quain
778 2993 980 3039 statum
1015 2986 1246 3042 hominis
1278 2989 1558 3058 temporali
1598 2991 1776 3061 Spatio
1818 2992 1871 3047 in

276 3072 547 3127 felicitate
596 3076 829 3143 paradisi
863 3086 994 3130 ante
1018 3088 1294 3145 peccatum
1324 3080 1573 3137 docuisse
1594 3122 1609 3141 .
1632 3099 1694 3137 ea
1726 3084 1875 3139 vide-

1981 1901 2218 1949 testatem
2240 1893 2403 1955 illius,
2425 1894 2521 1948 sub
2550 1909 2652 1965 quo
2677 1908 2788 1947 esse
2809 1891 2994 1954 noluit,
3022 1907 3125 1945 non
3150 1890 3334 1951 evasit,
3365 1888 3564 1957 factus-

1979 2000 2080 2050 que
2122 1985 2175 2038 iu
2212 1983 2303 2038 illo
2338 1993 2414 2040 est
2448 1985 2676 2055 pondere
2713 1983 3037 2042 meritorum.
3068 1990 3123 2034 ut
3175 1996 3267 2034 nec
3319 1979 3565 2049 justitiae

1978 2075 2140 2144 possit
2168 2074 2365 2129 lumine
2407 2074 2675 2135 delecrari,
2699 2088 2791 2126 nec
2812 2072 2875 2125 ab
2898 2071 3015 2141 ejus
3039 2070 3292 2124 sententia
3325 2067 3559 2122 liberari.
3615 2132 3619 2151 ἶ

1979 2166 2113 2221 ltem
2144 2166 2190 2198 ⁸⁸
2222 2166 2273 2220 in
2308 2166 2474 2233 ﬁgura
2499 2163 2759 2235 principis
2784 2161 2908 2234 Tyri
2936 2177 3032 2230 per
3056 2158 3390 2215 Ezechielcm
3432 2156 3563 2213 Pro-
3610 2198 3613 2235 λ

1978 2257 2422 2334 phetamdicitqr
2444 2256 2491 2311 ei
2520 2273 2535 2309 :
2571 2253 2649 2309 Tu
2671 2270 2725 2308 es
2744 2252 3071 2324 signaculum
3099 2248 3482 2311 similitudinis,
3510 2256 3561 2302 et
3616 2314 3619 2335 Ι

1979 2367 2171 2405 corona
2206 2351 2433 2415 decoris,
2473 2349 2533 2403 in
2568 2346 2767 2401 deliciis
2806 2344 3043 2415 paradisi
3082 2341 3178 2395 Dei
3215 2340 3388 2410 fuisti,
3418 2340 3565 2394 omni
3618 2344 3619 2361 ‘

1978 2441 2153 2509 lapide
2178 2442 2401 2508 pretioso
2428 2449 2646 2494 ornatus
2668 2454 2743 2502 es,
2771 2445 2825 2491 et
2849 2444 3049 2497 cetera,
3093 2447 3231 2503 quae
3268 2431 3422 2500 quasi
3451 2430 3563 2499 jam

1977 2531 2121 2585 facta
2146 2543 2271 2586 ante
2310 2531 2520 2585 ruinam
2551 2526 2747 2583 diaboli
2798 2526 3074 2581 dicuntur.
3121 2523 3191 2579 Et
3234 2521 3451 2591 quidem
3504 2520 3559 2575 in

1979 2621 2156 2675 divina
2185 2619 2583 2690 dispensatione
2621 2623 2778 2672 erant
2808 2615 2973 2677 facta,
2994 2628 3135 2684 quae
3161 2611 3214 2666 in
3242 2610 3355 2674 illo,
3383 2610 3428 2666 si
3451 2625 3561 2666 non

1977 2700 2182 2775 rueret,
2208 2722 2365 2768 erant
2394 2709 2662 2765 facienda.
2703 2709 2875 2764 Porro
2902 2709 2946 2763 si
2983 2708 3050 2762 de
3079 2706 3295 2763 diabolo
3334 2705 3558 2777 mystica

1977 2804 2277 2858 mutatione
2344 2812 2643 2873 temporum
2693 2800 2818 2854 talia
2879 2801 3318 2870 pronuntiantur,
3359 2805 3415 2853 et
3458 2810 3560 2850 nec

1976 2893 2134 2949 aliter
2187 2893 2468 2964 Scriptura
2517 2901 2664 2948 recte
2716 2891 3077 2961 intelligitur:
3115 2891 3244 2961 quid
3281 2889 3481 2952 obstat,
3511 2887 3558 2944 si

1974 2986 2162 3041 eodem
2194 2986 2352 3040 modo
2386 2986 2451 3040 de
2480 2985 2699 3040 homine
2742 2985 3121 3054 praedicetur,
3147 2984 3200 3038 in
3233 2982 3439 3038 deliciis
3469 2997 3559 3052 pa-

1976 3077 2141 3130 radisi
2172 3075 2333 3129 fuisse
2354 3084 2479 3129 ante
2506 3083 2813 3141 peccatum,
2862 3074 3026 3145 quod,
3058 3074 3101 3129 si
3135 3090 3241 3128 non
3281 3085 3552 3143 peccaret,

276 3163 417 3220 licet
464 3167 707 3229 ratione,
738 3176 796 3220 ut
847 3170 1303 3237 praedestinatum
1355 3173 1874 3244 praedelinitamque
1901 3158 1944 3220 (ἶ
1977 3165 2218 3239 [trilicem
2257 3167 2306 3221 εἰ
2354 3166 2526 3229 nerei.
2572 3166 2887 3236 Ρΐὶιθεεΐιῖῐη
2935 3181 3055 3220 cum
3087 3164 3228 3220 "una
3263 3165 3559 3219 aliam-i135

275 3253 679 3312 beatitudinem
709 3257 941 3314 hominis
969 3260 1019 3313 in
1058 3261 1327 3329 paradiso,
1359 3262 1403 3316 si
1453 3277 1556 3318 non
1605 3274 1872 3334 peccaret,

275 3347 442 3417 quasi
487 3347 648 3414 jam'
674 3348 968 3419 perfectam
1001 3351 1266 3414 innueret,
1317 3354 1440 3407 dum
1496 3356 1672 3410 adlmc
1719 3357 1772 3411 in
1818 3372 1879 3412 re

277 3438 425 3506 ipsa,
453 3438 559 3493 hoc
590 3448 693 3503 cst,
726 3440 777 3493 in
813 3440 1095 3496 effectibus
1124 3442 1394 3511 perfectae
1424 3448 1875 3515 praedestinatio—

274 3532 366 3585 nis
392 3531 578 3585 futura
610 3541 663 3585 et
703 3531 945 3587 facienda
980 3543 1116 3587 erat.
1171 3535 1282 3590 Hoc
1316 3545 1495 3591 autem
1529 3538 1650 3593 dico
1676 3539 1719 3601 ³,
1747 3540 1878 3609 quia

277 3635 447 3690 saepe
480 3621 596 3690 ipse
619 3621 683 3677 de
705 3623 955 3690 paradiso
980 3622 1281 3693 disputans,
1307 3626 1584 3694 praeteriti
1616 3636 1883 3696 temporis

275 3708 513 3780 perfecti
546 3711 566 3743 '
597 3718 652 3763 et
690 3710 976 3780 plusquam
1018 3712 1244 3781 perfecti
1284 3711 1446 3767 verba
1500 3714 1701 3782 posuit,
1732 3713 1875 3768 sicut

274 3799 548 3856 librorum
582 3800 724 3856 illius
755 3802 1026 3857 studiosus
1054 3802 1225 3860 lector
1252 3804 1478 3871 reperiet
1504 3820 1520 3867 ;
1546 3812 1603 3857 ut
1631 3813 1711 3858 est
1743 3803 1870 3859 illud

276 3893 333 3947 in
361 3894 652 3947 undecimo
691 3894 941 3950 Exemeri
972 3895 1155 3951 libro:
1194 3894 1263 3949 In
1306 3896 1497 3950 sudore
1551 3896 1711 3965 faciei
1749 3906 1871 3951 tuae

274 3985 399 4039 edes
454 4001 647 4054 panem
703 3995 875 4049 tuum,
914 3986 1077 4041 donec
1114 3988 1433 4042 convertaris
1469 3989 1526 4042 in
1563 3998 1757 4043 terram
1805 4004 1871 4042 ea:

198 4116 205 4119 .
274 4090 381 4145 qua
420 4086 660 4141 sumptus
683 4091 759 4137 es,
788 4077 912 4144 quia
948 4085 1088 4129 terra
1111 4092 1185 4139 es,
1214 4086 1262 4130 et
1302 4077 1355 4129 in
1374 4085 1567 4131 terram
1587 4077 1704 4131 ibis.
1732 4076 1866 4143 Hos,

275 4165 483 4234 inquit,
537 4181 648 4219 esse
703 4168 759 4220 in
808 4177 947 4221 terra
994 4166 1196 4222 labores
1234 4169 1452 4223 humani
1514 4170 1715 4239 generis
1750 4169 1867 4241 quis

271 4254 537 4325 ignorat?
586 4256 651 4309 Et
699 4257 823 4327 quia
876 4275 977 4313 non
1032 4269 1222 4324 essent,
1262 4260 1309 4313 si
1370 4259 1613 4329 felicitas,
1642 4277 1774 4332 quae
1812 4261 1867 4315 in

273 4344 534 4411 paradiso
554 4346 747 4414 fuerat,
766 4356 1041 4410 teneretur,
1066 4363 1169 4401 non
1196 4359 1269 4401 est
1298 4349 1472 4417 utique
1494 4349 1860 4403 dubitandum.

273 4433 483 4495 Fuerat
516 4435 671 4498 dixit,
690 4451 795 4489 non
819 4435 997 4489 fiebat.
1029 4435 1135 4490 Nec
1164 4436 1265 4490 hoc
1285 4437 1640 4501 mirum,cum
1662 4439 1864 4508 saepis-

273 4615 511 4669 nuntiet.
539 4615 671 4681 Quis
705 4615 848 4668 enim
870 4616 1188 4679 crediderit,
1214 4616 1484 4671 diabolum
1526 4619 1580 4672 in
1625 4619 1860 4674 beatitu-

273 4703 403 4758 dine
434 4703 670 4773 paradisi
696 4702 985 4774 l’uisse,qui
1016 4721 1160 4769 mox,
1186 4715 1243 4761 ut
1271 4707 1735 4778 conditus,lapsus
1754 4718 1855 4771 est,

273 4792 419 4848 sicut
446 4794 707 4849 Dominus
742 4796 819 4849 ait
864 4797 915 4850 in
964 4796 1288 4869 Evangelia:
1318 4798 1419 4852 Ille
1455 4800 1718 4854 homicida
1745 4807 1857 4855 erat

271 4883 339 4935 ab
378 4884 554 4948 initio,
589 4896 638 4939 et
675 4886 729 4940 in
770 4889 982 4941 veritate
1008 4904 1109 4942 non
1135 4888 1293 4943 stetit.
1330 4887 1498 4955 Quam
1525 4888 1861 4948 Dominicam

183 4968 233 5007 λ
270 4975 603 5029 sententiam
634 4977 687 5030 in
721 4978 1008 5033 undecimo
1033 4978 1281 5034 Exemeri
1325 4980 1407 5035 sui
1465 4981 1581 5050 ipse
1606 4979 1859 5051 Augusti-

269 5078 399 5131 nus,
419 5065 486 5119 de
507 5080 616 5135 quo
638 5082 778 5143 nunc
802 5070 843 5100 ¹⁹
868 5078 1185 5135 tractamus,
1201 5073 1439 5141 exponit.
1472 5071 1624 5138 Quod
1650 5072 1689 5106 ”
1712 5090 1855 5143 ergo,

269 5155 472 5227 inquit,
491 5138 708 5228 putatur
733 5177 999 5233 nunquam
1036 5138 1285 5220 diabolus
1310 5165 1364 5223 in
1399 5167 1611 5220 veritate
1630 5138 1852 5233 stetisse,

1978 3258 2060 3311 vel
2090 3257 2269 3312 divina
2316 3256 2398 3310 vel
2432 3256 2476 3289 "
2507 3259 2743 3311 humana
2792 3255 3093 3314 tradiderit.
3126 3262 3384 3323 quantum
3424 3263 3556 3309 tem-

1975 3350 2125 3420 poris
2183 3352 2235 3404 in
2294 3342 2562 3421 paradiso,
2617 3349 2930 3420 priusquam
2994 3355 3263 3417 peccaret,
3324 3345 3558 3401 feliciter

1974 3442 2152 3497 vixit?
2181 3443 2245 3496 Et
2281 3457 2449 3511 quare
2478 3443 2580 3498 hoc
2613 3449 2904 3502 taceretur,
2940 3439 2983 3493 si
3014 3437 3184 3492 fuisse
3230 3437 3559 3506 intelligere-

1976 3532 2094 3587 tur?
2129 3522 2458 3603 Argumenta
2498 3541 2675 3586 autem
2721 3546 2828 3586 non
2866 3531 3089 3593 desunt,
3127 3529 3322 3599 quibus
3363 3542 3556 3598 appro.

1972 3621 2089 3680 bari
2142 3631 2320 3691 potest
2350 3630 2444 3677 aut
2470 3622 2790 3678 brevissimo
2812 3631 2905 3677 aut
2928 3621 3073 3677 nullo
3104 3622 3362 3693 temporis
3384 3622 3557 3678 inter-

1973 3713 2112 3767 vallo
2149 3722 2275 3767 ante
2309 3724 2587 3782 peccatum
2617 3713 2834 3768 vixisse.
2875 3713 2953 3768 Ex
2986 3714 3068 3768 his
3092 3714 3272 3777 enim.
3321 3728 3459 3784 quae
3500 3714 3551 3768 ei

1963 3804 2114 3876 jussu
2144 3813 2288 3869 sunt,
2317 3814 2441 3859 ante
2468 3814 2744 3874 peccatum
2776 3805 2908 3859 nihil
2949 3805 3144 3876 legitur
3168 3806 3371 3876 egisse,
3397 3804 3550 3860 verbi

1970 3897 2144 3967 gratia
2174 3913 2186 3950 :
2221 3895 2446 3951 Crescite
2490 3906 2538 3951 et
2577 3896 2994 3966 multiplicamini
3029 3908 3075 3951 et
3097 3897 3301 3965 implete
3331 3906 3549 3960 terram,

1969 3985 2218 4041 videlicet
2244 3987 2498 4057 paradisi.
2529 3986 2644 4053 Qua
2682 3986 2891 4040 ratione
2918 4003 3024 4040 non
3050 3988 3306 4041 continuo
3334 3987 3562 4046 felicem.

1968 4077 2175 4149 prolem
2203 4080 2463 4149 gigneret,
2504 4077 2549 4132 si
2602 4078 2655 4131 in
2704 4079 2958 4149 paradiso
3009 4079 3238 4147 quodam
3292 4078 3565 4147 temporis.

1971 4167 2147 4236 spatio
2175 4180 2300 4221 ante
2325 4168 2581 4222 delictum
2612 4166 2902 4231 habitaret,
2929 4176 2986 4223 et
3012 4168 3055 4223 si
3104 4168 3170 4221 ile
3216 4168 3358 4237 ligno
3401 4168 3549 4225 vitae

1966 4269 2237 4330 gustaret,
2262 4275 2328 4314 ne
2355 4258 2481 4326 quid
2509 4259 2854 4328 corruptibile
2879 4254 3072 4327 corpus
3102 4258 3142 4290 ”
3173 4257 3290 4326 ejus
3338 4269 3551 4329 patere-

1968 4351 2090 4406 tur?
2110 4352 2286 4419 Quare
2310 4351 2476 4405 divini
2502 4352 2566 4405 ac
2593 4351 2635 4383 ⁸⁸
2666 4350 2969 4421 spirituaiis.
2983 4350 3351 4405 medicaminis
3376 4351 3549 4405 virtus

1967 4441 2265 4512 incorpore
2287 4441 2403 4510 ejus
2433 4457 2537 4495 non
2563 4441 2606 4472 "
2636 4441 2950 4512 praevaluit,
2976 4458 3042 4494 ne
3080 4441 3242 4495 etiam
3275 4442 3563 4510 peccando.

176 4524 186 4537 '
275 4527 414 4580 sime
433 4526 619 4581 divina
645 4527 939 4581 auctoritas
961 4526 1138 4581 futura
1178 4528 1333 4598 quasi
1353 4527 1465 4595 jam
1489 4537 1705 4598 peracta
1737 4507 1860 4598 pro-
1891 4507 2019 4590 Din
2055 4507 2453 4603 corruptionem
2500 4507 2747 4591 caderet?
2797 4531 2948 4601 Ligni
2993 4532 3040 4562 ¹⁰
3090 4507 3354 4600 siquidem
3400 4512 3563 4591 vitae.
3622 4566 3627 4569 -

1963 4640 2088 4680 esca
2116 4623 2159 4678 si
2192 4622 2405 4692 corpori
2432 4622 2601 4691 ipsius
2623 4636 2730 4676 uno
2778 4621 2859 4675 vel
2910 4621 3118 4675 duobus
3161 4620 3240 4674 vel
3285 4620 3565 4689 quotlibet,

1964 4716 2153 4770 diebus
2177 4713 2243 4767 ad
2276 4713 2560 4767 sanitatem
2590 4720 2644 4766 et
2666 4711 3223 4782 incorruptibilitatem
3247 4711 3468 4781 profuit,
3491 4721 3548 4767 et

1964 4819 2070 4863 non
2101 4816 2335 4873 semper,
2359 4799 2601 4871 profecto
2629 4815 2732 4855 non
2774 4801 3007 4856 habebat
3053 4810 3256 4855 tantum
3307 4802 3542 4867 virtutis,

1964 4903 2223 4966 quantum
2258 4903 2314 4948 et
2350 4892 2546 4963 legitur
2597 4901 2650 4947 et
2691 4892 2927 4946 creditur
2984 4892 3253 4947 habuisse.
3284 4892 3391 4947 Aut
3436 4908 3542 4962 qua

1964 4986 2175 5040 ratione
2222 4984 2426 5054 lignum
2480 4982 2621 5036 vitae
2670 4981 2960 5045 diceretur,
3014 4981 3157 5052 quod
3205 4971 3542 5038 solummodo

1963 5076 2361 5145 corruptionem
2390 5072 2563 5143 potuit
2586 5071 2880 5135 retardare,
2907 5087 3013 5125 non
3064 5082 3240 5126 autem
3288 5071 3457 5141 potuit
3505 5084 3540 5125 a

1961 5167 2309 5236 corruptione
2351 5162 2566 5233 penitus
2610 5160 2861 5226 liberare,
2907 5160 3325 5238 diuturnamque
3369 5159 3553 5223 vitatu

1547 5326 1797 5389 VABIAE
1858 5322 2257 5381 LECTIONES.

345 5431 363 5462 ¹
396 5431 484 5483 Sic
515 5430 601 5485 CF
626 5450 640 5495 ;
665 5432 710 5485 Α
731 5442 929 5486 octauo.
1028 5435 1049 5466 ¹
1088 5433 1179 5489 Sic
1206 5435 1289 5492 CF
1318 5453 1332 5495 :
1357 5436 1400 5490 Α
1425 5446 1470 5491 et
1522 5439 1704 5492 etiam.

264 5500 417 5575 τίείς
443 5499 557 5575 CR;
586 5503 631 5575 ᾼ
659 5511 793 5575 tum.
860 5501 885 5535 ⁸
910 5501 1001 5559 Sic
1024 5503 1209 5572 CF;A
1246 5506 1392 5562 dicit.
1498 5505 1519 5537 ’
1552 5506 1643 5563 Sic
1676 5507 1791 5575 CF;
1819 5507 1859 5562 Δ

262 5564 424 5627 Quid.
515 5570 555 5600 ¹²
587 5569 677 5625 Sic
707 5573 828 5641 CF;
854 5576 897 5629 A
930 5593 1025 5629 con

268 5635 316 5713 ξφ
343 5636 435 5691 Sic
462 5636 580 5713 CF;
614 5643 655 5697 A
702 5654 791 5698 aut
820 5674 887 5685 --
909 5654 1025 5701 aut.

265 5704 489 5766 (ianum.

1783 5438 1803 5470 ³
1832 5438 2078 5507 temporis
2099 5449 2206 5507 om.
2239 5434 2343 5507 CF.

1892 5503 2170 5577 praeteriti
2195 5504 2419 5576 perfecti
2470 5503 2734 5577 temporis.

515 5570 555 5600 ¹²
587 5569 677 5625 Sic
707 5573 828 5641 CF;
854 5576 897 5629 A
930 5569 1245 5631 conditionis
1273 5594 1421 5631 suae.
1497 5578 1539 5610 ¹³
1562 5580 1654 5633 Sic
1679 5569 1802 5643 (JFV;
1838 5569 1977 5636 Αέι.
2028 5577 2099 5641 ,⁸⁸
2123 5569 2212 5632 Sic
2234 5569 2359 5642 CF;
2389 5577 2429 5630 Α
2464 5569 2752 5644 sapientia.

515 5637 580 5713 F3
614 5643 655 5697 A
702 5654 791 5698 aut
820 5654 1025 5701 -aut.
1104 5649 1144 5678 ¹⁷
1176 5646 1266 5705 Sic
1294 5647 1417 5714 CF;
1494 5648 1535 5703 Α
1571 5650 1682 5718 ejus
1716 5667 1922 5721 corpus.
2012 5650 2053 5689 ¹ο⁸
2088 5645 2177 5705 Sic
2219 5646 2343 5711 CF;
2384 5646 2428 5699 Α
2475 5655 2547 5700 et.
2616 5643 2659 5674 "
2688 5657 2752 5696 ηο

2832 5427 3065 5531 ιονιξ
3256 5427 3323 5531 ε
3351 5425 3539 5531 cui

2856 5499 2877 5531 ⁸
2912 5512 3050 5553 nunc
3099 5495 3207 5551 om.
3248 5495 3313 5551 Δ.
3415 5498 3457 5529 ⁸¹
3485 5498 3541 5558 Α

2850 5569 2893 5601 ¹⁸
2925 5568 3016 5621 Sic
3038 5564 3105 5625 Α,
3137 5561 3222 5619 CF
3253 5565 3522 5619 Attamen.

2012 5636 2053 5689 ιξι
2088 5629 2304 5706 δεδι,ξρ
2330 5629 2359 5711 ς’
2384 5629 2428 5699 Α
2475 5629 2547 5700 et:
2616 5643 2659 5674 "
2688 5656 2790 5696 non
2837 5653 2947 5694 om.
2976 5636 3040 5691 Α.
3114 5635 3159 5664 ’⁸
3189 5632 3280 5689 Sic
3320 5630 3405 5691 CF
3437 5629 3528 5696 ἰΑ
