3898 6154
323 318 461 374 Sil-

318 532 466 587 umni
493 532 682 589 morbo
707 532 1141 596 erateontraria,
1166 536 1225 585 ut
1267 533 1519 591 omnibus
1570 550 1632 605 ea
1671 534 1900 592 {ruenti-

319 624 422 679 bus
452 630 752 692 praestaret
780 623 962 696 vitam,
988 638 1087 677 cur
1127 625 1589 706 ingtstantibus,
1623 627 1705 681 vel
1735 628 1897 682 etiam

320 712 726 768 (-ontedentibus
745 727 853 766 non
881 713 1122 768 vinceret
1148 717 1411 771 mortem?
1440 715 1725 772 Peccatum
1754 718 1902 774 dices

321 804 576 857 virtutem
622 802 791 872 ipsius
830 805 1054 867 vicerat,
1095 820 1163 860 ne
1221 806 1274 861 in
1327 816 1533 862 tantum
1586 810 1903 878 prodesset?

327 893 564 949 Validius
607 909 737 966 ergo
778 903 900 950 erat
947 896 970 929 ⁸
1019 898 1225 966 peccati
1274 898 1499 965 malum,
1548 916 1708 970 quam
1761 902 1904 956 vitae

315 990 542 1046 bonum.
576 990 760 1047 Potius
792 992 972 1060 itaque
995 993 1296 1057 videamus,
1327 996 1471 1064 quod
1505 996 1763 1061 meinus
1789 996 1905 1065 ipse

319 1078 399 1135 rit.
427 1095 614 1150 verum
645 1068 788 1136 vitae
818 1082 1039 1152 lignum.
1089 1082 1220 1149 Ille,
1269 1085 1457 1156 inquit,
1495 1085 1738 1141 diabolus
1780 1102 1906 1155 pro-

322 1170 486 1236 lecto,
516 1164 780 1225 homicida
819 1182 929 1225 erat
952 1171 1016 1224 ab
1056 1174 1226 1227 initio.
1260 1173 1518 1239 Putasne,
1544 1175 1773 1231 alterum
1807 1177 1908 1231 ho—

322 1263 522 1315 minem
550 1261 811 1315 occidisse
836 1271 1052 1329 praeter
1082 1263 1225 1318 illmn
1261 1280 1426 1319 unum
1456 1274 1510 1319 et
1537 1267 1904 1336 soltun,qucm

324 1350 468 1403 Deus
494 1352 558 1403 ad
586 1351 871 1421 imaginem
901 1368 1051 1407 suam
1076 1356 1317 1409 ereavit?
1364 1356 1505 1411 DISC.
1533 1357 1902 1427 Nequaquam.

324 1439 464 1495 Mtte.
487 1443 527 1494 A
558 1457 665 1512 quo
695 1457 825 1513 ergo
853 1444 1007 1500 initio
1043 1446 1306 1501 homicida
1342 1457 1458 1502 erat
1488 1447 1748 1512 diabolus,
1777 1464 1906 1503 num

326 1533 393 1595 ab
418 1533 576 1588 initio
601 1534 926 1591 conditionis
953 1552 1104 1602 suae,
1138 1553 1203 1592 an
1234 1540 1304 1593 ab
1339 1539 1491 1594 initio
1522 1541 1846 1594 conditionis
1886 1542 1908 1572 ²

326 1621 580 1687 hominis,
608 1638 674 1677 an
706 1633 853 1681 certe
881 1626 949 1681 ab
978 1628 1132 1682 initio
1156 1630 1481 1685 conditionis
1512 1633 1828 1701 utriusque,
1864 1633 1908 1687 si

328 1709 487 1763 simul
511 1712 710 1773 conditi
737 1723 881 1780 sunt,
904 1725 960 1771 et
980 1717 1117 1771 alter
1137 1718 1364 1773 alterum
1389 1720 1441 1773 in
1467 1722 1774 1776 conditio-.a
1804 1739 1911 1776 non

328 1803 667 1870 praecessit?
709 1803 814 1859 Sed
851 1806 893 1861 si
924 1810 1160 1864 conditio
1193 1810 1389 1865 diaboli
1420 1812 1784 1867 conditionem
1815 1813 1910 1867 ho-

327 1893 489 1947 minis
511 1897 946 1966 praeoccupavit,
976 1900 1245 1968 quomodo
1273 1899 1344 1955 ab
1366 1899 1518 1954 initio
1539 1916 1637 1955 suo
1668 1901 1912 1957 diabolus

328 1984 598 2040 homicida
626 1987 785 2041 erat?
803 1986 859 2042 Si
883 2002 1011 2043 vero
1032 1989 1267 2044 hominis
1288 1991 1528 2045 conditio
1549 1992 1912 2046 conditionem

329 2074 529 2130 diaboli
554 2078 846 2141 antevenit,
888 2081 1158 2147 quomodo
1198 2080 1442 2135 diabolus
1491 2083 1560 2135 ab
1609 2082 1764 2137 initio
1816 2081 1916 2136 hu-

329 2181 523 2221 manae
556 2168 882 2224 conditionis
933 2170 1199 2226 homicida
1257 2173 1455 2227 dicitur
1514 2172 1574 2227 ’ἲ
1623 2173 1679 2228 Si
1737 2183 1914 2230 autem

332 2257 678 2328 relinquitur,
708 2270 767 2315 ut
797 2260 865 2316 ab
913 2262 1068 2318 initio
1115 2264 1396 2335 utriusque
1445 2266 1603 2321 simul
1656 2266 1831 2332 facto,
1864 2276 1920 2322 et

333 2349 602 2406 homicida
627 2362 747 2407 erat
779 2352 1042 2417 diabolus,
1075 2363 1129 2409 et
1155 2355 1315 2409 homo
1346 2366 1464 2411 erat
1485 2358 1732 2412 occisus:
1760 2358 1921 2427 quale

332 2443 566 2512 spatium
596 2445 756 2500 datur
784 2447 986 2501 homini
1019 2449 1070 2503 in
1096 2450 1347 2517 paradiso
1370 2449 1584 2509 vixisse,
1605 2450 1916 2520 priusquam

334 2550 370 2589 a
399 2536 607 2591 diabolo
640 2537 1016 2593 occideretur?
1059 2540 1171 2595 Hoc
1193 2541 1358 2595 etiam
1381 2557 1443 2596 ex
1473 2541 1790 2613 Evangelica
1823 2556 1917 2609 pa-

333 2630 522 2685 rabola
553 2631 839 2685 manifeste
868 2632 1146 2701 probatur.
1188 2632 1361 2688 Homo
1395 2635 1608 2706 quidam
1636 2633 1919 2688 descende-

338 2723 427 2776 Dat
475 2722 540 2776 ab
584 2722 876 2778 Ierusalem
914 2725 968 2778 in
996 2723 1230 2789 Jericlw,
1284 2736 1330 2779 et
1366 2725 1549 2779 incidit
1586 2725 1639 2779 in
1670 2725 1917 2780 latrones.

336 2810 453 2868 Non
498 2814 644 2869 enim
681 2815 779 2877 ait,
807 2816 969 2869 homo
1007 2816 1224 2884 quidam
1264 2827 1381 2871 erat
1428 2818 1479 2871 in
1521 2816 1817 2872 Jerusalem
1867 2826 1923 2872 et

339 2905 529 2960 incidit
556 2906 607 2958 iu
641 2905 897 2961 latrones.
924 2906 1058 2961 Nam
1090 2906 1132 2960 si
1166 2908 1216 2960 in
1246 2906 1566 2974 Jerusalem,
1593 2909 1695 2963 hoc
1725 2917 1829 2973 est,
1868 2910 1919 2963 in

338 2997 590 3065 paradiso
640 2998 871 3051 luuuana
927 3008 1114 3052 natura
1163 3008 1528 3068 permaneret,
1576 2999 1820 3069 profecto
1868 3001 1920 3054 in

1692 322 1973 381 IOANNIS
2015 322 2215 383 SCO'll

320 439 604 495 eticttlibus
653 439 971 508 praestare?
1029 436 1084 492 Si
1133 439 1277 494 enim
1330 439 1473 496 illius
1523 442 1652 511 ligni
1706 452 1898 496 natura
1929 438 1974 502 Ᾰ
2007 443 2263 515 lmagine,
2294 442 2434 513 quod
2465 442 2627 499 etiam
2656 445 2905 514 superius
2936 452 3227 514 postumius;
3264 459 3324 502 et
3352 461 3495 502 [tunc
3536 450 3564 480 '

3474 328 3536 385 8i
3548 331 3586 381 *2

2005 544 2248 604 repetere
2267 535 2544 590 debemus.
2571 533 2675 602 Qui
2695 536 2894 601 omnia,
2914 538 3105 607 inquit,
3129 541 3353 593 adauxit
3378 542 3437 594 in
3452 555 3590 599 esse,

2002 636 2269 699 totumque
2298 628 2354 682 in
2382 644 2479 682 sua
2507 626 2774 683 voluntate
2805 629 3063 683 hominem
3091 630 3159 683 ad
3188 631 3422 688 divinam
3451 632 3594 686 ima-

2000 720 2174 790 ginem
2198 720 2463 791 formavit,
2491 736 2592 775 non
2612 720 2866 787 paulatim
2887 723 3262 791 adjectionil'us
3287 724 3589 793 futurarum

2002 829 2178 867 moras
2199 811 2338 881 fecit,
2373 814 2582 867 sciendo
2609 814 2662 868 in
2691 830 2842 868 suam
2878 814 3252 884 plenitudinem
3288 816 3592 869 animarum

2006 920 2279 958 numerum
2300 904 2704 972 perﬁciendum;
2732 905 2824 958 sed
2853 904 3160 959 cumulatim
3191 907 3247 961 in
3282 915 3397 978 ipsa
3418 906 3587 973 pleni.

2005 993 2188 1047 tudine
2217 1009 2419 1046 omnem
2448 993 2735 1067 humanam
2766 986 3021 1048 naturam
3038 997 3372 1065 prognostica
3407 983 3612 1048 ouem?

2006 1082 2473 1149 tione’intellexit,
2503 1095 2549 1139 et
2574 1086 2629 1138 in
2656 1085 3044 1149 excelsitudine,
3070 1087 3184 1141 etin
3202 1088 3476 1157 coaequali
3496 1104 3600 1140 an-

2005 1175 2132 1246 gelis
2146 1176 2312 1247 quiete
2331 1176 2712 1245 honoriﬁeavit.
2739 1176 2846 1231 lli!
2860 1176 3117 1247 intelligo,
3132 1178 3465 1244 praedictum
3482 1193 3571 1230 ma
3583 1207 3599 1217 -

2008 1268 2234 1339 gistrum
2284 1268 2578 1338 praeterita
2615 1283 2714 1338 pro
2742 1265 2937 1322 futuris
2962 1267 3225 1337 posuisse.
3254 1266 3410 1333 Quod
3449 1266 3600 1320 enim

2008 1360 2104 1425 ait,
2134 1360 2477 1431 pragnostiea
2510 1360 2824 1430 Operatioue
2865 1359 2908 1397 "
2939 1359 3105 1412 Deum
3136 1374 3350 1413 onmem
3402 1357 3599 1411 huma-

2008 1465 2134 1504 nam
2184 1461 2432 1507 naturam
2490 1450 2544 1505 in
2601 1449 2991 1506 excelsitudine
3020 1461 3072 1504 et
3115 1451 3165 1503 iu
3190 1449 3404 1517 aequali
3432 1465 3599 1519 ange-

2009 1543 2078 1598 lis
2105 1542 2286 1613 quiete
2317 1542 2643 1607 condidisse,
2671 1541 2942 1611 quomodo
2965 1540 3121 1595 aliter
3143 1539 3364 1605 intelligi
3397 1549 3598 1607 potest,

2011 1636 2114 1691 nisi
2148 1636 2271 1706 quia
2289 1635 2402 1704 jam
2436 1636 2599 1688 hetno
2626 1634 2678 1687 in
2706 1633 2888 1688 causis
2914 1632 3164 1687 etuulitns
3183 1643 3320 1693 emt,
3363 1631 3601 1683 nondum

2017 1745 2145 1784 vero
2166 1729 2219 1783 in
2250 1727 2477 1783 ell‘cctus
2502 1742 2633 1782 suae
2655 1725 3004 1781 beatitudinis
3030 1723 3393 1794 procedebat?
3422 1722 3488 1777 lit
3508 1736 3606 1775 cur

2017 1837 2122 1877 non
2165 1830 2539 1892 processerat,
2592 1820 2761 1873 reddit
2813 1834 3030 1873 causam
3070 1817 3291 1871 dicens:
3336 1818 3606 1880 Quoniam

2016 1927 2134 1967 vero
2162 1912 2414 1981 praevidit
2446 1909 2875 1977 contemplatoria
2906 1908 3089 1963 virtute
3117 1924 3216 1961 non
3239 1922 3373 1959 recte
3397 1916 3602 1959 euntem

2017 2002 2087 2055 ad
2104 2003 2292 2055 bonum
2313 2003 2355 2034 ¹¹
2373 2000 2881 2071 roluntatem,atque
2909 2001 3024 2054 ideo
3050 2014 3112 2052 ea'
3126 1999 3361 2068 angelica
3392 2007 3496 2051 rita
3526 2012 3603 2048 re-

2018 2093 2304 2158 cedentem,
2325 2109 2387 2146 ne
2414 2093 2710 2146 animarum
2737 2093 3087 2145 humanarum
3108 2089 3389 2143 multitudo
3406 2104 3605 2141 mum:-

2020 2193 2183 2248 retur,
2212 2184 2404 2236 cadens
2432 2199 2497 2236 ex
2523 2181 2613 2235 illo
2644 2186 2818 2245 mulo,
2850 2197 3102 2251 perquem
3132 2194 3302 2251 anget:
3338 2180 3410 2233 ad
3430 2180 3605 2233 multr-

2020 2276 2251 2327 tudinem
2283 2273 2425 2330 aucti
2458 2284 2596 2337 sunt,
2625 2281 2895 2342 propterea
2925 2271 3307 2326 convenientem
3335 2287 3390 2325 tn
3423 2288 3607 2341 pecca-

2017 2373 2129 2418 tum
2152 2362 2439 2417 annullatis
2465 2364 2511 2394 ”
2539 2364 2841 2416 incrementi
2867 2363 3295 2433 excogitationem
3323 2379 3376 2415 tn
3416 2372 3611 2417 natura

2021 2455 2388 2522 conformarit,
2414 2471 2509 2521 pro
2541 2454 2777 2525 angelica
2807 2454 3194 2524 magniﬁcentia
3222 2454 3530 2525 pecudalem
3560 2462 3607 2506 et

2020 2546 2433 2601 irrationabilem
2461 2563 2526 2601 ea:
2555 2564 2610 2601 se
2645 2547 2859 2600 invicem
2884 2548 3222 2600 successionis
3265 2547 3483 2600 modum
3512 2547 3606 2598 hu-

2022 2640 2264 2693 manitati
2296 2640 2551 2693 inserens.
2584 2638 2640 2692 Si
2675 2639 2855 2708 itaque
2878 2640 3012 2693 haec
3036 2639 3198 2692 verba
3226 2638 3401 2693 sancti
3434 2637 3609 2691 Theo-

2022 2729 2128 2798 logi
2162 2729 2371 2784 veracia
2394 2736 2534 2789 sunt,
2566 2726 2709 2798 quod
2738 2743 2843 2782 non
2873 2737 3072 2782 temere
3098 2726 3452 2782 crediderim:
3480 2726 3609 2794 quid

2024 2820 2168 2874 aliud
2196 2820 2353 2874 datur
2375 2818 2617 2888 intelligi,
2642 2834 2823 2888 quam,
2851 2828 2911 2872 ut
2945 2819 3179 2873 hutnana
3210 2826 3426 2879 natura,
3452 2816 3611 2871 nullis

2028 2920 2329 2979 temporum
2359 2908 2597 2969 merulis,
2631 2908 2790 2962 nullis
2821 2922 3004 2962 rerum
3037 2906 3369 2962 sensibilium
3406 2904 3612 2960 eﬂ'ecti-

2024 3001 2140 3061 bus.
2173 3000 2226 3054 in
2256 3000 2527 3070 paradiso,
2555 2999 2606 3054 in
2629 3014 2736 3070 quo
2762 2998 3081 3052 naturaliter
3101 2997 3347 3052 conditus
3367 3004 3468 3060 est,
3499 3005 3615 3049 ste-

339 3087 607 3152 l'atroues,
638 3088 908 3143 diabolum
948 3089 1192 3145 videlicet
1239 3089 1601 3159 satellitesque
1646 3089 1787 3161 ejus,
1816 3107 1920 3145 non
1952 3128 1995 3189 (ς
2032 3093 2179 3155 tisse,
2211 3092 2303 3147 sed
2340 3105 2463 3145 mox
2495 3091 2561 3145 de
2590 3091 2675 3144 via
2705 3090 2950 3145 veritatis
2979 3089 3244 3154 deviasse,
3290 3098 3344 3143 et
3385 3088 3610 3143 divisio-

342 3180 356 3189 .
686 3180 723 3189 -ι
762 3180 773 3189 .
1049 3180 1062 3189 .
1248 3182 1259 3189 .
1296 3181 1310 3189 .
1430 3181 1444 3189 .
1658 3182 1690 3189 --
1977 3167 2015 3189 J-
2444 3183 2453 3189 .
2538 3181 2552 3189 .
2634 3181 2663 3189 ..
3400 3177 3412 3189 ι

341 3180 658 3235 ὴιοιητενθι.
686 3180 843 3235 Prius
874 3196 1002 3252 ergo
1032 3180 1387 3236 descendebat
1415 3181 1479 3236 de
1502 3182 1775 3251 paradiso,
1792 3197 1925 3238 suae
1953 3167 2151 3238 “nem
2188 3192 2412 3237 naturae
2440 3183 2492 3236 in
2521 3181 2786 3252 duplicem
2829 3196 3016 3235 sexum
3039 3220 3054 3246 ,
3094 3196 3191 3251 per
3215 3194 3374 3249 quem
3391 3177 3610 3246 iumen.

340 3270 636 3326 voluntatis
664 3271 1016 3326 irratiOt‘abili
1047 3280 1194 3325 motu
1229 3272 1511 3342 impulsus,
1540 3282 1595 3328 et
1624 3273 1675 3328 in
1708 3272 1927 3329 Jericho

340 3362 825 3432 praeeipitabatur,
876 3363 979 3418 hoc
1023 3372 1130 3426 est,
1182 3363 1234 3416 in
1284 3363 1550 3419 defectum
1607 3366 1928 3420 instabilita-

345 3464 561 3523 temque
587 3468 768 3508 rerum
801 3454 1207 3523 temporalium;
1244 3463 1299 3509 et
1331 3455 1571 3510 cadendo
1614 3456 1927 3513 vulneratus

342 3554 448 3610 est,
500 3545 858 3614 omnibusque
881 3545 903 3575 ⁸
924 3545 1262 3599 naturalibus
1290 3545 1464 3609 bonis,
1495 3547 1548 3599 in
1573 3546 1768 3616 quibus
1797 3562 1927 3603 con-

344 3638 489 3691 ditus
503 3634 678 3699 erat',
696 3635 952 3704 spoliatus
974 3635 1014 3690 ⁸.
1036 3636 1133 3691 libi
1162 3637 1320 3690 datur
1343 3636 1737 3706 intelligi,quod
1766 3639 1928 3692 homo

344 3728 496 3800 prius
523 3728 573 3782 in
597 3742 655 3782 se
682 3727 797 3795 ipso
824 3727 1006 3797 lapsus
1029 3736 1136 3793 est,
1160 3744 1319 3797 quam
1351 3727 1564 3783 diabolo
1594 3738 1922 3797 tentaretur;

346 3833 446 3873 nec
499 3819 604 3873 hoc
651 3818 842 3883 solum,
896 3834 1079 3874 verum
1131 3820 1315 3885 etiam,
1363 3821 1667 3890 quod‘non
1729 3822 1781 3877 in
1833 3839 1929 3893 pa-

345 3910 546 3973 radiso,
579 3910 673 3965 sed
729 3909 1088 3965 descendente
1134 3925 1218 3975 eo,
1276 3914 1601 3983 propriaque
1651 3914 1929 3970 voluntate

341 4016 376 4055 a
436 3999 671 4071 paradisi
736 3998 1029 4065 felicitate,
1087 4015 1227 4071 quae
1289 4000 1585 4057 Jerusalem
1643 4003 1924 4069 vocabulo,

342 4091 448 4146 hoc
501 4098 587 4145 est
643 4090 865 4146 visionis
920 4091 1069 4159 pacis
1125 4091 1469 4163 intelligitur,
1503 4094 1828 4158 deserente,
1873 4102 1929 4149 et

343 4180 399 4235 in
450 4178 687 4243 Jeriebo,
748 4181 852 4236 hoc
903 4190 1008 4245 est,
1050 4181 1105 4235 in
1141 4181 1286 4237 hunc
1348 4185 1605 4237 mundum
1645 4184 1857 4239 labente
1895 4199 1926 4238 a

344 4268 559 4338 diabolo
592 4271 864 4326 sauciatus
892 4271 986 4337 sit,
1008 4282 1062 4326 et
1099 4273 1430 4329 beatitudine
1451 4275 1475 4307 ’
1503 4273 1778 4344 spoliatus.
1810 4275 1927 4329 Non

343 4360 487 4414 enim
522 4360 778 4416 credibile
802 4371 906 4425 est,
940 4363 1168 4417 eundem
1197 4363 1469 4418 hominem
1499 4375 1554 4418 et
1595 4365 1648 4418 in
1675 4374 1923 4420 contem-

2028 3283 2204 3331 torum
2235 3276 2582 3331 similitudine
2612 3274 3078 3344 multiplicaretur,
3114 3288 3400 3343 perversae
3425 3273 3615 3327 volun-

2026 3367 2154 3421 tatis
2176 3376 2321 3421 motu
2351 3364 2647 3419 meruisse?
2665 3364 2744 3418 Ae
2772 3378 2868 3432 per
2886 3364 2993 3419 hoc
3013 3364 3056 3416 si
3086 3363 3137 3416 in
3158 3377 3220 3415 ea
3253 3362 3615 3427 beatitudine,

2026 3456 2080 3509 in
2106 3470 2208 3524 qua
2238 3464 2419 3509 creata
2457 3463 2559 3516 est,
2590 3462 2964 3522 permaneret,
3000 3452 3280 3520 utriusque
3318 3465 3485 3505 sexus
3524 3466 3615 3505 co-

2025 3547 2149 3617 pula
2176 3547 2219 3578 ¹³
2248 3546 2316 3600 ad
2340 3544 2841 3614 multiplicationem
2879 3558 3031 3598 suam
3073 3558 3178 3596 non
3204 3542 3469 3612 indigeret
3500 3558 3517 3595 :
3550 3556 3618 3597 eo

2026 3638 2170 3693 enim
2217 3636 2401 3701 modo,
2444 3650 2553 3705 quo
2580 3634 2753 3705 angeli
2784 3633 3125 3704 multiplicati
3166 3641 3314 3696 sunt,
3341 3634 3460 3687 sine
3506 3633 3625 3687 ulto

2027 3744 2160 3785 sexu
2192 3727 2657 3798 multiplicaretur.
2694 3725 2830 3781 Huic
2876 3727 3055 3781 sensui
3085 3722 3409 3801 venerabilis
3448 3723 3618 3792 magi-

2027 3830 2141 3877 ster
2166 3821 2453 3884 Maximus,
2502 3818 2726 3889 praelati
2769 3817 3025 3889 Theologi
3064 3816 3360 3886 expositor,
3400 3829 3612 3868 sermo-

2027 3929 2150 3969 nem
2188 3913 2304 3983 ejus
2331 3912 2399 3967 de
2438 3911 2708 3980 baptismo
2740 3924 3035 3980 exponens,
3064 3908 3333 3963 consentit
3375 3906 3567 3961 dicens
3597 3921 3612 3959 :

2027 4005 2209 4066 Aiunt,
2241 4004 2329 4074 qui
2370 4003 2548 4057 divina
2578 4002 2795 4072 mystice
2821 4011 3170 4073 assequuntur
3192 3998 3428 4069 eloquia,
3455 4007 3503 4050 et
3530 3995 3621 4048 nl-

2027 4096 2266 4160 tiaribus,
2294 4105 2551 4165 quantum
2580 4110 2895 4164 consequens
2921 4103 3018 4157 est,
3046 4091 3341 4163 gloriﬁcent
3369 4089 3618 4158 specula—

2028 4185 2272 4249 tionibus,
2296 4185 2578 4239 secundum
2606 4184 2883 4252 imaginem
2908 4181 3004 4235 Dei
3028 4197 3121 4251 per
3138 4180 3393 4249 principia
3415 4179 3619 4248 factum

2027 4277 2287 4328 hominem
2318 4274 2509 4344 fuisse,
2559 4273 2771 4327 omnino
2818 4271 3077 4343 nascendo
3105 4268 3390 4323 secundum
3419 4283 3615 4337 propo-

2026 4367 2185 4421 situm
2213 4363 2401 4433 spiritu
2432 4363 2494 4426 ",
2518 4372 2566 4417 et
2586 4361 2885 4431 accipiendo
2909 4360 3193 4413 secundum
3221 4357 3617 4410 similitudinem

342 4453 578 4522 platione
610 4462 869 4510 aeternae
890 4455 1042 4525 pacis
1069 4456 1313 4520 stetisse,
1350 4466 1404 4511 et
1432 4456 1694 4511 suadente
1723 4455 1921 4512 femina
1954 4483 2003 4542 ί)
2027 4473 2119 4527 per
2146 4455 2528 4509 observantiam
2558 4453 2719 4506 divini
2758 4452 3015 4513 mandati,
3062 4450 3201 4520 quod
3242 4448 3343 4502 sibi
3376 4448 3619 4517 futurum

341 4543 610 4613 serpentis
647 4559 854 4599 veneno
882 4554 1135 4613 corrupta
1165 4547 1461 4611 corruisse,
1491 4561 1583 4600 aut
1610 4547 1785 4616 ipsum
1808 4562 1924 4602 ser-

340 4642 580 4703 pentem,
611 4633 881 4689 diabolum
926 4635 1066 4698 dico,
1103 4634 1215 4704 jam
1245 4636 1312 4690 de
1345 4636 1617 4707 paradiso,
1660 4638 1924 4709 dignitate

339 4725 592 4782 videlicet
614 4726 889 4798 angelicae
917 4738 1165 4794 naturae,
1180 4728 1411 4799 lapsum,
1431 4731 1483 4784 in
1508 4731 1724 4786 homine
1746 4732 1924 4787 adhuc

338 4832 448 4874 non
487 4826 775 4888 peccante,
823 4833 998 4889 neque
1046 4820 1362 4877 celsitudine
1410 4821 1625 4877 divinae
1675 4822 1939 4893 imaginis.

338 4918 630 4965 corruente
669 4909 1052 4978 praevaluisse.
1100 4912 1157 4966 ld
1204 4913 1378 4983 ipsum
1420 4928 1656 4982 quoque,
1694 4913 1797 4968 hoc
1822 4922 1926 4971 est

340 5000 638 5065 hominem,
688 5001 965 5070 aequalem
1001 5004 1203 5073 angelis
1244 5003 1521 5058 conditum
1565 5002 1767 5068 fuisse,
1814 5018 1921 5058 non

338 5100 521 5146 autem
550 5091 722 5146 in-illa
758 5091 1019 5163 dignitate
1056 5095 1298 5158 stetisse,
1336 5093 1430 5149 sed
1461 5110 1585 5149 mox
1623 5109 1727 5149 non
1776 5103 1924 5149 recte

341 5181 410 5237 ad
434 5183 635 5238 bonum
667 5182 873 5254 ingredi
904 5183 1188 5239 inchoasse
1206 5225 1221 5248 ,
1263 5192 1481 5239 sanctus
1506 5169 1799 5254 Gregorius
1822 5184 1921 5251 dos

340 5287 466 5329 cere
498 5272 708 5328 videtur
736 5273 789 5327 in
821 5273 1032 5329 decimo
1056 5283 1249 5329 octavo
1285 5275 1524 5345 capitulo
1561 5277 1828 5331 sermonis
1855 5278 1922 5332 de

2024 4558 2165 4612 erat,
2189 4558 2241 4600 ut
2273 4556 2401 4600 esset
2448 4545 2585 4599 idem
2630 4545 2783 4598 homo
2810 4542 3114 4612 ﬁgmentum
3158 4541 3365 4619 qgidem
3400 4539 3496 4593 Dei
3537 4555 3619 4592 se.

2025 4641 2254 4695 cundum
2306 4639 2350 4671 "
2396 4648 2665 4703 naturam,
2713 4636 2855 4706 ﬁlius
2893 4646 3068 4688 autem
3117 4633 3230 4698 Dei,
3258 4642 3306 4686 et
3339 4630 3498 4692 Deus,
3527 4644 3623 4699 per

2026 4735 2271 4803 spiritum
2296 4729 2579 4785 secundum
2606 4730 2852 4800 gratiam.
2886 4724 3009 4781 Non
3036 4726 3172 4780 enim
3209 4722 3456 4795 possibile
3482 4730 3618 4783 erat,

2027 4823 2182 4875 aliter
2202 4821 2374 4891 filium
2400 4819 2491 4872 Dei
2521 4817 2724 4871 ostendi
2750 4826 2798 4870 et
2822 4815 2987 4869 Deum
3015 4813 3300 4869 secundum
3327 4811 3625 4876 dei/iratio-

2030 4928 2145 4966 nem
2176 4926 2239 4964 ex
2268 4910 2439 4980 gratia
2466 4907 2663 4977 factum
2693 4905 2953 4958 hominem
2971 4944 2985 4966 ,
3023 4902 3125 4955 nisi
3154 4901 3300 4972 prius
3329 4898 3621 4953 secundum

2027 5003 2347 5075 propositum
2376 5009 2670 5053 nascentem
2712 4997 2953 5067 spiritum
2987 4995 3029 5026 “
3061 5009 3154 5063 per
3196 4992 3485 5046 adauctam
3522 4986 3622 5041 sibi

2032 5090 2346 5146 naturaliter
2373 5104 2467 5154 per
2492 5089 2714 5156 seipsam
2743 5095 2937 5140 motam
2980 5094 3027 5138 et
3062 5082 3277 5136 liberam
3308 5078 3596 5149 potentiam

2033 5183 2205 5249 Quam
2250 5179 2491 5250 deiﬁcum
2545 5177 2874 5247 divinumque
2915 5183 2963 5228 et
2993 5168 3389 5226 immaterialem
3432 5165 3626 5220 nativi-

2030 5286 2189 5331 tatem
2214 5275 2257 5307 "’
2290 5270 2695 5344 intelligibilium
2731 5279 2779 5324 et
2818 5266 3140 5323 occultorum
3165 5264 3424 5318 duntaxat
3465 5262 3623 5315 bono-

1595 5368 1851 5423 VARIAE
1887 5364 2285 5425 LECTIONES.

419 5466 441 5501 ⁸
475 5478 590 5523 erat
619 5482 730 5523 om.
765 5467 831 5523 Α.

346 5539 390 5591 Α
421 5550 534 5592 erat
559 5538 821 5593 conditus.

921 5471 944 5503 ⁸
964 5485 1092 5524 suae
1114 5486 1183 5524 an
1211 5470 1274 5526 ali
1309 5457 1459 5526 initio
1489 5470 1799 5525 conditionis
1827 5485 1936 5524 om.
1968 5469 2035 5524 Α.
2112 5467 2190 5522 Ἀ
2218 5467 2438 5521 dicetur.
2504 5463 2526 5495 ⁸
2544 5462 2630 5520 CF
2660 5461 2899 5516 omnibus
2930 5460 3082 5531 (-que
3102 5458 3261 5531 om.).
3280 5453 3603 5531 _:Sic»CF:

896 5539 917 5572 ⁸
949 5540 1040 5594 Sic
1075 5542 1117 5593 A
1148 5558 1162 5609 ;
1204 5557 1301 5611 pro
1348 5541 1608 5610 spoliatas
1642 5538 1728 5597 CF
1760 5541 1979 5596 abusus.

2059 5539 2079 5570 ’
2107 5538 2430 5591 beatitudine
2457 5549 2570 5589 om.
2607 5535 2670 5588 A.
2748 5532 2770 5563 ⁸
2794 5534 2839 5585 Α
2873 5526 3007 5585 non;
3074 5537 3094 5567 ³
3135 5526 3229 5582 Sic
3269 5526 3398 5592 CF;
3443 5529 3479 5579 Α
3507 5541 3606 5592 per

348 5609 735 5682 prognosticon:
758 5597 1161 5682 Operationem;
1202 5597 1242 5644 ί⁰
1274 5614 1313 5667 Α
1339 5597 1433 5681 ρέν
1460 5612 1847 5682 prognosticon:
1866 5611 2241 5682 operationem.
2312 5608 2348 5640 “
2369 5603 2460 5682 Sic
2486 5603 2572 5660 CF
2599 5620 2616 5668 ἐ
2724 5604 2937 5656 δοιιαηι·
3016 5601 3059 5632 ”
3080 5597 3392 5682 δίθβεξηέλ
3419 5597 3603 5682 ¹⁴Ἶ⁹⁸Ῐ⁶·

352 5674 397 5752 ξς
420 5674 504 5752 μ’
528 5674 805 5752 anguinea:
846 5678 1021 5752 _“_Sic
1051 5676 1137 5732 CF
1162 5700 1177 5748 ;
1222 5683 1263 5739 A
1286 5674 1553 5752 spiritum-

353 5743 397 5774 ⁵⁷
420 5741 511 5797 Sic
532 5741 613 5797 CF
644 5759 663 5809 ί
688 5747 733 5798 Α
753 5746 1111 5803 divinitatem.

322 5874 353 5889 al

306 6042 331 6055 ἰ

1653 5682 1693 5715 ³⁸
1715 5682 1804 5735 Sic
1837 5672 1923 5736 Cl"
1952 5695 1966 5747 ;
2006 5684 2046 5732 A
2082 5679 2178 5733 Dei
2233 5676 2520 5732 secundum
2567 5672 2775 5746 quidem
2806 5682 3076 5726 naturam.

3181 5669 3224 5701 ³⁵
3252 5679 3279 5724 t
3297 5667 3338 5722 Ρ
3389 5669 3605 5736 spiritu.
