3898 6154
237 294 352 353 813

1073 300 1162 358 DE
1201 301 1538 360 nmsmuu
1575 278 1926 358 minus.
1963 330 2033 341 -
2069 298 2266 355 LlBER
2307 299 2655 368 QUAML‘S.

3399 293 3502 348 8N

228 436 355 473 ram
386 417 633 472 deserens
668 417 867 487 primus
910 416 1085 480 homo,
1115 411 1639 487 praehonoriﬁctmdo
1682 411 1824 483 quod
1850 416 1899 476 Α
1929 414 2143 479 dentur,
2187 414 2366 469 dicere
2401 411 2829 484 procuravituus,
2872 410 3098 466 aliorum
3128 421 3258 464 vero
3292 416 3507 463 senten-

224 508 527 562 secundum
552 524 761 562 sensum
795 516 844 563 et
881 512 899 545 ι
941 506 1243 561 delectabile
1266 515 1338 560 est
1381 515 1427 560 et
1460 502 1818 573 manifestum,

225 599 428 651 merito
466 615 532 652 ex
578 598 880 668 corporibus
909 597 1266 652 inordinatam
1302 598 1323 628 ¹
1352 606 1398 650 et
1428 593 1752 650 materialem
1776 603 1824 648 et

221 685 631 755 corruptibilem
657 687 846 741 habere
872 688 1152 741 damnatus
1177 695 1253 740 est
1293 686 1639 749 nativitatem,
1670 684 1824 753 digne

228 774 350 830 Deo
387 776 685 845 judicante,
714 776 895 846 pejora
934 775 1233 830 melioribus
1275 775 1567 831 voluntarie
1602 788 1824 844 praepo-

226 877 451 919 nentem
475 866 496 896 ⁸
525 871 579 918 tn
600 852 900 934 possibilem
923 876 969 919 et
992 866 1231 919 servilem
1256 875 1304 920 et
1327 872 1726 934 coangustatam
1749 878 1828 916 se-

225 956 476 1010 cundum
502 956 895 1009 similitudinem
922 957 977 1010 in
1004 964 1144 1009 terra
1172 953 1620 1008 irrationabilium
1651 953 1831 1005 bruto-

226 1063 468 1118 ramque
495 1049 857 1119 jumentorum
894 1048 1280 1116 generationem
1312 1045 1473 1098 libera
1502 1053 1548 1098 et
1589 1043 1833 1115 impossi-

158 1206 165 1211 ι
224 1139 328 1193 bili
354 1150 404 1194 et
443 1141 465 1171 "
492 1157 617 1210 span
642 1156 773 1193 anea
806 1149 853 1193 et
889 1149 1032 1192 casta
1061 1138 1285 1195 alienari
1317 1136 1606 1199 nativitate,
1651 1145 1698 1190 et
1736 1151 1832 1205 pro

224 1232 353 1299 ipsa
400 1246 521 1284 cum
554 1229 659 1283 Deo
697 1230 871 1282 divino
910 1239 958 1283 et
998 1226 1252 1296 ine/fabiti
1297 1226 1525 1288 honore,
1556 1241 1676 1278 cum
1707 1223 1833 1279 iusi-

224 1320 506 1390 i'ientibus
536 1318 794 1388 jumentis
836 1315 1113 1387 ignobilem
1158 1316 1383 1385 recipere
1426 1313 1828 1383 copulationem;

227 1413 364 1475 Qua
385 1410 648 1463 hominem
676 1408 915 1472 liberare,
933 1419 979 1461 et
1002 1407 1070 1459 ad
1097 1406 1330 1459 divinam
1355 1404 1724 1457 beatitudinem
1754 1418 1837 1457 re-

223 1503 436 1555 ducere
488 1500 694 1564 volens,
743 1511 988 1553 naturam
1033 1498 1300 1551 hominum
1349 1511 1552 1558 creans,
1610 1491 1836 1548 Verbum

225 1594 399 1645 homo
428 1608 497 1646 ex
535 1591 829 1644 hominibus
875 1605 987 1643 vere
1010 1588 1092 1657 ﬁt,
1137 1596 1182 1641 et
1233 1586 1467 1643 nascitur
1500 1582 1840 1653 corporaliter

227 1685 356 1737 sine
384 1691 601 1751 peccato
628 1698 719 1750 per
746 1682 1030 1734 hominem.
1054 1679 1120 1734 Ut
1139 1688 1320 1732 autem
1351 1690 1667 1747 cognoscas,
1695 1673 1838 1744 quod

1926 511 2077 573 tiam,
2105 508 2197 579 qui
2229 507 2384 562 aliter
2407 508 2450 538 “
2484 506 2724 576 sapiunt,
2771 501 3039 567 refellere,
3060 516 3184 557 .seu
3228 511 3506 568 spernere,

1924 618 2017 659 seu
2043 602 2232 657 falsam
2252 615 2372 657 esse
2392 599 2741 672 pronuntiare
2764 597 2888 650 dum
2913 596 2954 627 ι’
2982 594 3047 648 ad
3064 608 3164 648 nos
3186 591 3332 647 nullo
3350 590 3512 646 modo

1926 695 2158 765 pertinet
2175 710 2188 747 :
2205 692 2271 746 ad
2286 690 2453 761 ipsius
2472 688 2705 760 paradisi
2718 685 3209 743 considerationem
3229 691 3514 736 transeun-

1927 789 2053 843 dum
2086 801 2208 845 esse
2258 785 2432 840 video.
2489 783 2635 838 Dtsc.
2673 778 3083 836 Transeundum
3117 776 3297 846 plane.
3346 773 3516 829 Ret-te

1927 878 2122 948 quippe
2138 874 2490 932 ratiocinandi
2514 874 2597 927 via
2623 871 2850 926 tenenda
2872 878 2974 931 est,
2992 877 3051 923 ut
3066 882 3241 938 neque
3254 866 3306 920 in
3330 867 3519 920 dexte-

1931 992 2068 1040 ram,
2107 988 2281 1043 neque
2306 972 2359 1026 in
2392 970 2666 1025 sinistram
2710 966 2924 1021 deviare
2950 965 3256 1025 videamur;
3280 960 3382 1014 hoc
3412 967 3516 1022 est,

1933 1081 2106 1137 neque
2140 1067 2247 1130 his,
2277 1079 2411 1134 quos
2438 1075 2683 1117 summae
2709 1074 2774 1113 ac
2800 1062 3018 1113 sanctae
3037 1052 3376 1110 auctoritatis
3398 1064 3523 1105 esse

1932 1155 2209 1212 Catholica
2238 1153 2415 1208 sanxit
2460 1150 2723 1213 Ecclesia,
2769 1148 3137 1209 detrahamus,
3185 1157 3360 1212 neque
3400 1156 3518 1201 eos,

1933 1262 2069 1318 quos
2114 1244 2431 1315 simpliciter
2476 1239 2804 1296 intellexisse
2846 1236 3217 1308 cognovimus.
3263 1231 3518 1309 quoniam

1934 1337 2078 1391 intra
2106 1333 2415 1391 Catholicae
2437 1330 2558 1387 ﬁdei
2577 1329 2941 1385 sinceritatem
2976 1325 3346 1381 continentur.
3371 1335 3522 1388 sper-

1936 1442 2147 1483 namus.
2179 1424 2542 1496 Unusquisque
2569 1421 2729 1484 enim,
2751 1418 2898 1474 utait
2924 1414 3228 1488 Apostolus,
3260 1424 3523 1467 suosensu

1938 1517 2185 1572 abundet.
2238 1514 2490 1569 Nostrum
2539 1511 2740 1581 quippe
2787 1521 3005 1563 sensum
3052 1503 3375 1575 approbare,
3429 1506 3527 1553 aut

1938 1621 2148 1670 eorum,
2173 1618 2309 1674 quos
2336 1610 2545 1657 ceteros
2566 1597 2894 1670 praecellere
2917 1595 3268 1657 arbitramur,
3295 1591 3523 1645 aliorum

1942 1712 2071 1755 vero
2114 1710 2330 1752 sensum
2360 1691 2681 1764 reprobare,
2729 1696 2822 1743 aut
2854 1684 3369 1758 periculosissimum
3420 1694 3525 1746 εει,

200 1789 348 1853 ἰιοη
383 1788 452 1828 ex
504 1772 662 1827 nobis
708 1771 836 1841 ipsis
882 1770 1243 1840 accipientes,
1278 1782 1465 1822 verum
1505 1781 1570 1821 ex
1610 1764 1839 1835 praefati

1958 1798 2038 1845 llll
2064 1785 2530 1858 superbissimum,
2561 1790 2653 1836 aut
2682 1788 2828 1835 certe
2871 1776 3291 1833 contentioSum.
3341 1772 3527 1842 Ingre-

227 1866 510 1925 auctoris,
542 1864 758 1916 Maximi
787 1860 1056 1922 videlicet,
1085 1860 1373 1920 discentes,
1402 1856 1674 1910 hominem
1706 1853 1841 1909 dici—

229 1972 366 2012 mus
395 1957 465 2012 de
507 1955 651 2027 ligno
680 1955 820 2009 vitae
847 1970 952 2007 non
979 1962 1244 2023 gustasse,
1275 1950 1368 2005 sed
1399 1948 1630 2019 primum
1658 1946 1842 2001 cibum

228 2048 594 2104 mortiferum
622 2046 688 2101 de
714 2045 855 2117 ligno
878 2046 1047 2123 vetito
1077 2043 1329 2114 primitus
1356 2040 1672 2111 sumpsisse,
1691 2047 1746 2093 et
1774 2035 1843 2093 ad

231 2140 498 2193 divinum
533 2132 709 2191 linuen
740 2137 936 2191 mentis
964 2135 1178 2191 oculum
1209 2150 1313 2190 non
1342 2133 1655 2189 sublevasse
1676 2171 1690 2196 ,
1718 2128 1844 2184 audi

231 2232 427 2301 ipsum
472 2231 526 2284 in
553 2229 812 2285 vicesimo
849 2238 1046 2284 octavo
1088 2227 1268 2296 capite
1294 2226 1695 2295 expositionum
1726 2236 1845 2275 ver-

229 2320 444 2375 borum
469 2319 718 2389 Gregorii
744 2318 1012 2373 dicentem
1038 2331 1053 2369 :
1083 2316 1220 2370 Huic
1250 2317 1425 2386 itaque
1449 2314 1623 2369 divino
1658 2310 1847 2365 lumini

233 2410 434 2465 nolens
485 2408 686 2463 elevare
731 2405 940 2461 oculum
988 2406 1196 2459 animae
1232 2406 1433 2475 primus
1461 2412 1610 2474 pater
1658 2402 1846 2467 Adam,

233 2504 393 2560 caeci
424 2503 447 2535 '
500 2503 672 2556 instar
694 2501 878 2554 merito
905 2501 959 2554 in
986 2498 1211 2553 tenebris
1234 2497 1573 2568 ignorantiae
1598 2493 1849 2548 ambabus

234 2593 505 2649 manibus
527 2589 786 2645 materiali
806 2588 1167 2643 immunditiae
1187 2585 1517 2641 voluntariae
1536 2584 1850 2646 adhaerens,

234 2684 346 2738 soli
397 2681 580 2736 sensui
610 2680 833 2748 seipsum
863 2688 1024 2732 totum
1054 2693 1249 2747 pronus
1278 2675 1533 2739 tradidit,
1581 2691 1671 2743 per
1700 2689 1853 2743 quem
1890 2730 1893 2733 _

232 2791 372 2829 ama
382 2772 623 2827 rissimae
647 2770 836 2825 bestiae
855 2769 1206 2837 corruptivum
1233 2766 1371 2819 virus
1393 2765 1605 2832 accepit.
1626 2762 1737 2818 Bac
1759 2778 1855 2816 au-

237 2872 364 2918 tem
402 2862 562 2924 dicit,
603 2860 857 2930 quoniam
905 2872 1226 2927 corporeum
1268 2870 1485 2910 sensum
1513 2896 1527 2917 ,
1569 2869 1666 2924 per
1693 2866 1853 2923 quem

238 2953 436 3007 Adam
482 2952 739 3021 deceptus
785 2958 911 3013 est,
963 2948 1017 3002 iu
1092 2947 1263 3017 ﬁgura
1312 2945 1554 3001 mulieris
1604 2944 1715 2997 vult
1776 2944 1857 2996 iu-

240 3045 456 3114 telligi.
503 3041 638 3095 Nam
686 3041 825 3111 apud
872 3038 1388 3100 Graecos'a’t'oenet:
1418 3079 1432 3103 ,
1490 3038 1542 3092 id
1601 3046 1686 3091 est
1740 3050 1859 3091 scn-

242 3150 399 3194 sus,
472 3129 716 3187 feminini
800 3129 1015 3200 generis

244 3222 499 3279 bestiam
540 3220 809 3275 diabolum
838 3228 1028 3284 vocat,
1084 3219 1174 3289 qui
1220 3235 1317 3289 per
1343 3217 1369 3251 ⁶
1410 3233 1625 3273 sensum
1665 3231 1857 3286 corpo-

246 3327 421 3369 reum
476 3312 716 3366 humano
750 3312 932 3365 animo
953 3310 1103 3364 virus
1146 3311 1423 3380 nequitiae
1473 3322 1602 3365 suae
1641 3306 1857 3363 infudit.

250 3404 477 3459 Deinde
512 3403 586 3456 ait
623 3401 783 3472 paulo
816 3411 975 3472 post:
1011 3400 1077 3453 Et
1117 3417 1182 3454 ex
1224 3400 1373 3455 vetito
1396 3401 1535 3471 ligno
1577 3399 1667 3461 qui
1701 3397 1861 3451 etiam

250 3505 491 3548 mortem
522 3494 687 3545 inesse
714 3492 859 3559 prius
901 3490 1179 3552 didicerat,
1224 3506 1380 3543 sensu
1423 3488 1653 3558 fructum
1691 3485 1864 3555 porri-

250 3594 420 3654 gente
442 3581 550 3635 cibi
570 3582 830 3651 primitias
851 3581 1072 3650 faciens,
1088 3578 1469 3634 convenientem
1488 3579 1682 3647 fructui
1707 3579 1861 3630 vitam

255 3676 519 3738 mutarit,
545 3674 814 3727 mortalem
842 3672 1072 3727 videlicet
1094 3690 1156 3725 ac
1175 3671 1408 3742 ﬂusilem
1424 3686 1515 3740 per
1533 3685 1719 3738 corpus
1741 3683 1861 3723 cor-

259 3767 546 3838 ruptibile.
596 3765 798 3820 Deinde
856 3764 1124 3834 subjungit
1171 3762 1280 3818 :Si
1327 3763 1501 3832 itaque
1542 3759 1654 3814 Deo
1696 3759 1862 3829 magis

255 3876 432 3931 quam
462 3872 727 3919 conservo,
772 3857 945 3910 sensui
981 3855 1235 3919 videlicet,
1283 3850 1690 3921 credens,‘ligno
1732 3851 1866 3905 vitae

260 3957 593 4011 vesceretur,
612 3962 713 3999 non
736 3946 976 4015 fortassis
998 3945 1175 3998 datam
1199 3943 1470 4012 deponeret
1497 3939 1868 3995 immortalita-

262 4051 407 4103 tem,
435 4052 641 4105 semper
656 4048 1010 4089 conservamm
1028 4034 1425 4104 participatione
1444 4033 1597 4097 vitae,
1619 4030 1865 4102 quoniam

258 4132 452 4187 omnis
478 4130 581 4181 vita
608 4144 673 4182 ea:
697 4128 904 4197 propria
926 4140 972 4180 et
993 4123 1595 4196 consequcnriconsuevit
1617 4138 1731 4177 esca
1745 4136 1869 4176 con-

262 4220 501 4276 servari.
536 4219 670 4274 Esca
705 4234 823 4273 vero
849 4219 1029 4274 beatae
1057 4218 1199 4273 illius
1229 4219 1364 4272 vitae
1383 4225 1455 4269 est
1479 4215 1653 4284 panis,
1691 4214 1780 4284 qui
1804 4213 1869 4267 de

267 4313 430 4383 rarely
467 4312 755 4375 descendit,
799 4322 844 4365 et
881 4312 1039 4365 vitam
1068 4310 1159 4363 dat
1190 4308 1408 4372 mundo,
1445 4306 1577 4361 sicut
1613 4306 1782 4375 ipsum
1806 4303 1872 4358 de

264 4406 457 4474 seipse
501 4403 559 4456 in
605 4401 898 4471 Evangeliis
941 4418 1044 4455 non
1076 4399 1302 4455 mendax
1345 4397 1698 4469 pronuntiavit
1747 4392 1870 4450 Ver-

270 4496 433 4549 bum.
483 4492 603 4559 Quo
628 4492 771 4545 vesci
796 4491 982 4545 nolens
1023 4491 1226 4560 primus
1256 4492 1436 4551 homo,
1473 4485 1667 4540 merito
1694 4485 1874 4539 divina

271 4586 567 4659 proiectus
584 4594 668 4640 est
697 4576 828 4647 vita,
859 4584 1021 4637 alium
1050 4597 1180 4636 vero
1207 4596 1271 4635 ex
1302 4587 1475 4634 morte
1502 4577 1765 4648 genitrice
1787 4588 1878 4631 ac-

269 4682 454 4748 cepit,
509 4689 607 4745 per
654 4689 812 4743 quam
860 4671 1281 4726 irrationab’dem
1333 4670 1550 4724 sibimet
1590 4668 1611 4701 "
1647 4666 1877 4720 formam

274 4774 603 4839 imponens,
643 4766 823 4820 divine
856 4778 984 4817 vero
1030 4763 1053 4796 ⁸
1083 4760 1612 4832 supersplendentem
1653 4758 1881 4812 abscon-

276 4861 430 4914 dens
449 4856 926 4927 pulchritudinem,
945 4850 1209 4908 vescendo
1230 4865 1445 4905 omnem
1459 4856 1705 4902 naturam
1721 4845 1882 4900 morti

278 4947 539 5003 tradidit.
563 4945 668 5000 Sed
689 4945 814 5014 quia
837 4945 1099 4998 adversus
1125 4956 1237 5006 eos,
1265 4941 1355 5009 qui
1384 4938 1590 5001 dicunt,
1612 4934 1882 4990 hominem

276 5041 530 5096 feliciter
568 5038 593 5068 ’
665 5038 720 5091 in
774 5036 1027 5107 paradiso
1080 5042 1205 5088 ante
1255 5041 1540 5102 peccatum
1597 5026 1882 5098 temporali

274 5131 473 5203 spatio
496 5129 698 5185 vixisse
718 5129 782 5193 ¹⁶,
811 5126 941 5182 illud
967 5134 1144 5181 autent
1162 5107 1396 5193 spatium
1414 5129 1675 5193 quantum
1699 5118 1881 5184 fuerit,

279 5221 576 5278 aﬂirmare
608 5237 712 5275 non
738 5220 959 5282 audent,
983 5233 1089 5273 non
1115 5225 1196 5272 est
1218 5214 1387 5271 nostri
1411 5211 1668 5284 propositi
1689 5223 1882 5283 agere;

279 5330 356 5369 ea
403 5314 671 5383 siquidem
717 5310 1074 5376 solummodo,
1121 5321 1259 5379 quae
1295 5305 1453 5363 nobis
1475 5302 1789 5361 verisimilia
1816 5302 1890 5355 vi-

1074 3138 1183 3182 est.
1245 3127 1657 3183 Amarissimam
1686 3184 1695 3187 _
1730 3142 1857 3181 vero
1885 3132 1928 3193 ο
1964 3099 2016 3155 Ν

1942 1882 2156 1938 diamur
2181 1880 2360 1948 itaque
2387 1883 2565 1939 caute,
2592 1871 2892 1935 humiliter,
2924 1868 3184 1929 modeste,
3218 1871 3528 1921 Sanctorum

1941 1974 2161 2030 Patrum
2195 1972 2248 2026 in
2278 1970 2370 2025 tali
2406 1968 2621 2040 negotio
2648 1964 2874 2035 vestigia
2905 1968 3212 2032 sequentes.

1999 2108 2101 2164 ‘16.
2130 2105 2268 2161 MAG.
2304 2104 2536 2159 Sanctus
2574 2098 2902 2170 Augustinus
2946 2094 2997 2148 in
3040 2099 3231 2147 octavo
3279 2084 3530 2142 Excineri

1947 2200 2068 2255 sui:
2102 2196 2225 2252 Non
2271 2197 2475 2267 ignoro,
2515 2193 2703 2261 inquit.
2736 2189 2801 2242 de
2846 2186 3095 2257 paradiso
3139 2182 3329 2238 multos
3366 2178 3534 2232 multa

1947 2290 2162 2344 dixisse.
2190 2281 2584 2349 Trestamende
2605 2281 2703 2332 hac
2727 2294 2780 2331 re
2804 2276 2955 2347 quasi
2976 2272 3239 2343 generales
3270 2278 3388 2324 sunt
3411 2284 3532 2322 sen-

1951 2382 2161 2437 tentiae.
2201 2376 2320 2432 Una
2350 2390 2552 2434 eorum,
2583 2371 2671 2441 qui
2702 2366 3061 2422 tantummodo
3080 2362 3422 2431 corporaliter
3440 2376 3536 2429 pa—

1954 2470 2188 2524 radisum
2211 2463 2433 2534 intelligi
2456 2460 2659 2517 volunt.
2693 2457 2813 2511 Alia
2838 2472 3039 2518 eorum,
3065 2454 3153 2524 qui
3193 2450 3538 2523 spiritualiter

1951 2570 2175 2615 tantum.
2215 2555 2389 2610 Tertia
2417 2567 2621 2614 eorum,
2658 2550 2747 2619 qui
2792 2556 3010 2616 utroque
3038 2543 3190 2597 modo
3232 2540 3537 2611 paradisum

1953 2648 2232 2719 accipiunt,
2263 2645 2396 2697 alias
2421 2638 2783 2710 corporaliter,
2814 2636 2947 2690 alias
2975 2645 3147 2688 autem
3174 2629 3535 2703 spiritualiter.

1955 2740 2187 2794 Breviter
2211 2753 2332 2807 ergo
2373 2743 2430 2789 ut
2478 2732 2670 2792 dicam,
2713 2729 2920 2784 tertiam
2965 2726 3092 2781 mihi
3142 2725 3309 2794 fateor
3335 2720 3541 2792 placere

1954 2828 2283 2886 sententiam.
2333 2824 2475 2879 Idem
2511 2823 2563 2876 in
2614 2827 2808 2889 quarto
2835 2816 3045 2871 decimo
3075 2815 3140 2868 de
3180 2811 3410 2869 Civitate
3445 2809 3539 2864 Dei

1957 2918 2241 2974 undecimo
2264 2912 2536 2984 capitulo:
2574 2907 2785 2962 Vivebat
2826 2907 3020 2975 itaque,
3047 2902 3240 2972 inquit,
3269 2901 3421 2954 homo
3461 2915 3544 2951 se-
3596 2936 3601 2940 .

1958 3010 2187 3065 cundum
2213 3007 2379 3060 Deum
2416 3005 2469 3057 in
2495 3000 2766 3072 paradiso,
2800 3007 2848 3052 et
2884 2994 3145 3065 corporali
3173 3002 3221 3047 et
3255 2989 3540 3061 spirituali.

2018 3114 2145 3171 eque
2173 3096 2307 3151 enim
2329 3104 2439 3148 erat
2466 3090 2742 3162 paradisus
2770 3084 3057 3157 corporalis
3082 3092 3291 3154 propter
3309 3080 3544 3149 corporis

1961 3194 2117 3254 bona,
2151 3199 2196 3242 et
2224 3196 2432 3257 propter
2461 3183 2646 3238 utentis
2675 3197 2778 3234 non
2803 3188 2914 3233 erat
2938 3174 3243 3247 spiritualis.
3293 3173 3397 3225 Aut
3429 3185 3544 3225 vero

1959 3291 2070 3336 erat
2092 3277 2405 3350 spiritualis,
2434 3290 2535 3345 quo
2565 3288 2656 3342 per
2692 3270 2988 3329 interiores,’
3015 3276 3062 3321 et
3090 3281 3193 3319 non
3221 3272 3330 3317 erat
3359 3277 3545 3328 corpo-

1964 3349 2126 3431 ralis,
2146 3385 2247 3440 quo
2276 3383 2368 3437 per
2395 3364 2677 3419 exteriores
2707 3376 2888 3413 sensus
2908 3358 3064 3410 homo
3093 3352 3392 3424 frueretur?
3413 3349 3547 3404 Erat

1960 3462 2115 3533 plane
2144 3470 2418 3528 utrumque
2445 3461 2653 3523 propter
2677 3460 2970 3520 utrumque.
3019 3442 3210 3499 Postea
3238 3458 3357 3495 vero
3390 3453 3549 3510 quam

1963 3555 2214 3627 superbus
2239 3551 2328 3606 ille
2364 3548 2583 3620 angelus
2620 3562 2682 3599 ac
2710 3560 2802 3613 per
2825 3544 2922 3595 hoc
2951 3539 3177 3599 invidus,
3205 3551 3296 3606 per
3330 3534 3547 3587 eandem

1963 3646 2258 3720 superbiam
2285 3661 2317 3697 τι
2351 3642 2458 3695 Deo
2485 3639 2556 3692 ad
2595 3637 2923 3704 semetipsum
2965 3643 3258 3692 conversus,
3291 3625 3355 3678 de
3390 3621 3549 3691 spiri-

1966 3712 2097 3793 tuali
2119 3734 2367 3807 paradiso
2396 3722 2924 3793 cecidit,malasuada
2964 3719 3187 3775 versutia
3214 3718 3265 3769 in
3304 3712 3551 3775 hominis,

1926 3822 1929 3823 ν
1967 3843 2174 3884 sensum
2203 3837 2405 3894 serpere
2446 3819 2722 3889 affectans,
2761 3814 2845 3866 cui
2871 3813 3049 3879 utique
3093 3805 3276 3868 stanti,
3304 3803 3553 3872 quoniam

1967 3920 2075 3990 ipse
2102 3893 2377 3975 ceciderat,
2419 3907 2706 3968 invidebat,
2752 3901 2962 3957 coluber
2988 3900 3043 3950 in
3080 3893 3329 3967 paradiso
3364 3904 3551 3957 corpo-

1971 3977 2113 4073 rali,
2168 4005 2253 4060 ubi
2301 4017 2417 4056 cum
2472 3996 2672 4052 duobus
2723 3992 2829 4047 illis
2881 3986 3174 4043 hominibus
3228 3977 3459 4035 musculo
3505 3984 3555 4029 et

1970 4103 2164 4174 femina
2202 4092 2454 4151 animalia
2514 4090 2673 4143 etiam
2722 4081 2989 4139 terrestria
3038 4086 3208 4141 cetera
3252 4068 3462 4173 subdita

1970 4155 2190 4248 innoxia
2236 4183 2601 4244 versabantur,
2652 4172 2851 4230 animal
2896 4169 3090 4226 scilicet
3140 4162 3398 4216 lubricum
3437 4165 3485 4211 et
3511 4155 3556 4188 "

1973 4282 2220 4341 tortuosis
2249 4272 2575 4342 anfractibus
2600 4266 2805 4332 mobile,
2836 4263 2980 4335 operi
3000 4276 3094 4315 suo
3127 4268 3433 4326 congruum,
3467 4263 3560 4316 per

1972 4392 2125 4449 quem
2147 4374 2462 4443 loqueretur,
2487 4363 2658 4435 elegit.
2680 4357 3083 4418 Animadverte,
3114 4346 3381 4449 quomodt)
3425 4344 3560 4445 duos

1907 4493 1953 4554 ο
1980 4433 2262 4536 paradisos
2288 4456 2485 4512 asserit
2519 4433 2661 4517 esse,
2688 4463 2852 4504 unum
2876 4445 3091 4515 quidem
3122 4434 3476 4509 spiritualem,
3503 4433 3560 4486 in
3618 4438 3625 4445 ‘

2114 4553 2120 4554 ί
2297 4545 2330 4554 ··
2563 4541 2573 4554 ·
2714 4553 2720 4554 κ
2756 4536 2932 4554 νεα---Δ
3010 4530 3237 4554 Ann...“
3285 4538 3411 4554 νηη,
3441 4535 3560 4554 Νη,-

1979 4530 2087 4625 quo
2110 4553 2271 4606 homo
2296 4545 2340 4578 “
2376 4541 2669 4599 secundum
2703 4536 2958 4598 animam,
3010 4530 3240 4584 alterum
3285 4538 3412 4578 vero
3440 4535 3560 4576 cor-

1983 4610 2244 4717 poralem,
2275 4639 2327 4693 in
2355 4652 2462 4706 quo
2492 4633 2630 4688 idem
2656 4631 2817 4684 homo
2843 4621 3137 4680 secundum
3166 4630 3364 4686 corpus
3387 4610 3555 4669 felici.

1983 4705 2067 4793 ler
2089 4732 2324 4789 vivebat.
2365 4705 2422 4783 In
2452 4727 2587 4781 libro
2622 4730 2821 4787 autem,
2851 4731 3011 4787 quem
3041 4714 3106 4768 de
3133 4711 3271 4765 Vera
3306 4705 3563 4778 religione

1985 4827 2224 4898 scripsit,
2252 4837 2417 4878 unum
2467 4812 2836 4872 tantummodo
2873 4808 3205 4880 paradisum,
3227 4802 3561 4869 eundemque

1986 4889 2317 4990 spiritualem
2370 4912 2584 4965 videtur
2636 4915 2931 4960 asserere:
2984 4898 3080 4953 Est
3116 4905 3323 4959 autem,
3368 4889 3562 4960 inquit,

1984 4978 2164 5064 vitium
2185 5004 2411 5075 primum
2435 4999 2642 5053 animae
2665 4990 2963 5055 rationalis,
2993 4986 3228 5042 voluntas
3242 5000 3301 5038 ea
3316 4978 3562 5050 faciendi,

1985 5116 2119 5174 quae
2149 5072 2283 5153 vetat
2320 5108 2524 5149 summa
2549 5098 2596 5143 et
2624 5086 2806 5142 intima
2835 5084 3045 5138 veritas.
3073 5078 3159 5133 Ita
3198 5078 3350 5129 homo
3375 5072 3442 5126 de
3472 5085 3566 5138 pa-

1989 5164 2167 5247 radiso
2188 5189 2242 5244 in
2263 5188 2358 5241 hoc
2384 5180 2616 5238 seculum
2638 5175 2883 5248 expulsus
2909 5185 2981 5228 est
3007 5172 3074 5235 “,
3108 5169 3161 5223 id
3187 5177 3280 5230 est,
3311 5164 3375 5218 ab
3401 5170 3566 5248 uetere

2094 5279 2162 5333 ad
2187 5271 2517 5346 temporalia,
2547 5286 2581 5323 a
2604 5246 2825 5339 copiosis
2853 5263 2921 5319 ad
2944 5276 3122 5333 egena,
3153 5275 3185 5311 a
3222 5253 3472 5325 ﬁrmitate
3495 5246 3565 5302 ad

1580 5432 1837 5489 VARIAE
1872 5394 2273 5488 moriones.
2336 5402 2342 5408 ’

379 5582 402 5614 ¹
450 5590 498 5634 et
534 5596 645 5635 om.
689 5580 794 5636 CF.
928 5579 947 5611 ¹
979 5576 1072 5634 Sic
1114 5575 1233 5640 CF;
1282 5570 1324 5631 Α
1373 5570 1763 5642 indispositam.

293 5657 319 5685 ⁶
352 5650 451 5707 δερ
465 5650 583 5715 CF;
614 5651 651 5704 A
677 5667 766 5719 per
790 5667 962 5719 quem.
1035 5650 1054 5681 "
1198 5644 1282 5700 CF
1416 5643 1532 5719 sibi.

298 5721 501 5795 spatio.
571 5709 622 5751 ’¹¹
656 5709 746 5775 Sic
769 5709 829 5788 Ἐξ
888 5720 972 5775 AC
1003 5717 1246 5788 qualiter.
1328 5714 1370 5747 “
1398 5713 1522 5767 dum
1561 5727 1670 5767 om.
1704 5709 1769 5763 Α.

1904 5563 1926 5594 ³
1953 5562 2001 5618 Α
2044 5571 2433 5632 proponentem.

1609 5642 1631 5673 '
1661 5654 1778 5695 vero
1817 5634 2012 5690 om.lt.
2088 5632 2168 5701 ’f

1849 5707 1893 5740 "
1917 5713 1965 5759 ct
1996 5715 2109 5758 om.
2137 5702 2242 5756 CF.

2535 5557 2555 5588 ⁸
2589 5564 2638 5609 et
2667 5568 2775 5606 om.
2800 5551 2862 5604 A.
2969 5546 2991 5577 ⁵
3027 5543 3114 5597 Sic
3143 5536 3261 5605 CF;
3286 5537 3332 5592 A
3361 5535 3564 5609 cecidit,

2522 5607 2628 5678 tt.”
2662 5623 2705 5654 κ
2730 5620 2821 5675 Sic
2847 5615 2933 5673 (1F
2950 5631 2964 5677 ;
2982 5615 3035 5670 -A
3073 5612 3263 5666 vixisse
3300 5607 3569 5679 ιειιψκιτφί

2934 5676 2979 5722 ¹⁷⁸
3011 5684 3103 5740 Sic
3128 5680 3238 5751 Cb;
3278 5694 3354 5737 est
3383 5676 3471 5738 6m
3501 5676 3542 5732 Δ

2164 5632 2360 5685 eliciter
2387 5644 2495 5683 oni.

2346 5698 2388 5730 ‘i
2431 5698 2584 5749 homo
2614 5708 2723 5747 om.
2752 5690 2814 5743 Λ.
