3898 6154
401 307 508 363 815

1775 293 2065 352 massis
2105 291 2296 351 soon
2423 331 2434 343 .
2836 315 2851 326 .
2903 284 2947 319 .w.

3552 307 3651 364 816

404 422 615 489 iu/irma
643 421 658 451 ¹
694 433 711 472 :
753 435 856 473 non
894 434 1018 501 efgo
1064 434 1096 470 a
1139 417 1272 485 bona
1300 414 1642 470 substantiali
1669 414 1739 468 ad
1782 412 1980 468 malum
2007 412 2065 474 Α
2090 416 2262 469 minus
2308 415 2465 471 Iesus
2523 418 2777 484 Christus,
2804 420 2922 491 fons
2962 420 3093 476 vitae
3146 431 3424 488 aeternae,
3459 425 3652 483 sicutct

402 511 763 575 substantiale,
797 515 920 582 quia
956 507 1101 564 nulla
1134 509 1427 564 substantia
1459 506 1658 561 malum
1698 520 1811 576 est,
1842 507 1931 562 sed
1953 524 1985 560 a

405 605 538 657 bono
571 611 779 655 aeterno
810 600 879 654 ad
917 600 1107 653 bonum
1147 602 1452 670 temporale,
1483 615 1515 651 a
1555 601 1688 653 bono
1725 596 1987 668 spirituali

405 693 475 748 ad
519 693 708 747 bonum
755 691 991 757 carnale,
1035 709 1068 746 a
1125 695 1258 746 bono
1310 690 1624 761 intelligibili
1677 691 1747 744 ad
1796 690 1988 745 bonum

406 784 664 848 sensibile,
680 802 711 837 a
728 783 862 838 bono
877 800 1082 838 summo
1098 784 1167 837 ad
1185 784 1376 853 bonum
1402 784 1641 851 inﬁmum
1662 790 1702 837 ².
1732 783 1987 846 Videsne,

406 873 546 940 quod
582 874 690 936 ait,
731 888 763 926 a
802 874 943 927 bono
979 871 1298 941 intelligibili
1343 872 1410 926 ad
1449 874 1647 927 bonum
1700 873 1989 928 sensibile?

406 963 594 1017 Nonne
633 974 817 1034 aperte
843 964 979 1018 dixit
1013 963 1406 1033 intelligibilem
1451 953 1756 1032 paradisum
1797 964 1816 995 ³
1844 980 1985 1030 esse,

404 1072 512 1111 non
538 1066 717 1111 autem
744 1056 1091 1112 sensibilem?
1114 1056 1248 1110 Nam
1270 1056 1314 1109 si
1338 1056 1645 1111 scnsibilem
1668 1072 1788 1112 esse
1809 1056 1988 1122 vellet,

402 1144 632 1203 dixisset
659 1148 844 1215 utique
877 1163 907 1200 a
937 1148 1075 1201 bono
1105 1146 1343 1203 sensibili
1368 1188 1380 1208 ,
1414 1147 1517 1202 hoc
1545 1156 1648 1210 est,
1679 1163 1707 1201 a
1741 1148 1992 1217 paradiso

406 1237 672 1306 corporali
702 1238 765 1290 ad
795 1237 1020 1291 inferius
1044 1237 1241 1291 bonum
1275 1238 1545 1292 sensibile.
1577 1237 1685 1293 Nisi
1713 1238 1850 1293 forte
1870 1240 1993 1309 quis

407 1326 574 1391 dicat,
603 1325 671 1379 de
696 1326 812 1380 solo
834 1325 1097 1395 spirituali
1126 1326 1407 1395 paradiso,
1437 1342 1503 1381 ex
1529 1342 1635 1397 quo
1664 1328 1841 1382 anima
1865 1342 1992 1399 pec-

407 1418 580 1470 catrix
618 1416 836 1486 expulsa
865 1426 981 1479 est,
1032 1418 1172 1472 hanc
1212 1420 1532 1473 sententiam
1572 1421 1892 1490 protulisse,
1927 1421 1993 1475 de

407 1509 722 1579 expulsione
751 1524 878 1563 vero
907 1511 1152 1580 corporis
1192 1509 1308 1579 ejus
1351 1512 1418 1567 de
1440 1510 1460 1542 ’⁸
1488 1511 1752 1582 corporali
1780 1512 1995 1582 paradi-

406 1615 469 1653 so
497 1600 546 1651 in
584 1600 695 1668 ipsa
745 1602 1011 1655 sententia
1057 1602 1291 1657 siluisse.
1323 1600 1438 1656 Non
1473 1603 1616 1658 enim
1641 1602 1739 1666 ait,
1761 1604 1994 1672 primum

408 1689 660 1756 hominis,
701 1691 796 1746 sed
831 1692 1063 1761 primum
1095 1694 1308 1747 animae
1341 1692 1618 1748 rationalis
1639 1695 1828 1748 vitium
1869 1704 1993 1749 est:

2091 503 2289 574 Pater;
2319 511 2444 580 quia
2466 511 2717 581 scriptum
2737 520 2833 573 est,
2855 513 3105 583 quoniam
3126 513 3264 583 apud
3284 524 3336 568 te
3358 515 3473 584 fons
3492 519 3647 584 vitae;

2090 598 2330 669 denique,
2357 602 2579 671 [lumina
2608 604 2672 658 de
2690 612 2866 658 ventre
2889 604 3005 673 ejus
3025 605 3187 674 ﬂuent
3212 622 3380 676 aquae
3404 608 3556 663 vivae.
3587 609 3645 663 Et

2087 689 2208 759 fons
2250 692 2444 763 legitur
2490 703 2538 747 et
2567 694 2761 764 ﬂuvius
2808 694 3033 765 legitur,
3085 697 3171 765 qui
3197 697 3382 766 irrigat
3430 700 3642 768 paradisi

2088 777 2290 850 lignum
2328 782 2656 851 fructuosum
2682 825 2697 847 ,
2728 785 2868 855 quod
2900 786 2942 819 “
2989 785 3125 853 ferat
3175 786 3401 853 fructum
3426 790 3479 842 in
3504 791 3641 846 vitam

2090 878 2377 922 aeternam.
2416 868 2519 922 Hic
2542 886 2663 939 ergo
2686 872 2827 941 fons,
2850 873 2983 926 sicut
3005 873 3193 943 legisti,
3222 875 3278 929 in
3304 878 3540 944 paradiso
3557 888 3638 932 est.

2094 955 2239 1011 Fons
2277 959 2413 1011 enim
2437 961 2689 1028 procedit,
2715 962 2901 1031 inquit,
2925 979 2988 1015 ea:
3013 962 3185 1029 Eden,
3210 963 3263 1016 id
3286 975 3380 1026 est,
3414 966 3468 1018 in
3487 969 3642 1021 anima

2091 1059 2181 1102 tua
2230 1049 2348 1118 fons
2389 1060 2484 1104 est.
2514 1048 2664 1105 Unde
2699 1061 2749 1105 et
2794 1051 3046 1107 Salomon
3083 1055 3198 1109 ait:
3235 1054 3363 1110 Bibe
3389 1074 3566 1127 aquam
3588 1059 3645 1112 ds

2091 1141 2193 1193 tuis
2229 1142 2365 1193 vasis
2412 1151 2461 1195 et
2490 1142 2555 1195 (le
2580 1141 2621 1173 ι’
2642 1151 2918 1212 puteorum
2946 1153 3151 1196 tuorum
3182 1145 3431 1214 fontibus.
3463 1145 3556 1200 Hic
3579 1158 3642 1202 est

2093 1228 2210 1296 fons
2242 1228 2306 1291 “,
2358 1229 2449 1299 qui
2489 1231 2719 1299 procedit
2762 1248 2827 1285 ea:
2862 1230 2954 1286 illa
2978 1236 3263 1287 ea'ercitata
3308 1246 3357 1289 et
3395 1235 3535 1303 plena
3570 1255 3645 1291 vo-

2094 1316 2311 1388 luptatis
2326 1310 2511 1374 anima
2536 1338 2553 1386 ;
2584 1322 2669 1376 hic
2697 1323 2838 1390 fons,
2870 1326 2962 1394 qui
2990 1326 3173 1394 irrigat
3208 1328 3533 1396 paradisum,
3559 1331 3646 1382 cir-

2093 1418 2177 1464 tus
2217 1420 2292 1464 est
2323 1412 2531 1465 animae
2576 1413 2983 1468 eminentissimo
3021 1415 3163 1484 fonte
3191 1416 3457 1485 pullulans
3486 1418 3544 1470 ‘5.
3588 1416 3646 1472 Et

2094 1504 2349 1557 dividitur
2372 1545 2386 1569 ,
2417 1506 2616 1577 inquit,
2640 1506 2725 1558 hic
2740 1507 2883 1576 ‘fons
2910 1508 2965 1561 in
2985 1518 3232 1576 quattuor
3257 1510 3428 1562 initia.
3467 1509 3647 1564 Nomen

2095 1605 2169 1649 est
2192 1596 2282 1649 uni
2309 1595 2531 1657 Phison,
2551 1605 2606 1652 et
2626 1607 2825 1661 cetera,
2853 1599 3287 1669 quaeprael'atus
3313 1613 3522 1655 sanctus
3539 1601 3649 1655 Am-
3682 1596 3693 1663 λ
3742 1620 3753 1625 ‘

2097 1685 2310 1741 brosius
2324 1685 2392 1741 de
2409 1696 2667 1755 quattuor
2680 1689 2910 1757 paradisi
2928 1688 3238 1745 ﬂuminibus
3257 1689 3651 1745 luculentissima

409 1790 580 1836 totum
606 1790 785 1838 tamen
819 1785 1088 1837 hominem
1117 1784 1354 1840 melioris
1373 1784 1541 1855 partis
1565 1783 1824 1840 vocabulo
1838 1785 1998 1856 sigui-
2031 1758 2072 1818 Β
2100 1777 2359 1847 diSputat,
2408 1779 2615 1845 singula
2645 1778 2866 1835 ﬂumina
2897 1781 3120 1853 singulis
3152 1782 3363 1837 animae
3385 1783 3651 1835 virtutibus

410 1872 600 1929 licasse
624 1874 965 1929 crediderim.
990 1874 1104 1929 Non
1132 1875 1275 1929 enim
1304 1873 1564 1931 credibile
1589 1885 1689 1938 cst,
1724 1875 1994 1930 hominem

406 1981 473 2019 ex
499 1965 760 2034 spirituali
792 1966 1064 2035 paradiso,
1088 1983 1191 2020 non
1221 1977 1399 2021 autem
1431 1982 1497 2021 ex
1523 1966 1812 2039 corporali,
1836 1981 2000 2036 prae-

408 2055 756 2113 varicationis
789 2057 981 2110 merito
1010 2056 1290 2125 expulsum
1323 2056 1511 2121 fuisse,
1545 2058 1589 2112 si
1628 2058 1733 2110 duo
1756 2058 1995 2133 paradisi

406 2146 493 2201 vel
540 2146 691 2201 fuere
740 2146 824 2201 vel
867 2147 1043 2202 adhuc
1075 2157 1221 2202 sunt.
1266 2146 1377 2203 Nisi
1422 2148 1560 2203 forte
1586 2148 1708 2216 quis
1732 2149 1898 2212 dicat,
1930 2148 1996 2204 de

413 2236 678 2306 spirituali
713 2237 964 2306 paradiso
989 2237 1360 2308 expulsionem
1401 2238 1635 2292 hominis
1662 2238 1997 2293 solummodo

410 2329 464 2383 in
512 2329 616 2383 hoc
650 2328 769 2383 loco
813 2330 1152 2398 exposuisse,
1200 2328 1439 2396 ejusdem
1477 2344 1605 2383 vero
1650 2345 1717 2384 ex
1754 2328 1994 2384 sensibili

407 2419 619 2488 lapsum
639 2419 873 2475 siluisse.
892 2418 1123 2475 Sanctus
1142 2402 1354 2490 quoque
1375 2419 1689 2474 Ambrosius
1704 2421 1754 2474 in
1770 2421 1997 2490 primor-

411 2509 657 2572 diolihri,
682 2525 841 2580 quem
870 2511 1085 2582 scripsit
1102 2511 1168 2565 de
1183 2511 1457 2580 paradiso,
1479 2513 1610 2564 duos
1636 2511 1886 2565 similiter
1905 2526 1998 2579 pa-

410 2601 617 2655 radisus
635 2615 754 2657 esse
774 2600 985 2655 videtur
1000 2598 1288 2667 atiirmare,
1309 2616 1374 2657 eo
1392 2601 1491 2655 loci
1513 2602 1764 2665 maxime,
1784 2602 1870 2654 ubi
1886 2601 1959 2654 ait
1982 2617 1994 2654 :

414 2691 480 2745 In
514 2691 610 2745 hoc
630 2709 751 2762 ergo
783 2693 1031 2763 paradiso
1057 2692 1312 2751 hominem
1330 2692 1471 2746 Deus
1497 2695 1669 2762 posuit
1690 2708 1841 2763 quem
1862 2691 2002 2763 plas-

413 2783 569 2839 mavit
595 2782 630 2836 ⁸.
670 2781 904 2853 lntellige
930 2783 1106 2846 etiam,
1134 2784 1258 2853 quia
1280 2783 1302 2814 ⁸
1333 2800 1434 2836 ηοη
1461 2800 1576 2836 eum
1604 2784 1883 2847 hominem,
1908 2784 2001 2855 qui

413 2870 701 2930 secundum
730 2872 1007 2942 imaginem
1040 2872 1134 2926 Dei
1171 2883 1268 2937 est,
1308 2873 1480 2944 posuit
1519 2875 1571 2927 in
1599 2874 1870 2944 paradiso,
1908 2875 1999 2928 sed

414 2978 556 3028 eum,
587 2960 678 3032 qui
705 2962 988 3015 secundmn
1019 2979 1207 3033 corpus
1238 2972 1347 3028 est;
1377 2964 1721 3036 incorporalis
1762 2966 1899 3019 enim
1943 2967 1999 3019 in

414 3053 529 3110 loco
557 3069 658 3107 non
681 3062 775 3109 est.
818 3052 922 3107 Sed
950 3052 1107 3123 paulo
1136 3063 1256 3123 post
1284 3054 1350 3108 ad
1380 3054 1810 3122 explanationem
1840 3070 1997 3125 para-

416 3141 517 3214 disi
565 3142 905 3211 perveniens,
951 3138 1055 3196 non
1099 3142 1270 3197 solum
1310 3144 1616 3212 paradisum
1646 3144 2000 3214 Spiritualiter

416 3232 662 3303 intelligi,
707 3249 893 3288 verum
938 3234 1102 3291 etiam
1150 3234 1281 3288 nihil
1333 3234 1477 3289 aliud
1525 3248 1643 3290 esse
1688 3236 1996 3304 paradisum

326 3368 329 3371 .
421 3322 523 3378 nisi
555 3322 728 3391 ipsum
750 3324 1044 3388 hominem,
1069 3324 1512 3381 manifestissime
1527 3328 1997 3394 astruit,omnino,

258 3404 269 3411 ’
417 3402 477 3467 ut
508 3412 755 3477 aestimo,
787 3412 1059 3482 Originem
1086 3428 1337 3483 sequens,
1382 3415 1628 3485 quamvis
1664 3431 1784 3469 eum
1815 3426 1998 3486 aperte
2040 3404 2041 3407 ¹

419 3518 525 3556 non
557 3502 870 3556 nominavit.
902 3502 992 3554 Ait
1019 3502 1163 3556 enim
1190 3522 1202 3558 :
1235 3502 1367 3557 Ante
1396 3520 1488 3558 nos
1518 3504 1641 3573 fuit,
1670 3507 1760 3575 qui
1787 3523 1879 3576 per
1905 3520 1996 3561 vo-

418 3592 667 3663 luptatem
698 3593 721 3623 "
767 3602 814 3647 et
864 3609 1074 3647 sensum
1139 3595 1633 3665 praevaricationem
1682 3598 1746 3651 ab
1791 3599 1998 3652 homine

418 3683 780 3742 memoraverit
835 3700 947 3737 esse
992 3686 1319 3739 commissam
1350 3726 1366 3751 ,
1417 3686 1472 3741 in
1536 3687 1702 3757 specie
1747 3690 1995 3757 serpentis

418 3771 647 3843 ﬁguram
690 3775 948 3843 accipiens
996 3775 1384 3842 delectationis,
1421 3777 1476 3831 in
1535 3778 1709 3849 ﬁgura
1761 3779 1997 3834 mulieris

418 3882 648 3931 sensum,
674 3866 729 3920 in
755 3868 916 3927 animi
951 3870 1237 3940 mentisque
1267 3880 1386 3941 typo
1433 3873 1601 3925 virum
1647 3873 1994 3938 constituens;

415 3975 589 4028 quem,
615 3975 822 4013 sensum
861 3960 1116 4024 videlicet,
1147 3960 1380 4021 αἴσθησιν
1422 3972 1605 4017 vocant
1643 3962 1862 4030 Graeci;
1900 3965 1995 4020 de-

418 4058 564 4117 cepto
602 4059 775 4101 autem
811 4065 962 4103 sensu
985 4052 1467 4119 praevaricatriccm
1501 4064 1721 4108 mentem
1750 4055 1992 4119 asseruit,

417 4155 576 4207 quam
615 4137 803 4192 Graeci
828 4146 943 4197 νοῦν
968 4151 1171 4193 vocant.
1204 4138 1359 4193 Recte
1384 4135 1546 4211 igitur
1571 4144 1625 4197 in
1656 4141 1856 4199 Graeco
1879 4151 1997 4206 νοῦς

417 4228 519 4284 in‘
566 4228 738 4297 ﬁgura
791 4229 889 4282 viri
926 4229 1215 4297 accipitur,
1266 4228 1504 4294 αἴσθησις
1546 4249 1663 4286 vero
1697 4234 1751 4288 in
1784 4236 1805 4267 ’
1826 4233 1998 4303 ﬁgura

419 4318 676 4373 mulieris.
710 4318 862 4373 Unde
882 4321 1097 4390 quidam
1122 4321 1290 4374 Adam
1315 4329 1431 4376 νοῦν
1452 4332 1715 4376 terrenum
1748 4324 1998 4394 interpre-

419 4409 515 4467 tati
535 4418 674 4461 sunt.
705 4408 771 4462 Et
795 4419 915 4477 post
938 4409 1211 4479 aliquanta
1237 4427 1250 4464 :
1286 4409 1377 4464 Est
1400 4427 1520 4481 ergo
1540 4410 1831 4465 Paradisus
1857 4424 1997 4466 terra

417 4500 676 4569 quaedam
724 4501 911 4570 fertilis
936 4542 950 4566 ,
1001 4502 1097 4555 hoc
1135 4512 1230 4567 est,
1276 4504 1453 4557 anima
1491 4503 1737 4573 fecunda,
1765 4504 1821 4557 in
1848 4504 1995 4559 Eden

418 4586 678 4656 plantata,
704 4574 800 4643 hoc
832 4601 924 4653 est,
959 4593 1012 4646 in
1043 4591 1298 4660 voluptate
1321 4593 1571 4663 quadam,
1610 4592 1684 4647 vel
1713 4596 1996 4648 exercitata

420 4690 591 4746 terra,
636 4682 692 4734 in
719 4698 822 4751 qua
870 4683 1079 4736 animae
1116 4684 1177 4752 ﬁt
1225 4685 1519 4740 delectatio.
1554 4686 1648 4751 Est
1684 4687 1842 4741 etiam
1879 4694 1998 4749 νοῦς-

420 4779 670 4838 tanquam
694 4769 884 4835 Adam,
913 4780 960 4825 et
981 4779 1056 4824 est
1075 4770 1324 4835 αἴσθησις,
1347 4773 1401 4825 id
1424 4783 1497 4826 est
1519 4789 1720 4838 sensus,
1747 4785 1996 4844 tanquam

427 4860 556 4912 lfva.
577 4861 648 4914 Ac
670 4877 733 4915 ne
752 4862 986 4925 haberes,
1009 4863 1147 4934 quod
1169 4864 1239 4916 ad
1269 4863 1536 4932 inﬁrmum
1555 4874 1875 4936 retorqueres
1905 4883 1995 4919 na-

424 4961 593 5015 turae,
624 4950 699 5005 rel
739 4952 807 5004 ad
843 4954 1119 5008 obnoxiam
1145 4955 1199 5008 in
1236 4954 1522 5008 tolerandis
1545 4957 1790 5024 periculis
1815 4958 1998 5011 condi-

422 5044 634 5104 tionem,
659 5043 950 5108 considera,
978 5061 1110 5115 quae
1135 5045 1285 5099 habet
1319 5045 1361 5079 ⁸ο
1408 5046 1584 5099 anima
1614 5046 1717 5100 ista
1739 5046 1994 5102 subsidia.

386 5133 556 5205 ,Ἰῖται
588 5133 728 5204 fons,
768 5136 857 5206 qui
893 5137 1134 5208 irrigaret
1163 5138 1489 5208 paradisum.
1534 5136 1665 5203 Quis
1688 5136 1854 5206 fons?
1891 5137 1997 5192 Do-

2098 1883 2443 1937 comparans,
2480 1869 2681 1925 Phison
2708 1871 2924 1940 quidem
2950 1912 2965 1933 ,
2998 1872 3088 1939 qui
3120 1872 3411 1926 secundum
3440 1872 3652 1928 Graecos

2098 1961 2308 2033 Ganges
2339 1963 2554 2022 dicitur.
2589 1964 2923 2033 prudentiae,
2954 1962 3101 2019 Ceon
3128 1973 3329 2030 autem,
3356 1967 3442 2035 qui
3471 1975 3544 2020 est
3562 1964 3650 2018 Ni-
3722 2020 3723 2035 η

2095 2050 2180 2106 lus
2202 2092 2217 2117 ,
2247 2053 2653 2122 temperantiae,
2684 2052 2902 2124 Tygrin,
2932 2053 3022 2123 qui
3056 2053 3333 2108 velocitate.
3359 2054 3436 2108 sui
3481 2064 3653 2108 cursus

2097 2134 2316 2204 dicitur:
2341 2142 2659 2201 fortitudini.
2676 2143 2988 2212 Euphraten
3003 2160 3132 2199 vero
3151 2145 3649 2213 justitiaeﬁidesne,

2097 2235 2548 2303 quemadmodum
2614 2234 2966 2304 spiritualiter
3010 2236 3258 2306 intelligit
3328 2235 3652 2305 paradisum?

2101 2327 2438 2383 Disc.\’ideo.
2465 2327 2569 2382 Sed
2591 2326 2837 2382 fortassis
2861 2328 2982 2397 quis
3004 2328 3216 2389 dixerit,
3246 2328 3416 2398 magis
3429 2328 3652 2398 allegori-

2099 2434 2223 2474 zare
2246 2458 2261 2482 ,
2291 2433 2448 2487 quam
2478 2418 2788 2488 paradisum
2837 2419 3175 2488 corporalem
3206 2434 3403 2490 negare
3440 2419 3646 2472 videtur.

2097 2510 2231 2564 Nam
2259 2512 2301 2564 si
2333 2509 2669 2579 corporalem
2694 2517 2749 2564 et
2775 2508 2997 2564 localem
3025 2509 3333 2580 paradisum
3361 2525 3462 2563 non
3485 2509 3651 2564 existis

2100 2610 2275 2656 maret
2306 2617 2445 2666 esse,
2475 2617 2580 2655 non
2609 2601 2854 2657 fortassis
2880 2602 2931 2655 in
2964 2617 3218 2672 processu
3240 2601 3464 2672 praelati
3493 2601 3650 2672 operis

2098 2702 2218 2762 post
2239 2691 2536 2763 Spiritualis
2559 2692 2816 2762 paradisi,
2843 2693 2933 2762 qui
2958 2692 3071 2747 sive
3093 2692 3207 2761 ipsa
3234 2690 3408 2745 anima
3431 2699 3530 2753 est,
3554 2690 3653 2744 sive

2099 2782 2300 2853 aliquid
2328 2781 2628 2852 spirituale,
2675 2784 2729 2837 in
2775 2799 2883 2854 quo
2922 2782 3101 2836 anima
3147 2781 3191 2814 ⁸⁸
3229 2781 3516 2836 constituta
3564 2787 3650 2837 est.

2097 2875 2487 2945 expositionem
2518 2875 2765 2941 adderet,
2786 2890 3061 2945 exponens
3085 2874 3231 2928 illum
3255 2873 3454 2934 locum,
3486 2872 3536 2925 in
3563 2884 3657 2940 quo

2100 2968 2358 3037 scriptum
2388 2975 2510 3022 est:
2545 2965 2614 3021 Et
2663 2966 2997 3036 apprehendit
3037 2964 3176 3019 Deus
3219 2965 3475 3018 hominem
3521 2975 3656 3031 quem

2103 3057 2246 3125 fecit,
2276 3067 2321 3109 et
2347 3056 2514 3125 posui:
2538 3042 2675 3109 leum
2698 3058 2751 3110 in
2795 3055 3041 3126 paradiso
3077 3053 3281 3124 operari
3317 3062 3363 3106 et
3398 3050 3654 3105 custodire.

2116 3144 2284 3208 Vides,
2312 3148 2501 3215 inquit,
2524 3147 2791 3217 quoniam,
2814 3144 2903 3216 qui
2924 3153 3057 3206 erat,
3079 3140 3517 3213 apprehenditur!
3542 3137 3656 3190 Erat

2099 3247 2272 3291 autem
2321 3238 2376 3290 in
2438 3246 2578 3289 terra
2634 3235 2996 3306 plasmationis
3043 3233 3087 3265 ¹⁶
3140 3248 3288 3286 suae.
3333 3228 3658 3302 Apprehendit

2097 3344 2220 3398 ergo
2246 3344 2366 3381 eum
2412 3328 2577 3381 virtus
2628 3327 2756 3393 Dei,
2788 3328 2994 3396 spirans
3037 3325 3080 3357 "
3106 3339 3379 3395 processus
3417 3331 3465 3374 et
3510 3322 3659 3373 incre-

2096 3428 2271 3472 menta
2304 3419 2532 3472 virtutis.
2559 3417 2788 3489 Denique
2811 3419 2867 3470 in
2887 3416 3135 3487 paradiso
3156 3430 3274 3468 eum
3306 3411 3586 3471 collocarit,
3610 3416 3658 3459 ut
3736 3470 3745 3477 ι

2097 3510 2472 3579 apprehensum
2509 3508 2660 3578 quasi
2707 3509 2883 3580 aﬁlatu
2935 3506 3142 3560 divinae
3187 3503 3446 3558 servitutis
3470 3502 3533 3554 “.
3559 3498 3661 3564 Quo

2096 3600 2198 3654 loci
2220 3599 2354 3655 illud
2374 3601 2606 3666 adverte,
2628 3601 2753 3671 quia
2782 3610 2931 3654 extra
2958 3597 3263 3669 paradisum
3290 3599 3368 3650 vir
3387 3596 3554 3664 factus
3574 3601 3659 3652 cst,

2095 3701 2143 3745 et
2177 3689 2218 3722 ¹⁹
2248 3690 2438 3744 mulier
2472 3691 2612 3745 intra
2643 3691 2972 3760 paradisum,
3023 3699 3080 3743 ut
3107 3689 3384 3750 advertas,
3415 3685 3548 3757 quod
3570 3698 3662 3735 non

2096 3781 2219 3847 loci,
2246 3798 2348 3836 non
2384 3783 2584 3852 generis
2629 3781 2930 3844 nobilitate,
2978 3779 3069 3833 sed
3103 3780 3291 3832 virtute
3330 3775 3663 3843 unusquisque

2095 3876 2319 3944 gratiam
2333 3872 2429 3927 sibi
2446 3880 2733 3937 comparat.
2753 3870 2981 3940 Denique
3006 3878 3087 3923 ext
3095 3884 3153 3921 ra
3167 3862 3661 3938 paradisum-factus,

2096 3967 2193 4020 hoc
2214 3976 2308 4030 est,
2339 3966 2393 4018 in
2421 3965 2669 4034 inferiore
2698 3962 2813 4018 loco
2847 3964 2928 4017 vir
2968 3961 3154 4015 melior
3180 3960 3460 4021 invenitur,
3481 3965 3530 4009 et
3558 3953 3663 4015 illa,

2095 4072 2229 4127 quae
2249 4056 2302 4108 in
2318 4054 2532 4109 meliore
2549 4054 2680 4117 loco,
2698 4055 2794 4107 hoc
2817 4062 2915 4117 est,
2936 4052 2990 4105 in
3001 4051 3250 4122 paradiso
3262 4051 3404 4116 facta
3424 4056 3497 4101 est
3517 4045 3667 4111 ",in-

2069 4145 2259 4215 ‘ferior
2278 4144 2533 4213 reperitur
2553 4145 2619 4197 ".
2648 4143 2843 4197 Mulier
2862 4143 2999 4196 enim
3025 4142 3171 4211 prior
3193 4142 3403 4210 decepta
3425 4148 3499 4192 est
3522 4136 3587 4200 “,
3620 4142 3665 4187 et

2097 4238 2261 4290 virum
2298 4238 2410 4306 ipsa
2431 4237 2647 4306 decepit.
2679 4235 2930 4305 Nunquid
2957 4235 3041 4289 his
3065 4234 3249 4288 verbis
3276 4231 3554 4286 manifeste
3578 4229 3664 4281 da-

2101 4335 2190 4380 tur
2220 4327 2468 4396 intelligi,
2497 4327 2721 4382 localem
2753 4327 3094 4395 paradisum,
3123 4340 3190 4379 ac
3221 4338 3320 4395 per
3353 4323 3455 4377 hoc
3484 4333 3665 4389 corpo-

2025 4455 2076 4513 Β
2102 4417 2268 4471 ralem
2294 4426 2456 4486 atque
2476 4416 2784 4471 sensibilem
2806 4416 3042 4470 voluisse
3066 4424 3313 4470 astruere
3330 4412 3356 4466 ‘l
3387 4410 3522 4466 Mss.
3542 4408 3666 4507 Cum

2104 4506 2206 4569 his,
2239 4506 2329 4575 qui
2356 4505 2404 4535 ¹³
2450 4504 2575 4559 talia
2607 4505 2819 4568 volunt,
2846 4520 2951 4557 non
2996 4511 3080 4558 est.
3108 4512 3354 4556 nostrum
3381 4495 3667 4554 colluctari.

2104 4597 2289 4666 Neque
2314 4596 2457 4651 enim
2489 4597 2623 4650 duos
2651 4596 2930 4666 paradisus
2952 4608 3092 4657 esse,
3122 4609 3285 4647 unum
3312 4591 3527 4660 quidem
3559 4600 3647 4641 cor

2100 4685 2363 4757 poralem,
2410 4684 2640 4738 alterum
2685 4699 2815 4738 vero
2857 4680 3193 4753 spiritualem
3244 4692 3532 4748 negamus,
3579 4686 3669 4727 nec

2103 4773 2451 4827 aﬂlrmamus.
2483 4771 2804 4827 Sanctorum
2852 4780 3031 4825 autem
3081 4769 3302 4824 Patrum
3345 4763 3670 4822 solummodo

2105 4864 2405 4919 sententias
2437 4862 2652 4917 interim
2680 4863 2824 4917 inter
2849 4877 2950 4917 nos
2974 4860 3340 4916 conferimus:
3376 4857 3468 4928 qui
3500 4863 3668 4909 autem

2104 4954 2276 5025 magis
2321 4952 2583 5021 sequendi
2630 4961 2778 5016 sunt,
2828 4966 2935 5006 non
2984 4958 3069 5005 est
3110 4959 3355 5004 nostrum
3392 4946 3665 5014 judicare;

2104 5044 2474 5114 unusquisque
2499 5057 2598 5098 suo
2637 5057 2794 5098 sensu
2843 5043 3113 5103 abundet.
3147 5050 3203 5095 et
3232 5053 3370 5110 quos
3400 5044 3669 5108 sequatur,

2104 5138 2286 5209 eligat,
2314 5134 2705 5206 litigationibus
2732 5134 2951 5189 relictis.
2987 5132 3094 5189 Sed
3114 5146 3221 5202 quo
3247 5145 3409 5186 sensu
3433 5138 3671 5184 summae

1703 5227 1957 5285 VARIAE
1996 5225 2400 5288 LECTIONES.

496 5320 513 5393 ξ
546 5319 776 5393 supr;
807 5322 853 5379 A
882 5323 1168 5393 inﬁmum.
1242 5324 1266 5393 ξ
1297 5321 1404 5387 CF;
1433 5322 1718 5393 inﬁrmum.

422 5392 447 5463 ’ξ
475 5389 567 5463 Sic.
590 5391 675 5447 CF
692 5411 708 5458 ς
734 5394 781 5448 Α
808 5389 1072 5463 formavit.
1180 5393 1203 5426 ⁸
1234 5392 1465 5463 8ἰοβῖς
1490 5389 1538 5446 Ἀ
1551 5391 1723 5463 quod,

421 5461 469 5515 Α
504 5461 709 5517 διαθείη.
809 5463 852 5496 ιι
878 5462 963 5518 CF
1006 5479 1130 5534 quo.
1206 5461 1339 5534 “Ade
1362 5478 1471 5518 om.
1503 5461 1609 5534 CF.

423 5540 503 5602 ςεὲ
537 5542 745 5587 virtutes
773 5534 986 5590 animae.
1011 5531 1044 5588 ἐξ
1092 5531 1131 5586 f.
1159 5532 1493 5602 pullulantes.

518 5617 542 5671 ᾖ
586 5605 633 5654 Α
674 5608 958 5671 inspirans.

427 5667 472 5707 '°
501 5667 644 5736 facta
673 5680 746 5727 est
759 5667 876 5726 om.
911 5673 1014 5730 CF.

1687 5459 1734 5494 ⁸⁸
1761 5461 1866 5517 Hic
1889 5474 1966 5519 est

1822 5321 1845 5354 ³
1884 5320 1975 5379 Sic
2008 5322 2112 5389 CF;
2141 5321 2188 5378 Α
2225 5318 2530 5391 paradisum
2558 5314 2935 5391 mtelliqibilem
2960 5330 3116 5391 _esse.

1818 5392 1842 5426 "
1866 5391 1971 5458 CF;
2006 5394 2339 5449 voluntatem.

2015 5464 2134 5533 fons
2157 5476 2267 5517 om.
2294 5456 2401 5533 CF.

1570 5533 1616 5566 "
1641 5532 1733 5591 Sic
1760 5532 1876 5597 CF;
1904 5535 1942 5588 A
1974 5530 2030 5586 in
2050 5550 2157 5604 qua
2175 5530 2465 5604 const_ilut_a
2489 5536 2592 5583 est.

1037 5602 1080 5636 “
1125 5602 1215 5658 Sic
1243 5602 1367 5664 CF;
1408 5604 1451 5658 Α
1482 5612 1536 5658 ut
1564 5605 1700 5659 scias
1742 5602 2138 5674 apprehensum

1114 5678 1157 5706 ¹¹
1197 5678 1285 5729 Sic
1333 5673 1448 5741 CF;
1501 5676 1545 5729 A
1590 5677 1839 5747 reperitur
1882 5674 2123 5742 inferior.

3218 5313 3355 5369 ‘Sic
3385 5310 3511 5376 CF;
3548 5309 3667 5365 As.

2442 5389 2466 5422 ⁸
2495 5390 2551 5442 in
2583 5403 2693 5442 om.
2727 5378 2793 5440 λ.
2903 5386 2925 5418 ⁸
2952 5387 3008 5441 in
3026 5401 3136 5441 om.
3165 5383 3233 5439 Α.
3359 5383 3404 5415 ⁸⁸
3452 5379 3547 5436 Sic
3568 5378 3666 5443 Cl";

2479 5457 2522 5490 “
2548 5456 2641 5514 Sic
2669 5456 2776 5527 CF;
2808 5455 2851 5510 A
2872 5456 2966 5527 qui
3005 5456 3196 5527 irrigat.
3218 5453 3567 5527 paradisum_,_
3583 5450 3670 5527 hoc

2669 5471 2776 5519 ur;
2808 5471 2851 5510 Δ
2875 5471 2966 5582 Ῥιι
3005 5471 3196 5526 Irrigat.
3218 5471 3551 5523 paradisum,
3583 5471 3670 5527 nuc

2669 5527 2714 5559 ¹⁸
2740 5526 2832 5583 Sic
2852 5526 2892 5582 C
2953 5544 2970 5592 ;
2999 5526 3046 5582 Α
3072 5524 3420 5596 formationis.
3521 5517 3671 5596 "Sic

2220 5584 2332 5654 nasi
2365 5598 2595 5661 afﬂatum
2629 5597 2808 5650 divina
2847 5584 3192 5650 esse'virt'ute.
3268 5595 3312 5624 “’
3340 5602 3387 5645 et
3426 5605 3539 5645 om.
3571 5584 3667 5641 CF-

2228 5672 2246 5701 '
2280 5679 2350 5723 est
2382 5683 2501 5745 .om.
2551 5671 2655 5723 Cf.
2735 5673 2780 5699 "'
2827 5667 2869 5721 A
2901 5675 3044 5738 quia.
