3898 6154
276 297 385 358 ιιιτ

1086 304 1173 360 DE
1214 304 1555 361 mvrsnoxe
1595 281 1949 362 Maenas.
2000 335 2072 346 -
2107 282 2309 361 manu
2349 304 2700 374 ausurus.

3434 307 3542 362 8l8

284 416 620 472 auctoritatis
645 417 900 487 magister
926 459 940 481 ,
969 427 1130 488 atque
1163 419 1461 474 acutissimi
1489 418 1859 474 subtilissimi-
1885 425 1933 481 Α
1965 417 2219 491 imagine,
2245 434 2388 490 quae
2425 420 2564 474 intra
2595 419 2900 490 paradisum
2932 416 3146 474 condita
3189 425 3293 481 est,
3335 417 3429 471 sed
3475 432 3546 473 ex

283 522 386 579 que
480 506 704 578 ingenii,
736 524 788 562 in
831 510 1259 578 expositionibus
1291 510 1508 565 divinae
1542 509 1859 580 Scripturae

283 598 405 653 talia
432 598 738 669 protulerit,
768 616 875 655 non
907 599 1063 656 facile
1080 602 1239 656 nobis
1265 601 1460 669 elucet,
1484 602 1586 657 nisi
1618 602 1777 665 forte.
1803 610 1861 657 ut

281 690 594 760 saepissime
627 690 680 745 in
709 690 876 761 ipsius
903 694 1331 763 expositionibus
1365 697 1686 760 invenimus,
1714 709 1861 748 sum-

281 797 398 837 mos
430 781 760 839 Graecorum
808 785 1109 857 Theologos
1145 797 1362 843 secutus
1392 788 1492 853 sit,
1533 796 1585 843 et
1624 788 1860 844 maxime

279 870 616 943 Gregorium.
650 875 750 941 Qui
784 876 918 930 duas
943 878 1178 932 hominis
1198 879 1536 933 conditiones
1566 894 1686 933 esse
1713 894 1860 933 asse-

283 972 619 1023 runt,.unam
659 965 876 1034 quidem
908 966 973 1020 ad
1024 967 1308 1037 imaginem
1359 968 1474 1032 Dei,
1522 968 1711 1038 inqua
1760 981 1860 1022 nec

280 1054 551 1109 masculus
582 1071 680 1111 nec
709 1054 906 1111 femina
947 1052 1281 1129 intelligitur,
1311 1059 1402 1113 sed
1433 1058 1544 1112 sola
1576 1058 1857 1112 universa—

276 1144 341 1199 lis
364 1155 417 1200 et
445 1147 670 1216 simplex
696 1149 1026 1213 lmmanitas,
1058 1149 1436 1218 simillimaque
1463 1150 1738 1221 angelicae
1761 1165 1859 1203 na-

278 1249 430 1292 turae
448 1280 463 1304 ,
491 1255 653 1308 quam
681 1241 829 1293 omni
859 1254 989 1294 sexu
1017 1242 1236 1295 omnino
1269 1256 1452 1296 carere
1478 1250 1534 1295 et
1563 1241 1858 1295 auctoritas

276 1321 654 1384 incunctanter
682 1339 736 1385 et
763 1347 890 1385 vera
909 1333 1067 1387 docet
1093 1332 1264 1386 ratio:
1285 1332 1508 1387 alteram
1536 1347 1664 1385 vero
1695 1340 1857 1402 atque

275 1422 564 1475 secundam
610 1430 829 1492 propter
875 1425 895 1454 ’³
940 1424 1267 1494 praescitum
1317 1424 1651 1489 rationabilis
1702 1434 1858 1478 natu-

275 1525 364 1565 rae
389 1511 643 1566 delictum
692 1516 1118 1583 superadditam,
1151 1516 1205 1569 in
1247 1530 1351 1585 qua
1382 1508 1544 1571 sexus
1574 1516 1857 1571 constitui-

275 1609 379 1654 tur.
406 1601 599 1657 Merito
632 1619 785 1675 ergo,
829 1606 969 1673 quod
1013 1612 1235 1676 propter
1261 1616 1542 1676 peccatum
1586 1606 1853 1674 adjectum

270 1700 388 1757 est,
443 1706 595 1749 extra
659 1697 970 1765 paradisum
1015 1711 1078 1751 ac
1107 1697 1269 1751 velati
1308 1697 1362 1751 in
1408 1697 1671 1752 inferiori
1734 1698 1853 1753 loco

1961 512 2156 566 merito
2211 511 2421 566 futurae
2486 526 2615 566 suae
2674 510 3148 582 praevaricationis
3197 506 3243 540 "
3306 501 3547 562 facturae

1959 613 2090 655 suae
2119 599 2164 632 “
2188 601 2415 670 sumpsit
2445 600 2807 655 occasionem.
2845 598 2977 653 Nam
3001 606 3058 652 et
3087 596 3177 652 illa
3202 597 3253 651 in
3276 596 3547 652 exteriore

1959 688 2198 757 homine,
2230 689 2321 759 qui
2358 698 2508 742 extra
2538 689 2845 758 paradisum
2871 686 3066 742 merito
3100 685 3305 755 peccati
3329 687 3394 739 de
3418 684 3547 738 lime

1960 787 2139 833 terrae
2188 774 2437 834 conditus
2488 787 2573 833 est
2620 779 2688 843 ι’,
2716 776 3004 833 causaliter
3055 784 3237 831 creata
3269 782 3375 837 est,
3408 786 3549 843 quae

1958 872 2299 940 postmodum
2315 872 2526 937 ordine,
2554 887 2655 926 non
2677 881 2935 941 tempore,
2952 871 3005 923 in
3029 869 3278 938 paradiso
3291 867 3358 921 de
3379 866 3549 920 latere

1958 962 2056 1016 viri
2090 971 2361 1033 assumpta
2390 971 2491 1017 est.
2528 960 2634 1017 Sed
2672 962 2786 1016 sive
2829 962 2951 1023 hoc,
2998 960 3110 1014 sive
3154 957 3352 1028 aliquid
3403 955 3547 1010 aliud

1957 1056 2261 1125 praedictus
2287 1056 2455 1110 voluit
2478 1056 2759 1127 magister,
2792 1070 2897 1109 non
2920 1061 3017 1107 est
3054 1052 3208 1106 nohis
3250 1048 3551 1104 colluctan-

1958 1149 2083 1203 dum
2110 1149 2370 1203 adversus
2409 1163 2522 1211 eos,
2563 1148 2651 1216 qui
2677 1148 2830 1210 duos,
2871 1154 2927 1200 ιιι
2958 1143 3365 1215 praediximus,
3425 1152 3549 1194 esse

1958 1238 2187 1295 credunt
2235 1238 2515 1309 paradisos
2550 1239 2616 1303 ⁸⁸,
2674 1253 2834 1291 unum
2895 1236 3110 1308 quidem
3172 1224 3561 1303 spiritualem,

1956 1329 2184 1384 alterum
2207 1344 2340 1384 vero
2364 1328 2724 1399 corporalem,
2756 1335 2977 1397 proliter
3015 1324 3278 1393 duplicem
3313 1320 3547 1375 hominis

1956 1430 2203 1476 naturam
2247 1462 2262 1488 ,
2325 1422 2645 1492 praesertim
2716 1437 2839 1476 cum
2906 1420 3185 1474 videamus
3233 1414 3549 1484 saepissime

1955 1515 2010 1570 in
2064 1515 2281 1571 divinae
2330 1514 2647 1586 Scripturae
2717 1512 3119 1569 narrationibus
3187 1508 3350 1563 multa
3392 1505 3547 1574 juxta

1954 1623 2134 1662 rerum
2175 1607 2439 1663 factarum
2479 1610 2757 1664 veritatem
2808 1616 2863 1662 et
2908 1603 3256 1661 historialiter
3309 1600 3448 1656 facta
3492 1607 3551 1653 ct

1954 1697 2309 1769 spiritualiter
2355 1698 2649 1754 intellecta.
2711 1697 2980 1753 Ahraham
3027 1695 3170 1750 enim
3221 1693 3355 1747 duos
3410 1690 3549 1744 filios

270 1781 470 1837 factum
488 1782 655 1839 fuisse
684 1785 751 1840 de
782 1793 923 1840 terra
952 1785 1364 1856 plasmationis'
1392 1785 1850 1842 narratur.Virilis
1881 1767 1926 1825 Β
1958 1767 2164 1856 habuit,
2197 1806 2363 1846 unum
2395 1789 2611 1862 quidem
2661 1806 2724 1847 ex
2770 1788 2986 1854 ancilla,
3034 1803 3198 1841 unum
3241 1786 3307 1840 de
3355 1783 3545 1838 libera.

267 1872 453 1943 itaque
493 1891 658 1932 sexus
684 1866 935 1933 ‘naturae
966 1879 1031 1932 ad
1064 1879 1356 1950 imaginem
1394 1879 1492 1934 Dei
1540 1878 1716 1934 factae
1763 1894 1854 1934 su-

266 1965 585 2033 peradditus
613 1976 770 2022 extra
802 1968 824 1999 δ
868 1969 1176 2040 paradisum
1222 1969 1398 2025 factus
1441 1979 1544 2025 est.
1578 1970 1685 2025 Sed
1726 1970 1851 2041 quia

266 2063 319 2108 ct
362 2056 484 2125 ipse
540 2073 704 2114 sexus
773 2062 944 2131 priori
1015 2069 1263 2127 naturae,
1326 2063 1540 2117 divinae
1602 2063 1853 2118 videlicet

264 2145 866 2221 imagini,adjungitur,
915 2153 1077 2207 veluti
1124 2152 1338 2207 aliunde
1382 2154 1773 2223 apprehensus,
1797 2154 1851 2210 in

263 2238 519 2306 paradiso
549 2254 673 2295 cum
708 2256 880 2309 prima
907 2243 1113 2298 scilicet
1143 2242 1449 2298 conditione
1484 2244 1853 2307 constituitur,

262 2328 317 2383 in
334 2331 656 2398 quoiterum
683 2332 842 2387 veluti
858 2334 910 2392 in
940 2334 1201 2403 superiori
1226 2334 1344 2389 loco
1372 2335 1640 2391 secundus
1667 2350 1851 2402 sexus,

263 2421 530 2477 vocabulo
556 2423 799 2480 mulieris
819 2426 1136 2496 appellatus,
1168 2436 1222 2482 ct
1245 2442 1309 2483 ex
1349 2427 1517 2484 latere
1544 2428 1660 2498 ejus
1680 2437 1852 2484 attra-

261 2522 381 2568 ctus
402 2552 421 2578 ,
456 2514 509 2575 in
539 2515 866 2585 adjutorium
897 2518 1265 2586 procreandae
1293 2518 1460 2588 prolis
1489 2520 1542 2573 in
1576 2529 1855 2575 contume-

259 2601 329 2658 lia
352 2605 1105 2678 similitudinisinsipientium
1127 2609 1440 2683 animalium
1463 2609 1510 2665 ei
1531 2608 1851 2682 adjungitur.

260 2692 325 2752 Et
352 2696 486 2755 quia
511 2697 751 2752 conditio
776 2698 947 2753 virilis
978 2713 1159 2764 sexus,
1188 2698 1435 2770 quamvis
1459 2716 1562 2755 non
1588 2710 1851 2770 tempore,

259 2786 352 2841 sed
401 2786 520 2841 sola
559 2788 837 2858 dignitate,
886 2790 1157 2860 praecedit
1202 2790 1562 2845 conditionem
1592 2788 1849 2857 feminei;

260 2879 461 2935 mulier
487 2881 629 2936 enim
657 2896 723 2936 cx
749 2882 866 2936 viro
890 2882 941 2936 in
972 2883 1143 2952 prima
1171 2883 1498 2947 conditione,
1533 2884 1587 2938 in
1616 2885 1852 2940 secunda

260 2982 441 3026 autem
475 2971 497 3003 '
530 2973 612 3026 vir
639 2986 703 3025 ex
763 2972 987 3028 muliere
1031 2972 1208 3029 factus
1254 2982 1333 3029 est
1367 2984 1688 3045 :propterea
1725 2990 1853 3030 con-

259 3060 523 3119 ditionem
546 3062 646 3115 viri
673 3061 805 3117 dicit
849 3063 870 3094 ⁶
907 3073 1059 3117 extra
1089 3065 1421 3133 paradisum,
1457 3063 1698 3118 mulieris
1723 3079 1851 3120 vero

1954 1880 2022 1936 Et
2072 1883 2207 1937 haec
2249 1883 2466 1952 quidem
2519 1881 2812 1937 secundum
2870 1880 3152 1936 historiam
3205 1876 3345 1932 facta
3402 1882 3548 1930 sunt.

1892 1994 1915 2003 -
1952 1969 2113 2024 Juxta
2142 1979 2319 2024 tamen
2348 1970 2656 2041 allegoriam
2686 1971 2818 2025 duas
2846 1969 2991 2040 leges
3026 1967 3355 2040 significant.
3384 1980 3545 2019 unam

1954 2062 2171 2133 quidem
2226 2060 2437 2117 Veteris
2492 2061 2864 2124 Testamenti,
2927 2059 3061 2115 Novi
3116 2075 3244 2113 vero
3295 2056 3557 2132 alterama

1956 2138 2137 2219 Petra,
2179 2154 2244 2208 de
2271 2168 2375 2223 qua
2418 2150 2590 2222 aquae
2631 2152 2923 2216 ﬂuxerunt,
2976 2150 3027 2205 in
3064 2165 3247 2205 eremo
3295 2146 3548 2217 p0pulum

1956 2245 2302 2315 sequebatur,
2335 2259 2455 2298 cum
2487 2244 2630 2297 dicat
2657 2240 2942 2312 Apostolus
2972 2258 2985 2293 :
3016 2238 3168 2292 Petra
3218 2248 3391 2290 autem
3435 2244 3549 2288 erat

1957 2334 2213 2391 Christus.
2273 2335 2338 2389 Et
2367 2336 2493 2405 quid
2521 2335 2695 2389 dicam
2723 2335 2789 2389 de
2824 2334 2953 2404 ipsis
2980 2332 3169 2403 primis
3209 2331 3415 2385 duobus
3446 2330 3546 2383 ho-

1956 2427 2209 2493 minibus,
2251 2427 2489 2482 masculo
2532 2426 2778 2482 videlicet
2820 2434 2873 2480 et
2913 2424 3133 2489 femina,
3174 2424 3227 2478 in
3272 2421 3546 2492 paradiso,

1957 2520 2024 2574 de
2059 2534 2165 2590 quo
2196 2534 2374 2573 sermo
2393 2527 2493 2583 est,
2519 2518 2825 2573 constitutis
2847 2518 2890 2550 ¹⁷
2914 2518 2938 2572 ?
2961 2516 3171 2580 Nonne,
3198 2524 3257 2568 ut
3289 2515 3429 2568 idem
3472 2522 3549 2567 te-

1958 2618 2133 2664 statur
2159 2608 2468 2680 Apostolus,
2501 2607 2726 2680 ﬁguram
2765 2608 2965 2664 Christi
2993 2616 3047 2662 et
3074 2605 3345 2661 Ecclesiae
3373 2613 3549 2672 gesta-

1957 2701 2130 2757 bant?
2193 2700 2332 2769 Quid
2385 2716 2515 2771 ergo
2561 2697 2781 2765 mirum,
2832 2700 2876 2755 si
2925 2697 3221 2768 corporalis
3264 2696 3548 2765 paradisus

1958 2802 2252 2857 crearetur,
2292 2809 2389 2864 per
2428 2809 2587 2863 quem
2632 2791 2924 2863 spiritualis
2965 2790 3247 2861 paradisus
3279 2787 3549 2858 significa-

1959 2886 2151 2940 retur?
2186 2884 2444 2939 Novimus
2466 2893 2668 2948 autem,
2695 2898 2961 2938 summum
2989 2889 3208 2935 sanctae
3234 2877 3547 2948 Scripturae

1957 2976 2341 3046 expositorem,
2367 2975 2640 3045 Origiuem
2682 2974 2821 3037 dico,
2865 2973 3190 3035 edisserere,
3234 2985 3339 3024 non
3392 2967 3544 3031 alibi,

1958 3080 2131 3136 neque
2156 3065 2382 3120 alterum
2422 3065 2731 3135 paradisum
2773 3078 2913 3128 esse,
2964 3068 3179 3131 praeter
3219 3058 3414 3127 ipsum,
3453 3056 3543 3126 qui

258 3148 427 3213 intra,
461 3157 522 3202 ut
562 3165 657 3219 per
680 3151 784 3204 hoc
806 3122 1104 3222 intelligas;
1122 3152 1294 3207 virum
1325 3154 1487 3208 etiam
1514 3164 1665 3210 extra
1693 3168 1849 3223 para—
1878 3122 1922 3183 δ
1955 3158 2008 3211 in
2042 3122 2198 3211 iertio
2219 3155 2391 3221 caelo,
2422 3122 2481 3209 ut
2501 3156 2615 3224 ipse
2646 3155 2777 3219 vult,
2816 3154 3138 3209 constitutus
3169 3158 3270 3214 cst,
3305 3158 3359 3204 et
3401 3149 3445 3181 ¹⁸
3491 3148 3544 3202 in

259 3239 462 3303 disum,
482 3240 583 3295 hoc
594 3248 697 3304 est,
717 3252 869 3296 extra
895 3244 1260 3313 primordialis
1275 3246 1601 3301 conditionis
1619 3246 1853 3318 dignita-

257 3334 362 3381 tem
379 3329 662 3384 conditum
682 3330 957 3385 meliorem
988 3347 1106 3387 esse
1128 3333 1373 3398 muliere,
1401 3350 1538 3403 quae
1563 3334 1724 3390 veluti
1763 3335 1855 3391 in-

256 3425 336 3473 tra
351 3417 374 3447 '
392 3418 733 3487 paradisum,
759 3419 862 3475 hoc
884 3430 967 3475 est
990 3422 1319 3492 superadditi
1346 3438 1507 3478 sexus
1518 3424 1849 3494 simplicitati

253 3504 476 3562 divinae
505 3507 756 3578 imaginis
778 3510 1162 3571 adunationem
1196 3514 1410 3567 condita
1448 3523 1549 3569 est.
1588 3514 1771 3569 Potest
1796 3522 1850 3571 et

253 3597 329 3651 sic
354 3598 489 3653 dici.
529 3598 794 3664 Quoniam
824 3601 875 3656 in
908 3617 1230 3673 unoquoque
1257 3605 1472 3659 homine
1495 3606 1602 3660 duo
1629 3606 1849 3676 quidam

252 3684 508 3741 homines
539 3687 934 3760 intelliguntur,
958 3692 1170 3747 dicente
1201 3693 1459 3763 Apostolo
1484 3712 1496 3748 :
1522 3692 1847 3750 Exiet-iorem

251 3777 520 3832 hominem
546 3784 831 3851 corrumpi,
871 3783 1169 3842 interiorem
1207 3803 1324 3841 vero
1363 3789 1624 3852 renovari,
1658 3788 1850 3844 merito

249 3867 510 3933 interior,
535 3870 625 3941 qui
653 3872 720 3926 ad
744 3871 1028 3943 imaginem
1064 3876 1154 3932 Dei
1183 3876 1356 3933 factus
1377 3885 1480 3943 est,
1510 3879 1561 3933 in
1594 3880 1848 3950 paradiso

250 3956 541 4025 formatur,
598 3964 836 4020 exterior
877 3982 1007 4023 vero
1047 3978 1101 4023 et
1141 3971 1503 4040 corruptibilis
1529 3981 1682 4026 extra
1723 3973 1745 4005 ⁸
1794 3982 1849 4027 ει

249 4047 392 4104 infra
422 4053 736 4120 paradisum
786 4057 854 4111 de
882 4057 1010 4115 limo
1039 4068 1220 4117 terrae
1246 4061 1497 4134 fingitur;
1545 4065 1633 4133 qui
1681 4065 1845 4120 etiam

248 4145 626 4212 apprehensus
648 4147 700 4201 in
727 4150 974 4219 paradiso
1004 4152 1239 4222 ponitur,
1270 4157 1548 4225 quoniam,
1573 4156 1616 4210 si
1646 4157 1699 4211 in
1729 4158 1846 4227 ipso

245 4234 483 4290 salutem
523 4252 672 4292 suam
698 4242 720 4273 ⁹
772 4252 1116 4309 operaretur,
1165 4244 1513 4315 divinumque
1553 4248 1848 4304 custodiret

243 4335 623 4398 praeceptum,
653 4339 867 4397 poterat
907 4322 1067 4388 etiam
1101 4334 1167 4389 ad
1198 4335 1511 4405 dignitatem
1550 4338 1845 4407 superioris

246 4417 585 4474 conditionis
639 4419 703 4474 ad
754 4422 1040 4494 imaginem
1095 4424 1185 4478 Dei
1237 4426 1537 4495 pervenire.
1578 4428 1842 4495 Quoniam
1870 4464 1923 4523 Β

242 4523 376 4564 vero
418 4512 595 4566 noluit
637 4514 819 4568 divino
843 4515 1060 4574 obedire
1087 4516 1130 4550 ¹⁶
1158 4530 1462 4589 praecepto,
1511 4536 1615 4575 non
1667 4521 1839 4578 solum

241 4602 566 4660 Creatorem
593 4622 749 4663 suum
771 4649 786 4674 ,
815 4624 1001 4664 verum
1036 4612 1199 4666 etiam
1247 4613 1564 4683 dignitatem
1597 4614 1842 4686 imaginis

242 4694 362 4764 ejus
390 4694 437 4726 ¹¹
466 4697 723 4752 deseruit.
762 4698 840 4754 Ac
860 4714 958 4770 per
979 4700 1082 4755 hoc
1108 4702 1159 4755 in
1191 4701 1467 4772 geminum
1490 4716 1676 4758 sexum
1709 4702 1840 4757 scis—

242 4799 335 4840 sus
372 4796 484 4850 est,
538 4787 592 4840 in
636 4790 934 4845 masculum
975 4791 1225 4847 videlicet
1267 4801 1321 4847 et
1362 4793 1617 4848 feminam
1653 4811 1665 4847 :
1701 4809 1839 4864 quae

239 4875 503 4932 dlscissio
530 4894 635 4933 non
668 4897 731 4934 cx
762 4870 1082 4946 natura,sed
1102 4897 1168 4937 ex
1197 4884 1329 4939 vitio
1349 4899 1568 4940 causam
1606 4886 1836 4956 accepit.

238 4960 482 5035 Ideoque
509 4970 756 5038 quamvis
786 4970 838 5025 in
860 4972 1109 5042 paradiso
1131 4971 1328 5027 femina
1345 4975 1409 5028 de
1425 4975 1539 5029 viro
1567 4972 1709 5029 facta
1733 4984 1835 5040 est,

237 5067 350 5108 non
374 5065 501 5110 erat
531 5057 654 5113 inde
677 5060 794 5116 viro
825 5061 1035 5128 melior,
1070 5064 1323 5132 quoniam
1357 5065 1399 5100 ι’
1430 5079 1535 5119 non
1561 5079 1627 5120 ex
1655 5064 1835 5120 divina

1952 3264 2111 3321 quem
2141 3247 2415 3319 apostolus
2451 3246 2650 3301 Paulus
2693 3255 2878 3316 raptus
2919 3252 3020 3298 est.
3066 3242 3132 3296 Et
3183 3241 3225 3295 si
3278 3240 3329 3294 in
3390 3238 3547 3293 tertio

1954 3341 2102 3398 caelo
2128 3348 2231 3406 est,
2264 3337 2510 3410 profecto
2534 3335 2829 3406 Spiritualis
2851 3342 2957 3389 est.
3000 3332 3240 3388 Tertium
3281 3328 3545 3398 siquidem

1953 3431 2182 3496 caelum,
2210 3430 2261 3485 in
2288 3431 2430 3499 quod
2472 3436 2657 3496 raptus
2702 3434 2784 3480 est
2826 3421 3048 3486 Paulus,
3098 3410 3377 3489 spirituale
3424 3430 3546 3471 esse

1953 3521 2148 3578 summi
2176 3520 2456 3588 utriusque
2485 3518 2698 3587 linguae
2733 3523 2984 3569 auctores
3015 3527 3119 3566 non
3150 3510 3419 3569 dubitant,
3447 3504 3539 3561 sed

1952 3610 2280 3667 unanimiter
2333 3608 2636 3667 aliirmant,
2697 3605 2823 3659 illud
2869 3600 3223 3658 iutellectuale
3267 3605 3542 3653 vocantes.

1951 3701 2270 3770 Quanquam
2310 3696 2638 3768 Epiphanius
2669 3694 3019 3751 Constantine
3053 3691 3216 3766 Cypri
3262 3690 3546 3760 episcopus

1951 3791 2005 3846 in
2037 3790 2140 3844 hoc
2175 3788 2461 3859 Origenetn
2490 3786 2871 3856 reprehendat,
2906 3793 2961 3838 et
2984 3782 3205 3837 omnino
3230 3779 3541 3861 paradisum

1951 3884 2005 3939 in
2039 3892 2182 3939 terra
2210 3896 2328 3937 esse
2360 3883 2402 3914 "
2434 3888 2641 3935 astruat
2672 3896 2684 3932 :
2715 3877 2977 3949 quendam
3012 3874 3220 3945 quidem
3249 3869 3542 3926 sensibilem

1948 3973 2119 4028 locum
2145 3974 2199 4027 in
2224 3970 2559 4026 orientalibus
2584 3968 2765 4022 mundi
2784 3966 3018 4038 partibus
3050 3980 3166 4018 cum
3216 3959 3543 4015 sensibilibus

1949 4065 2105 4135 lignis
2135 4063 2558 4135 fluminibusque,
2607 4060 2914 4129 ceterisque,
2942 4072 3077 4128 quae
3102 4051 3441 4121 corporaliter
3473 4049 3539 4102 ab

1948 4156 2050 4222 Itis,
2081 4155 2170 4225 qui
2216 4153 2476 4223 corporeis
2524 4149 2761 4205 sensibus
2807 4147 3112 4208 adimerent,
3136 4139 3441 4210 simpliciter
3476 4138 3542 4192 de

1947 4243 2197 4315 paradiso
2241 4242 2542 4295 creduntur.
2597 4238 2743 4292 Idem
2779 4249 3008 4305 namque
3036 4229 3367 4301 Epiphanius
3400 4226 3541 4281 tuui-

1950 4348 2043 4389 cas
2076 4330 2337 4403 pellicias,
2367 4343 2501 4399 quas
2531 4328 2672 4382 Deus
2699 4326 2889 4396 primis
2918 4321 3223 4379 hominibus
3243 4326 3364 4389 post
3386 4331 3540 4387 prae‘

1949 4423 2335 4478 varicationem
2391 4425 2680 4475 consuerat
2711 4457 2725 4483 ,
2783 4411 3130 4471 historialiter
3185 4410 3251 4465 de
3312 4405 3543 4479 pellibus

1947 4512 2128 4566 ovium
2151 4510 2222 4576 ²⁰,
2251 4526 2401 4579 quae,
2436 4517 2495 4562 ut
2518 4508 2594 4562 ait
2624 4505 2728 4571 ille,
2758 4505 2813 4559 in
2842 4503 3089 4574 paradiso
3111 4499 3338 4569 fuerunt,
3371 4496 3540 4566 {actas

1948 4619 2057 4658 esse
2080 4619 2183 4657 non
2211 4601 2436 4665 dubitat,
2480 4608 2537 4654 et
2574 4597 2862 4669 Origenem
2911 4590 3277 4663 reprehendit,
3314 4588 3404 4658 qui
3440 4586 3540 4642 sub

1948 4695 2160 4750 illarum
2186 4692 2401 4764 pellium
2430 4690 2598 4763 figura
2632 4687 2878 4743 mortalia
2907 4699 3155 4755 corpora,
3184 4696 3324 4753 quae
3351 4679 3539 4751 primis

1945 4785 2255 4842 hominibus
2295 4783 2489 4838 merito
2517 4780 2719 4853 peccati
2745 4777 3086 4849 superaddita
3117 4785 3264 4839 sunt,
3289 4770 3538 4843 pulcher-

1944 4878 2082 4932 rime
2136 4884 2298 4945 atque
2354 4872 2639 4928 verissime
2700 4869 3003 4941 significata
3065 4864 3230 4919 fuisse
3293 4858 3534 4930 exponit.

1943 4970 2134 5040 Quem,
2172 4967 2460 5040 Origenem
2483 4965 2623 5030 dico,
2653 4963 2706 5018 in
2738 4961 2945 5018 theoria
2969 4958 3270 5014 tunicarum
3299 4949 3537 5023 pellicit»

1947 5077 2063 5116 rum
2093 5074 2281 5116 omnes
2303 5057 2415 5112 fere
2449 5064 2699 5111 auctores
2739 5053 3068 5110 Graecorum
3113 5047 3534 5111 Latinorumque
3583 5086 3589 5093 .

1535 5217 1794 5274 VARIAE
1832 5214 2208 5274 LECTIONES

314 5398 332 5431 '
377 5395 477 5451 Sic
522 5396 637 5463 CF;
698 5397 741 5453 Α
795 5407 842 5453 et
897 5397 1248 5453 subtilissimi.

236 5467 261 5498 ⁸
298 5468 415 5524 Pro
446 5467 501 5521 in
528 5469 755 5521 secunda
781 5479 957 5522 autem
985 5467 1068 5522 CF
1095 5483 1199 5527 non
1227 5475 1427 5522 autem.

236 5541 323 5592 tit.
403 5537 429 5568 ⁹
471 5539 513 5592 Α
536 5555 651 5592 suo.
730 5538 772 5571 ¹⁰
811 5537 902 5594 Sic
931 5537 1045 5604 CF;
1074 5538 1118 5592 Α
1148 5537 1353 5591 obedire
1380 5536 1576 5591 divino.

234 5623 375 5663 suae
401 5607 633 5674 futurae.
711 5608 756 5642 ⁸⁸
789 5625 917 5663 suae
946 5623 1055 5664 om.
1090 5609 1154 5663 A.
1235 5608 1278 5655 η
1316 5619 1389 5663 est
1412 5622 1522 5662 om.
1563 5607 1627 5661 Α.

239 5677 284 5733 Α
316 5679 662 5734 constitutus.
741 5680 804 5727 “.
826 5692 879 5734 et
897 5694 1005 5736 om.
1034 5679 1098 5733 Α.

1350 5398 1370 5429 ¹
1398 5406 1621 5467 propter
1636 5410 1789 5467 om;
1808 5392 1872 5447 A.

1531 5466 1553 5499 ⁸
1591 5465 1682 5521 Sic
1707 5464 1822 5527 CF;
1859 5463 1898 5517 Δ
1924 5463 2125 5517 dicunt.

1680 5534 1887 5608 ipsi”;
1918 5548 2025 5608 (ΒΨ,
2062 5535 2159 5608 ᾼη
2206 5534 2248 5565 ¹¹
2290 5534 2332 5586 Α
2377 5534 2522 5608 quia.
2601 5534 2647 5563 "
2682 5534 2774 5585 Sic

1707 5604 1753 5638 “
1791 5598 1882 5659 Sic
1911 5603 2023 5668 CF;
2056 5605 2095 5656 Α
2126 5605 2255 5658 duos
2281 5598 2577 5672 paradisos,
2620 5608 2675 5672 ut
2695 5598 3069 5668 praediximus.

1176 5676 1221 5711 "
1244 5676 1352 5735 ’Sic
1378 5676 1496 5743 CF;
1527 5676 1567 5732 A
1598 5693 1707 5733 esse
1736 5677 1788 5731 in
1818 5683 1977 5732 terra.

2012 5392 2033 5424 ³
2065 5392 2155 5448 Sic
2198 5390 2315 5458 CF;
2376 5395 2418 5447 Α
2476 5387 2948 5460 [υνιησιὶοιιὶσ.Δ-⁶
2998 5384 3089 5439 Sic
3144 5382 3219 5446 A;
3250 5379 3526 5460 CFinfrq.

2222 5463 2243 5495 "
2281 5451 2323 5517 Ᾰ
2354 5451 2505 5516 inter.
2616 5461 2640 5493 '
2704 5459 2796 5514 Sic
2828 5455 2946 5520 CF;
2984 5469 3081 5523 pro
3139 5462 3290 5507 extra
3318 5452 3365 5504 A
3398 5451 3537 5523 exti-

2206 5534 2248 5565 ¹¹
2290 5533 2332 5586 Α
2377 5531 2522 5604 quia.
2601 5530 2647 5563 ³³
2682 5529 2774 5585 Sic
2814 5526 2931 5589 CF;
2980 5521 3023 5578 Δ
3069 5521 3533 5593 praevaricationis

2206 5620 2255 5649 ns
2284 5602 2577 5649 namdisus.
2620 5596 3069 5649 uturaediximus.
3182 5592 3227 5626 "
3266 5590 3357 5649 Sic
3405 5588 3530 5649 Cl";

2057 5628 2095 5656 η
2126 5628 2255 5658 uuas
2281 5628 2577 5672 parumst»,
2621 5628 2675 5653 lu
2695 5628 3069 5668 ρηιηιιυιιυηοοο
3268 5628 3357 5649 un.
3407 5628 3473 5648 νι
3506 5628 3530 5657 ι

2057 5674 2100 5705 ’⁸
2140 5674 2232 5729 Sic
2270 5672 2387 5738 CF;
2423 5672 2465 5725 Α
2495 5670 2747 5726 omnium.
