3898 6154
396 290 503 346 319

1781 290 2063 351 JOANNIS
2098 291 2293 351 SCOTI

3551 291 3656 346 εςθ

390 412 713 474 sequuntur.
755 403 870 461 Non
907 405 973 460 ab
1005 420 1063 461 re
1102 405 1264 461 etiam
1299 405 1350 468 ι,
1398 413 1457 459 ut
1490 404 1699 475 opinor,
1751 413 1969 461 senten-
1999 406 2049 466 Α
2075 420 2233 473 gnum
2261 404 2413 468 vitae,
2451 410 2499 457 et
2540 418 2690 458 omne
2728 401 2949 474 lignum,
2999 404 3151 475 cujus
3177 402 3345 458 cibum
3380 406 3656 458 secundum

394 495 527 549 tium
559 497 737 566 magni
766 497 1007 566 Gregorii
1036 496 1259 568 Nyssaei
1286 496 1353 551 de
1381 513 1503 554 esca
1534 497 1765 568 paradisi
1793 538 1808 561 ,
1836 506 1891 551 et
1915 497 1983 552 de

395 586 542 657 ligno
574 589 737 652 vitae,
769 589 939 657 deque
973 588 1229 644 scientiae
1261 584 1386 644 boni
1416 598 1471 645 et
1500 588 1626 643 mali
1657 587 1800 658 ligno
1833 588 1981 642 inse-

396 691 536 732 rere.
578 678 632 733 In
663 678 923 734 vicesimo
953 678 1188 749 capitulo
1213 679 1475 735 sermonis
1501 680 1564 734 de
1583 678 1818 750 lmagiue
1843 696 1857 732 :
1882 676 1984 732 Re-

398 768 716 845 cte,.inquit.
760 769 977 838 quisque
1026 771 1047 798 ²
1095 785 1199 822 non
1247 770 1301 822 in
1342 770 1557 823 eandem
1612 769 1802 821 iterum
1850 768 1984 822 vitae

396 859 615 926 speciem
640 874 966 913 reversurum
990 876 1100 913 esse
1121 860 1379 913 hominem
1413 860 1561 923 dicit,
1599 869 1646 912 et
1680 858 1722 923 ³,
1762 859 1807 913 si
1834 859 1982 928 prius

392 947 450 1000 in
481 947 793 1001 comedendo
821 949 964 1002 nobis
991 949 1182 1017 species
1221 950 1354 1002 vitae
1384 958 1519 1014 erat,
1568 950 1781 1017 posthac
1812 948 1833 980 ⁸
1885 966 1983 1002 att-

392 1045 495 1089 tem
520 1036 614 1090 tali
638 1037 1092 1092 administratione
1120 1038 1474 1092 liberabimur.
1510 1037 1615 1093 Sed
1643 1055 1734 1109 ego
1770 1048 1982 1093 sanctae

391 1127 698 1182 auscultans
729 1128 1055 1197 Scripturae,
1084 1145 1187 1183 non
1225 1129 1393 1183 solum
1433 1129 1751 1200 corporalem
1793 1146 1983 1199 cogno-

389 1231 480 1271 sco
508 1217 700 1282 cibum,
736 1235 897 1287 neque
931 1218 1098 1272 solam
1147 1220 1320 1272 carnis
1367 1218 1643 1285 laetitiam,
1693 1218 1782 1272 sed
1822 1220 1980 1272 etiam

388 1305 607 1361 alteram
635 1309 898 1377 quandam
926 1324 1120 1379 escam,
1145 1308 1442 1379 analogiam
1463 1310 1728 1380 quandam
1762 1309 1831 1363 ad
1866 1326 1983 1366 cor-

386 1399 530 1468 poris
549 1397 796 1452 alimenta
815 1399 1106 1464 habentem,
1130 1401 1282 1468 cujus
1329 1401 1508 1470 fruitio
1530 1402 1552 1435 ⁸
1572 1405 1625 1457 in
1646 1404 1875 1457 animam
1897 1420 1982 1460 so-

388 1484 494 1540 lam
521 1500 631 1556 pert
640 1491 823 1542 ransit.
841 1489 1107 1544 Comedite
1119 1508 1184 1544 ea:
1198 1493 1323 1546 meis
1336 1493 1579 1561 panibus,
1593 1494 1848 1563 sapientia
1863 1512 1981 1549 esu-

388 1579 884 1649 rientibusjubet,et
897 1597 1003 1646 eos,
1021 1584 1108 1652 qui
1136 1584 1290 1636 talem
1318 1584 1487 1637 cibum
1510 1586 1769 1651 esuriant,
1795 1585 1979 1639 Domi-

387 1683 488 1721 nus
519 1668 781 1738 beati/ient
808 1684 827 1722 :
855 1669 1004 1724 Beati
1033 1674 1122 1742 qui
1150 1676 1388 1728 esuriant
1416 1685 1463 1729 et
1491 1675 1671 1729 sitiunt
1692 1676 1977 1745 justitiam,

2085 492 2254 555 Deum
2282 492 2506 560 formato
2546 491 2630 546 lex
2654 491 2764 546 dat.
2820 491 2865 545 E
2898 494 3159 548 contrario
3189 503 3362 547 autem
3392 505 3661 564 separatur

2083 584 2148 636 ab
2178 584 2274 636 hoc
2302 583 2441 652 ligno
2468 583 2690 635 alterum
2711 581 2930 652 lignum,
2958 583 3109 652 cujus
3140 584 3282 637 cibus
3312 581 3432 636 boni
3460 593 3507 636 et
3536 583 3658 636 mali

2084 674 2298 728 scientia
2335 682 2430 738 est,
2492 674 2615 726 dum
2660 691 2765 727 non
2812 674 3108 744 specialiter
3149 675 3461 729 alterutrum
3488 690 3517 728 e
3541 691 3658 728 con-

2084 766 2248 818 trario
2285 765 2699 834 signi/icatorum
2739 766 2793 818 in
2843 778 2989 834 parte
3029 766 3305 835 fructi/icet
3334 778 3352 817 :
3379 771 3469 818 sed
3503 782 3663 835 quen-

2084 855 2206 908 dam
2228 854 2503 924 confusum
2525 855 2845 924 mixtumque
2869 856 3095 923 fructum
3120 855 3364 926 pullulat,
3387 856 3660 911 contrariis

2081 945 2417 1025 qualitatibus
2462 955 2774 998 concretum.
2842 943 3007 1016 Cujus
3059 962 3229 1000 escam
3273 943 3507 1017 prohibet
3558 944 3662 999 dus

2083 1038 2237 1101 vitae,
2267 1037 2540 1091 consilium
2571 1054 2685 1090 vero
2715 1037 2867 1091 dat“
2895 1055 3129 1106 serpens,
3172 1047 3226 1090 ut
3257 1038 3412 1090 morti
3445 1052 3663 1105 praepa-

2084 1134 2222 1176 raret
2252 1124 2546 1177 introitum.
2584 1124 2646 1177 Et
2677 1141 2867 1178 suasor
2896 1125 3067 1194 factus
3092 1134 3163 1178 est
3192 1125 3467 1179 consilium
3507 1126 3661 1184 dans,

2083 1214 2203 1267 boni
2236 1212 2283 1246 ’⁸
2304 1214 2530 1284 quadam
2565 1213 2950 1281 pulchritudine
2986 1232 3046 1269 ac
3076 1214 3417 1268 delectatione
3465 1213 3597 1267 mali
3619 1198 3666 1244 ’ί

2083 1303 2794 1375 fructum,circumcolorans,
2822 1315 2876 1357 ut
2900 1303 3270 1359 delectabiliter
3295 1304 3582 1365 videretur,
3607 1319 3663 1356 ac

2082 1394 2397 1447 desiderium
2413 1394 2483 1465 ad
2502 1403 2705 1463 gustum
2728 1404 3161 1463 superponeretur
3178 1392 3247 1446 ⁸⁷.
3270 1394 3416 1447 Idem
3449 1393 3503 1445 in
3519 1393 3659 1447 vice—

2082 1488 2219 1542 simo
2240 1487 2477 1555 ejusdem
2500 1486 2764 1540 sermonis
2785 1485 3046 1552 capitulo:
3068 1484 3207 1549 Quid
3220 1501 3339 1554 ergo
3353 1495 3451 1545 est,
3469 1484 3660 1553 inquit,

2080 1577 2213 1629 illud
2243 1577 2439 1646 lignum
2468 1575 2701 1630 videlicet
2735 1577 2800 1642 ",
2836 1577 2976 1647 quod
3031 1577 3161 1630 bono
3187 1585 3234 1629 et
3281 1575 3420 1629 malo
3447 1575 3494 1607 ”
3528 1593 3663 1629 com-

2080 1667 2299 1720 mixtam
2327 1666 2478 1719 habet
2508 1666 2798 1728 scientiam,
2840 1664 3289 1727 delectationlbus,
3321 1682 3456 1737 quae
3480 1680 3661 1719 secun-

385 1770 433 1812 et
465 1776 482 1812 :
511 1758 568 1815 Si
590 1762 706 1827 quis
725 1760 856 1827 sitit,
890 1762 1053 1832 inquit
1077 1764 1129 1828 ',
1174 1767 1341 1819 veniat
1368 1766 1437 1819 ad
1468 1783 1548 1820 me
1572 1776 1619 1820 et
1649 1767 1811 1821 bibat.
1852 1765 1972 1821 Ma-

2074 1756 2197 1809 dum
2223 1773 2430 1811 sensum
2458 1767 2600 1821 sunt,
2618 1758 2825 1810 insitam
2852 1756 2895 1789 ³⁸
2922 1758 2945 1810 ?
2973 1754 3093 1810 Non
3117 1756 3270 1825 longe
3289 1760 3510 1825 itaquea
3537 1758 3662 1810 ueri-

385 1865 518 1918 gnus
542 1851 666 1904 item
687 1849 897 1906 Isaias:
931 1853 1085 1910 bibite
1104 1856 1124 1887 ’⁷
1158 1855 1434 1920 laetitiam,
1462 1856 1749 1911 valentibus
1776 1857 1978 1928 magni-

384 1939 649 2006 ficentiam
700 1942 813 2010 ejus
867 1942 1086 1998 laudare
1125 1947 1403 2014 praecepit.
1461 1944 1553 1999 Est
1607 1957 1781 2000 autem
1820 1963 1977 2019 quae-

386 2028 511 2081 dam
547 2031 878 2083 comminatio
910 2034 1206 2101 prophetica
1241 2035 1486 2088 adversus
1518 2052 1624 2101 eos,
1657 2038 1746 2107 qui
1777 2036 1975 2091 ultione

380 2116 530 2186 digni
560 2128 719 2183 sunt,
757 2119 917 2174 veluti
949 2120 1088 2190 [ante
1119 2124 1453 2192 torquendos.
1507 2121 1698 2179 Fames
1726 2142 1842 2179 vero
1872 2142 1976 2181 non

368 2210 537 2283 panis
558 2218 632 2262 est
656 2210 913 2278 quaedam
941 2222 1138 2281 egestus
1171 2223 1217 2266 et
1240 2230 1429 2284 aquae,
1449 2215 1538 2268 sed
1560 2215 1696 2269 verbi
1720 2214 1971 2285 defectus.

387 2294 511 2349 Non
542 2298 677 2351 enim
708 2298 898 2366 [amem
924 2303 1097 2368 panis,
1132 2301 1317 2373 inquit,
1345 2304 1424 2359 vel
1450 2305 1471 2337 ⁸
1494 2307 1635 2359 sitim
1666 2324 1854 2378 aquae,
1884 2307 1996 2361 sed'

384 2385 575 2455 [amem
632 2390 882 2443 audiendi
954 2392 1165 2446 verbum
1230 2391 1460 2450 Domini.
1528 2395 1802 2467 Numquid
1852 2415 1973 2468 ergo

380 2476 722 2546 plantationis
749 2480 846 2535 Dei
873 2483 925 2535 in
953 2480 1101 2537 Eden
1131 2484 1349 2540 deliciae
1374 2497 1495 2541 sunt
1512 2504 1531 2553 ;
1559 2505 1679 2542 nam
1702 2492 1724 2523 ’
1754 2488 1974 2545 deliciae

384 2565 533 2623 Eden
560 2570 950 2639 interpretatur.
971 2571 1254 2642 Lignorum
1272 2575 1585 2646 u’quendam
1600 2580 1834 2632 convenit
1860 2578 1972 2648 fru-

376 2671 521 2713 ctum
547 2661 586 2691 “
617 2662 920 2730 intelligere,
949 2681 1011 2718 ac
1025 2682 1116 2732 per
1141 2667 1237 2720 hoc
1266 2669 1547 2723 comedisse
1578 2670 1838 2724 hominem
1868 2686 1974 2727 non

384 2747 625 2803 dubitare
652 2790 665 2814 ,
694 2760 741 2803 et
774 2752 814 2782 ¹¹
859 2769 962 2806 non
999 2756 1217 2808 omnino
1254 2758 1610 2810 transitoriam
1640 2757 1973 2830 ﬂuxilemque

384 2838 521 2890 hanc
571 2854 742 2892 escam
786 2840 841 2894 in
896 2841 1157 2909 paradisi
1195 2845 1581 2899 conversatione
1638 2848 1861 2916 recipere
1915 2845 1971 2901 in

382 2926 477 2978 hoc
506 2943 523 2980 :
550 2926 620 2980 Ab
648 2931 788 2983 omni
816 2929 857 2961 ¹³
883 2932 1043 3001 ligno,
1070 2933 1208 3003 quod
1237 2936 1384 2988 estin
1406 2935 1675 3005 paradiso,
1695 2937 1865 2989 cibum
1879 2952 1969 2990 co-

380 3018 585 3071 ntertite.
613 3015 741 3083 Quis
762 3021 903 3074 dabit
924 3024 1160 3078 sanando
1181 3023 1255 3077 sic
1271 3025 1312 3055 "
1329 3027 1575 3081 esurienti
1596 3026 1791 3097 lignum
1813 3026 1966 3095 illud,

376 3106 519 3174 quod
544 3117 616 3161 est
650 3109 702 3162 in
730 3112 1007 3177 paradiso,
1040 3115 1179 3183 quod
1211 3131 1363 3168 omne
1399 3117 1589 3169 bonum
1628 3118 1963 3185 comprehcn-

375 3196 475 3259 dit,
507 3197 589 3250 cui
620 3215 803 3253 nomen
832 3210 905 3255 est
933 3207 1059 3266 πᾶν,
1101 3204 1155 3255 id
1181 3214 1256 3256 est
1288 3220 1463 3268 omne,
1502 3206 1651 3275 cujus
1676 3207 1965 3276 participa-

377 3285 569 3339 tionem
614 3286 812 3341 homini
857 3288 942 3344 lex
982 3303 1202 3345 naturae
1234 3292 1501 3347 “donat?
1546 3292 1789 3349 Generali
1829 3295 1965 3349 enim

377 3385 425 3426 et
448 3378 845 3442 supereminenti
878 3380 1078 3434 ratione
1103 3381 1323 3435 “omnis
1357 3382 1607 3436 bonorum
1632 3383 1801 3453 forma
1825 3384 1968 3455 apud

374 3464 602 3534 seipsum
662 3468 1072 3523 connaturaliter
1127 3471 1277 3525 habet
1331 3482 1521 3539 totum,
1568 3483 1615 3527 et
1665 3491 1825 3528 unum
1866 3485 1962 3530 est.

385 3553 514 3617 Quis
542 3571 622 3609 me
655 3558 933 3612 commicto
960 3575 1025 3612 ex
1056 3570 1273 3632 utroque
1301 3561 1430 3633 ligni
1463 3574 1614 3633 gustu
1644 3567 1968 3636 segregabit.’

380 3641 607 3696 Omnino
633 3645 768 3698 enim
799 3663 900 3701 non
929 3658 1002 3703 est
1034 3652 1496 3720 perspicacioribus
1513 3654 1814 3722 obscurum,
1832 3659 1966 3729 quid

373 3747 531 3786 omne
566 3732 730 3801 illud,
773 3737 924 3807 cujus
952 3737 1154 3808 fructus
1185 3740 1287 3795 vita
1321 3758 1341 3796 .'
1368 3753 1416 3797 et
1460 3745 1666 3811 iterum,
1708 3749 1833 3819 quid
1869 3750 1966 3804 hoc

376 3823 601 3878 mixtum
624 3865 639 3889 ,
685 3826 835 3896 cujus
877 3829 1001 3899 linis
1047 3841 1120 3886 est
1154 3848 1294 3887 mors
1326 3833 1388 3888 ¹⁷.
1417 3833 1557 3890 Nam
1604 3839 1694 3907 qui
1723 3839 1789 3892 ab
1824 3839 1968 3894 omni

378 3928 531 3968 usum
557 3915 602 3950 ¹⁸
630 3918 832 3987 copiose
867 3921 1109 3990 praponit
1136 3963 1151 3989 ,
1184 3924 1383 3979 ratione
1411 3927 1641 3996 quadam
1672 3930 1881 3984 omnino
1915 3939 1964 3985 et

375 4004 701 4073 providentia
768 4012 1186 4079 promiscuorum
1238 4015 1636 4085 participatione
1704 4019 1964 4073 hominem

375 4100 628 4169 prohibet.
677 4101 743 4156 Et
785 4105 913 4158 mihi
960 4107 1161 4160 videtur
1201 4123 1420 4178 magnus
1456 4108 1627 4163 Darid
1672 4120 1719 4164 et
1758 4112 1965 4182 sapiens

378 4189 634 4248 Salomon
647 4196 891 4266 magister
903 4198 1060 4268 hujus
1076 4198 1203 4270 legis
1216 4202 1584 4271 expositionem
1598 4204 1881 4274 suscepisse
1894 4204 1960 4273 ";

379 4292 592 4354 uterque
632 4286 769 4340 enim
809 4303 1081 4344 concessae
1119 4306 1268 4344 escae
1308 4308 1467 4345 unam
1490 4291 1743 4363 intelligat
1767 4294 1813 4326 ¹⁰
1841 4311 1966 4364 gra-

374 4375 528 4444 tiam,
550 4379 716 4449 ipsum
730 4382 942 4449 bonum,
958 4383 1096 4454 quod
1119 4400 1232 4438 vere
1256 4394 1351 4451 est,
1377 4385 1516 4456 quod
1541 4384 1697 4439 etiam
1718 4403 1867 4440 omne
1887 4396 1961 4441 est

377 4469 568 4523 bonum
592 4484 611 4523 :
634 4470 802 4527 David
821 4476 1029 4545 quidem
1058 4474 1254 4541 dicens,
1284 4475 1540 4531 delectare
1564 4476 1608 4508 ⁸³
1625 4476 1679 4530 in
1709 4475 1957 4543 Domino,

377 4556 633 4615 Salomon
676 4574 850 4618 autem
893 4567 1059 4635 ipsam
1107 4582 1277 4620 escam
1304 4569 1370 4633 ",
1392 4584 1524 4638 quae
1576 4577 1652 4622 est
1681 4567 1957 4633 Dominus,

2079 1859 2184 1903 tate
2218 1851 2464 1903 intueor:
2492 1848 2692 1919 lignum
2728 1850 2972 1904 scientiae
3007 1849 3125 1903 boni
3168 1857 3217 1902 et
3266 1848 3393 1903 mali
3440 1851 3661 1922 γνωστὸν

2078 1938 2265 1994 Graeci
2291 1950 2495 2004 vocant,
2524 1940 2724 2010 lignum
2774 1956 2892 1993 uero
2919 1940 3052 1993 vitae
3077 1945 3179 1995 πᾶν
3199 1940 3368 2013 γνῶθι.
3406 1939 3559 2007 Ligni
3588 1940 3665 1990 in-

2077 2029 2281 2084 tellectu
2312 2031 2366 2084 in
2396 2031 2717 2084 occasionem
2750 2030 2979 2083 tlteoriae
3002 2039 3120 2082 utor
3146 2029 3210 2082 ³⁸.
3237 2029 3476 2082 Arbitror
3502 2031 3658 2089 enim,

2078 2135 2182 2173 non
2212 2118 2540 2189 disciplinam
2564 2121 2647 2173 hic
2675 2137 2706 2173 a
2734 2118 3006 2189 Scriptura
3033 2113 3252 2188 intelligi
3265 2134 3355 2187 per
3368 2121 3655 2178 scientiam.

2075 2220 2122 2263 et
2141 2209 2465 2279 "quandam
2493 2209 2844 2277 di/ferentiam
2874 2225 2938 2262 ea:
2965 2206 3268 2276 Scripturae
3289 2210 3661 2262 consuetudine

2076 2302 2279 2356 invenio
2301 2301 2548 2354 scientiae
2577 2310 2624 2354 et
2650 2299 3068 2370 dijudicationis,
3092 2298 3188 2351 hoc
3212 2306 3283 2352 est
3311 2298 3655 2353 discretionis.

2078 2390 2220 2445 Nam
2250 2390 2540 2443 discernere
2578 2387 3033 2459 disciplinabiliter
3064 2387 3251 2441 bonum
3282 2403 3347 2442 ex
3376 2388 3520 2441 malo
3549 2403 3659 2457 per-

2076 2481 2243 2549 fectae
2271 2478 2592 2532 habitudinis
2620 2492 2731 2532 esse
2758 2474 3038 2547 Apostolus
3073 2476 3230 2542 dicit,
3265 2487 3313 2531 et
3343 2478 3655 2531 exercitatoa

2076 2584 2194 2621 rum
2221 2565 2432 2637 oﬂ'icii“
2447 2582 2715 2620 sensuum.
2738 2562 2959 2625 Pronter
2982 2566 3137 2619 etiam
3172 2575 3504 2634 praeceptum
3534 2566 3660 2634 facit

2073 2673 2250 2716 omnia
2275 2662 2531 2732 probandi
2554 2699 2568 2726 ,
2591 2668 2640 2714 et
2664 2659 2954 2730 spiritualls
2974 2659 3195 2712 homtnts
3217 2657 3517 2727 dijudicare
3541 2674 3659 2728 pro-

2074 2754 2248 2824 prium
2282 2769 2391 2808 esse
2415 2752 2561 2807 dicit.
2626 2748 2876 2806 Scientia'
2904 2766 3024 2804 vero
3063 2766 3165 2803 non
3204 2749 3394 2819 ubique
3423 2748 3657 2817 discipli-

2077 2862 2198 2901 nam
2226 2856 2275 2899 et
2305 2846 2547 2917 peritiam
2572 2844 2737 2909 illius,
2769 2843 2907 2914 quod
2935 2841 3280 2911 signiﬁcatur,
3314 2840 3535 2903 indicat,
3568 2839 3661 2893 sed

2076 2936 2146 2991 ad
2168 2936 2247 3002 id,
2263 2936 2349 2990 cui
2372 2936 2541 3006 gratia
2564 2921 2759 2988 donata
2781 2942 2878 2997 est,
2894 2935 3161 3003 affectum.
3182 2929 3249 2984 Ut
3264 2946 3380 2984 cum
3403 2931 3657 2998 scriptum

2073 3038 2147 3081 est
2171 3026 2217 3058 “
2245 3040 2265 3077 :
2293 3023 2542 3096 Cognovit
2575 3022 2827 3078 Dominus
2854 3024 2942 3094 qui
2972 3024 3073 3076 sint
3107 3021 3221 3091 ejus
3242 3062 3255 3084 ,
3282 3021 3379 3073 hoc
3402 3031 3478 3074 est
3504 3035 3657 3073 suam

1995 3099 2039 3161 ο
2070 3118 2292 3188 gratiam
2314 3118 2387 3171 eis
2408 3116 2642 3169 donavit.
2672 3114 2736 3168 Et
2767 3113 2836 3167 ad
2859 3113 3038 3167 Mosen
3067 3114 3141 3166 ait
3165 3126 3182 3164 :
3210 3110 3348 3177 Quia
3380 3127 3657 3180 cognosce—

2071 3206 2189 3261 bam
2212 3216 2261 3260 te
2280 3222 2435 3276 super
2462 3221 2658 3259 onmes.
2695 3202 2792 3257 llis
2821 3212 3014 3267 autem,
3045 3202 3132 3272 qui
3158 3202 3211 3256 in
3240 3201 3445 3255 malitia
3475 3201 3655 3254 redar-

2068 3309 2321 3369 guuntur,
2349 3297 2474 3351 dicit
2505 3297 2595 3366 qui
2623 3297 2799 3350 omnia
2834 3295 2989 3357 novit,
3015 3294 3137 3364 quia
3169 3310 3435 3364 nunquam
3465 3308 3655 3361 cogno-

2067 3389 2273 3443 scebant
2314 3404 2401 3442 vos
2426 3428 2440 3452 ,
2484 3389 2581 3441 hoc
2609 3395 2683 3441 est
2708 3427 2723 3450 ,
2771 3401 2939 3439 meam
2962 3383 3185 3455 gratiam
3215 3397 3481 3452 nunquam
3513 3381 3654 3435 vobis

2067 3477 2349 3549 largiebar.
2378 3476 2501 3531 Non
2530 3493 2651 3546 ergo
2675 3476 2721 3508 "
2738 3475 2961 3545 lignum,
3002 3491 3066 3528 ex
3098 3491 3201 3545 quo
3239 3456 3405 3527 mixta
3434 3472 3655 3527 scientia

2069 3571 2439 3643 fructiﬁcatur,
2470 3570 2785 3640 prohibitum
2816 3579 2911 3622 est.
2943 3566 3195 3622 Miscetur
3232 3574 3408 3620 autem
3440 3583 3507 3620 e1:
3531 3582 3654 3620 con—

2065 3666 2268 3731 trariis,
2296 3664 2427 3718 bono
2465 3663 2694 3718 videlicet
2726 3670 2773 3716 et
2806 3662 2963 3723 malo,
2996 3661 3197 3730 [ructas
3230 3657 3338 3723 ille,
3365 3659 3456 3729 qui
3479 3660 3653 3724 causi-

2066 3756 2243 3811 dicum
2267 3795 2282 3821 ,
2325 3756 2421 3809 ltoc
2449 3764 2522 3809 est
2548 3795 2563 3819 ,
2612 3754 2921 3809 advocatum
2950 3766 3101 3806 suum
3137 3751 3287 3804 habet
3315 3760 3604 3818 serpentem
3632 3768 3653 3803 :

2057 3847 2217 3918 juxta
2239 3848 2374 3901 hanc
2400 3845 2623 3916 forsitan
2642 3843 3059 3913 rationem,quia
3089 3841 3135 3874 ³⁸
3171 3857 3272 3895 non
3301 3840 3499 3894 nudum
3529 3857 3653 3907 pro-

2064 3938 2294 4008 ponitur,
2319 3937 2374 3990 id
2402 3944 2500 4001 est,
2540 3934 2831 3989 ostenditur
2852 3935 3047 3986 malum
3075 3932 3242 4001 ipsum
3271 3931 3326 3984 in
3370 3930 3540 4000 seipso
3571 3948 3652 3984 se-

2065 4027 2295 4079 cundum
2334 4024 2598 4095 propriam
2644 4033 2887 4077 naturam
2939 4020 3295 4089 manifestum.
3344 4018 3469 4088 Ipsa
3510 4020 3648 4073 enim

2065 4113 2267 4168 malitia
2289 4114 2457 4167 otiosa
2480 4122 2609 4166 esset
2634 4109 2778 4165 nullo
2802 4106 3034 4165 colorata
3052 4108 3094 4139 ³⁷
3113 4108 3268 4171 bono,
3305 4123 3408 4176 quo
3428 4107 3497 4159 ad
3522 4125 3654 4161 con-

2065 4205 2438 4274 cupiscentiam
2451 4220 2600 4258 suam
2621 4203 2909 4268 seductum,
2925 4202 3183 4256 hominem
3197 4200 3388 4254 scilicet
3402 4199 3470 4263 ⁸⁸,
3488 4211 3653 4253 attra-

2063 4294 2239 4349 heret:
2261 4310 2398 4347 nunc
2420 4303 2590 4347 autem
2612 4293 2889 4346 commixta
2909 4291 3292 4361 quodammodo
3314 4289 3516 4341 malitia
3535 4298 3615 4343 est
3628 4306 3651 4355 ;

2064 4387 2118 4441 in
2162 4385 2425 4457 profundo
2474 4384 2725 4457 siquidem
2771 4383 3082 4454 perniciem,
3116 4380 3274 4435 ueluti
3320 4381 3648 4450 quasdam”

2065 4480 2286 4535 insidias
2311 4476 2540 4531 occultas
2571 4476 2764 4530 habens
2790 4516 2805 4540 ,
2855 4482 3028 4545 aperte
3060 4484 3178 4526 vero
3211 4472 3263 4525 in
3290 4473 3648 4527 seductionem

2066 4566 2331 4638 quandam
2372 4566 2491 4619 boni
2515 4565 2843 4635 phantasiam
2884 4562 3174 4617 ostendens.
3204 4560 3409 4615 Bonum
3442 4564 3641 4616 videtur
3698 4581 3704 4586 ’

375 4644 578 4719 lignum
606 4652 741 4707 vitae
782 4656 1079 4710 nominans.
1110 4654 1236 4711 Non
1271 4673 1393 4727 ergo
1414 4640 1459 4689 ⁵³
1491 4658 1546 4711 id
1583 4658 1751 4728 ipsum
1785 4669 1860 4713 est
1890 4659 1960 4713 li-
2068 4658 2239 4712 avaris
2256 4656 2501 4710 materiae
2528 4654 2861 4725 pulchritudo
2887 4671 2902 4709 :
2931 4653 3023 4708 sed
3050 4653 3203 4706 radix
3231 4654 3463 4707 euntium
3487 4654 3651 4709 mato-

1296 4762 1300 4767 ⁴
1627 4771 1880 4827 VARIAE
1914 4767 2315 4827 LECTIONES.

513 4893 605 4951 Sic
625 4896 740 4963 CF;
769 4897 814 4952 Α
839 4898 953 4954 Non
1003 4901 1072 4956 ab
1110 4917 1172 4957 re
1194 4904 1383 4970 placet,
1413 4912 1472 4959 ut
1517 4905 1729 4972 opinor.
1807 4910 1828 4938 '
1861 4906 1903 4959 A
1948 4903 2218 4967 Fortasse,
2261 4906 2454 4975 inquit,
2492 4904 2703 4976 aliquis.
2781 4906 2802 4939 ³
2838 4917 2887 4961 et
2932 4922 3040 4963 om.
3081 4909 3147 4963 Α.

513 4968 644 5021 haec.
738 4969 760 5001 '
797 4968 881 5023 CF
915 4969 1069 5031 cujus
1101 4972 1396 5031 neriruitio.
1473 4974 1495 5006 ⁸
1520 4973 1687 5031 inquit
1721 4989 1831 5029 om.
1884 4974 1990 5031 CF.
2066 4978 2087 5009 "
2128 4977 2173 5030 Α
2208 4976 2397 5030 bibere.
2495 4975 2516 5007 ⁸
2552 4977 2596 5030 Α
2627 4986 2737 5030 aut.
2847 4976 2868 5008 ⁹
2908 4977 2999 5031 Sic
3046 4978 3131 5031 CF

1915 5046 1958 5079 “
1996 5046 2088 5101 Sic
2132 5044 2257 5111 CF;
2295 5047 2339 5099 A
2370 5045 2599 5115 fructum
2629 5047 2882 5100 convenit.

378 4967 651 5043 posthaec.
738 4969 760 5001 '
797 4968 881 5023 CF
908 4969 1069 5043 cujus
1100 4967 1396 5043 perfruitio.

376 5037 680 5114 deliciaeA
697 5049 872 5093 autem
898 5037 1032 5114 ipsa.
1100 5037 1172 5114 ’ξ’
1195 5037 1304 5099 ’8ἱο
1326 5041 1441 5110 CF;
1491 5043 1537 5098 Α
1562 5037 1796 5114 dignum.

3246 4911 3267 4943 ⁸
3307 4910 3400 4966 Sic
3435 4910 3557 4975 CF;
3600 4913 3647 4965 Α

2066 4978 2087 5009 ⁷
2128 4976 2398 5049 Apibere.
2495 4975 2516 5007 ⁸
2552 4975 2596 5030 Α
2627 4986 2737 5030 aut.
2830 4976 2868 5049 4’
2908 4977 2999 5033 Sic
3046 4978 3165 5045 CF;
3214 4995 3312 5049 pro
3343 4991 3490 5044 sum,
3517 4997 3651 5036 nam

2989 5049 3030 5078 ¹²
3070 5049 3161 5104 Sic
3188 5050 3264 5114 A;
3300 5050 3387 5105 CF
3415 5068 3485 5102 an
3513 5066 3647 5105 non.

459 5107 551 5186 Sic
596 5107 712 5186 CF;
730 5125 845 5186 _pro
874 5112 1098 5186 recipere
1123 5112 1301 5186 inrhoc
1326 5107 1573 5186 abomni
1594 5107 1969 5186 K_intelligere.
1999 5116 2076 5169 Ab
2102 5107 2264 5178 omni,
2308 5107 2477 5186 inquit
2507 5112 2692 5186 Deus,
2744 5115 2841 5170 “A
2872 5117 2994 5186 quis
3024 5118 3175 5173 dabit
3200 5107 3327 5172 sane
3354 5120 3643 5174 esurienti.

384 5178 434 5211 “
469 5177 513 5233 A
538 5177 873 5249 hominisox
897 5177 1080 5236 donat.
1183 5184 1227 5215 ¹⁶
1267 5186 1355 5239 Sic
1383 5184 1499 5249 CF;
1549 5185 1595 5238 A
1632 5182 1749 5238 Hac
1789 5177 1925 5239 enim

379 5263 494 5325 om.
522 5248 629 5325 CF.
709 5250 752 5282 ³⁸
776 5248 823 5305 Α
846 5249 979 5305 Nam
1003 5252 1093 5321 qui
1123 5252 1267 5325 illius
1295 5256 1461 5308 omnis
1474 5248 1799 5325 ﬁnitionem.
1834 5324 1841 5325 γ
1877 5254 1920 5325 Ψ

381 5320 506 5393 stris
518 5335 571 5393 t_n
583 5322 783 5393 harum,
795 5336 967 5375 rerum
981 5320 1299 5393 etpositione
1325 5325 1420 5377 uti.

383 5388 488 5461 ξξᾼ
515 5388 686 5461 Igitur
716 5391 993 5461 idipsum,
1045 5388 1091 5461 δέ
1121 5393 1166 5445 A
1191 5394 1377 5447 suadet
1400 5402 1595 5448 autem.

384 5456 430 5489 ²⁴¹
456 5458 501 5511 Α
524 5456 645 5512 boni
673 5469 728 5514 et
753 5456 902 5515 niali.
980 5460 1028 5492 ”
1050 5460 1092 5515 Α
1122 5463 1358 5516 insitum.

378 5526 761 5602 iptelligiﬁaec
782 5540 1038 5602 possunt.
1059 5531 1157 5585 hac
1184 5532 1299 5602 ipsa
1323 5533 1736 5602 consideratione
1768 5526 1908 5588 utar.

380 5593 493 5648 CF.
523 5672 530 5679 '
555 5593 633 5630 ⁷³⁵
659 5596 704 5650 Α
732 5593 922 5667 Igitur.
997 5600 1043 5634 "
1069 5601 1114 5659 A
1134 5593 1294 5672 quod.
1372 5601 1415 5635 ³⁷
1461 5602 1546 5660 CF
1580 5601 1831 5660 colorata.

1671 5394 1718 5425 ³³
1747 5395 1795 5449 Α
1830 5394 1965 5448 bona

2004 5186 2199 5254 enerali
2219 5194 2266 5239 et
2292 5184 2694 5254 supereminenti
2729 5201 2864 5240 voce.

2029 5253 2611 5328 Etrmihilibetmagno
2639 5253 2837 5328 David:
2859 5265 2907 5328 et
2928 5253 3149 5327 sapienti
3175 5253 3459 5313 Salomone
3481 5260 3649 5328 magi-

1498 5324 1543 5356 "
1559 5324 1649 5379 Sic
1674 5323 1758 5378 CF
1782 5324 1857 5389 ;A
1893 5323 2155 5389 intelligit.

2962 5188 3003 5217 ‘7
3041 5187 3192 5256 cujus
3240 5189 3362 5257 linis
3389 5200 3464 5242 est
3499 5206 3648 5241 mors

2233 5325 2276 5395 f‘
2304 5324 2345 5377 A
2376 5323 2595 5395 delecta.
2662 5324 2732 5395 _"
2749 5324 2852 5378 Pro
2875 5323 3041 5395 ipsam
3053 5329 3281 5381 cscamA
3299 5323 3643 5394 sapientiai».

2061 5380 2107 5426 δ⁸
2132 5392 2259 5447 mali
2284 5409 2392 5448 om.
2428 5394 2495 5447 A.
2572 5394 2617 5425 ³⁷
2644 5392 2689 5447 Α
2713 5380 3009 5463 ρνονὶιὰνεε.
3084 5396 3130 5428 ’⁸
3166 5380 3397 5451 uidelicet
3428 5380 3536 5452 om.
3569 5398 3647 5451 Δ-

1435 5462 1478 5494 ³¹
1512 5463 1556 5517 Α
1576 5461 1699 5516 Non
1724 5464 1873 5533 longe
1898 5464 2121 5533 itaquea
2140 5465 2351 5519 ueritate
2374 5461 2762 5528 aberracero,si
2788 5466 2972 5517 mentis
2996 5465 3354 5536 intelligentia,
3382 5475 3649 5537 quatenus

1435 5533 1736 5603 sideratione
1768 5544 1908 5588 utar.
1988 5535 2032 5568 “
2061 5534 2105 5588 Α
2131 5534 2240 5588 sed.
2316 5532 2362 5563 ³³
2385 5533 2536 5603 oﬂicii
2555 5547 2664 5586 om.
2694 5533 2761 5587 A.
2836 5532 2880 5564 ³⁸
2914 5532 2982 5587 Ut
3004 5551 3123 5587 cum
3139 5539 3385 5603 scriptum
3410 5546 3483 5591 est
3520 5550 3639 5591 om.

1930 5604 1976 5638 ³⁸
2024 5603 2216 5660 scilicet
2240 5618 2349 5660 om.
2374 5602 2439 5657 A.

2836 5532 2880 5564 “
2914 5532 2982 5606 Ut
3003 5551 3123 5606 cum
3139 5532 3483 5606 scriptum'est
3520 5550 3639 5591 om.

2514 5601 2558 5637 ”
2580 5603 2625 5657 Δ
2643 5603 2901 5673 quendam
2922 5604 3100 5658 dolum
3128 5601 3369 5661 insidias.
