  <div class='ocr_page' id='page_1' title='image "/cluster/home/n/w/nwhite01/storage/ocr_20150623/122/hvd.32044054759840/448.png"; bbox 0 0 3898 6154; ppageno 0'>
   <div class='ocr_carea' id='block_1_1' title="bbox 231 359 333 416">
    <p class='ocr_par' dir='ltr' id='par_1_1' title="bbox 231 359 333 416">
     <span class='ocr_line' id='line_1_1' title="bbox 231 359 333 416; baseline 0.029 -3"><span class='ocrx_word' id='word_1_1' title='bbox 231 359 333 416; x_wconf 70' lang='grc'><strong><em>821</em></strong></span> 
     </span>
    </p>
   </div>
   <div class='ocr_carea' id='block_1_2' title="bbox 1061 348 2653 417">
    <p class='ocr_par' dir='ltr' id='par_1_2' title="bbox 1061 348 2653 417">
     <span class='ocr_line' id='line_1_2' title="bbox 1061 348 2653 417; baseline -0.006 -6"><span class='ocrx_word' id='word_1_2' title='bbox 1061 355 1151 411; x_wconf 84' lang='lat' dir='ltr'><strong><em>DE</em></strong></span> <span class='ocrx_word' id='word_1_3' title='bbox 1189 352 1525 411; x_wconf 79' lang='lat' dir='ltr'><strong><em>DIVISIONE</em></strong></span> <span class='ocrx_word' id='word_1_4' title='bbox 1564 348 1915 407; x_wconf 70' lang='lat' dir='ltr'><strong><em>NATURAE.</em></strong></span> <span class='ocrx_word' id='word_1_5' title='bbox 1954 377 2025 391; x_wconf 88' lang='lat'><strong><em>-—</em></strong></span> <span class='ocrx_word' id='word_1_6' title='bbox 2061 348 2263 404; x_wconf 78' lang='lat' dir='ltr'><strong>LIBER</strong></span> <span class='ocrx_word' id='word_1_7' title='bbox 2300 348 2653 417; x_wconf 79' lang='lat' dir='ltr'><strong><em>QUARTUS.</em></strong></span> 
     </span>
    </p>
   </div>
   <div class='ocr_carea' id='block_1_3' title="bbox 3400 350 3505 405">
    <p class='ocr_par' dir='ltr' id='par_1_3' title="bbox 3400 350 3505 405">
     <span class='ocr_line' id='line_1_3' title="bbox 3400 350 3505 405; baseline 0 0"><span class='ocrx_word' id='word_1_8' title='bbox 3400 350 3505 405; x_wconf 58' lang='lat'><strong><em>81&#39;!</em></strong></span> 
     </span>
    </p>
   </div>
   <div class='ocr_carea' id='block_1_4' title="bbox 231 462 3508 541">
    <p class='ocr_par' dir='ltr' id='par_1_4' title="bbox 231 462 3508 541">
     <span class='ocr_line' id='line_1_4' title="bbox 231 462 3508 541; baseline -0.002 -14"><span class='ocrx_word' id='word_1_9' title='bbox 231 490 352 527; x_wconf 87' lang='lat' dir='ltr'><strong><em>rum</em></strong></span> <span class='ocrx_word' id='word_1_10' title='bbox 370 468 694 541; x_wconf 83' lang='lat' dir='ltr'><strong><em>pltilargyria</em></strong></span> <span class='ocrx_word' id='word_1_11' title='bbox 725 468 764 521; x_wconf 74' lang='grc' dir='ltr'><strong><em>ί.</em></strong></span> <span class='ocrx_word' id='word_1_12' title='bbox 783 467 914 533; x_wconf 86' lang='lat' dir='ltr'><strong><em>Quis</em></strong></span> <span class='ocrx_word' id='word_1_13' title='bbox 933 466 1157 537; x_wconf 99' lang='lat' dir='ltr'><strong><em>forsitan</em></strong></span> <span class='ocrx_word' id='word_1_14' title='bbox 1176 468 1230 521; x_wconf 91' lang='lat' dir='ltr'><strong><em>in</em></strong></span> <span class='ocrx_word' id='word_1_15' title='bbox 1253 466 1501 536; x_wconf 91' lang='lat' dir='ltr'><strong><em>foetidam</em></strong></span> <span class='ocrx_word' id='word_1_16' title='bbox 1525 468 1546 499; x_wconf 80' lang='lat'><strong>’</strong></span> <span class='ocrx_word' id='word_1_17' title='bbox 1569 467 1812 538; x_wconf 79' lang='lat' dir='ltr'><strong><em>paludem</em></strong></span> <span class='ocrx_word' id='word_1_18' title='bbox 1846 471 1886 528; x_wconf 78' lang='grc' dir='ltr'><strong>Α</strong></span> <span class='ocrx_word' id='word_1_19' title='bbox 1918 465 2115 528; x_wconf 87' lang='lat' dir='ltr'><strong><em>disum,</em></strong></span> <span class='ocrx_word' id='word_1_20' title='bbox 2144 472 2199 519; x_wconf 89' lang='lat' dir='ltr'><strong><em>et</em></strong></span> <span class='ocrx_word' id='word_1_21' title='bbox 2228 463 2408 533; x_wconf 86' lang='lat' dir='ltr'><strong>qualia</strong></span> <span class='ocrx_word' id='word_1_22' title='bbox 2455 464 2622 535; x_wconf 87' lang='lat' dir='ltr'><strong><em>ligna,</em></strong></span> <span class='ocrx_word' id='word_1_23' title='bbox 2665 471 2719 519; x_wconf 86' lang='lat' dir='ltr'><strong><em>et</em></strong></span> <span class='ocrx_word' id='word_1_24' title='bbox 2749 462 2937 533; x_wconf 82' lang='lat' dir='ltr'><strong>quales</strong></span> <span class='ocrx_word' id='word_1_25' title='bbox 2977 462 3187 519; x_wconf 83' lang='lat' dir='ltr'><strong><em>fructus</em></strong></span> <span class='ocrx_word' id='word_1_26' title='bbox 3206 463 3508 534; x_wconf 61' lang='lat' dir='ltr'><strong><em>praefatus</em></strong></span> 
     </span>
    </p>
   </div>
   <div class='ocr_carea' id='block_1_5' title="bbox 228 555 1816 630">
    <p class='ocr_par' dir='ltr' id='par_1_5' title="bbox 228 555 1816 630">
     <span class='ocr_line' id='line_1_5' title="bbox 228 555 1816 630; baseline -0.005 -15"><span class='ocrx_word' id='word_1_27' title='bbox 228 560 663 630; x_wconf 71' lang='lat' dir='ltr'><strong><em>intemperantiae</em></strong></span> <span class='ocrx_word' id='word_1_28' title='bbox 687 557 1008 627; x_wconf 89' lang='lat' dir='ltr'><strong><em>perderetur,</em></strong></span> <span class='ocrx_word' id='word_1_29' title='bbox 1050 557 1151 610; x_wconf 92' lang='lat' dir='ltr'><strong><em>nisi</em></strong></span> <span class='ocrx_word' id='word_1_30' title='bbox 1188 555 1580 610; x_wconf 73' lang='lat' dir='ltr'><strong><em>delectationem</em></strong></span> <span class='ocrx_word' id='word_1_31' title='bbox 1624 557 1816 608; x_wconf 89' lang='lat' dir='ltr'><strong><em>bonum</em></strong></span> 
     </span>
    </p>
   </div>
   <div class='ocr_carea' id='block_1_6' title="bbox 228 643 1816 722">
    <p class='ocr_par' dir='ltr' id='par_1_6' title="bbox 228 643 1816 722">
     <span class='ocr_line' id='line_1_6' title="bbox 228 643 1816 722; baseline -0.004 -18"><span class='ocrx_word' id='word_1_32' title='bbox 228 650 435 722; x_wconf 76' lang='lat' dir='ltr'><strong><em>atqne&#39;</em></strong></span> <span class='ocrx_word' id='word_1_33' title='bbox 463 649 712 703; x_wconf 71' lang='lat' dir='ltr'><strong><em>eximium</em></strong></span> <span class='ocrx_word' id='word_1_34' title='bbox 758 645 1023 718; x_wconf 79' lang='lat' dir='ltr'><strong><em>quoddam</em></strong></span> <span class='ocrx_word' id='word_1_35' title='bbox 1050 647 1345 700; x_wconf 71' lang='lat' dir='ltr'><strong><em>aestimaret</em></strong></span> <span class='ocrx_word' id='word_1_36' title='bbox 1388 662 1502 703; x_wconf 90' lang='lat' dir='ltr'><strong><em>eam</em></strong></span> <span class='ocrx_word' id='word_1_37' title='bbox 1529 646 1575 711; x_wconf 73' lang='grc'><strong><em>⁸,</em></strong></span> <span class='ocrx_word' id='word_1_38' title='bbox 1604 647 1693 713; x_wconf 89' lang='lat' dir='ltr'><strong><em>qui</em></strong></span> <span class='ocrx_word' id='word_1_39' title='bbox 1721 643 1816 698; x_wconf 88' lang='lat' dir='ltr'><strong><em>tuli</em></strong></span> 
     </span>
    </p>
   </div>
   <div class='ocr_carea' id='block_1_7' title="bbox 226 733 1818 806">
    <p class='ocr_par' dir='ltr' id='par_1_7' title="bbox 226 733 1818 806">
     <span class='ocr_line' id='line_1_7' title="bbox 226 733 1818 806; baseline -0.001 -16"><span class='ocrx_word' id='word_1_40' title='bbox 226 738 478 792; x_wconf 77' lang='lat' dir='ltr'><strong><em>illecebra</em></strong></span> <span class='ocrx_word' id='word_1_41' title='bbox 507 738 575 791; x_wconf 86' lang='lat' dir='ltr'><strong><em>ad</em></strong></span> <span class='ocrx_word' id='word_1_42' title='bbox 603 736 894 806; x_wconf 70' lang='lat' dir='ltr'><strong><em>passionem</em></strong></span> <span class='ocrx_word' id='word_1_43' title='bbox 918 736 1204 789; x_wconf 76' lang='lat' dir='ltr'><strong><em>attrahitur</em></strong></span> <span class='ocrx_word' id='word_1_44' title='bbox 1228 737 1250 767; x_wconf 87' lang='grc'>⁸</span> <span class='ocrx_word' id='word_1_45' title='bbox 1266 736 1293 790; x_wconf 70' lang='lat'><strong><em>2’</em></strong></span> <span class='ocrx_word' id='word_1_46' title='bbox 1313 733 1569 790; x_wconf 82' lang='lat' dir='ltr'><strong><em>Similiter</em></strong></span> <span class='ocrx_word' id='word_1_47' title='bbox 1593 736 1779 789; x_wconf 88' lang='lat' dir='ltr'><strong><em>ltabent</em></strong></span> <span class='ocrx_word' id='word_1_48' title='bbox 1796 734 1818 766; x_wconf 82' lang='grc'>⁸</span> 
     </span>
    </p>
   </div>
   <div class='ocr_carea' id='block_1_8' title="bbox 226 828 1819 898">
    <p class='ocr_par' dir='ltr' id='par_1_8' title="bbox 226 828 1819 898">
     <span class='ocr_line' id='line_1_8' title="bbox 226 828 1819 898; baseline -0.001 -15"><span class='ocrx_word' id='word_1_49' title='bbox 226 843 278 884; x_wconf 87' lang='lat' dir='ltr'><strong><em>et</em></strong></span> <span class='ocrx_word' id='word_1_50' title='bbox 307 841 484 884; x_wconf 88' lang='lat' dir='ltr'><strong><em>cetera</em></strong></span> <span class='ocrx_word' id='word_1_51' title='bbox 528 838 740 898; x_wconf 83' lang='lat' dir='ltr'><strong><em>peccata</em></strong></span> <span class='ocrx_word' id='word_1_52' title='bbox 779 829 1004 891; x_wconf 83' lang='lat' dir='ltr'><strong><em>occulta,</em></strong></span> <span class='ocrx_word' id='word_1_53' title='bbox 1028 828 1386 897; x_wconf 78' lang='lat' dir='ltr'><strong><em>differentiam</em></strong></span> <span class='ocrx_word' id='word_1_54' title='bbox 1408 828 1654 882; x_wconf 77' lang='lat' dir='ltr'><strong><em>habentia</em></strong></span> <span class='ocrx_word' id='word_1_55' title='bbox 1696 844 1819 897; x_wconf 82' lang='lat' dir='ltr'><strong><em>pro-</em></strong></span> 
     </span>
    </p>
   </div>
   <div class='ocr_carea' id='block_1_9' title="bbox 225 919 1813 992">
    <p class='ocr_par' dir='ltr' id='par_1_9' title="bbox 225 919 1813 992">
     <span class='ocr_line' id='line_1_9' title="bbox 225 919 1813 992; baseline -0.003 -18"><span class='ocrx_word' id='word_1_56' title='bbox 225 923 406 992; x_wconf 86' lang='lat' dir='ltr'><strong><em>priam</em></strong></span> <span class='ocrx_word' id='word_1_57' title='bbox 432 920 827 973; x_wconf 70' lang='lat' dir='ltr'><strong><em>delectationem</em></strong></span> <span class='ocrx_word' id='word_1_58' title='bbox 868 935 888 973; x_wconf 90' lang='lat'><strong><em>:</em></strong></span> <span class='ocrx_word' id='word_1_59' title='bbox 924 935 989 973; x_wconf 77' lang='lat' dir='ltr'><strong><em>ea:</em></strong></span> <span class='ocrx_word' id='word_1_60' title='bbox 1012 919 1244 988; x_wconf 88' lang='lat' dir='ltr'><strong><em>quadam</em></strong></span> <span class='ocrx_word' id='word_1_61' title='bbox 1274 919 1576 972; x_wconf 88' lang='lat' dir='ltr'><strong><em>seductiane</em></strong></span> <span class='ocrx_word' id='word_1_62' title='bbox 1620 919 1813 972; x_wconf 73' lang='lat' dir='ltr'><strong><em>eximia</em></strong></span> 
     </span>
    </p>
   </div>
   <div class='ocr_carea' id='block_1_10' title="bbox 225 1009 1821 1078">
    <p class='ocr_par' dir='ltr' id='par_1_10' title="bbox 225 1009 1821 1078">
     <span class='ocr_line' id='line_1_10' title="bbox 225 1009 1821 1078; baseline -0.001 -14"><span class='ocrx_word' id='word_1_63' title='bbox 225 1013 479 1064; x_wconf 61' lang='lat' dir='ltr'><strong><em>uidentur</em></strong></span> <span class='ocrx_word' id='word_1_64' title='bbox 529 1011 702 1062; x_wconf 84' lang='lat' dir='ltr'><strong><em>minus</em></strong></span> <span class='ocrx_word' id='word_1_65' title='bbox 745 1009 1196 1063; x_wconf 78' lang='lat' dir='ltr'><strong><em>considerantibus</em></strong></span> <span class='ocrx_word' id='word_1_66' title='bbox 1253 1009 1274 1041; x_wconf 86' lang='grc'><strong>⁷</strong></span> <span class='ocrx_word' id='word_1_67' title='bbox 1303 1025 1397 1078; x_wconf 88' lang='lat' dir='ltr'><strong><em>pro</em></strong></span> <span class='ocrx_word' id='word_1_68' title='bbox 1439 1010 1574 1062; x_wconf 90' lang='lat' dir='ltr'><strong><em>bono</em></strong></span> <span class='ocrx_word' id='word_1_69' title='bbox 1624 1010 1821 1064; x_wconf 84' lang='lat' dir='ltr'><strong><em>sollici-</em></strong></span> 
     </span>
    </p>
   </div>
   <div class='ocr_carea' id='block_1_11' title="bbox 227 1098 1822 1169">
    <p class='ocr_par' dir='ltr' id='par_1_11' title="bbox 227 1098 1822 1169">
     <span class='ocr_line' id='line_1_11' title="bbox 227 1098 1822 1169; baseline 0.002 -18"><span class='ocrx_word' id='word_1_70' title='bbox 227 1100 422 1153; x_wconf 88' lang='lat' dir='ltr'><strong><em>tanda.</em></strong></span> <span class='ocrx_word' id='word_1_71' title='bbox 458 1098 719 1164; x_wconf 84' lang='lat' dir='ltr'><strong><em>Quoniam</em></strong></span> <span class='ocrx_word' id='word_1_72' title='bbox 743 1100 905 1168; x_wconf 84' lang='lat' dir='ltr'><strong><em>igitur</em></strong></span> <span class='ocrx_word' id='word_1_73' title='bbox 932 1098 1084 1152; x_wconf 89' lang='lat' dir='ltr'><strong><em>multi</em></strong></span> <span class='ocrx_word' id='word_1_74' title='bbox 1107 1098 1261 1164; x_wconf 89' lang='lat' dir='ltr'><strong><em>illud,</em></strong></span> <span class='ocrx_word' id='word_1_75' title='bbox 1293 1100 1347 1152; x_wconf 90' lang='lat' dir='ltr'><strong><em>in</em></strong></span> <span class='ocrx_word' id='word_1_76' title='bbox 1374 1116 1477 1169; x_wconf 90' lang='lat' dir='ltr'><strong><em>quo</em></strong></span> <span class='ocrx_word' id='word_1_77' title='bbox 1515 1116 1697 1154; x_wconf 80' lang='lat' dir='ltr'><strong><em>sensus</em></strong></span> <span class='ocrx_word' id='word_1_78' title='bbox 1732 1100 1822 1154; x_wconf 86' lang='lat' dir='ltr'><strong><em>de-</em></strong></span> 
     </span>
    </p>
   </div>
   <div class='ocr_carea' id='block_1_12' title="bbox 223 1191 1820 1261">
    <p class='ocr_par' dir='ltr' id='par_1_12' title="bbox 223 1191 1820 1261">
     <span class='ocr_line' id='line_1_12' title="bbox 223 1191 1820 1261; baseline 0 -16"><span class='ocrx_word' id='word_1_79' title='bbox 223 1191 516 1252; x_wconf 63' lang='lat' dir='ltr'><strong><em>lectantur,</em></strong></span> <span class='ocrx_word' id='word_1_80' title='bbox 550 1192 738 1244; x_wconf 88' lang='lat' dir='ltr'><strong><em>bonum</em></strong></span> <span class='ocrx_word' id='word_1_81' title='bbox 760 1191 1025 1260; x_wconf 77' lang='lat' dir='ltr'><strong><em>judicant,</em></strong></span> <span class='ocrx_word' id='word_1_82' title='bbox 1054 1200 1100 1244; x_wconf 90' lang='lat' dir='ltr'><strong><em>et</em></strong></span> <span class='ocrx_word' id='word_1_83' title='bbox 1130 1192 1251 1261; x_wconf 87' lang='lat' dir='ltr'><strong><em>qttia</em></strong></span> <span class='ocrx_word' id='word_1_84' title='bbox 1283 1192 1305 1220; x_wconf 80' lang='lat'><strong>&quot;</strong></span> <span class='ocrx_word' id='word_1_85' title='bbox 1338 1202 1410 1245; x_wconf 91' lang='lat' dir='ltr'><strong><em>est</em></strong></span> <span class='ocrx_word' id='word_1_86' title='bbox 1439 1192 1820 1260; x_wconf 86' lang='lat' dir='ltr'><strong><em>cognominatio</em></strong></span> 
     </span>
    </p>
   </div>
   <div class='ocr_carea' id='block_1_13' title="bbox 222 1283 1823 1353">
    <p class='ocr_par' dir='ltr' id='par_1_13' title="bbox 222 1283 1823 1353">
     <span class='ocr_line' id='line_1_13' title="bbox 222 1283 1823 1353; baseline -0.003 -16"><span class='ocrx_word' id='word_1_87' title='bbox 222 1285 527 1347; x_wconf 66' lang='lat' dir='ltr'><strong><em>existentis,</em></strong></span> <span class='ocrx_word' id='word_1_88' title='bbox 554 1285 652 1337; x_wconf 85' lang='lat' dir='ltr'><strong><em>hoc</em></strong></span> <span class='ocrx_word' id='word_1_89' title='bbox 663 1294 761 1347; x_wconf 90' lang='lat' dir='ltr'><strong><em>est,</em></strong></span> <span class='ocrx_word' id='word_1_90' title='bbox 777 1285 881 1337; x_wconf 83' lang='lat' dir='ltr'><strong><em>reri</em></strong></span> <span class='ocrx_word' id='word_1_91' title='bbox 895 1284 1016 1337; x_wconf 90' lang='lat' dir='ltr'><strong><em>boni</em></strong></span> <span class='ocrx_word' id='word_1_92' title='bbox 1027 1293 1074 1337; x_wconf 84' lang='lat' dir='ltr'><strong><em>et</em></strong></span> <span class='ocrx_word' id='word_1_93' title='bbox 1098 1284 1261 1353; x_wconf 84' lang='lat' dir='ltr'><strong><em>ipsius</em></strong></span> <span class='ocrx_word' id='word_1_94' title='bbox 1278 1284 1397 1336; x_wconf 91' lang='lat' dir='ltr'><strong><em>boni</em></strong></span> <span class='ocrx_word' id='word_1_95' title='bbox 1412 1283 1455 1346; x_wconf 78' lang='lat'><strong><em>‘,</em></strong></span> <span class='ocrx_word' id='word_1_96' title='bbox 1471 1283 1607 1353; x_wconf 84' lang='lat' dir='ltr'><strong><em>quod</em></strong></span> <span class='ocrx_word' id='word_1_97' title='bbox 1623 1283 1823 1336; x_wconf 80' lang='lat' dir='ltr'><strong><em>ridetur</em></strong></span> 
     </span>
    </p>
   </div>
   <div class='ocr_carea' id='block_1_14' title="bbox 224 1371 1821 1441">
    <p class='ocr_par' dir='ltr' id='par_1_14' title="bbox 224 1371 1821 1441">
     <span class='ocr_line' id='line_1_14' title="bbox 224 1371 1821 1441; baseline -0.001 -15"><span class='ocrx_word' id='word_1_98' title='bbox 224 1386 363 1431; x_wconf 80' lang='lat' dir='ltr'><strong><em>esse,</em></strong></span> <span class='ocrx_word' id='word_1_99' title='bbox 380 1372 507 1424; x_wconf 90' lang='lat' dir='ltr'><strong><em>dum</em></strong></span> <span class='ocrx_word' id='word_1_100' title='bbox 527 1387 628 1423; x_wconf 92' lang='lat' dir='ltr'><strong><em>non</em></strong></span> <span class='ocrx_word' id='word_1_101' title='bbox 640 1372 706 1424; x_wconf 88' lang='lat' dir='ltr'><strong><em>sit</em></strong></span> <span class='ocrx_word' id='word_1_102' title='bbox 729 1372 915 1424; x_wconf 88' lang='lat' dir='ltr'><strong><em>bonum</em></strong></span> <span class='ocrx_word' id='word_1_103' title='bbox 935 1386 952 1422; x_wconf 91' lang='lat'><em>:</em></span> <span class='ocrx_word' id='word_1_104' title='bbox 972 1372 1129 1441; x_wconf 84' lang='lat' dir='ltr'><strong><em>hujus</em></strong></span> <span class='ocrx_word' id='word_1_105' title='bbox 1147 1372 1217 1424; x_wconf 90' lang='lat' dir='ltr'><strong><em>rei</em></strong></span> <span class='ocrx_word' id='word_1_106' title='bbox 1232 1371 1403 1439; x_wconf 86' lang='lat' dir='ltr'><strong><em>gratia</em></strong></span> <span class='ocrx_word' id='word_1_107' title='bbox 1421 1372 1529 1441; x_wconf 89' lang='lat' dir='ltr'><strong><em>ipsa</em></strong></span> <span class='ocrx_word' id='word_1_108' title='bbox 1543 1373 1611 1423; x_wconf 90' lang='lat' dir='ltr'><strong><em>ad</em></strong></span> <span class='ocrx_word' id='word_1_109' title='bbox 1625 1371 1821 1424; x_wconf 87' lang='lat' dir='ltr'><strong><em>malum</em></strong></span> 
     </span>
    </p>
   </div>
   <div class='ocr_carea' id='block_1_15' title="bbox 225 1459 1824 1529">
    <p class='ocr_par' dir='ltr' id='par_1_15' title="bbox 225 1459 1824 1529">
     <span class='ocr_line' id='line_1_15' title="bbox 225 1459 1824 1529; baseline -0.001 -16"><span class='ocrx_word' id='word_1_110' title='bbox 225 1459 393 1514; x_wconf 64' lang='lat' dir='ltr'><strong><em>ueluti</em></strong></span> <span class='ocrx_word' id='word_1_111' title='bbox 426 1460 497 1513; x_wconf 89' lang='lat' dir='ltr'><strong><em>ad</em></strong></span> <span class='ocrx_word' id='word_1_112' title='bbox 540 1460 730 1512; x_wconf 79' lang='lat' dir='ltr'><strong><em>bonum</em></strong></span> <span class='ocrx_word' id='word_1_113' title='bbox 778 1460 919 1529; x_wconf 86' lang='lat' dir='ltr'><strong><em>facta</em></strong></span> <span class='ocrx_word' id='word_1_114' title='bbox 957 1461 1409 1529; x_wconf 64' lang='lat' dir='ltr'><strong><em>concupiscentia,</em></strong></span> <span class='ocrx_word' id='word_1_115' title='bbox 1451 1462 1573 1516; x_wconf 90' lang='lat' dir='ltr'><strong><em>boni</em></strong></span> <span class='ocrx_word' id='word_1_116' title='bbox 1618 1472 1665 1515; x_wconf 93' lang='lat' dir='ltr'><strong><em>et</em></strong></span> <span class='ocrx_word' id='word_1_117' title='bbox 1694 1460 1824 1513; x_wconf 85' lang='lat' dir='ltr'><strong><em>mali</em></strong></span> 
     </span>
    </p>
   </div>
   <div class='ocr_carea' id='block_1_16' title="bbox 224 1550 1822 1625">
    <p class='ocr_par' dir='ltr' id='par_1_16' title="bbox 224 1550 1822 1625">
     <span class='ocr_line' id='line_1_16' title="bbox 224 1550 1822 1625; baseline 0.001 -20"><span class='ocrx_word' id='word_1_118' title='bbox 224 1552 458 1605; x_wconf 87' lang='lat' dir='ltr'><strong><em>scientia</em></strong></span> <span class='ocrx_word' id='word_1_119' title='bbox 501 1568 533 1604; x_wconf 89' lang='lat' dir='ltr'><strong><em>a</em></strong></span> <span class='ocrx_word' id='word_1_120' title='bbox 574 1550 845 1621; x_wconf 79' lang='lat' dir='ltr'><strong><em>Scriptura</em></strong></span> <span class='ocrx_word' id='word_1_121' title='bbox 881 1554 1150 1606; x_wconf 89' lang='lat' dir='ltr'><strong><em>nominata</em></strong></span> <span class='ocrx_word' id='word_1_122' title='bbox 1188 1564 1263 1607; x_wconf 90' lang='lat' dir='ltr'><strong><em>est</em></strong></span> <span class='ocrx_word' id='word_1_123' title='bbox 1289 1594 1304 1618; x_wconf 96' lang='lat'><strong><em>,</em></strong></span> <span class='ocrx_word' id='word_1_124' title='bbox 1340 1554 1464 1607; x_wconf 90' lang='lat' dir='ltr'><strong><em>dum</em></strong></span> <span class='ocrx_word' id='word_1_125' title='bbox 1493 1554 1822 1625; x_wconf 75' lang='lat' dir='ltr'><strong><em>affectionem</em></strong></span> 
     </span>
    </p>
   </div>
   <div class='ocr_carea' id='block_1_17' title="bbox 223 1643 1821 1717">
    <p class='ocr_par' dir='ltr' id='par_1_17' title="bbox 223 1643 1821 1717">
     <span class='ocr_line' id='line_1_17' title="bbox 223 1643 1821 1717; baseline 0.002 -21"><span class='ocrx_word' id='word_1_126' title='bbox 223 1644 503 1714; x_wconf 70' lang='lat' dir='ltr'><strong><em>quandam</em></strong></span> <span class='ocrx_word' id='word_1_127' title='bbox 535 1653 582 1696; x_wconf 89' lang='lat' dir='ltr'><strong><em>et</em></strong></span> <span class='ocrx_word' id='word_1_128' title='bbox 604 1643 978 1698; x_wconf 82' lang='lat' dir='ltr'><strong><em>concretionem</em></strong></span> <span class='ocrx_word' id='word_1_129' title='bbox 1005 1646 1124 1699; x_wconf 83' lang='lat' dir='ltr'><strong><em>boni</em></strong></span> <span class='ocrx_word' id='word_1_130' title='bbox 1148 1656 1195 1700; x_wconf 91' lang='lat' dir='ltr'><strong><em>et</em></strong></span> <span class='ocrx_word' id='word_1_131' title='bbox 1218 1646 1343 1699; x_wconf 90' lang='lat' dir='ltr'><strong><em>mali</em></strong></span> <span class='ocrx_word' id='word_1_132' title='bbox 1365 1647 1406 1678; x_wconf 77' lang='lat'><strong><em>&#39;°</em></strong></span> <span class='ocrx_word' id='word_1_133' title='bbox 1432 1647 1821 1717; x_wconf 84' lang='lat' dir='ltr'><strong><em>interpretatur,</em></strong></span> 
     </span>
    </p>
   </div>
   <div class='ocr_carea' id='block_1_18' title="bbox 225 1733 1822 1807">
    <p class='ocr_par' dir='ltr' id='par_1_18' title="bbox 225 1733 1822 1807">
     <span class='ocr_line' id='line_1_18' title="bbox 225 1733 1822 1807; baseline 0.002 -20"><span class='ocrx_word' id='word_1_134' title='bbox 225 1735 329 1787; x_wconf 85' lang='lat' dir='ltr'><strong><em>hoc</em></strong></span> <span class='ocrx_word' id='word_1_135' title='bbox 356 1744 458 1798; x_wconf 91' lang='lat' dir='ltr'><strong><em>est,</em></strong></span> <span class='ocrx_word' id='word_1_136' title='bbox 488 1733 750 1803; x_wconf 78' lang='lat' dir='ltr'><strong><em>signiﬁcat</em></strong></span> <span class='ocrx_word' id='word_1_137' title='bbox 772 1735 1012 1789; x_wconf 89' lang='lat' dir='ltr'><strong><em>scientia.</em></strong></span> <span class='ocrx_word' id='word_1_138' title='bbox 1041 1734 1223 1807; x_wconf 83' lang='lat' dir='ltr'><strong><em>Neque</em></strong></span> <span class='ocrx_word' id='word_1_139' title='bbox 1254 1737 1488 1791; x_wconf 88' lang='lat' dir='ltr'><strong><em>absolute</em></strong></span> <span class='ocrx_word' id='word_1_140' title='bbox 1508 1736 1729 1802; x_wconf 90' lang='lat' dir='ltr'><strong><em>malum,</em></strong></span> <span class='ocrx_word' id='word_1_141' title='bbox 1762 1753 1822 1790; x_wconf 90' lang='lat' dir='ltr'><strong><em>eo</em></strong></span> 
     </span>
    </p>
   </div>
   <div class='ocr_carea' id='block_1_19' title="bbox 1917 552 3512 623">
    <p class='ocr_par' dir='ltr' id='par_1_19' title="bbox 1917 552 3512 623">
     <span class='ocr_line' id='line_1_19' title="bbox 1917 552 3512 623; baseline -0.001 -15"><span class='ocrx_word' id='word_1_142' title='bbox 1917 557 2118 609; x_wconf 90' lang='lat' dir='ltr'><strong><em>astruit</em></strong></span> <span class='ocrx_word' id='word_1_143' title='bbox 2163 554 2487 623; x_wconf 81' lang='lat' dir='ltr'><strong><em>Tlteologus.</em></strong></span> <span class='ocrx_word' id='word_1_144' title='bbox 2563 555 2706 609; x_wconf 86' lang='lat' dir='ltr'><strong><em>Dtsc.</em></strong></span> <span class='ocrx_word' id='word_1_145' title='bbox 2763 553 3188 616; x_wconf 82' lang='lat' dir='ltr'><strong><em>Animadverte,</em></strong></span> <span class='ocrx_word' id='word_1_146' title='bbox 3258 552 3512 622; x_wconf 80' lang='lat' dir='ltr'><strong><em>clareque</em></strong></span> 
     </span>
    </p>
   </div>
   <div class='ocr_carea' id='block_1_20' title="bbox 1917 643 3513 718">
    <p class='ocr_par' dir='ltr' id='par_1_20' title="bbox 1917 643 3513 718">
     <span class='ocr_line' id='line_1_20' title="bbox 1917 643 3513 718; baseline -0.001 -17"><span class='ocrx_word' id='word_1_147' title='bbox 1917 646 2223 718; x_wconf 84' lang='lat' dir='ltr'><strong><em>perspicio:</em></strong></span> <span class='ocrx_word' id='word_1_148' title='bbox 2265 644 2603 716; x_wconf 86' lang='lat' dir='ltr'><strong><em>spiritualem</em></strong></span> <span class='ocrx_word' id='word_1_149' title='bbox 2635 643 2879 715; x_wconf 86' lang='lat' dir='ltr'><strong><em>profecto</em></strong></span> <span class='ocrx_word' id='word_1_150' title='bbox 2918 652 2973 699; x_wconf 91' lang='lat' dir='ltr'><strong><em>et</em></strong></span> <span class='ocrx_word' id='word_1_151' title='bbox 3018 643 3300 699; x_wconf 90' lang='lat' dir='ltr'><strong><em>illocalem.</em></strong></span> <span class='ocrx_word' id='word_1_152' title='bbox 3336 644 3513 700; x_wconf 80' lang='lat' dir='ltr'><strong><em>Velim</em></strong></span> 
     </span>
    </p>
   </div>
   <div class='ocr_carea' id='block_1_21' title="bbox 1919 734 3515 807">
    <p class='ocr_par' dir='ltr' id='par_1_21' title="bbox 1919 734 3515 807">
     <span class='ocr_line' id='line_1_21' title="bbox 1919 734 3515 807; baseline -0.003 -14"><span class='ocrx_word' id='word_1_153' title='bbox 1919 749 2098 793; x_wconf 90' lang='lat' dir='ltr'><strong><em>tamen</em></strong></span> <span class='ocrx_word' id='word_1_154' title='bbox 2127 746 2317 807; x_wconf 85' lang='lat' dir='ltr'><strong><em>aperte</em></strong></span> <span class='ocrx_word' id='word_1_155' title='bbox 2344 753 2407 791; x_wconf 91' lang='lat' dir='ltr'><strong><em>ac</em></strong></span> <span class='ocrx_word' id='word_1_156' title='bbox 2432 737 2673 792; x_wconf 80' lang='lat' dir='ltr'><strong><em>breviter</em></strong></span> <span class='ocrx_word' id='word_1_157' title='bbox 2715 751 2801 799; x_wconf 88' lang='lat' dir='ltr'><strong><em>ea,</em></strong></span> <span class='ocrx_word' id='word_1_158' title='bbox 2832 750 2969 804; x_wconf 88' lang='lat' dir='ltr'><strong><em>quae</em></strong></span> <span class='ocrx_word' id='word_1_159' title='bbox 2998 734 3067 789; x_wconf 91' lang='lat' dir='ltr'><strong><em>ab</em></strong></span> <span class='ocrx_word' id='word_1_160' title='bbox 3094 736 3209 805; x_wconf 90' lang='lat' dir='ltr'><strong><em>ipso</em></strong></span> <span class='ocrx_word' id='word_1_161' title='bbox 3230 737 3515 803; x_wconf 80' lang='lat' dir='ltr'><strong><em>obscurius</em></strong></span> 
     </span>
    </p>
   </div>
   <div class='ocr_carea' id='block_1_22' title="bbox 1917 826 3515 898">
    <p class='ocr_par' dir='ltr' id='par_1_22' title="bbox 1917 826 3515 898">
     <span class='ocr_line' id='line_1_22' title="bbox 1917 826 3515 898; baseline -0.004 -13"><span class='ocrx_word' id='word_1_162' title='bbox 1917 830 2186 898; x_wconf 78' lang='lat' dir='ltr'><strong><em>explicata</em></strong></span> <span class='ocrx_word' id='word_1_163' title='bbox 2212 835 2359 892; x_wconf 85' lang='lat' dir='ltr'><strong><em>sunt,</em></strong></span> <span class='ocrx_word' id='word_1_164' title='bbox 2384 844 2412 881; x_wconf 90' lang='lat' dir='ltr'><strong><em>a</em></strong></span> <span class='ocrx_word' id='word_1_165' title='bbox 2446 837 2497 882; x_wconf 86' lang='lat' dir='ltr'><strong><em>te</em></strong></span> <span class='ocrx_word' id='word_1_166' title='bbox 2526 828 2746 897; x_wconf 88' lang='lat' dir='ltr'><strong><em>aperiri.</em></strong></span> <span class='ocrx_word' id='word_1_167' title='bbox 2773 827 2911 881; x_wconf 76' lang='lat' dir='ltr'><strong><em>Mtte.</em></strong></span> <span class='ocrx_word' id='word_1_168' title='bbox 2942 826 3200 896; x_wconf 82' lang='lat' dir='ltr'><strong><em>Quisquis</em></strong></span> <span class='ocrx_word' id='word_1_169' title='bbox 3224 827 3515 894; x_wconf 89' lang='lat' dir='ltr'><strong><em>diligenter</em></strong></span> 
     </span>
    </p>
   </div>
   <div class='ocr_carea' id='block_1_23' title="bbox 1918 914 3518 987">
    <p class='ocr_par' dir='ltr' id='par_1_23' title="bbox 1918 914 3518 987">
     <span class='ocr_line' id='line_1_23' title="bbox 1918 914 3518 987; baseline -0.002 -15"><span class='ocrx_word' id='word_1_170' title='bbox 1918 917 2146 987; x_wconf 77' lang='lat' dir='ltr'><strong><em>praefati</em></strong></span> <span class='ocrx_word' id='word_1_171' title='bbox 2190 916 2451 987; x_wconf 79' lang='lat' dir='ltr'><strong><em>Tlteologi</em></strong></span> <span class='ocrx_word' id='word_1_172' title='bbox 2502 917 2663 970; x_wconf 87' lang='lat' dir='ltr'><strong><em>verba</em></strong></span> <span class='ocrx_word' id='word_1_173' title='bbox 2713 915 3071 985; x_wconf 76' lang='lat' dir='ltr'><strong><em>perspexerit,</em></strong></span> <span class='ocrx_word' id='word_1_174' title='bbox 3108 914 3184 968; x_wconf 92' lang='lat' dir='ltr'><strong><em>nil</em></strong></span> <span class='ocrx_word' id='word_1_175' title='bbox 3236 914 3403 979; x_wconf 82' lang='lat' dir='ltr'><strong><em>aliud,</em></strong></span> <span class='ocrx_word' id='word_1_176' title='bbox 3454 923 3518 969; x_wconf 83' lang='lat' dir='ltr'><strong><em>ut</em></strong></span> 
     </span>
    </p>
   </div>
   <div class='ocr_carea' id='block_1_24' title="bbox 1918 1000 3555 1080">
    <p class='ocr_par' dir='ltr' id='par_1_24' title="bbox 1918 1000 3555 1080">
     <span class='ocr_line' id='line_1_24' title="bbox 1918 1000 3555 1080; baseline -0.004 -15"><span class='ocrx_word' id='word_1_177' title='bbox 1918 1012 2129 1080; x_wconf 87' lang='lat' dir='ltr'><strong><em>opinor,</em></strong></span> <span class='ocrx_word' id='word_1_178' title='bbox 2172 1010 2226 1064; x_wconf 92' lang='lat' dir='ltr'><strong><em>in</em></strong></span> <span class='ocrx_word' id='word_1_179' title='bbox 2251 1012 2330 1065; x_wconf 92' lang='lat' dir='ltr'><strong><em>eis</em></strong></span> <span class='ocrx_word' id='word_1_180' title='bbox 2352 1008 2601 1079; x_wconf 71' lang='lat' dir='ltr'><strong><em>reperiet</em></strong></span> <span class='ocrx_word' id='word_1_181' title='bbox 2633 1008 2868 1073; x_wconf 87' lang='lat' dir='ltr'><strong><em>suaderi,</em></strong></span> <span class='ocrx_word' id='word_1_182' title='bbox 2898 1023 3059 1077; x_wconf 90' lang='lat' dir='ltr'><strong><em>quam</em></strong></span> <span class='ocrx_word' id='word_1_183' title='bbox 3105 1008 3393 1061; x_wconf 89' lang='lat' dir='ltr'><strong><em>luuuanam</em></strong></span> <span class='ocrx_word' id='word_1_184' title='bbox 3418 1021 3521 1059; x_wconf 88' lang='lat' dir='ltr'><strong><em>ua-</em></strong></span> <span class='ocrx_word' id='word_1_185' title='bbox 3542 1000 3555 1007; x_wconf 50' lang='grc'><strong><em>³</em></strong></span> 
     </span>
    </p>
   </div>
   <div class='ocr_carea' id='block_1_25' title="bbox 1922 1094 3519 1170">
    <p class='ocr_par' dir='ltr' id='par_1_25' title="bbox 1922 1094 3519 1170">
     <span class='ocr_line' id='line_1_25' title="bbox 1922 1094 3519 1170; baseline -0.003 -18"><span class='ocrx_word' id='word_1_186' title='bbox 1922 1109 2098 1154; x_wconf 90' lang='lat' dir='ltr'><strong><em>turam</em></strong></span> <span class='ocrx_word' id='word_1_187' title='bbox 2132 1100 2198 1153; x_wconf 89' lang='lat' dir='ltr'><strong><em>ad</em></strong></span> <span class='ocrx_word' id='word_1_188' title='bbox 2250 1099 2538 1170; x_wconf 81' lang='lat' dir='ltr'><strong><em>imaginem</em></strong></span> <span class='ocrx_word' id='word_1_189' title='bbox 2570 1097 2663 1151; x_wconf 87' lang='lat' dir='ltr'><strong><em>Dei</em></strong></span> <span class='ocrx_word' id='word_1_190' title='bbox 2706 1098 2902 1152; x_wconf 85' lang='lat' dir='ltr'><strong><em>iactam</em></strong></span> <span class='ocrx_word' id='word_1_191' title='bbox 2947 1096 3183 1165; x_wconf 84' lang='lat' dir='ltr'><strong><em>paradisi</em></strong></span> <span class='ocrx_word' id='word_1_192' title='bbox 3230 1094 3519 1158; x_wconf 87' lang='lat' dir='ltr'><strong><em>vocabulo,</em></strong></span> 
     </span>
    </p>
   </div>
   <div class='ocr_carea' id='block_1_26' title="bbox 1922 1186 3518 1260">
    <p class='ocr_par' dir='ltr' id='par_1_26' title="bbox 1922 1186 3518 1260">
     <span class='ocr_line' id='line_1_26' title="bbox 1922 1186 3518 1260; baseline -0.003 -16"><span class='ocrx_word' id='word_1_193' title='bbox 1922 1190 2186 1260; x_wconf 83' lang='lat' dir='ltr'><strong><em>figuratae</em></strong></span> <span class='ocrx_word' id='word_1_194' title='bbox 2233 1190 2521 1244; x_wconf 85' lang='lat' dir='ltr'><strong><em>locutionis</em></strong></span> <span class='ocrx_word' id='word_1_195' title='bbox 2561 1188 2743 1251; x_wconf 85' lang='lat' dir='ltr'><strong><em>modo,</em></strong></span> <span class='ocrx_word' id='word_1_196' title='bbox 2774 1204 2803 1240; x_wconf 91' lang='lat' dir='ltr'><strong><em>a</em></strong></span> <span class='ocrx_word' id='word_1_197' title='bbox 2829 1188 3007 1241; x_wconf 86' lang='lat' dir='ltr'><strong><em>divina</em></strong></span> <span class='ocrx_word' id='word_1_198' title='bbox 3042 1186 3322 1255; x_wconf 79' lang='lat' dir='ltr'><strong><em>Scriptura</em></strong></span> <span class='ocrx_word' id='word_1_199' title='bbox 3344 1186 3518 1256; x_wconf 76' lang='lat' dir='ltr'><strong><em>signi-</em></strong></span> 
     </span>
    </p>
   </div>
   <div class='ocr_carea' id='block_1_27' title="bbox 1923 1277 3513 1349">
    <p class='ocr_par' dir='ltr' id='par_1_27' title="bbox 1923 1277 3513 1349">
     <span class='ocr_line' id='line_1_27' title="bbox 1923 1277 3513 1349; baseline -0.005 -13"><span class='ocrx_word' id='word_1_200' title='bbox 1923 1282 2095 1335; x_wconf 79' lang='lat' dir='ltr'><strong><em>ficari.</em></strong></span> <span class='ocrx_word' id='word_1_201' title='bbox 2141 1281 2272 1334; x_wconf 76' lang='lat' dir='ltr'><strong><em>Vera</em></strong></span> <span class='ocrx_word' id='word_1_202' title='bbox 2317 1280 2460 1335; x_wconf 89' lang='lat' dir='ltr'><strong><em>enim</em></strong></span> <span class='ocrx_word' id='word_1_203' title='bbox 2508 1279 2773 1349; x_wconf 87' lang='lat' dir='ltr'><strong><em>plantatio</em></strong></span> <span class='ocrx_word' id='word_1_204' title='bbox 2817 1278 2911 1331; x_wconf 86' lang='lat' dir='ltr'><strong><em>Dei</em></strong></span> <span class='ocrx_word' id='word_1_205' title='bbox 2938 1286 3022 1331; x_wconf 88' lang='lat' dir='ltr'><strong><em>est</em></strong></span> <span class='ocrx_word' id='word_1_206' title='bbox 3061 1277 3108 1308; x_wconf 82' lang='lat'>&quot;</span> <span class='ocrx_word' id='word_1_207' title='bbox 3154 1286 3346 1329; x_wconf 90' lang='lat' dir='ltr'><strong><em>natura</em></strong></span> <span class='ocrx_word' id='word_1_208' title='bbox 3376 1277 3513 1344; x_wconf 88' lang='lat' dir='ltr'><strong><em>ipsa,</em></strong></span> 
     </span>
    </p>
   </div>
   <div class='ocr_carea' id='block_1_28' title="bbox 1923 1366 3515 1440">
    <p class='ocr_par' dir='ltr' id='par_1_28' title="bbox 1923 1366 3515 1440">
     <span class='ocr_line' id='line_1_28' title="bbox 1923 1366 3515 1440; baseline -0.003 -17"><span class='ocrx_word' id='word_1_209' title='bbox 1923 1386 2085 1440; x_wconf 86' lang='lat' dir='ltr'><strong><em>quam</em></strong></span> <span class='ocrx_word' id='word_1_210' title='bbox 2119 1372 2183 1424; x_wconf 86' lang='lat' dir='ltr'><strong><em>ad</em></strong></span> <span class='ocrx_word' id='word_1_211' title='bbox 2217 1370 2505 1440; x_wconf 89' lang='lat' dir='ltr'><strong><em>imaginem</em></strong></span> <span class='ocrx_word' id='word_1_212' title='bbox 2535 1377 2589 1424; x_wconf 90' lang='lat' dir='ltr'><strong><em>et</em></strong></span> <span class='ocrx_word' id='word_1_213' title='bbox 2634 1367 3045 1423; x_wconf 85' lang='lat' dir='ltr'><strong><em>similitudinem</em></strong></span> <span class='ocrx_word' id='word_1_214' title='bbox 3077 1381 3252 1427; x_wconf 85' lang='lat' dir='ltr'><strong><em>suam,</em></strong></span> <span class='ocrx_word' id='word_1_215' title='bbox 3284 1366 3388 1420; x_wconf 84' lang='lat' dir='ltr'><strong><em>boc</em></strong></span> <span class='ocrx_word' id='word_1_216' title='bbox 3410 1374 3515 1429; x_wconf 87' lang='lat' dir='ltr'><strong><em>est,</em></strong></span> 
     </span>
    </p>
   </div>
   <div class='ocr_carea' id='block_1_29' title="bbox 1925 1458 3518 1532">
    <p class='ocr_par' dir='ltr' id='par_1_29' title="bbox 1925 1458 3518 1532">
     <span class='ocr_line' id='line_1_29' title="bbox 1925 1458 3518 1532; baseline -0.002 -17"><span class='ocrx_word' id='word_1_217' title='bbox 1925 1462 1992 1516; x_wconf 70' lang='lat' dir='ltr'><strong><em>a‘d</em></strong></span> <span class='ocrx_word' id='word_1_218' title='bbox 2029 1462 2317 1532; x_wconf 82' lang='lat' dir='ltr'><strong><em>imaginem</em></strong></span> <span class='ocrx_word' id='word_1_219' title='bbox 2340 1461 2561 1514; x_wconf 89' lang='lat' dir='ltr'><strong><em>omnino</em></strong></span> <span class='ocrx_word' id='word_1_220' title='bbox 2591 1460 2693 1514; x_wconf 87' lang='lat' dir='ltr'><strong><em>sibi</em></strong></span> <span class='ocrx_word' id='word_1_221' title='bbox 2726 1459 2979 1524; x_wconf 85' lang='lat' dir='ltr'><strong><em>similem,</em></strong></span> <span class='ocrx_word' id='word_1_222' title='bbox 3005 1466 3221 1528; x_wconf 85' lang='lat' dir='ltr'><strong><em>praeter</em></strong></span> <span class='ocrx_word' id='word_1_223' title='bbox 3250 1458 3518 1513; x_wconf 88' lang='lat' dir='ltr'><strong><em>rationem</em></strong></span> 
     </span>
    </p>
   </div>
   <div class='ocr_carea' id='block_1_30' title="bbox 1926 1549 3517 1624">
    <p class='ocr_par' dir='ltr' id='par_1_30' title="bbox 1926 1549 3517 1624">
     <span class='ocr_line' id='line_1_30' title="bbox 1926 1549 3517 1624; baseline -0.002 -16"><span class='ocrx_word' id='word_1_224' title='bbox 1926 1552 2180 1624; x_wconf 77' lang='lat' dir='ltr'><strong><em>subjecti,</em></strong></span> <span class='ocrx_word' id='word_1_225' title='bbox 2209 1562 2266 1606; x_wconf 88' lang='lat' dir='ltr'><strong><em>ut</em></strong></span> <span class='ocrx_word' id='word_1_226' title='bbox 2292 1554 2627 1623; x_wconf 87' lang='lat' dir='ltr'><strong><em>praedictum</em></strong></span> <span class='ocrx_word' id='word_1_227' title='bbox 2654 1560 2757 1616; x_wconf 86' lang='lat' dir='ltr'><strong><em>est,</em></strong></span> <span class='ocrx_word' id='word_1_228' title='bbox 2784 1552 2985 1606; x_wconf 89' lang='lat' dir='ltr'><strong><em>creavit</em></strong></span> <span class='ocrx_word' id='word_1_229' title='bbox 3015 1552 3068 1604; x_wconf 88' lang='lat' dir='ltr'><strong><em>in</em></strong></span> <span class='ocrx_word' id='word_1_230' title='bbox 3096 1549 3266 1614; x_wconf 89' lang='lat' dir='ltr'><strong><em>Eden,</em></strong></span> <span class='ocrx_word' id='word_1_231' title='bbox 3286 1550 3389 1604; x_wconf 86' lang='lat' dir='ltr'><strong><em>hoc</em></strong></span> <span class='ocrx_word' id='word_1_232' title='bbox 3413 1558 3517 1616; x_wconf 87' lang='lat' dir='ltr'><strong><em>est,</em></strong></span> 
     </span>
    </p>
   </div>
   <div class='ocr_carea' id='block_1_31' title="bbox 1926 1644 3521 1708">
    <p class='ocr_par' dir='ltr' id='par_1_31' title="bbox 1926 1644 3521 1708">
     <span class='ocr_line' id='line_1_31' title="bbox 1926 1644 3521 1708; baseline -0.003 -6"><span class='ocrx_word' id='word_1_233' title='bbox 1926 1647 1980 1702; x_wconf 91' lang='lat' dir='ltr'><strong><em>in</em></strong></span> <span class='ocrx_word' id='word_1_234' title='bbox 2007 1646 2212 1701; x_wconf 89' lang='lat' dir='ltr'><strong><em>deliciis</em></strong></span> <span class='ocrx_word' id='word_1_235' title='bbox 2244 1655 2498 1701; x_wconf 87' lang='lat' dir='ltr'><strong><em>aeternae</em></strong></span> <span class='ocrx_word' id='word_1_236' title='bbox 2528 1645 2824 1708; x_wconf 85' lang='lat' dir='ltr'><strong><em>felicitatis,</em></strong></span> <span class='ocrx_word' id='word_1_237' title='bbox 2857 1653 2911 1699; x_wconf 90' lang='lat' dir='ltr'><strong><em>et</em></strong></span> <span class='ocrx_word' id='word_1_238' title='bbox 2950 1644 3283 1699; x_wconf 83' lang='lat' dir='ltr'><strong><em>beatitudine</em></strong></span> <span class='ocrx_word' id='word_1_239' title='bbox 3308 1644 3521 1698; x_wconf 82' lang='lat' dir='ltr'><strong><em>divinae</em></strong></span> 
     </span>
    </p>
   </div>
   <div class='ocr_carea' id='block_1_32' title="bbox 1927 1732 3522 1805">
    <p class='ocr_par' dir='ltr' id='par_1_32' title="bbox 1927 1732 3522 1805">
     <span class='ocr_line' id='line_1_32' title="bbox 1927 1732 3522 1805; baseline -0.002 -18"><span class='ocrx_word' id='word_1_240' title='bbox 1927 1735 2314 1799; x_wconf 78' lang='lat' dir='ltr'><strong><em>similitudinis,</em></strong></span> <span class='ocrx_word' id='word_1_241' title='bbox 2350 1735 2523 1805; x_wconf 88' lang='lat' dir='ltr'><strong><em>major</em></strong></span> <span class='ocrx_word' id='word_1_242' title='bbox 2547 1744 2603 1789; x_wconf 88' lang='lat' dir='ltr'><strong><em>et</em></strong></span> <span class='ocrx_word' id='word_1_243' title='bbox 2638 1734 2828 1788; x_wconf 88' lang='lat' dir='ltr'><strong><em>melior</em></strong></span> <span class='ocrx_word' id='word_1_244' title='bbox 2861 1734 3006 1787; x_wconf 90' lang='lat' dir='ltr'><strong><em>omni</em></strong></span> <span class='ocrx_word' id='word_1_245' title='bbox 3051 1732 3290 1787; x_wconf 80' lang='lat' dir='ltr'><strong><em>sensibili</em></strong></span> <span class='ocrx_word' id='word_1_246' title='bbox 3321 1735 3522 1786; x_wconf 88' lang='lat' dir='ltr'><strong><em>mundo</em></strong></span> 
     </span>
    </p>
   </div>
   <div class='ocr_carea' id='block_1_33' title="bbox 223 1822 3524 1898">
    <p class='ocr_par' dir='ltr' id='par_1_33' title="bbox 223 1822 3524 1898">
     <span class='ocr_line' id='line_1_33' title="bbox 223 1822 3524 1898; baseline -0 -19"><span class='ocrx_word' id='word_1_247' title='bbox 223 1829 376 1897; x_wconf 85' lang='lat' dir='ltr'><strong><em>quod</em></strong></span> <span class='ocrx_word' id='word_1_248' title='bbox 402 1826 635 1882; x_wconf 83' lang='lat' dir='ltr'><strong><em>ambitur</em></strong></span> <span class='ocrx_word' id='word_1_249' title='bbox 665 1825 817 1890; x_wconf 88' lang='lat' dir='ltr'><strong><em>bono,</em></strong></span> <span class='ocrx_word' id='word_1_250' title='bbox 847 1843 1008 1897; x_wconf 84' lang='lat' dir='ltr'><strong><em>neque</em></strong></span> <span class='ocrx_word' id='word_1_251' title='bbox 1036 1843 1162 1897; x_wconf 86' lang='lat' dir='ltr'><strong><em>pure</em></strong></span> <span class='ocrx_word' id='word_1_252' title='bbox 1196 1828 1410 1893; x_wconf 89' lang='lat' dir='ltr'><strong><em>bonum,</em></strong></span> <span class='ocrx_word' id='word_1_253' title='bbox 1442 1844 1502 1882; x_wconf 93' lang='lat' dir='ltr'><strong><em>eo</em></strong></span> <span class='ocrx_word' id='word_1_254' title='bbox 1530 1827 1668 1898; x_wconf 89' lang='lat' dir='ltr'><strong><em>quod</em></strong></span> <span class='ocrx_word' id='word_1_255' title='bbox 1698 1832 1821 1881; x_wconf 89' lang='lat' dir='ltr'><strong><em>sub-</em></strong></span> <span class='ocrx_word' id='word_1_256' title='bbox 1853 1832 1898 1892; x_wconf 83' lang='grc' dir='ltr'>Β</span> <span class='ocrx_word' id='word_1_257' title='bbox 1927 1840 2035 1881; x_wconf 91' lang='lat' dir='ltr'><strong><em>non</em></strong></span> <span class='ocrx_word' id='word_1_258' title='bbox 2065 1826 2226 1891; x_wconf 88' lang='lat' dir='ltr'><strong><em>mole,</em></strong></span> <span class='ocrx_word' id='word_1_259' title='bbox 2256 1826 2351 1880; x_wconf 88' lang='lat' dir='ltr'><strong><em>sed</em></strong></span> <span class='ocrx_word' id='word_1_260' title='bbox 2385 1826 2645 1895; x_wconf 86' lang='lat' dir='ltr'><strong><em>dignitate</em></strong></span> <span class='ocrx_word' id='word_1_261' title='bbox 2679 1834 2926 1878; x_wconf 88' lang='lat' dir='ltr'><strong><em>naturae.</em></strong></span> <span class='ocrx_word' id='word_1_262' title='bbox 2961 1822 3125 1890; x_wconf 86' lang='lat' dir='ltr'><strong><em>Cujus</em></strong></span> <span class='ocrx_word' id='word_1_263' title='bbox 3157 1834 3301 1877; x_wconf 87' lang='lat' dir='ltr'><strong><em>terra</em></strong></span> <span class='ocrx_word' id='word_1_264' title='bbox 3334 1822 3524 1878; x_wconf 89' lang='lat' dir='ltr'><strong><em>fertilis</em></strong></span> 
     </span>
    </p>
   </div>
   <div class='ocr_carea' id='block_1_34' title="bbox 224 1918 1818 1993">
    <p class='ocr_par' dir='ltr' id='par_1_34' title="bbox 224 1918 1818 1993">
     <span class='ocr_line' id='line_1_34' title="bbox 224 1918 1818 1993; baseline 0.001 -20"><span class='ocrx_word' id='word_1_265' title='bbox 224 1918 538 1973; x_wconf 82' lang='lat' dir='ltr'><strong><em>occultatur</em></strong></span> <span class='ocrx_word' id='word_1_266' title='bbox 560 1918 755 1972; x_wconf 88' lang='lat' dir='ltr'><strong><em>malum</em></strong></span> <span class='ocrx_word' id='word_1_267' title='bbox 781 1932 799 1970; x_wconf 93' lang='lat'><strong><em>:</em></strong></span> <span class='ocrx_word' id='word_1_268' title='bbox 824 1924 915 1972; x_wconf 88' lang='lat' dir='ltr'><strong><em>sed</em></strong></span> <span class='ocrx_word' id='word_1_269' title='bbox 941 1923 1275 1975; x_wconf 72' lang='lat' dir='ltr'><strong><em>commixtum</em></strong></span> <span class='ocrx_word' id='word_1_270' title='bbox 1305 1939 1369 1977; x_wconf 73' lang='lat' dir='ltr'><strong><em>ea:</em></strong></span> <span class='ocrx_word' id='word_1_271' title='bbox 1398 1923 1629 1993; x_wconf 87' lang='lat' dir='ltr'><strong><em>utrisque</em></strong></span> <span class='ocrx_word' id='word_1_272' title='bbox 1654 1924 1818 1976; x_wconf 89' lang='lat' dir='ltr'><strong><em>inter-</em></strong></span> 
     </span>
    </p>
   </div>
   <div class='ocr_carea' id='block_1_35' title="bbox 223 2007 1821 2081">
    <p class='ocr_par' dir='ltr' id='par_1_35' title="bbox 223 2007 1821 2081">
     <span class='ocr_line' id='line_1_35' title="bbox 223 2007 1821 2081; baseline 0.001 -19"><span class='ocrx_word' id='word_1_273' title='bbox 223 2010 362 2062; x_wconf 85' lang='lat' dir='ltr'><strong><em>dicti</em></strong></span> <span class='ocrx_word' id='word_1_274' title='bbox 388 2007 520 2077; x_wconf 88' lang='lat' dir='ltr'><strong><em>ligni</em></strong></span> <span class='ocrx_word' id='word_1_275' title='bbox 533 2008 762 2077; x_wconf 88' lang='lat' dir='ltr'><strong><em>fructum</em></strong></span> <span class='ocrx_word' id='word_1_276' title='bbox 792 2024 901 2061; x_wconf 87' lang='lat' dir='ltr'><strong><em>esse</em></strong></span> <span class='ocrx_word' id='word_1_277' title='bbox 928 2007 1206 2078; x_wconf 82' lang='lat' dir='ltr'><strong><em>Scriptura</em></strong></span> <span class='ocrx_word' id='word_1_278' title='bbox 1228 2012 1413 2080; x_wconf 82' lang='lat' dir='ltr'><strong><em>inquit.</em></strong></span> <span class='ocrx_word' id='word_1_279' title='bbox 1437 2010 1588 2081; x_wconf 74' lang='lat' dir='ltr'><strong><em>cujus</em></strong></span> <span class='ocrx_word' id='word_1_280' title='bbox 1614 2020 1821 2081; x_wconf 88' lang='lat' dir='ltr'><strong><em>gustum</em></strong></span> 
     </span>
    </p>
   </div>
   <div class='ocr_carea' id='block_1_36' title="bbox 224 2101 1824 2169">
    <p class='ocr_par' dir='ltr' id='par_1_36' title="bbox 224 2101 1824 2169">
     <span class='ocr_line' id='line_1_36' title="bbox 224 2101 1824 2169; baseline -0.001 -14"><span class='ocrx_word' id='word_1_281' title='bbox 224 2103 373 2155; x_wconf 74' lang='lat' dir='ltr'><strong><em>dixit</em></strong></span> <span class='ocrx_word' id='word_1_282' title='bbox 413 2102 471 2153; x_wconf 86' lang='lat' dir='ltr'><strong><em>in</em></strong></span> <span class='ocrx_word' id='word_1_283' title='bbox 512 2110 728 2153; x_wconf 88' lang='lat' dir='ltr'><strong><em>mortem</em></strong></span> <span class='ocrx_word' id='word_1_284' title='bbox 776 2110 1043 2169; x_wconf 85' lang='lat' dir='ltr'><strong><em>tangentes</em></strong></span> <span class='ocrx_word' id='word_1_285' title='bbox 1080 2101 1269 2155; x_wconf 88' lang='lat' dir='ltr'><strong><em>ducere</em></strong></span> <span class='ocrx_word' id='word_1_286' title='bbox 1293 2142 1308 2166; x_wconf 96' lang='lat'><strong><em>,</em></strong></span> <span class='ocrx_word' id='word_1_287' title='bbox 1352 2102 1679 2155; x_wconf 87' lang='lat' dir='ltr'><strong><em>solummodo</em></strong></span> <span class='ocrx_word' id='word_1_288' title='bbox 1720 2117 1824 2154; x_wconf 86' lang='lat' dir='ltr'><strong><em>non</em></strong></span> 
     </span>
    </p>
   </div>
   <div class='ocr_carea' id='block_1_37' title="bbox 224 2189 1826 2262">
    <p class='ocr_par' dir='ltr' id='par_1_37' title="bbox 224 2189 1826 2262">
     <span class='ocr_line' id='line_1_37' title="bbox 224 2189 1826 2262; baseline -0.001 -16"><span class='ocrx_word' id='word_1_289' title='bbox 224 2200 416 2261; x_wconf 84' lang='lat' dir='ltr'><strong><em>aperte</em></strong></span> <span class='ocrx_word' id='word_1_290' title='bbox 445 2190 738 2242; x_wconf 85' lang='lat' dir='ltr'><strong><em>doctrinam</em></strong></span> <span class='ocrx_word' id='word_1_291' title='bbox 781 2189 1049 2255; x_wconf 87' lang='lat' dir='ltr'><strong><em>clamans,</em></strong></span> <span class='ocrx_word' id='word_1_292' title='bbox 1098 2194 1222 2261; x_wconf 88' lang='lat' dir='ltr'><strong><em>quia</em></strong></span> <span class='ocrx_word' id='word_1_293' title='bbox 1261 2193 1484 2254; x_wconf 88' lang='lat' dir='ltr'><strong><em>bonunt,</em></strong></span> <span class='ocrx_word' id='word_1_294' title='bbox 1534 2193 1673 2262; x_wconf 86' lang='lat' dir='ltr'><strong><em>quod</em></strong></span> <span class='ocrx_word' id='word_1_295' title='bbox 1712 2208 1826 2246; x_wconf 80' lang='lat' dir='ltr'><strong><em>vere</em></strong></span> 
     </span>
    </p>
   </div>
   <div class='ocr_carea' id='block_1_38' title="bbox 223 2278 1828 2354">
    <p class='ocr_par' dir='ltr' id='par_1_38' title="bbox 223 2278 1828 2354">
     <span class='ocr_line' id='line_1_38' title="bbox 223 2278 1828 2354; baseline 0.001 -20"><span class='ocrx_word' id='word_1_296' title='bbox 223 2290 274 2334; x_wconf 85' lang='lat' dir='ltr'><strong><em>et</em></strong></span> <span class='ocrx_word' id='word_1_297' title='bbox 326 2278 585 2348; x_wconf 83' lang='lat' dir='ltr'><strong><em>simplum</em></strong></span> <span class='ocrx_word' id='word_1_298' title='bbox 659 2287 707 2332; x_wconf 87' lang='lat' dir='ltr'><strong><em>et</em></strong></span> <span class='ocrx_word' id='word_1_299' title='bbox 782 2279 1045 2349; x_wconf 78' lang='lat' dir='ltr'><strong><em>uniforme</em></strong></span> <span class='ocrx_word' id='word_1_300' title='bbox 1111 2291 1300 2336; x_wconf 80' lang='lat' dir='ltr'><strong><em>natura</em></strong></span> <span class='ocrx_word' id='word_1_301' title='bbox 1366 2294 1439 2337; x_wconf 86' lang='lat' dir='ltr'><strong><em>est</em></strong></span> <span class='ocrx_word' id='word_1_302' title='bbox 1467 2287 1535 2348; x_wconf 69' lang='grc' dir='ltr'><strong><em>ιι,</em></strong></span> <span class='ocrx_word' id='word_1_303' title='bbox 1588 2284 1828 2354; x_wconf 84' lang='lat' dir='ltr'><strong><em>omnique</em></strong></span> 
     </span>
    </p>
   </div>
   <div class='ocr_carea' id='block_1_39' title="bbox 224 2371 1830 2443">
    <p class='ocr_par' dir='ltr' id='par_1_39' title="bbox 224 2371 1830 2443">
     <span class='ocr_line' id='line_1_39' title="bbox 224 2371 1830 2443; baseline 0.002 -19"><span class='ocrx_word' id='word_1_304' title='bbox 224 2371 549 2441; x_wconf 77' lang='lat' dir='ltr'><strong><em>duplicitate</em></strong></span> <span class='ocrx_word' id='word_1_305' title='bbox 576 2379 623 2423; x_wconf 90' lang='lat' dir='ltr'><strong><em>et</em></strong></span> <span class='ocrx_word' id='word_1_306' title='bbox 652 2371 721 2423; x_wconf 89' lang='lat' dir='ltr'><strong><em>ad</em></strong></span> <span class='ocrx_word' id='word_1_307' title='bbox 741 2373 1063 2425; x_wconf 90' lang='lat' dir='ltr'><strong><em>contrarium</em></strong></span> <span class='ocrx_word' id='word_1_308' title='bbox 1090 2374 1418 2443; x_wconf 87' lang='lat' dir='ltr'><strong><em>copulatione</em></strong></span> <span class='ocrx_word' id='word_1_309' title='bbox 1441 2374 1689 2427; x_wconf 88' lang='lat' dir='ltr'><strong><em>alienum.</em></strong></span> <span class='ocrx_word' id='word_1_310' title='bbox 1716 2374 1830 2427; x_wconf 76' lang='lat' dir='ltr'><strong><em>Ma-</em></strong></span> 
     </span>
    </p>
   </div>
   <div class='ocr_carea' id='block_1_40' title="bbox 224 2460 1829 2532">
    <p class='ocr_par' dir='ltr' id='par_1_40' title="bbox 224 2460 1829 2532">
     <span class='ocr_line' id='line_1_40' title="bbox 224 2460 1829 2532; baseline 0.003 -20"><span class='ocrx_word' id='word_1_311' title='bbox 224 2462 341 2513; x_wconf 81' lang='lat' dir='ltr'><strong><em>lum</em></strong></span> <span class='ocrx_word' id='word_1_312' title='bbox 397 2476 517 2513; x_wconf 77' lang='lat' dir='ltr'><strong><em>vero</em></strong></span> <span class='ocrx_word' id='word_1_313' title='bbox 559 2460 762 2513; x_wconf 75' lang='lat' dir='ltr'><strong><em>varium</em></strong></span> <span class='ocrx_word' id='word_1_314' title='bbox 804 2471 853 2514; x_wconf 92' lang='lat' dir='ltr'><strong><em>et</em></strong></span> <span class='ocrx_word' id='word_1_315' title='bbox 910 2463 1295 2532; x_wconf 83' lang='lat' dir='ltr'><strong><em>conﬁguratum</em></strong></span> <span class='ocrx_word' id='word_1_316' title='bbox 1341 2474 1436 2529; x_wconf 91' lang='lat' dir='ltr'><strong><em>est,</em></strong></span> <span class='ocrx_word' id='word_1_317' title='bbox 1486 2463 1646 2517; x_wconf 83' lang='lat' dir='ltr'><strong><em>alicui</em></strong></span> <span class='ocrx_word' id='word_1_318' title='bbox 1698 2464 1829 2517; x_wconf 87' lang='lat' dir='ltr'><strong><em>bono</em></strong></span> 
     </span>
    </p>
   </div>
   <div class='ocr_carea' id='block_1_41' title="bbox 223 2548 1831 2621">
    <p class='ocr_par' dir='ltr' id='par_1_41' title="bbox 223 2548 1831 2621">
     <span class='ocr_line' id='line_1_41' title="bbox 223 2548 1831 2621; baseline 0.001 -17"><span class='ocrx_word' id='word_1_319' title='bbox 223 2566 346 2604; x_wconf 80' lang='lat' dir='ltr'><strong><em>com</em></strong></span> <span class='ocrx_word' id='word_1_320' title='bbox 356 2550 602 2613; x_wconf 75' lang='lat' dir='ltr'><strong><em>mixtum,</em></strong></span> <span class='ocrx_word' id='word_1_321' title='bbox 622 2559 668 2602; x_wconf 82' lang='lat' dir='ltr'><strong><em>et</em></strong></span> <span class='ocrx_word' id='word_1_322' title='bbox 690 2548 931 2616; x_wconf 86' lang='lat' dir='ltr'><strong><em>alterum,</em></strong></span> <span class='ocrx_word' id='word_1_323' title='bbox 948 2568 1036 2615; x_wconf 82' lang='lat' dir='ltr'><strong><em>;:er</em></strong></span> <span class='ocrx_word' id='word_1_324' title='bbox 1053 2554 1473 2621; x_wconf 72' lang='lat' dir='ltr'><strong><em>experimentum.</em></strong></span> <span class='ocrx_word' id='word_1_325' title='bbox 1491 2555 1533 2586; x_wconf 74' lang='grc' dir='ltr'>η</span> <span class='ocrx_word' id='word_1_326' title='bbox 1552 2553 1670 2607; x_wconf 83' lang='lat' dir='ltr'><strong><em>Non</em></strong></span> <span class='ocrx_word' id='word_1_327' title='bbox 1694 2554 1831 2607; x_wconf 88' lang='lat' dir='ltr'><strong><em>eniut</em></strong></span> 
     </span>
    </p>
   </div>
   <div class='ocr_carea' id='block_1_42' title="bbox 225 2638 1832 2713">
    <p class='ocr_par' dir='ltr' id='par_1_42' title="bbox 225 2638 1832 2713">
     <span class='ocr_line' id='line_1_42' title="bbox 225 2638 1832 2713; baseline 0.002 -20"><span class='ocrx_word' id='word_1_328' title='bbox 225 2642 303 2694; x_wconf 87' lang='lat' dir='ltr'><strong><em>ita</em></strong></span> <span class='ocrx_word' id='word_1_329' title='bbox 331 2638 624 2703; x_wconf 79' lang='lat' dir='ltr'><strong><em>invenitur,</em></strong></span> <span class='ocrx_word' id='word_1_330' title='bbox 662 2639 794 2692; x_wconf 86' lang='lat' dir='ltr'><strong><em>sicut</em></strong></span> <span class='ocrx_word' id='word_1_331' title='bbox 834 2642 1175 2707; x_wconf 86' lang='lat' dir='ltr'><strong><em>aestimatur;</em></strong></span> <span class='ocrx_word' id='word_1_332' title='bbox 1205 2659 1314 2696; x_wconf 81' lang='lat' dir='ltr'><strong><em>esse</em></strong></span> <span class='ocrx_word' id='word_1_333' title='bbox 1342 2645 1832 2713; x_wconf 51' lang='lat' dir='ltr'><strong><em>assumptio‘mortis</em></strong></span> 
     </span>
    </p>
   </div>
   <div class='ocr_carea' id='block_1_43' title="bbox 224 2731 1832 2804">
    <p class='ocr_par' dir='ltr' id='par_1_43' title="bbox 224 2731 1832 2804">
     <span class='ocr_line' id='line_1_43' title="bbox 224 2731 1832 2804; baseline 0.002 -19"><span class='ocrx_word' id='word_1_334' title='bbox 224 2742 275 2785; x_wconf 85' lang='lat' dir='ltr'><strong><em>et</em></strong></span> <span class='ocrx_word' id='word_1_335' title='bbox 320 2731 685 2799; x_wconf 84' lang='lat' dir='ltr'><strong><em>corruptionis</em></strong></span> <span class='ocrx_word' id='word_1_336' title='bbox 727 2733 1040 2801; x_wconf 89' lang='lat' dir='ltr'><strong><em>principium</em></strong></span> <span class='ocrx_word' id='word_1_337' title='bbox 1093 2749 1354 2803; x_wconf 89' lang='lat' dir='ltr'><strong><em>causaque</em></strong></span> <span class='ocrx_word' id='word_1_338' title='bbox 1402 2735 1638 2804; x_wconf 70' lang='lat' dir='ltr'><strong><em>eﬂicitur.</em></strong></span> <span class='ocrx_word' id='word_1_339' title='bbox 1694 2732 1832 2788; x_wconf 79' lang='lat' dir='ltr'><strong><em>Pro-</em></strong></span> 
     </span>
    </p>
   </div>
   <div class='ocr_carea' id='block_1_44' title="bbox 224 2824 1838 2895">
    <p class='ocr_par' dir='ltr' id='par_1_44' title="bbox 224 2824 1838 2895">
     <span class='ocr_line' id='line_1_44' title="bbox 224 2824 1838 2895; baseline 0.002 -20"><span class='ocrx_word' id='word_1_340' title='bbox 224 2832 421 2892; x_wconf 86' lang='lat' dir='ltr'><strong><em>pterea</em></strong></span> <span class='ocrx_word' id='word_1_341' title='bbox 451 2838 659 2891; x_wconf 88' lang='lat' dir='ltr'><strong><em>serpens</em></strong></span> <span class='ocrx_word' id='word_1_342' title='bbox 703 2832 1086 2892; x_wconf 86' lang='lat' dir='ltr'><strong><em>praemonstrat</em></strong></span> <span class='ocrx_word' id='word_1_343' title='bbox 1132 2824 1417 2895; x_wconf 87' lang='lat' dir='ltr'><strong><em>malignum</em></strong></span> <span class='ocrx_word' id='word_1_344' title='bbox 1462 2828 1696 2895; x_wconf 89' lang='lat' dir='ltr'><strong><em>peccanti</em></strong></span> <span class='ocrx_word' id='word_1_345' title='bbox 1720 2825 1838 2894; x_wconf 88' lang='lat' dir='ltr'><strong><em>fru-</em></strong></span> 
     </span>
    </p>
   </div>
   <div class='ocr_carea' id='block_1_45' title="bbox 225 2913 1834 2982">
    <p class='ocr_par' dir='ltr' id='par_1_45' title="bbox 225 2913 1834 2982">
     <span class='ocr_line' id='line_1_45' title="bbox 225 2913 1834 2982; baseline 0.001 -13"><span class='ocrx_word' id='word_1_346' title='bbox 225 2925 411 2976; x_wconf 85' lang='lat' dir='ltr'><strong><em>ctum,</em></strong></span> <span class='ocrx_word' id='word_1_347' title='bbox 440 2913 518 2967; x_wconf 88' lang='lat' dir='ltr'><strong><em>sic</em></strong></span> <span class='ocrx_word' id='word_1_348' title='bbox 538 2929 601 2965; x_wconf 77' lang='lat' dir='ltr'><strong><em>ex</em></strong></span> <span class='ocrx_word' id='word_1_349' title='bbox 623 2914 897 2982; x_wconf 87' lang='lat' dir='ltr'><strong><em>propatulo</em></strong></span> <span class='ocrx_word' id='word_1_350' title='bbox 923 2914 1119 2967; x_wconf 89' lang='lat' dir='ltr'><strong><em>malum</em></strong></span> <span class='ocrx_word' id='word_1_351' title='bbox 1142 2932 1241 2969; x_wconf 88' lang='lat' dir='ltr'><strong><em>non</em></strong></span> <span class='ocrx_word' id='word_1_352' title='bbox 1260 2916 1448 2969; x_wconf 83' lang='lat' dir='ltr'><strong><em>habere</em></strong></span> <span class='ocrx_word' id='word_1_353' title='bbox 1474 2917 1746 2970; x_wconf 85' lang='lat' dir='ltr'><strong><em>ostendens</em></strong></span> <span class='ocrx_word' id='word_1_354' title='bbox 1768 2917 1834 2971; x_wconf 83' lang='grc'><strong><em>¹³.</em></strong></span> 
     </span>
    </p>
   </div>
   <div class='ocr_carea' id='block_1_46' title="bbox 229 3004 1834 3078">
    <p class='ocr_par' dir='ltr' id='par_1_46' title="bbox 229 3004 1834 3078">
     <span class='ocr_line' id='line_1_46' title="bbox 229 3004 1834 3078; baseline 0.003 -20"><span class='ocrx_word' id='word_1_355' title='bbox 229 3005 371 3058; x_wconf 80' lang='lat' dir='ltr'><strong><em>Non</em></strong></span> <span class='ocrx_word' id='word_1_356' title='bbox 424 3004 564 3057; x_wconf 90' lang='lat' dir='ltr'><strong><em>enim</em></strong></span> <span class='ocrx_word' id='word_1_357' title='bbox 604 3004 828 3073; x_wconf 88' lang='lat' dir='ltr'><strong><em>forsitan</em></strong></span> <span class='ocrx_word' id='word_1_358' title='bbox 873 3005 1206 3059; x_wconf 83' lang='lat' dir='ltr'><strong><em>seduceretur</em></strong></span> <span class='ocrx_word' id='word_1_359' title='bbox 1250 3008 1404 3061; x_wconf 86' lang='lat' dir='ltr'><strong><em>homo</em></strong></span> <span class='ocrx_word' id='word_1_360' title='bbox 1451 3019 1625 3078; x_wconf 91' lang='lat' dir='ltr'><strong><em>aperto</em></strong></span> <span class='ocrx_word' id='word_1_361' title='bbox 1672 3007 1834 3072; x_wconf 89' lang='lat' dir='ltr'><strong><em>mulo,</em></strong></span> 
     </span>
    </p>
   </div>
   <div class='ocr_carea' id='block_1_47' title="bbox 227 3094 1840 3167">
    <p class='ocr_par' dir='ltr' id='par_1_47' title="bbox 227 3094 1840 3167">
     <span class='ocr_line' id='line_1_47' title="bbox 227 3094 1840 3167; baseline 0.002 -19"><span class='ocrx_word' id='word_1_362' title='bbox 227 3096 324 3149; x_wconf 87' lang='lat' dir='ltr'><strong><em>sed</em></strong></span> <span class='ocrx_word' id='word_1_363' title='bbox 356 3109 459 3163; x_wconf 84' lang='lat' dir='ltr'><strong><em>per</em></strong></span> <span class='ocrx_word' id='word_1_364' title='bbox 503 3094 763 3163; x_wconf 85' lang='lat' dir='ltr'><strong><em>quandam</em></strong></span> <span class='ocrx_word' id='word_1_365' title='bbox 794 3094 1172 3163; x_wconf 76' lang='lat' dir='ltr'><strong><em>speciositatem</em></strong></span> <span class='ocrx_word' id='word_1_366' title='bbox 1215 3109 1449 3167; x_wconf 83' lang='lat' dir='ltr'><strong><em>apertum</em></strong></span> <span class='ocrx_word' id='word_1_367' title='bbox 1487 3098 1767 3152; x_wconf 79' lang='lat' dir='ltr'><strong><em>declaravit</em></strong></span> <span class='ocrx_word' id='word_1_368' title='bbox 1795 3097 1840 3129; x_wconf 72' lang='lat'><strong><em>”’</em></strong></span> 
     </span>
    </p>
   </div>
   <div class='ocr_carea' id='block_1_48' title="bbox 1924 1914 3519 1987">
    <p class='ocr_par' dir='ltr' id='par_1_48' title="bbox 1924 1914 3519 1987">
     <span class='ocr_line' id='line_1_48' title="bbox 1924 1914 3519 1987; baseline -0.003 -16"><span class='ocrx_word' id='word_1_369' title='bbox 1924 1926 2038 1971; x_wconf 86' lang='lat' dir='ltr'><strong><em>erat</em></strong></span> <span class='ocrx_word' id='word_1_370' title='bbox 2060 1932 2255 1987; x_wconf 88' lang='lat' dir='ltr'><strong><em>corpus</em></strong></span> <span class='ocrx_word' id='word_1_371' title='bbox 2274 1917 2560 1971; x_wconf 85' lang='lat' dir='ltr'><strong><em>essentiale</em></strong></span> <span class='ocrx_word' id='word_1_372' title='bbox 2576 1916 2645 1980; x_wconf 77' lang='lat'><strong><em>“,</em></strong></span> <span class='ocrx_word' id='word_1_373' title='bbox 2662 1914 2963 1969; x_wconf 85' lang='lat' dir='ltr'><strong><em>immortale</em></strong></span> <span class='ocrx_word' id='word_1_374' title='bbox 2984 1931 3080 1985; x_wconf 89' lang='lat' dir='ltr'><strong><em>per</em></strong></span> <span class='ocrx_word' id='word_1_375' title='bbox 3092 1915 3519 1985; x_wconf 88' lang='lat' dir='ltr'><strong><em>possibilitatem.</em></strong></span> 
     </span>
    </p>
   </div>
   <div class='ocr_carea' id='block_1_49' title="bbox 1926 2004 3521 2075">
    <p class='ocr_par' dir='ltr' id='par_1_49' title="bbox 1926 2004 3521 2075">
     <span class='ocr_line' id='line_1_49' title="bbox 1926 2004 3521 2075; baseline -0.003 -15"><span class='ocrx_word' id='word_1_376' title='bbox 1926 2005 2181 2063; x_wconf 81' lang='lat' dir='ltr'><strong><em>Naturale</em></strong></span> <span class='ocrx_word' id='word_1_377' title='bbox 2205 2008 2402 2075; x_wconf 86' lang='lat' dir='ltr'><strong><em>quippe</em></strong></span> <span class='ocrx_word' id='word_1_378' title='bbox 2430 2020 2626 2075; x_wconf 87' lang='lat' dir='ltr'><strong><em>corpus</em></strong></span> <span class='ocrx_word' id='word_1_379' title='bbox 2672 2006 2807 2059; x_wconf 88' lang='lat' dir='ltr'><strong><em>mori</em></strong></span> <span class='ocrx_word' id='word_1_380' title='bbox 2832 2005 3051 2067; x_wconf 87' lang='lat' dir='ltr'><strong><em>dicitur,</em></strong></span> <span class='ocrx_word' id='word_1_381' title='bbox 3099 2006 3222 2075; x_wconf 84' lang='lat' dir='ltr'><strong><em>quia</em></strong></span> <span class='ocrx_word' id='word_1_382' title='bbox 3260 2004 3521 2073; x_wconf 80' lang='lat' dir='ltr'><strong><em>superad-</em></strong></span> 
     </span>
    </p>
   </div>
   <div class='ocr_carea' id='block_1_50' title="bbox 1928 2093 3522 2164">
    <p class='ocr_par' dir='ltr' id='par_1_50' title="bbox 1928 2093 3522 2164">
     <span class='ocr_line' id='line_1_50' title="bbox 1928 2093 3522 2164; baseline -0.003 -13"><span class='ocrx_word' id='word_1_383' title='bbox 1928 2096 2042 2151; x_wconf 91' lang='lat' dir='ltr'><strong><em>dito</em></strong></span> <span class='ocrx_word' id='word_1_384' title='bbox 2064 2097 2327 2151; x_wconf 87' lang='lat' dir='ltr'><strong><em>commori</em></strong></span> <span class='ocrx_word' id='word_1_385' title='bbox 2368 2095 2600 2159; x_wconf 82' lang='lat' dir='ltr'><strong><em>videtur,</em></strong></span> <span class='ocrx_word' id='word_1_386' title='bbox 2627 2096 2753 2147; x_wconf 85' lang='lat' dir='ltr'><strong><em>dum</em></strong></span> <span class='ocrx_word' id='word_1_387' title='bbox 2796 2095 2865 2148; x_wconf 87' lang='lat' dir='ltr'><strong><em>sit</em></strong></span> <span class='ocrx_word' id='word_1_388' title='bbox 2897 2109 3112 2164; x_wconf 82' lang='lat' dir='ltr'><strong><em>semper</em></strong></span> <span class='ocrx_word' id='word_1_389' title='bbox 3136 2093 3437 2147; x_wconf 85' lang='lat' dir='ltr'><strong><em>immortale</em></strong></span> <span class='ocrx_word' id='word_1_390' title='bbox 3468 2094 3522 2147; x_wconf 91' lang='lat' dir='ltr'><strong><em>iu</em></strong></span> 
     </span>
    </p>
   </div>
   <div class='ocr_carea' id='block_1_51' title="bbox 1929 2182 3523 2255">
    <p class='ocr_par' dir='ltr' id='par_1_51' title="bbox 1929 2182 3523 2255">
     <span class='ocr_line' id='line_1_51' title="bbox 1929 2182 3523 2255; baseline -0.003 -14"><span class='ocrx_word' id='word_1_391' title='bbox 1929 2202 2021 2252; x_wconf 88' lang='lat' dir='ltr'><strong><em>se;</em></strong></span> <span class='ocrx_word' id='word_1_392' title='bbox 2063 2186 2261 2255; x_wconf 87' lang='lat' dir='ltr'><strong><em>quippe</em></strong></span> <span class='ocrx_word' id='word_1_393' title='bbox 2302 2185 2552 2249; x_wconf 81' lang='lat' dir='ltr'><strong><em>refertur,</em></strong></span> <span class='ocrx_word' id='word_1_394' title='bbox 2587 2184 2730 2254; x_wconf 90' lang='lat' dir='ltr'><strong><em>quod</em></strong></span> <span class='ocrx_word' id='word_1_395' title='bbox 2770 2182 2869 2237; x_wconf 87' lang='lat' dir='ltr'><strong><em>sibi</em></strong></span> <span class='ocrx_word' id='word_1_396' title='bbox 2902 2184 3330 2253; x_wconf 84' lang='lat' dir='ltr'><strong><em>superadjectnm</em></strong></span> <span class='ocrx_word' id='word_1_397' title='bbox 3384 2184 3523 2254; x_wconf 89' lang='lat' dir='ltr'><strong><em>pati-</em></strong></span> 
     </span>
    </p>
   </div>
   <div class='ocr_carea' id='block_1_52' title="bbox 1930 2275 3524 2344">
    <p class='ocr_par' dir='ltr' id='par_1_52' title="bbox 1930 2275 3524 2344">
     <span class='ocr_line' id='line_1_52' title="bbox 1930 2275 3524 2344; baseline -0.001 -15"><span class='ocrx_word' id='word_1_398' title='bbox 1930 2288 2035 2342; x_wconf 86' lang='lat' dir='ltr'><strong><em>tur,</em></strong></span> <span class='ocrx_word' id='word_1_399' title='bbox 2064 2279 2163 2331; x_wconf 91' lang='lat' dir='ltr'><strong><em>boc</em></strong></span> <span class='ocrx_word' id='word_1_400' title='bbox 2208 2284 2310 2340; x_wconf 89' lang='lat' dir='ltr'><strong><em>est,</em></strong></span> <span class='ocrx_word' id='word_1_401' title='bbox 2342 2290 2500 2344; x_wconf 86' lang='lat' dir='ltr'><strong><em>posse</em></strong></span> <span class='ocrx_word' id='word_1_402' title='bbox 2547 2275 2705 2339; x_wconf 90' lang='lat' dir='ltr'><strong><em>tnori,</em></strong></span> <span class='ocrx_word' id='word_1_403' title='bbox 2735 2289 2893 2343; x_wconf 86' lang='lat' dir='ltr'><strong><em>posse</em></strong></span> <span class='ocrx_word' id='word_1_404' title='bbox 2917 2290 3022 2328; x_wconf 93' lang='lat' dir='ltr'><strong><em>non</em></strong></span> <span class='ocrx_word' id='word_1_405' title='bbox 3056 2275 3191 2328; x_wconf 89' lang='lat' dir='ltr'><strong><em>mori</em></strong></span> <span class='ocrx_word' id='word_1_406' title='bbox 3222 2275 3289 2328; x_wconf 80' lang='lat'><strong><em>&quot;.</em></strong></span> <span class='ocrx_word' id='word_1_407' title='bbox 3315 2276 3524 2344; x_wconf 79' lang='lat' dir='ltr'><strong><em>Corpus</em></strong></span> 
     </span>
    </p>
   </div>
   <div class='ocr_carea' id='block_1_53' title="bbox 1932 2365 3528 2437">
    <p class='ocr_par' dir='ltr' id='par_1_53' title="bbox 1932 2365 3528 2437">
     <span class='ocr_line' id='line_1_53' title="bbox 1932 2365 3528 2437; baseline -0.003 -15"><span class='ocrx_word' id='word_1_408' title='bbox 1932 2383 2165 2437; x_wconf 88' lang='lat' dir='ltr'><strong><em>namque</em></strong></span> <span class='ocrx_word' id='word_1_409' title='bbox 2193 2367 2351 2436; x_wconf 87' lang='lat' dir='ltr'><strong><em>primi</em></strong></span> <span class='ocrx_word' id='word_1_410' title='bbox 2385 2366 2635 2430; x_wconf 83' lang='lat' dir='ltr'><strong><em>hominis,</em></strong></span> <span class='ocrx_word' id='word_1_411' title='bbox 2681 2375 2742 2419; x_wconf 91' lang='lat' dir='ltr'><strong><em>ut</em></strong></span> <span class='ocrx_word' id='word_1_412' title='bbox 2786 2366 2861 2419; x_wconf 89' lang='lat' dir='ltr'><strong><em>ait</em></strong></span> <span class='ocrx_word' id='word_1_413' title='bbox 2896 2365 3228 2437; x_wconf 76' lang='lat' dir='ltr'><strong><em>Augustinus</em></strong></span> <span class='ocrx_word' id='word_1_414' title='bbox 3251 2366 3320 2430; x_wconf 79' lang='grc'><strong><em>³⁸,</em></strong></span> <span class='ocrx_word' id='word_1_415' title='bbox 3352 2366 3528 2436; x_wconf 83' lang='lat' dir='ltr'><strong><em>potuit</em></strong></span> 
     </span>
    </p>
   </div>
   <div class='ocr_carea' id='block_1_54' title="bbox 1934 2457 3526 2526">
    <p class='ocr_par' dir='ltr' id='par_1_54' title="bbox 1934 2457 3526 2526">
     <span class='ocr_line' id='line_1_54' title="bbox 1934 2457 3526 2526; baseline -0.001 -13"><span class='ocrx_word' id='word_1_416' title='bbox 1934 2474 2040 2513; x_wconf 91' lang='lat' dir='ltr'><strong><em>non</em></strong></span> <span class='ocrx_word' id='word_1_417' title='bbox 2069 2459 2241 2523; x_wconf 90' lang='lat' dir='ltr'><strong><em>mori,</em></strong></span> <span class='ocrx_word' id='word_1_418' title='bbox 2267 2474 2366 2512; x_wconf 87' lang='lat' dir='ltr'><strong><em>nec</em></strong></span> <span class='ocrx_word' id='word_1_419' title='bbox 2388 2468 2713 2521; x_wconf 78' lang='lat' dir='ltr'><strong><em>moreretur,</em></strong></span> <span class='ocrx_word' id='word_1_420' title='bbox 2744 2457 2789 2511; x_wconf 88' lang='lat' dir='ltr'><strong><em>si</em></strong></span> <span class='ocrx_word' id='word_1_421' title='bbox 2817 2472 3022 2511; x_wconf 87' lang='lat' dir='ltr'><strong><em>veneno</em></strong></span> <span class='ocrx_word' id='word_1_422' title='bbox 3050 2458 3526 2526; x_wconf 75' lang='lat' dir='ltr'><strong><em>praevaricationis</em></strong></span> 
     </span>
    </p>
   </div>
   <div class='ocr_carea' id='block_1_55' title="bbox 1936 2546 3524 2618">
    <p class='ocr_par' dir='ltr' id='par_1_55' title="bbox 1936 2546 3524 2618">
     <span class='ocr_line' id='line_1_55' title="bbox 1936 2546 3524 2618; baseline -0.002 -15"><span class='ocrx_word' id='word_1_423' title='bbox 1936 2563 2041 2603; x_wconf 89' lang='lat' dir='ltr'><strong><em>non</em></strong></span> <span class='ocrx_word' id='word_1_424' title='bbox 2059 2557 2515 2618; x_wconf 89' lang='lat' dir='ltr'><strong><em>corrumperetur,</em></strong></span> <span class='ocrx_word' id='word_1_425' title='bbox 2541 2547 2633 2601; x_wconf 89' lang='lat' dir='ltr'><strong><em>sed</em></strong></span> <span class='ocrx_word' id='word_1_426' title='bbox 2665 2546 2884 2601; x_wconf 86' lang='lat' dir='ltr'><strong><em>ﬂoribus</em></strong></span> <span class='ocrx_word' id='word_1_427' title='bbox 2905 2547 3197 2617; x_wconf 87' lang='lat' dir='ltr'><strong><em>spiritualis</em></strong></span> <span class='ocrx_word' id='word_1_428' title='bbox 3225 2546 3524 2616; x_wconf 81' lang='lat' dir='ltr'><strong><em>pulchritu-</em></strong></span> 
     </span>
    </p>
   </div>
   <div class='ocr_carea' id='block_1_56' title="bbox 1936 2637 3523 2707">
    <p class='ocr_par' dir='ltr' id='par_1_56' title="bbox 1936 2637 3523 2707">
     <span class='ocr_line' id='line_1_56' title="bbox 1936 2637 3523 2707; baseline -0.001 -14"><span class='ocrx_word' id='word_1_429' title='bbox 1936 2639 2079 2694; x_wconf 87' lang='lat' dir='ltr'><strong><em>dinis</em></strong></span> <span class='ocrx_word' id='word_1_430' title='bbox 2104 2638 2420 2701; x_wconf 87' lang='lat' dir='ltr'><strong><em>viresceret,</em></strong></span> <span class='ocrx_word' id='word_1_431' title='bbox 2454 2652 2629 2707; x_wconf 89' lang='lat' dir='ltr'><strong><em>neque</em></strong></span> <span class='ocrx_word' id='word_1_432' title='bbox 2657 2651 2893 2706; x_wconf 88' lang='lat' dir='ltr'><strong><em>unquam</em></strong></span> <span class='ocrx_word' id='word_1_433' title='bbox 2928 2637 3313 2707; x_wconf 86' lang='lat' dir='ltr'><strong><em>temporalibus</em></strong></span> <span class='ocrx_word' id='word_1_434' title='bbox 3343 2639 3523 2691; x_wconf 86' lang='lat' dir='ltr'><strong><em>inere-</em></strong></span> 
     </span>
    </p>
   </div>
   <div class='ocr_carea' id='block_1_57' title="bbox 1940 2728 3525 2799">
    <p class='ocr_par' dir='ltr' id='par_1_57' title="bbox 1940 2728 3525 2799">
     <span class='ocr_line' id='line_1_57' title="bbox 1940 2728 3525 2799; baseline -0.003 -12"><span class='ocrx_word' id='word_1_435' title='bbox 1940 2734 2139 2788; x_wconf 89' lang='lat' dir='ltr'><strong><em>mentis</em></strong></span> <span class='ocrx_word' id='word_1_436' title='bbox 2190 2740 2517 2787; x_wconf 88' lang='lat' dir='ltr'><strong><em>senesceret.</em></strong></span> <span class='ocrx_word' id='word_1_437' title='bbox 2574 2729 2739 2798; x_wconf 87' lang='lat' dir='ltr'><strong><em>Cujus</em></strong></span> <span class='ocrx_word' id='word_1_438' title='bbox 2811 2744 2949 2799; x_wconf 91' lang='lat' dir='ltr'><strong><em>aqua</em></strong></span> <span class='ocrx_word' id='word_1_439' title='bbox 3005 2728 3525 2799; x_wconf 70' lang='lat' dir='ltr'><strong><em>formarum&#39;capax</em></strong></span> 
     </span>
    </p>
   </div>
   <div class='ocr_carea' id='block_1_58' title="bbox 1939 2821 3526 2891">
    <p class='ocr_par' dir='ltr' id='par_1_58' title="bbox 1939 2821 3526 2891">
     <span class='ocr_line' id='line_1_58' title="bbox 1939 2821 3526 2891; baseline -0.004 -12"><span class='ocrx_word' id='word_1_440' title='bbox 1939 2838 2130 2880; x_wconf 87' lang='lat' dir='ltr'><strong><em>sensus</em></strong></span> <span class='ocrx_word' id='word_1_441' title='bbox 2176 2822 2600 2891; x_wconf 83' lang='lat' dir='ltr'><strong><em>incurruptibilis</em></strong></span> <span class='ocrx_word' id='word_1_442' title='bbox 2638 2821 2900 2889; x_wconf 87' lang='lat' dir='ltr'><strong><em>corporis,</em></strong></span> <span class='ocrx_word' id='word_1_443' title='bbox 2955 2821 3291 2875; x_wconf 85' lang='lat' dir='ltr'><strong><em>sensibilium</em></strong></span> <span class='ocrx_word' id='word_1_444' title='bbox 3343 2836 3526 2874; x_wconf 87' lang='lat' dir='ltr'><strong><em>rerum</em></strong></span> 
     </span>
    </p>
   </div>
   <div class='ocr_carea' id='block_1_59' title="bbox 1940 2909 3523 2981">
    <p class='ocr_par' dir='ltr' id='par_1_59' title="bbox 1940 2909 3523 2981">
     <span class='ocr_line' id='line_1_59' title="bbox 1940 2909 3523 2981; baseline -0.006 -10"><span class='ocrx_word' id='word_1_445' title='bbox 1940 2916 2058 2971; x_wconf 88' lang='lat' dir='ltr'><strong><em>sine</em></strong></span> <span class='ocrx_word' id='word_1_446' title='bbox 2105 2915 2208 2968; x_wconf 90' lang='lat' dir='ltr'><strong><em>ulla</em></strong></span> <span class='ocrx_word' id='word_1_447' title='bbox 2253 2914 2523 2968; x_wconf 75' lang='lat' dir='ltr'><strong><em>falsitatis</em></strong></span> <span class='ocrx_word' id='word_1_448' title='bbox 2548 2913 2861 2981; x_wconf 82' lang='lat' dir='ltr'><strong><em>deceptione</em></strong></span> <span class='ocrx_word' id='word_1_449' title='bbox 2888 2911 3185 2979; x_wconf 86' lang='lat' dir='ltr'><strong><em>phantasiis</em></strong></span> <span class='ocrx_word' id='word_1_450' title='bbox 3221 2909 3523 2964; x_wconf 87' lang='lat' dir='ltr'><strong><em>formatus:</em></strong></span> 
     </span>
    </p>
   </div>
   <div class='ocr_carea' id='block_1_60' title="bbox 1942 3004 3530 3077">
    <p class='ocr_par' dir='ltr' id='par_1_60' title="bbox 1942 3004 3530 3077">
     <span class='ocr_line' id='line_1_60' title="bbox 1942 3004 3530 3077; baseline -0.005 -14"><span class='ocrx_word' id='word_1_451' title='bbox 1942 3009 2096 3077; x_wconf 77' lang='lat' dir='ltr'><strong><em>cujus</em></strong></span> <span class='ocrx_word' id='word_1_452' title='bbox 2122 3010 2218 3064; x_wconf 75' lang='lat' dir='ltr'><strong><em>aer</em></strong></span> <span class='ocrx_word' id='word_1_453' title='bbox 2248 3008 2460 3061; x_wconf 82' lang='lat' dir='ltr'><strong><em>divinae</em></strong></span> <span class='ocrx_word' id='word_1_454' title='bbox 2496 3006 2797 3076; x_wconf 83' lang='lat' dir='ltr'><strong><em>sapientiae</em></strong></span> <span class='ocrx_word' id='word_1_455' title='bbox 2840 3005 3006 3059; x_wconf 86' lang='lat' dir='ltr'><strong><em>radiis</em></strong></span> <span class='ocrx_word' id='word_1_456' title='bbox 3037 3004 3369 3058; x_wconf 88' lang='lat' dir='ltr'><strong><em>illuminatus</em></strong></span> <span class='ocrx_word' id='word_1_457' title='bbox 3395 3004 3530 3056; x_wconf 84' lang='lat' dir='ltr'><strong><em>ratio</em></strong></span> 
     </span>
    </p>
   </div>
   <div class='ocr_carea' id='block_1_61' title="bbox 1943 3095 3532 3170">
    <p class='ocr_par' dir='ltr' id='par_1_61' title="bbox 1943 3095 3532 3170">
     <span class='ocr_line' id='line_1_61' title="bbox 1943 3095 3532 3170; baseline -0.005 -14"><span class='ocrx_word' id='word_1_458' title='bbox 1943 3111 2081 3165; x_wconf 86' lang='lat' dir='ltr'><strong><em>erat,</em></strong></span> <span class='ocrx_word' id='word_1_459' title='bbox 2104 3116 2207 3170; x_wconf 82' lang='lat' dir='ltr'><strong><em>qua</em></strong></span> <span class='ocrx_word' id='word_1_460' title='bbox 2243 3114 2421 3154; x_wconf 88' lang='lat' dir='ltr'><strong><em>rerum</em></strong></span> <span class='ocrx_word' id='word_1_461' title='bbox 2444 3100 2682 3153; x_wconf 90' lang='lat' dir='ltr'><strong><em>omnium</em></strong></span> <span class='ocrx_word' id='word_1_462' title='bbox 2717 3109 2941 3152; x_wconf 87' lang='lat' dir='ltr'><strong><em>naturas</em></strong></span> <span class='ocrx_word' id='word_1_463' title='bbox 2964 3103 3347 3167; x_wconf 79' lang='lat' dir='ltr'><strong><em>cognosceret:</em></strong></span> <span class='ocrx_word' id='word_1_464' title='bbox 3377 3095 3532 3163; x_wconf 82' lang='lat' dir='ltr'><strong><em>cujus</em></strong></span> 
     </span>
    </p>
   </div>
   <div class='ocr_carea' id='block_1_62' title="bbox 228 3183 3532 3255">
    <p class='ocr_par' dir='ltr' id='par_1_62' title="bbox 228 3183 3532 3255">
     <span class='ocr_line' id='line_1_62' title="bbox 228 3183 3532 3255; baseline 0 -16"><span class='ocrx_word' id='word_1_465' title='bbox 228 3185 470 3248; x_wconf 81' lang='lat' dir='ltr'><strong><em>malum,</em></strong></span> <span class='ocrx_word' id='word_1_466' title='bbox 498 3183 863 3254; x_wconf 79' lang='lat' dir='ltr'><strong><em>quandamun</em></strong></span> <span class='ocrx_word' id='word_1_467' title='bbox 888 3184 1282 3239; x_wconf 89' lang='lat' dir='ltr'><strong><em>delectationem</em></strong></span> <span class='ocrx_word' id='word_1_468' title='bbox 1305 3187 1587 3240; x_wconf 89' lang='lat' dir='ltr'><strong><em>secundum</em></strong></span> <span class='ocrx_word' id='word_1_469' title='bbox 1627 3204 1835 3241; x_wconf 86' lang='lat' dir='ltr'><strong><em>sensum</em></strong></span> <span class='ocrx_word' id='word_1_470' title='bbox 1866 3184 1908 3244; x_wconf 88' lang='lat' dir='ltr'><strong>C</strong></span> <span class='ocrx_word' id='word_1_471' title='bbox 1940 3194 2147 3255; x_wconf 86' lang='lat' dir='ltr'><strong><em>aether,</em></strong></span> <span class='ocrx_word' id='word_1_472' title='bbox 2196 3191 2428 3255; x_wconf 89' lang='lat' dir='ltr'><strong><em>animus,</em></strong></span> <span class='ocrx_word' id='word_1_473' title='bbox 2475 3193 2617 3245; x_wconf 89' lang='lat' dir='ltr'><strong><em>circa</em></strong></span> <span class='ocrx_word' id='word_1_474' title='bbox 2648 3189 2881 3243; x_wconf 81' lang='lat' dir='ltr'><strong><em>divinam</em></strong></span> <span class='ocrx_word' id='word_1_475' title='bbox 2936 3198 3181 3240; x_wconf 87' lang='lat' dir='ltr'><strong><em>naturam</em></strong></span> <span class='ocrx_word' id='word_1_476' title='bbox 3226 3196 3449 3240; x_wconf 86' lang='lat' dir='ltr'><strong><em>aeterno</em></strong></span> <span class='ocrx_word' id='word_1_477' title='bbox 3477 3195 3532 3240; x_wconf 87' lang='lat' dir='ltr'><strong><em>et</em></strong></span> 
     </span>
    </p>
   </div>
   <div class='ocr_carea' id='block_1_63' title="bbox 230 3274 1838 3345">
    <p class='ocr_par' dir='ltr' id='par_1_63' title="bbox 230 3274 1838 3345">
     <span class='ocr_line' id='line_1_63' title="bbox 230 3274 1838 3345; baseline 0.001 -15"><span class='ocrx_word' id='word_1_478' title='bbox 230 3276 524 3338; x_wconf 82' lang='lat' dir='ltr'><strong><em>sedncens,</em></strong></span> <span class='ocrx_word' id='word_1_479' title='bbox 544 3274 716 3344; x_wconf 86' lang='lat' dir='ltr'><strong><em>gustui</em></strong></span> <span class='ocrx_word' id='word_1_480' title='bbox 745 3274 971 3328; x_wconf 89' lang='lat' dir='ltr'><strong><em>suadens</em></strong></span> <span class='ocrx_word' id='word_1_481' title='bbox 992 3274 1199 3328; x_wconf 89' lang='lat' dir='ltr'><strong><em>mulieri</em></strong></span> <span class='ocrx_word' id='word_1_482' title='bbox 1222 3276 1568 3345; x_wconf 86' lang='lat' dir='ltr'><strong><em>manifestavit</em></strong></span> <span class='ocrx_word' id='word_1_483' title='bbox 1595 3278 1658 3330; x_wconf 77' lang='grc'><strong><em>⁸⁸.</em></strong></span> <span class='ocrx_word' id='word_1_484' title='bbox 1689 3276 1838 3331; x_wconf 88' lang='lat' dir='ltr'><strong><em>Sicut</em></strong></span> 
     </span>
    </p>
   </div>
   <div class='ocr_carea' id='block_1_64' title="bbox 231 3361 1837 3437">
    <p class='ocr_par' dir='ltr' id='par_1_64' title="bbox 231 3361 1837 3437">
     <span class='ocr_line' id='line_1_64' title="bbox 231 3361 1837 3437; baseline 0.001 -16"><span class='ocrx_word' id='word_1_485' title='bbox 231 3367 311 3421; x_wconf 84' lang='lat' dir='ltr'><strong><em>ait</em></strong></span> <span class='ocrx_word' id='word_1_486' title='bbox 346 3363 674 3434; x_wconf 86' lang='lat' dir='ltr'><strong><em>Scriptura:</em></strong></span> <span class='ocrx_word' id='word_1_487' title='bbox 704 3361 771 3416; x_wconf 83' lang='lat' dir='ltr'><strong><em>Et</em></strong></span> <span class='ocrx_word' id='word_1_488' title='bbox 798 3364 928 3418; x_wconf 81' lang='lat' dir='ltr'><strong><em>vidit</em></strong></span> <span class='ocrx_word' id='word_1_489' title='bbox 957 3365 1175 3435; x_wconf 71' lang='lat' dir='ltr'><strong><em>femina,</em></strong></span> <span class='ocrx_word' id='word_1_490' title='bbox 1206 3366 1328 3435; x_wconf 87' lang='lat' dir='ltr'><strong><em>quia</em></strong></span> <span class='ocrx_word' id='word_1_491' title='bbox 1355 3367 1397 3397; x_wconf 80' lang='lat'>“</span> <span class='ocrx_word' id='word_1_492' title='bbox 1420 3367 1609 3421; x_wconf 89' lang='lat' dir='ltr'><strong><em>bonum</em></strong></span> <span class='ocrx_word' id='word_1_493' title='bbox 1637 3368 1837 3437; x_wconf 85' lang='lat' dir='ltr'><strong><em>lignum</em></strong></span> 
     </span>
    </p>
   </div>
   <div class='ocr_carea' id='block_1_65' title="bbox 231 3454 1842 3527">
    <p class='ocr_par' dir='ltr' id='par_1_65' title="bbox 231 3454 1842 3527">
     <span class='ocr_line' id='line_1_65' title="bbox 231 3454 1842 3527; baseline 0 -15"><span class='ocrx_word' id='word_1_494' title='bbox 231 3460 291 3511; x_wconf 85' lang='lat' dir='ltr'><strong><em>in</em></strong></span> <span class='ocrx_word' id='word_1_495' title='bbox 313 3471 521 3520; x_wconf 85' lang='lat' dir='ltr'><strong><em>escam,</em></strong></span> <span class='ocrx_word' id='word_1_496' title='bbox 548 3464 596 3508; x_wconf 90' lang='lat' dir='ltr'><strong><em>et</em></strong></span> <span class='ocrx_word' id='word_1_497' title='bbox 622 3457 743 3525; x_wconf 88' lang='lat' dir='ltr'><strong><em>quia</em></strong></span> <span class='ocrx_word' id='word_1_498' title='bbox 772 3454 1027 3525; x_wconf 80' lang='lat' dir='ltr'><strong><em>placabile</em></strong></span> <span class='ocrx_word' id='word_1_499' title='bbox 1049 3457 1089 3487; x_wconf 81' lang='lat'>&quot;</span> <span class='ocrx_word' id='word_1_500' title='bbox 1137 3458 1325 3520; x_wconf 77' lang='lat' dir='ltr'><strong><em>videre,</em></strong></span> <span class='ocrx_word' id='word_1_501' title='bbox 1350 3467 1397 3511; x_wconf 91' lang='lat' dir='ltr'><strong><em>et</em></strong></span> <span class='ocrx_word' id='word_1_502' title='bbox 1427 3460 1715 3527; x_wconf 88' lang='lat' dir='ltr'><strong><em>speciosum</em></strong></span> <span class='ocrx_word' id='word_1_503' title='bbox 1753 3476 1842 3512; x_wconf 87' lang='lat' dir='ltr'><strong><em>co-</em></strong></span> 
     </span>
    </p>
   </div>
   <div class='ocr_carea' id='block_1_66' title="bbox 232 3546 1841 3619">
    <p class='ocr_par' dir='ltr' id='par_1_66' title="bbox 232 3546 1841 3619">
     <span class='ocr_line' id='line_1_66' title="bbox 232 3546 1841 3619; baseline 0.001 -18"><span class='ocrx_word' id='word_1_504' title='bbox 232 3562 518 3619; x_wconf 81' lang='lat' dir='ltr'><strong><em>gnoscere,</em></strong></span> <span class='ocrx_word' id='word_1_505' title='bbox 561 3555 609 3599; x_wconf 91' lang='lat' dir='ltr'><strong><em>et</em></strong></span> <span class='ocrx_word' id='word_1_506' title='bbox 656 3546 912 3614; x_wconf 89' lang='lat' dir='ltr'><strong><em>accipiens</em></strong></span> <span class='ocrx_word' id='word_1_507' title='bbox 963 3546 1193 3614; x_wconf 89' lang='lat' dir='ltr'><strong><em>fructum</em></strong></span> <span class='ocrx_word' id='word_1_508' title='bbox 1243 3547 1355 3615; x_wconf 87' lang='lat' dir='ltr'><strong><em>ejus</em></strong></span> <span class='ocrx_word' id='word_1_509' title='bbox 1406 3549 1647 3601; x_wconf 85' lang='lat' dir='ltr'><strong><em>comedit.</em></strong></span> <span class='ocrx_word' id='word_1_510' title='bbox 1704 3547 1841 3602; x_wconf 81' lang='lat' dir='ltr'><strong><em>Esca</em></strong></span> 
     </span>
    </p>
   </div>
   <div class='ocr_carea' id='block_1_67' title="bbox 233 3638 1845 3709">
    <p class='ocr_par' dir='ltr' id='par_1_67' title="bbox 233 3638 1845 3709">
     <span class='ocr_line' id='line_1_67' title="bbox 233 3638 1845 3709; baseline -0.002 -13"><span class='ocrx_word' id='word_1_511' title='bbox 233 3641 339 3696; x_wconf 76' lang='lat' dir='ltr'><strong><em>illa</em></strong></span> <span class='ocrx_word' id='word_1_512' title='bbox 368 3640 417 3673; x_wconf 81' lang='grc'><strong><em>⁸³</em></strong></span> <span class='ocrx_word' id='word_1_513' title='bbox 463 3648 633 3691; x_wconf 87' lang='lat' dir='ltr'><strong><em>mater</em></strong></span> <span class='ocrx_word' id='word_1_514' title='bbox 671 3639 852 3692; x_wconf 89' lang='lat' dir='ltr'><strong><em>mortis</em></strong></span> <span class='ocrx_word' id='word_1_515' title='bbox 888 3638 1180 3693; x_wconf 80' lang='lat' dir='ltr'><strong><em>hominibus</em></strong></span> <span class='ocrx_word' id='word_1_516' title='bbox 1214 3640 1356 3707; x_wconf 88' lang='lat' dir='ltr'><strong><em>facta</em></strong></span> <span class='ocrx_word' id='word_1_517' title='bbox 1396 3649 1490 3693; x_wconf 90' lang='lat' dir='ltr'><strong><em>est.</em></strong></span> <span class='ocrx_word' id='word_1_518' title='bbox 1533 3639 1660 3709; x_wconf 87' lang='lat' dir='ltr'><strong><em>Ipsa</em></strong></span> <span class='ocrx_word' id='word_1_519' title='bbox 1684 3641 1845 3709; x_wconf 89' lang='lat' dir='ltr'><strong><em>igitur</em></strong></span> 
     </span>
    </p>
   </div>
   <div class='ocr_carea' id='block_1_68' title="bbox 235 3726 1845 3796">
    <p class='ocr_par' dir='ltr' id='par_1_68' title="bbox 235 3726 1845 3796">
     <span class='ocr_line' id='line_1_68' title="bbox 235 3726 1845 3796; baseline -0.001 -13"><span class='ocrx_word' id='word_1_520' title='bbox 235 3731 522 3783; x_wconf 69' lang='lat' dir='ltr'><strong><em>mixturae</em></strong></span> <span class='ocrx_word' id='word_1_521' title='bbox 562 3737 636 3780; x_wconf 91' lang='lat' dir='ltr'><strong><em>est</em></strong></span> <span class='ocrx_word' id='word_1_522' title='bbox 680 3726 951 3796; x_wconf 85' lang='lat' dir='ltr'><strong><em>fructifera</em></strong></span> <span class='ocrx_word' id='word_1_523' title='bbox 980 3727 1047 3792; x_wconf 84' lang='grc'><strong><em>¹⁹,</em></strong></span> <span class='ocrx_word' id='word_1_524' title='bbox 1068 3739 1242 3795; x_wconf 91' lang='lat' dir='ltr'><strong><em>aperte</em></strong></span> <span class='ocrx_word' id='word_1_525' title='bbox 1280 3727 1591 3781; x_wconf 86' lang='lat' dir='ltr'><strong><em>intellectum</em></strong></span> <span class='ocrx_word' id='word_1_526' title='bbox 1644 3730 1845 3782; x_wconf 86' lang='lat' dir='ltr'><strong><em>ratione</em></strong></span> 
     </span>
    </p>
   </div>
   <div class='ocr_carea' id='block_1_69' title="bbox 235 3819 1843 3889">
    <p class='ocr_par' dir='ltr' id='par_1_69' title="bbox 235 3819 1843 3889">
     <span class='ocr_line' id='line_1_69' title="bbox 235 3819 1843 3889; baseline 0 -16"><span class='ocrx_word' id='word_1_527' title='bbox 235 3823 651 3887; x_wconf 86' lang='lat' dir='ltr'><strong><em>interpretante,</em></strong></span> <span class='ocrx_word' id='word_1_528' title='bbox 689 3834 780 3887; x_wconf 88' lang='lat' dir='ltr'><strong><em>per</em></strong></span> <span class='ocrx_word' id='word_1_529' title='bbox 819 3834 971 3887; x_wconf 85' lang='lat' dir='ltr'><strong><em>quem</em></strong></span> <span class='ocrx_word' id='word_1_530' title='bbox 1003 3819 1122 3871; x_wconf 89' lang='lat' dir='ltr'><strong><em>boni</em></strong></span> <span class='ocrx_word' id='word_1_531' title='bbox 1157 3829 1205 3873; x_wconf 87' lang='lat' dir='ltr'><strong><em>et</em></strong></span> <span class='ocrx_word' id='word_1_532' title='bbox 1228 3820 1354 3873; x_wconf 86' lang='lat' dir='ltr'><strong><em>mali</em></strong></span> <span class='ocrx_word' id='word_1_533' title='bbox 1382 3820 1606 3889; x_wconf 78' lang='lat' dir='ltr'><strong><em>cognitio</em></strong></span> <span class='ocrx_word' id='word_1_534' title='bbox 1645 3819 1843 3889; x_wconf 87' lang='lat' dir='ltr'><strong><em>lignum</em></strong></span> 
     </span>
    </p>
   </div>
   <div class='ocr_carea' id='block_1_70' title="bbox 233 3909 1848 3988">
    <p class='ocr_par' dir='ltr' id='par_1_70' title="bbox 233 3909 1848 3988">
     <span class='ocr_line' id='line_1_70' title="bbox 233 3909 1848 3988; baseline -0.001 -24"><span class='ocrx_word' id='word_1_535' title='bbox 233 3910 387 3965; x_wconf 76' lang='lat' dir='ltr'><strong><em>illud</em></strong></span> <span class='ocrx_word' id='word_1_536' title='bbox 420 3909 764 3988; x_wconf 75' lang='lat' dir='ltr'><strong><em>nominatum</em></strong></span> <span class='ocrx_word' id='word_1_537' title='bbox 812 3918 908 3972; x_wconf 91' lang='lat' dir='ltr'><strong><em>est,</em></strong></span> <span class='ocrx_word' id='word_1_538' title='bbox 930 3909 1053 3978; x_wconf 87' lang='lat' dir='ltr'><strong><em>quia</em></strong></span> <span class='ocrx_word' id='word_1_539' title='bbox 1068 3909 1228 3975; x_wconf 75' lang='lat' dir='ltr'><strong><em>juxta</em></strong></span> <span class='ocrx_word' id='word_1_540' title='bbox 1267 3911 1652 3979; x_wconf 82' lang='lat' dir='ltr'><strong><em>mortiferorum</em></strong></span> <span class='ocrx_word' id='word_1_541' title='bbox 1696 3910 1848 3964; x_wconf 82' lang='lat' dir='ltr'><strong><em>mali-</em></strong></span> 
     </span>
    </p>
   </div>
   <div class='ocr_carea' id='block_1_71' title="bbox 237 3997 1845 4071">
    <p class='ocr_par' dir='ltr' id='par_1_71' title="bbox 237 3997 1845 4071">
     <span class='ocr_line' id='line_1_71' title="bbox 237 3997 1845 4071; baseline 0 -17"><span class='ocrx_word' id='word_1_542' title='bbox 237 4000 409 4060; x_wconf 83' lang='lat' dir='ltr'><strong><em>tiam,</em></strong></span> <span class='ocrx_word' id='word_1_543' title='bbox 431 4013 570 4067; x_wconf 87' lang='lat' dir='ltr'><strong><em>quae</em></strong></span> <span class='ocrx_word' id='word_1_544' title='bbox 590 3997 642 4050; x_wconf 90' lang='lat' dir='ltr'><strong><em>in</em></strong></span> <span class='ocrx_word' id='word_1_545' title='bbox 674 3997 822 4051; x_wconf 88' lang='lat' dir='ltr'><strong><em>ntelle</em></strong></span> <span class='ocrx_word' id='word_1_546' title='bbox 848 3998 1006 4066; x_wconf 86' lang='lat' dir='ltr'><strong><em>fiunt,</em></strong></span> <span class='ocrx_word' id='word_1_547' title='bbox 1057 3999 1111 4051; x_wconf 87' lang='lat' dir='ltr'><strong><em>in</em></strong></span> <span class='ocrx_word' id='word_1_548' title='bbox 1138 4009 1389 4069; x_wconf 86' lang='lat' dir='ltr'><strong><em>quantum</em></strong></span> <span class='ocrx_word' id='word_1_549' title='bbox 1411 4001 1618 4071; x_wconf 89' lang='lat' dir='ltr'><strong><em>quidem</em></strong></span> <span class='ocrx_word' id='word_1_550' title='bbox 1661 4000 1845 4055; x_wconf 88' lang='lat' dir='ltr'><strong><em>dulco-</em></strong></span> 
     </span>
    </p>
   </div>
   <div class='ocr_carea' id='block_1_72' title="bbox 238 4086 1849 4160">
    <p class='ocr_par' dir='ltr' id='par_1_72' title="bbox 238 4086 1849 4160">
     <span class='ocr_line' id='line_1_72' title="bbox 238 4086 1849 4160; baseline 0.001 -18"><span class='ocrx_word' id='word_1_551' title='bbox 238 4098 331 4142; x_wconf 84' lang='lat' dir='ltr'><strong><em>rat</em></strong></span> <span class='ocrx_word' id='word_1_552' title='bbox 356 4086 419 4141; x_wconf 88' lang='lat' dir='ltr'><strong><em>in</em></strong></span> <span class='ocrx_word' id='word_1_553' title='bbox 451 4101 662 4139; x_wconf 76' lang='lat' dir='ltr'><strong><em>sensum</em></strong></span> <span class='ocrx_word' id='word_1_554' title='bbox 689 4086 761 4152; x_wconf 78' lang='grc' dir='ltr'><strong><em>ὀ,</em></strong></span> <span class='ocrx_word' id='word_1_555' title='bbox 789 4087 976 4140; x_wconf 88' lang='lat' dir='ltr'><strong><em>bonunt</em></strong></span> <span class='ocrx_word' id='word_1_556' title='bbox 998 4103 1108 4141; x_wconf 83' lang='lat' dir='ltr'><strong><em>esse</em></strong></span> <span class='ocrx_word' id='word_1_557' title='bbox 1135 4088 1353 4153; x_wconf 83' lang='lat' dir='ltr'><strong><em>videtur,</em></strong></span> <span class='ocrx_word' id='word_1_558' title='bbox 1387 4091 1441 4141; x_wconf 90' lang='lat' dir='ltr'><strong><em>in</em></strong></span> <span class='ocrx_word' id='word_1_559' title='bbox 1461 4100 1710 4160; x_wconf 89' lang='lat' dir='ltr'><strong><em>quantum</em></strong></span> <span class='ocrx_word' id='word_1_560' title='bbox 1732 4105 1849 4145; x_wconf 76' lang='lat' dir='ltr'><strong><em>vero</em></strong></span> 
     </span>
    </p>
   </div>
   <div class='ocr_carea' id='block_1_73' title="bbox 240 4176 1845 4248">
    <p class='ocr_par' dir='ltr' id='par_1_73' title="bbox 240 4176 1845 4248">
     <span class='ocr_line' id='line_1_73' title="bbox 240 4176 1845 4248; baseline 0.001 -17"><span class='ocrx_word' id='word_1_561' title='bbox 240 4184 555 4246; x_wconf 86' lang='lat' dir='ltr'><strong><em>tangentem</em></strong></span> <span class='ocrx_word' id='word_1_562' title='bbox 578 4176 882 4244; x_wconf 87' lang='lat' dir='ltr'><strong><em>corrumpit,</em></strong></span> <span class='ocrx_word' id='word_1_563' title='bbox 931 4177 1100 4229; x_wconf 87' lang='lat' dir='ltr'><strong><em>omnis</em></strong></span> <span class='ocrx_word' id='word_1_564' title='bbox 1135 4176 1260 4229; x_wconf 87' lang='lat' dir='ltr'><strong><em>mali</em></strong></span> <span class='ocrx_word' id='word_1_565' title='bbox 1298 4179 1577 4246; x_wconf 89' lang='lat' dir='ltr'><strong><em>pessimum</em></strong></span> <span class='ocrx_word' id='word_1_566' title='bbox 1598 4178 1845 4248; x_wconf 80' lang='lat' dir='ltr'><strong><em>efficitur.</em></strong></span> 
     </span>
    </p>
   </div>
   <div class='ocr_carea' id='block_1_74' title="bbox 241 4266 1849 4336">
    <p class='ocr_par' dir='ltr' id='par_1_74' title="bbox 241 4266 1849 4336">
     <span class='ocr_line' id='line_1_74' title="bbox 241 4266 1849 4336; baseline -0.001 -12"><span class='ocrx_word' id='word_1_567' title='bbox 241 4267 392 4324; x_wconf 82' lang='lat' dir='ltr'><strong><em>Cum</em></strong></span> <span class='ocrx_word' id='word_1_568' title='bbox 441 4266 620 4336; x_wconf 86' lang='lat' dir='ltr'><strong><em>itaque</em></strong></span> <span class='ocrx_word' id='word_1_569' title='bbox 661 4278 929 4336; x_wconf 88' lang='lat' dir='ltr'><strong><em>operatunt</em></strong></span> <span class='ocrx_word' id='word_1_570' title='bbox 969 4276 1041 4320; x_wconf 82' lang='lat' dir='ltr'><strong><em>est</em></strong></span> <span class='ocrx_word' id='word_1_571' title='bbox 1073 4268 1128 4320; x_wconf 89' lang='lat' dir='ltr'><strong><em>in</em></strong></span> <span class='ocrx_word' id='word_1_572' title='bbox 1175 4269 1216 4299; x_wconf 82' lang='lat'><strong>&quot;</strong></span> <span class='ocrx_word' id='word_1_573' title='bbox 1244 4268 1471 4323; x_wconf 82' lang='lat' dir='ltr'><strong><em>hominis</em></strong></span> <span class='ocrx_word' id='word_1_574' title='bbox 1505 4270 1611 4322; x_wconf 84' lang='lat' dir='ltr'><strong><em>vita</em></strong></span> <span class='ocrx_word' id='word_1_575' title='bbox 1651 4269 1849 4323; x_wconf 89' lang='lat' dir='ltr'><strong><em>malum</em></strong></span> 
     </span>
    </p>
   </div>
   <div class='ocr_carea' id='block_1_75' title="bbox 241 4357 1852 4427">
    <p class='ocr_par' dir='ltr' id='par_1_75' title="bbox 241 4357 1852 4427">
     <span class='ocr_line' id='line_1_75' title="bbox 241 4357 1852 4427; baseline -0.001 -14"><span class='ocrx_word' id='word_1_576' title='bbox 241 4357 616 4426; x_wconf 73' lang='lat' dir='ltr'><strong><em>mortiferum,</em></strong></span> <span class='ocrx_word' id='word_1_577' title='bbox 647 4366 767 4409; x_wconf 89' lang='lat' dir='ltr'><strong><em>tunc</em></strong></span> <span class='ocrx_word' id='word_1_578' title='bbox 798 4359 971 4422; x_wconf 86' lang='lat' dir='ltr'><strong><em>homo,</em></strong></span> <span class='ocrx_word' id='word_1_579' title='bbox 1001 4373 1192 4427; x_wconf 87' lang='lat' dir='ltr'><strong><em>magna</em></strong></span> <span class='ocrx_word' id='word_1_580' title='bbox 1224 4374 1302 4411; x_wconf 91' lang='lat' dir='ltr'><strong><em>res</em></strong></span> <span class='ocrx_word' id='word_1_581' title='bbox 1336 4370 1382 4412; x_wconf 94' lang='lat' dir='ltr'><strong><em>et</em></strong></span> <span class='ocrx_word' id='word_1_582' title='bbox 1414 4375 1623 4424; x_wconf 88' lang='lat' dir='ltr'><strong><em>nomen,</em></strong></span> <span class='ocrx_word' id='word_1_583' title='bbox 1645 4359 1852 4413; x_wconf 87' lang='lat' dir='ltr'><strong><em>divinae</em></strong></span> 
     </span>
    </p>
   </div>
   <div class='ocr_carea' id='block_1_76' title="bbox 242 4444 1850 4525">
    <p class='ocr_par' dir='ltr' id='par_1_76' title="bbox 242 4444 1850 4525">
     <span class='ocr_line' id='line_1_76' title="bbox 242 4444 1850 4525; baseline -0.001 -24"><span class='ocrx_word' id='word_1_584' title='bbox 242 4456 489 4501; x_wconf 73' lang='lat' dir='ltr'><strong><em>naturae</em></strong></span> <span class='ocrx_word' id='word_1_585' title='bbox 513 4446 703 4514; x_wconf 86' lang='lat' dir='ltr'><strong><em>imago,</em></strong></span> <span class='ocrx_word' id='word_1_586' title='bbox 734 4449 975 4525; x_wconf 71' lang='lat' dir='ltr'><strong><em>vanitati,</em></strong></span> <span class='ocrx_word' id='word_1_587' title='bbox 1004 4446 1137 4499; x_wconf 87' lang='lat' dir='ltr'><strong><em>sicut</em></strong></span> <span class='ocrx_word' id='word_1_588' title='bbox 1161 4448 1234 4500; x_wconf 90' lang='lat' dir='ltr'><strong><em>ait</em></strong></span> <span class='ocrx_word' id='word_1_589' title='bbox 1265 4444 1553 4515; x_wconf 73' lang='lat' dir='ltr'><strong><em>Propheta,</em></strong></span> <span class='ocrx_word' id='word_1_590' title='bbox 1583 4447 1850 4501; x_wconf 87' lang='lat' dir='ltr'><strong><em>assimila-</em></strong></span> 
     </span>
    </p>
   </div>
   <div class='ocr_carea' id='block_1_77' title="bbox 1942 3279 3534 3349">
    <p class='ocr_par' dir='ltr' id='par_1_77' title="bbox 1942 3279 3534 3349">
     <span class='ocr_line' id='line_1_77' title="bbox 1942 3279 3534 3349; baseline -0.006 -10"><span class='ocrx_word' id='word_1_591' title='bbox 1942 3283 2215 3339; x_wconf 84' lang='lat' dir='ltr'><strong><em>inerrabili</em></strong></span> <span class='ocrx_word' id='word_1_592' title='bbox 2247 3292 2394 3349; x_wconf 88' lang='lat' dir='ltr'><strong><em>motu</em></strong></span> <span class='ocrx_word' id='word_1_593' title='bbox 2425 3282 2743 3337; x_wconf 81' lang='lat' dir='ltr'><strong><em>immutabili</em></strong></span> <span class='ocrx_word' id='word_1_594' title='bbox 2773 3290 2828 3335; x_wconf 91' lang='lat' dir='ltr'><strong><em>et</em></strong></span> <span class='ocrx_word' id='word_1_595' title='bbox 2858 3279 3099 3334; x_wconf 90' lang='lat' dir='ltr'><strong><em>mutabili</em></strong></span> <span class='ocrx_word' id='word_1_596' title='bbox 3126 3288 3267 3334; x_wconf 88' lang='lat' dir='ltr'><strong><em>statu</em></strong></span> <span class='ocrx_word' id='word_1_597' title='bbox 3300 3279 3534 3333; x_wconf 84' lang='lat' dir='ltr'><strong><em>circum-</em></strong></span> 
     </span>
    </p>
   </div>
   <div class='ocr_carea' id='block_1_78' title="bbox 1941 3368 3535 3441">
    <p class='ocr_par' dir='ltr' id='par_1_78' title="bbox 1941 3368 3535 3441">
     <span class='ocr_line' id='line_1_78' title="bbox 1941 3368 3535 3441; baseline -0.004 -14"><span class='ocrx_word' id='word_1_598' title='bbox 1941 3375 2279 3439; x_wconf 88' lang='lat' dir='ltr'><strong><em>volveretur,</em></strong></span> <span class='ocrx_word' id='word_1_599' title='bbox 2308 3381 2363 3428; x_wconf 89' lang='lat' dir='ltr'><strong><em>et</em></strong></span> <span class='ocrx_word' id='word_1_600' title='bbox 2406 3381 2607 3436; x_wconf 88' lang='lat' dir='ltr'><strong><em>cetera,</em></strong></span> <span class='ocrx_word' id='word_1_601' title='bbox 2643 3386 2783 3441; x_wconf 89' lang='lat' dir='ltr'><strong><em>quae</em></strong></span> <span class='ocrx_word' id='word_1_602' title='bbox 2811 3371 2877 3425; x_wconf 88' lang='lat' dir='ltr'><strong><em>de</em></strong></span> <span class='ocrx_word' id='word_1_603' title='bbox 2912 3369 3091 3423; x_wconf 85' lang='lat' dir='ltr'><strong><em>divina</em></strong></span> <span class='ocrx_word' id='word_1_604' title='bbox 3137 3368 3369 3436; x_wconf 82' lang='lat' dir='ltr'><strong><em>imagine</em></strong></span> <span class='ocrx_word' id='word_1_605' title='bbox 3405 3374 3535 3421; x_wconf 88' lang='lat' dir='ltr'><strong><em>sunt</em></strong></span> 
     </span>
    </p>
   </div>
   <div class='ocr_carea' id='block_1_79' title="bbox 1942 3458 3538 3534">
    <p class='ocr_par' dir='ltr' id='par_1_79' title="bbox 1942 3458 3538 3534">
     <span class='ocr_line' id='line_1_79' title="bbox 1942 3458 3538 3534; baseline -0.004 -17"><span class='ocrx_word' id='word_1_606' title='bbox 1942 3464 2323 3534; x_wconf 85' lang='lat' dir='ltr'><strong><em>praedicanda,</em></strong></span> <span class='ocrx_word' id='word_1_607' title='bbox 2356 3463 2465 3517; x_wconf 91' lang='lat' dir='ltr'><strong><em>imo</em></strong></span> <span class='ocrx_word' id='word_1_608' title='bbox 2495 3462 2681 3525; x_wconf 88' lang='lat' dir='ltr'><strong><em>etiam,</em></strong></span> <span class='ocrx_word' id='word_1_609' title='bbox 2734 3460 2987 3531; x_wconf 86' lang='lat' dir='ltr'><strong><em>quoniam</em></strong></span> <span class='ocrx_word' id='word_1_610' title='bbox 3020 3458 3245 3525; x_wconf 83' lang='lat' dir='ltr'><strong><em>intelligi</em></strong></span> <span class='ocrx_word' id='word_1_611' title='bbox 3277 3474 3379 3511; x_wconf 87' lang='lat' dir='ltr'><strong><em>nou</em></strong></span> <span class='ocrx_word' id='word_1_612' title='bbox 3410 3473 3538 3527; x_wconf 85' lang='lat' dir='ltr'><strong><em>pos-</em></strong></span> 
     </span>
    </p>
   </div>
   <div class='ocr_carea' id='block_1_80' title="bbox 1942 3548 3537 3617">
    <p class='ocr_par' dir='ltr' id='par_1_80' title="bbox 1942 3548 3537 3617">
     <span class='ocr_line' id='line_1_80' title="bbox 1942 3548 3537 3617; baseline -0.004 -10"><span class='ocrx_word' id='word_1_613' title='bbox 1942 3562 2085 3615; x_wconf 90' lang='lat' dir='ltr'><strong><em>sunt,</em></strong></span> <span class='ocrx_word' id='word_1_614' title='bbox 2115 3553 2329 3607; x_wconf 87' lang='lat' dir='ltr'><strong><em>silentio</em></strong></span> <span class='ocrx_word' id='word_1_615' title='bbox 2382 3561 2509 3607; x_wconf 88' lang='lat' dir='ltr'><strong><em>sunt</em></strong></span> <span class='ocrx_word' id='word_1_616' title='bbox 2538 3550 2964 3605; x_wconf 74' lang='lat' dir='ltr'><strong><em>honoriﬁcanda.</em></strong></span> <span class='ocrx_word' id='word_1_617' title='bbox 3004 3548 3059 3601; x_wconf 92' lang='lat' dir='ltr'><strong><em>lu</em></strong></span> <span class='ocrx_word' id='word_1_618' title='bbox 3091 3548 3190 3603; x_wconf 85' lang='lat' dir='ltr'><strong><em>hoc</em></strong></span> <span class='ocrx_word' id='word_1_619' title='bbox 3222 3549 3401 3617; x_wconf 88' lang='lat' dir='ltr'><strong><em>itaque</em></strong></span> <span class='ocrx_word' id='word_1_620' title='bbox 3441 3563 3537 3617; x_wconf 86' lang='lat' dir='ltr'><strong><em>pa-</em></strong></span> 
     </span>
    </p>
   </div>
   <div class='ocr_carea' id='block_1_81' title="bbox 1944 3639 3535 3711">
    <p class='ocr_par' dir='ltr' id='par_1_81' title="bbox 1944 3639 3535 3711">
     <span class='ocr_line' id='line_1_81' title="bbox 1944 3639 3535 3711; baseline -0.003 -12"><span class='ocrx_word' id='word_1_621' title='bbox 1944 3644 2124 3699; x_wconf 90' lang='lat' dir='ltr'><strong><em>radiso</em></strong></span> <span class='ocrx_word' id='word_1_622' title='bbox 2152 3643 2352 3697; x_wconf 89' lang='lat' dir='ltr'><strong><em>fontem</em></strong></span> <span class='ocrx_word' id='word_1_623' title='bbox 2395 3643 2538 3698; x_wconf 85' lang='lat' dir='ltr'><strong><em>vitae</em></strong></span> <span class='ocrx_word' id='word_1_624' title='bbox 2589 3655 2813 3696; x_wconf 84' lang='lat' dir='ltr'><strong><em>manare</em></strong></span> <span class='ocrx_word' id='word_1_625' title='bbox 2860 3639 3138 3711; x_wconf 81' lang='lat' dir='ltr'><strong><em>Scriptura</em></strong></span> <span class='ocrx_word' id='word_1_626' title='bbox 3187 3648 3437 3703; x_wconf 86' lang='lat' dir='ltr'><strong><em>testatur,</em></strong></span> <span class='ocrx_word' id='word_1_627' title='bbox 3468 3654 3535 3694; x_wconf 76' lang='lat' dir='ltr'><strong><em>ex</em></strong></span> 
     </span>
    </p>
   </div>
   <div class='ocr_carea' id='block_1_82' title="bbox 1946 3728 3543 3804">
    <p class='ocr_par' dir='ltr' id='par_1_82' title="bbox 1946 3728 3543 3804">
     <span class='ocr_line' id='line_1_82' title="bbox 1946 3728 3543 3804; baseline -0.004 -17"><span class='ocrx_word' id='word_1_628' title='bbox 1946 3749 2055 3804; x_wconf 86' lang='lat' dir='ltr'><strong><em>quo</em></strong></span> <span class='ocrx_word' id='word_1_629' title='bbox 2109 3742 2368 3801; x_wconf 83' lang='lat' dir='ltr'><strong><em>quattuor</em></strong></span> <span class='ocrx_word' id='word_1_630' title='bbox 2407 3732 2669 3785; x_wconf 89' lang='lat' dir='ltr'><strong><em>virtutum</em></strong></span> <span class='ocrx_word' id='word_1_631' title='bbox 2712 3728 2935 3785; x_wconf 81' lang='lat' dir='ltr'><strong><em>flumina</em></strong></span> <span class='ocrx_word' id='word_1_632' title='bbox 2973 3730 3025 3783; x_wconf 90' lang='lat' dir='ltr'><strong><em>in</em></strong></span> <span class='ocrx_word' id='word_1_633' title='bbox 3070 3730 3237 3799; x_wconf 82' lang='lat' dir='ltr'><strong><em>figura</em></strong></span> <span class='ocrx_word' id='word_1_634' title='bbox 3282 3738 3543 3799; x_wconf 84' lang='lat' dir='ltr'><strong><em>quattuor</em></strong></span> 
     </span>
    </p>
   </div>
   <div class='ocr_carea' id='block_1_83' title="bbox 1944 3821 3537 3896">
    <p class='ocr_par' dir='ltr' id='par_1_83' title="bbox 1944 3821 3537 3896">
     <span class='ocr_line' id='line_1_83' title="bbox 1944 3821 3537 3896; baseline -0.001 -18"><span class='ocrx_word' id='word_1_635' title='bbox 1944 3824 2320 3896; x_wconf 89' lang='lat' dir='ltr'><strong><em>principalium</em></strong></span> <span class='ocrx_word' id='word_1_636' title='bbox 2373 3824 2558 3877; x_wconf 89' lang='lat' dir='ltr'><strong><em>mundi</em></strong></span> <span class='ocrx_word' id='word_1_637' title='bbox 2629 3822 2903 3878; x_wconf 85' lang='lat' dir='ltr'><strong><em>sensibilis</em></strong></span> <span class='ocrx_word' id='word_1_638' title='bbox 2950 3821 2995 3854; x_wconf 80' lang='lat'>&quot;</span> <span class='ocrx_word' id='word_1_639' title='bbox 3044 3821 3323 3876; x_wconf 84' lang='lat' dir='ltr'><strong><em>fluviorum</em></strong></span> <span class='ocrx_word' id='word_1_640' title='bbox 3372 3822 3537 3876; x_wconf 80' lang='lat' dir='ltr'><strong><em>dividi</em></strong></span> 
     </span>
    </p>
   </div>
   <div class='ocr_carea' id='block_1_84' title="bbox 1946 3912 3542 3983">
    <p class='ocr_par' dir='ltr' id='par_1_84' title="bbox 1946 3912 3542 3983">
     <span class='ocr_line' id='line_1_84' title="bbox 1946 3912 3542 3983; baseline -0.004 -14"><span class='ocrx_word' id='word_1_641' title='bbox 1946 3923 2277 3970; x_wconf 89' lang='lat' dir='ltr'><strong><em>narrantur:</em></strong></span> <span class='ocrx_word' id='word_1_642' title='bbox 2307 3914 2643 3983; x_wconf 86' lang='lat' dir='ltr'><strong><em>prudentiam</em></strong></span> <span class='ocrx_word' id='word_1_643' title='bbox 2674 3913 2816 3975; x_wconf 84' lang='lat' dir='ltr'><strong><em>dico,</em></strong></span> <span class='ocrx_word' id='word_1_644' title='bbox 2862 3912 3293 3980; x_wconf 84' lang='lat' dir='ltr'><strong><em>temperantiam,</em></strong></span> <span class='ocrx_word' id='word_1_645' title='bbox 3324 3912 3542 3964; x_wconf 71' lang='lat' dir='ltr'><strong><em>fortitu-</em></strong></span> 
     </span>
    </p>
   </div>
   <div class='ocr_carea' id='block_1_85' title="bbox 1948 3999 3537 4074">
    <p class='ocr_par' dir='ltr' id='par_1_85' title="bbox 1948 3999 3537 4074">
     <span class='ocr_line' id='line_1_85' title="bbox 1948 3999 3537 4074; baseline -0.004 -14"><span class='ocrx_word' id='word_1_646' title='bbox 1948 4004 2455 4074; x_wconf 88' lang='lat' dir='ltr'><strong><em>dinem,justitiam.</em></strong></span> <span class='ocrx_word' id='word_1_647' title='bbox 2514 4003 2662 4069; x_wconf 87' lang='lat' dir='ltr'><strong><em>Quae</em></strong></span> <span class='ocrx_word' id='word_1_648' title='bbox 2692 4001 2988 4070; x_wconf 78' lang='lat' dir='ltr'><strong><em>spiritantia</em></strong></span> <span class='ocrx_word' id='word_1_649' title='bbox 3021 3999 3217 4054; x_wconf 83' lang='lat' dir='ltr'><strong><em>ﬂuenta</em></strong></span> <span class='ocrx_word' id='word_1_650' title='bbox 3264 4016 3327 4055; x_wconf 80' lang='lat' dir='ltr'><strong><em>ex</em></strong></span> <span class='ocrx_word' id='word_1_651' title='bbox 3359 3999 3537 4054; x_wconf 85' lang='lat' dir='ltr'><strong><em>divina</em></strong></span> 
     </span>
    </p>
   </div>
   <div class='ocr_carea' id='block_1_86' title="bbox 1948 4089 3535 4165">
    <p class='ocr_par' dir='ltr' id='par_1_86' title="bbox 1948 4089 3535 4165">
     <span class='ocr_line' id='line_1_86' title="bbox 1948 4089 3535 4165; baseline -0.004 -15"><span class='ocrx_word' id='word_1_652' title='bbox 1948 4095 2233 4165; x_wconf 87' lang='lat' dir='ltr'><strong><em>sapientia,</em></strong></span> <span class='ocrx_word' id='word_1_653' title='bbox 2261 4109 2400 4162; x_wconf 88' lang='lat' dir='ltr'><strong><em>quae</em></strong></span> <span class='ocrx_word' id='word_1_654' title='bbox 2426 4100 2509 4147; x_wconf 88' lang='lat' dir='ltr'><strong><em>est</em></strong></span> <span class='ocrx_word' id='word_1_655' title='bbox 2549 4092 2713 4145; x_wconf 89' lang='lat' dir='ltr'><strong><em>totius</em></strong></span> <span class='ocrx_word' id='word_1_656' title='bbox 2741 4091 2882 4144; x_wconf 88' lang='lat' dir='ltr'><strong><em>vitae</em></strong></span> <span class='ocrx_word' id='word_1_657' title='bbox 2928 4089 3050 4144; x_wconf 86' lang='lat' dir='ltr'><strong><em>lous</em></strong></span> <span class='ocrx_word' id='word_1_658' title='bbox 3092 4098 3254 4159; x_wconf 87' lang='lat' dir='ltr'><strong><em>atque</em></strong></span> <span class='ocrx_word' id='word_1_659' title='bbox 3300 4090 3535 4155; x_wconf 84' lang='lat' dir='ltr'><strong><em>virtutis,</em></strong></span> 
     </span>
    </p>
   </div>
   <div class='ocr_carea' id='block_1_87' title="bbox 1948 4181 3536 4254">
    <p class='ocr_par' dir='ltr' id='par_1_87' title="bbox 1948 4181 3536 4254">
     <span class='ocr_line' id='line_1_87' title="bbox 1948 4181 3536 4254; baseline -0.004 -15"><span class='ocrx_word' id='word_1_660' title='bbox 1948 4183 2309 4254; x_wconf 84' lang='lat' dir='ltr'><strong><em>erumpentia,</em></strong></span> <span class='ocrx_word' id='word_1_661' title='bbox 2342 4182 2570 4253; x_wconf 85' lang='lat' dir='ltr'><strong><em>irrigant</em></strong></span> <span class='ocrx_word' id='word_1_662' title='bbox 2599 4181 2938 4251; x_wconf 74' lang='lat' dir='ltr'><strong><em>superﬁciem</em></strong></span> <span class='ocrx_word' id='word_1_663' title='bbox 2969 4182 3235 4235; x_wconf 88' lang='lat' dir='ltr'><strong><em>humanae</em></strong></span> <span class='ocrx_word' id='word_1_664' title='bbox 3276 4188 3536 4234; x_wconf 86' lang='lat' dir='ltr'><strong><em>naturae:</em></strong></span> 
     </span>
    </p>
   </div>
   <div class='ocr_carea' id='block_1_88' title="bbox 1949 4271 3541 4347">
    <p class='ocr_par' dir='ltr' id='par_1_88' title="bbox 1949 4271 3541 4347">
     <span class='ocr_line' id='line_1_88' title="bbox 1949 4271 3541 4347; baseline -0.002 -17"><span class='ocrx_word' id='word_1_665' title='bbox 1949 4277 2102 4347; x_wconf 87' lang='lat' dir='ltr'><strong><em>prius</em></strong></span> <span class='ocrx_word' id='word_1_666' title='bbox 2122 4275 2337 4344; x_wconf 86' lang='lat' dir='ltr'><strong><em>quidem</em></strong></span> <span class='ocrx_word' id='word_1_667' title='bbox 2388 4274 2441 4327; x_wconf 90' lang='lat' dir='ltr'><strong><em>in</em></strong></span> <span class='ocrx_word' id='word_1_668' title='bbox 2477 4274 2701 4328; x_wconf 87' lang='lat' dir='ltr'><strong><em>secretis</em></strong></span> <span class='ocrx_word' id='word_1_669' title='bbox 2730 4271 3080 4326; x_wconf 82' lang='lat' dir='ltr'><strong><em>humanitatis</em></strong></span> <span class='ocrx_word' id='word_1_670' title='bbox 3114 4272 3341 4334; x_wconf 90' lang='lat' dir='ltr'><strong><em>sinibus,</em></strong></span> <span class='ocrx_word' id='word_1_671' title='bbox 3374 4271 3541 4327; x_wconf 85' lang='lat' dir='ltr'><strong><em>veluti</em></strong></span> 
     </span>
    </p>
   </div>
   <div class='ocr_carea' id='block_1_89' title="bbox 1952 4363 3547 4434">
    <p class='ocr_par' dir='ltr' id='par_1_89' title="bbox 1952 4363 3547 4434">
     <span class='ocr_line' id='line_1_89' title="bbox 1952 4363 3547 4434; baseline -0.004 -10"><span class='ocrx_word' id='word_1_672' title='bbox 1952 4371 2007 4425; x_wconf 88' lang='lat' dir='ltr'><strong><em>in</em></strong></span> <span class='ocrx_word' id='word_1_673' title='bbox 2056 4366 2434 4423; x_wconf 84' lang='lat' dir='ltr'><strong><em>occultissimis</em></strong></span> <span class='ocrx_word' id='word_1_674' title='bbox 2468 4364 2815 4434; x_wconf 85' lang='lat' dir='ltr'><strong><em>intelligibiiis</em></strong></span> <span class='ocrx_word' id='word_1_675' title='bbox 2861 4373 3037 4418; x_wconf 89' lang='lat' dir='ltr'><strong><em>terrae</em></strong></span> <span class='ocrx_word' id='word_1_676' title='bbox 3070 4363 3235 4433; x_wconf 90' lang='lat' dir='ltr'><strong><em>poris,</em></strong></span> <span class='ocrx_word' id='word_1_677' title='bbox 3272 4364 3324 4417; x_wconf 89' lang='lat' dir='ltr'><strong><em>in</em></strong></span> <span class='ocrx_word' id='word_1_678' title='bbox 3353 4363 3547 4418; x_wconf 81' lang='lat' dir='ltr'><strong><em>invisi-</em></strong></span> 
     </span>
    </p>
   </div>
   <div class='ocr_carea' id='block_1_90' title="bbox 1954 4453 3544 4525">
    <p class='ocr_par' dir='ltr' id='par_1_90' title="bbox 1954 4453 3544 4525">
     <span class='ocr_line' id='line_1_90' title="bbox 1954 4453 3544 4525; baseline -0.003 -12"><span class='ocrx_word' id='word_1_679' title='bbox 1954 4458 2090 4513; x_wconf 85' lang='lat' dir='ltr'><strong><em>biles</em></strong></span> <span class='ocrx_word' id='word_1_680' title='bbox 2123 4458 2351 4511; x_wconf 86' lang='lat' dir='ltr'><strong><em>virtutes</em></strong></span> <span class='ocrx_word' id='word_1_681' title='bbox 2385 4454 2681 4525; x_wconf 88' lang='lat' dir='ltr'><strong><em>surgentia,</em></strong></span> <span class='ocrx_word' id='word_1_682' title='bbox 2708 4453 2902 4508; x_wconf 86' lang='lat' dir='ltr'><strong><em>deinde</em></strong></span> <span class='ocrx_word' id='word_1_683' title='bbox 2951 4453 3003 4506; x_wconf 89' lang='lat' dir='ltr'><strong><em>in</em></strong></span> <span class='ocrx_word' id='word_1_684' title='bbox 3032 4461 3247 4523; x_wconf 89' lang='lat' dir='ltr'><strong><em>apertos</em></strong></span> <span class='ocrx_word' id='word_1_685' title='bbox 3276 4454 3544 4509; x_wconf 89' lang='lat' dir='ltr'><strong><em>bonarum</em></strong></span> 
     </span>
    </p>
   </div>
   <div class='ocr_carea' id='block_1_91' title="bbox 240 4530 3555 4626">
    <p class='ocr_par' dir='ltr' id='par_1_91' title="bbox 240 4530 3555 4626">
     <span class='ocr_line' id='line_1_91' title="bbox 240 4530 3555 4626; baseline 0.002 -30"><span class='ocrx_word' id='word_1_686' title='bbox 240 4547 339 4594; x_wconf 66' lang='lat' dir='ltr'><strong><em>tua</em></strong></span> <span class='ocrx_word' id='word_1_687' title='bbox 365 4547 469 4591; x_wconf 70' lang='lat' dir='ltr'><strong><em>est.</em></strong></span> <span class='ocrx_word' id='word_1_688' title='bbox 510 4533 648 4605; x_wconf 74' lang='lat' dir='ltr'><strong><em>Ergo</em></strong></span> <span class='ocrx_word' id='word_1_689' title='bbox 685 4538 940 4606; x_wconf 68' lang='lat' dir='ltr'><strong><em>siquidem</em></strong></span> <span class='ocrx_word' id='word_1_690' title='bbox 991 4539 1165 4609; x_wconf 67' lang='lat' dir='ltr'><strong><em>imago</em></strong></span> <span class='ocrx_word' id='word_1_691' title='bbox 1208 4540 1276 4592; x_wconf 80' lang='lat' dir='ltr'><strong><em>ad</em></strong></span> <span class='ocrx_word' id='word_1_692' title='bbox 1304 4540 1382 4604; x_wconf 75' lang='lat' dir='ltr'><strong><em>id.</em></strong></span> <span class='ocrx_word' id='word_1_693' title='bbox 1428 4540 1567 4610; x_wconf 67' lang='lat' dir='ltr'><strong><em>quod</em></strong></span> <span class='ocrx_word' id='word_1_694' title='bbox 1594 4539 1850 4593; x_wconf 70' lang='grc' dir='ltr'><strong><em>ηεειὲιηξη</em></strong></span> <span class='ocrx_word' id='word_1_695' title='bbox 1877 4530 1928 4589; x_wconf 82' lang='grc' dir='ltr'>Ῑ)</span> <span class='ocrx_word' id='word_1_696' title='bbox 1955 4548 2228 4603; x_wconf 87' lang='lat' dir='ltr'><strong><em>actionum</em></strong></span> <span class='ocrx_word' id='word_1_697' title='bbox 2266 4545 2490 4601; x_wconf 86' lang='lat' dir='ltr'><strong><em>el&#39;fectus</em></strong></span> <span class='ocrx_word' id='word_1_698' title='bbox 2529 4544 2811 4609; x_wconf 88' lang='lat' dir='ltr'><strong><em>scatentia,</em></strong></span> <span class='ocrx_word' id='word_1_699' title='bbox 2859 4544 3276 4626; x_wconf 80' lang='lat' dir='ltr'><strong><em>innumerabiles</em></strong></span> <span class='ocrx_word' id='word_1_700' title='bbox 3331 4546 3555 4614; x_wconf 71' lang='lat' dir='ltr'><strong><em>species</em></strong></span> 
     </span>
    </p>
   </div>
   <div class='ocr_carea' id='block_1_92' title="bbox 244 4626 1853 4703">
    <p class='ocr_par' dir='ltr' id='par_1_92' title="bbox 244 4626 1853 4703">
     <span class='ocr_line' id='line_1_92' title="bbox 244 4626 1853 4703; baseline 0.002 -20"><span class='ocrx_word' id='word_1_701' title='bbox 244 4629 411 4683; x_wconf 71' lang='lat' dir='ltr'><strong><em>nobis</em></strong></span> <span class='ocrx_word' id='word_1_702' title='bbox 439 4626 769 4697; x_wconf 84' lang='lat' dir='ltr'><strong><em>intelligitur,</em></strong></span> <span class='ocrx_word' id='word_1_703' title='bbox 796 4630 1028 4682; x_wconf 87' lang='lat' dir='ltr'><strong><em>sociatur</em></strong></span> <span class='ocrx_word' id='word_1_704' title='bbox 1062 4648 1080 4684; x_wconf 91' lang='lat'><strong><em>:</em></strong></span> <span class='ocrx_word' id='word_1_705' title='bbox 1126 4646 1461 4703; x_wconf 78' lang='lat' dir='ltr'><strong><em>quaecunque</em></strong></span> <span class='ocrx_word' id='word_1_706' title='bbox 1486 4633 1626 4686; x_wconf 89' lang='lat' dir='ltr'><strong><em>circa</em></strong></span> <span class='ocrx_word' id='word_1_707' title='bbox 1650 4633 1696 4665; x_wconf 79' lang='lat'><strong>&quot;</strong></span> <span class='ocrx_word' id='word_1_708' title='bbox 1718 4635 1853 4687; x_wconf 77' lang='lat' dir='ltr'><strong><em>lianc</em></strong></span> 
     </span>
    </p>
   </div>
   <div class='ocr_carea' id='block_1_93' title="bbox 1954 4633 3553 4704">
    <p class='ocr_par' dir='ltr' id='par_1_93' title="bbox 1954 4633 3553 4704">
     <span class='ocr_line' id='line_1_93' title="bbox 1954 4633 3553 4704; baseline 0.001 -15"><span class='ocrx_word' id='word_1_709' title='bbox 1954 4636 2215 4690; x_wconf 84' lang='lat' dir='ltr'><strong><em>virtutum</em></strong></span> <span class='ocrx_word' id='word_1_710' title='bbox 2240 4644 2295 4689; x_wconf 91' lang='lat' dir='ltr'><strong><em>et</em></strong></span> <span class='ocrx_word' id='word_1_711' title='bbox 2330 4634 2600 4689; x_wconf 90' lang='lat' dir='ltr'><strong><em>actionum</em></strong></span> <span class='ocrx_word' id='word_1_712' title='bbox 2626 4634 2877 4704; x_wconf 88' lang='lat' dir='ltr'><strong><em>produnt.</em></strong></span> <span class='ocrx_word' id='word_1_713' title='bbox 2927 4633 3003 4687; x_wconf 82' lang='lat' dir='ltr'><strong>Ex</strong></span> <span class='ocrx_word' id='word_1_714' title='bbox 3036 4633 3166 4703; x_wconf 87' lang='lat' dir='ltr'><strong><em>ipsis</em></strong></span> <span class='ocrx_word' id='word_1_715' title='bbox 3194 4635 3337 4689; x_wconf 91' lang='lat' dir='ltr'><strong><em>enim</em></strong></span> <span class='ocrx_word' id='word_1_716' title='bbox 3363 4635 3553 4691; x_wconf 73' lang='lat' dir='ltr'><strong><em>omnis</em></strong></span> 
     </span>
    </p>
   </div>
   <div class='ocr_carea' id='block_1_94' title="bbox 244 4717 3547 4795">
    <p class='ocr_par' dir='ltr' id='par_1_94' title="bbox 244 4717 3547 4795">
     <span class='ocr_line' id='line_1_94' title="bbox 244 4717 3547 4795; baseline 0.001 -20"><span class='ocrx_word' id='word_1_717' title='bbox 244 4721 425 4776; x_wconf 68' lang='lat' dir='ltr'><strong><em>vitam</em></strong></span> <span class='ocrx_word' id='word_1_718' title='bbox 464 4717 636 4771; x_wconf 86' lang='lat' dir='ltr'><strong><em>tristia</em></strong></span> <span class='ocrx_word' id='word_1_719' title='bbox 664 4719 954 4789; x_wconf 84' lang='lat' dir='ltr'><strong><em>miseraque</em></strong></span> <span class='ocrx_word' id='word_1_720' title='bbox 975 4729 1118 4785; x_wconf 90' lang='lat' dir='ltr'><strong><em>sunt,</em></strong></span> <span class='ocrx_word' id='word_1_721' title='bbox 1148 4721 1513 4776; x_wconf 69' lang='lat' dir='ltr'><strong><em>similitudini!</em></strong></span> <span class='ocrx_word' id='word_1_722' title='bbox 1535 4724 1602 4790; x_wconf 82' lang='grc'><strong><em>³³,</em></strong></span> <span class='ocrx_word' id='word_1_723' title='bbox 1627 4740 1761 4795; x_wconf 88' lang='lat' dir='ltr'><strong><em>quae</em></strong></span> <span class='ocrx_word' id='word_1_724' title='bbox 1784 4723 1855 4777; x_wconf 82' lang='lat' dir='ltr'><strong><em>ad</em></strong></span> <span class='ocrx_word' id='word_1_725' title='bbox 1876 4772 1879 4775; x_wconf 71' lang='grc'><strong><em>,</em></strong></span> <span class='ocrx_word' id='word_1_726' title='bbox 1955 4727 2128 4781; x_wconf 85' lang='lat' dir='ltr'><strong><em>virtus</em></strong></span> <span class='ocrx_word' id='word_1_727' title='bbox 2152 4733 2208 4781; x_wconf 89' lang='lat' dir='ltr'><strong><em>et</em></strong></span> <span class='ocrx_word' id='word_1_728' title='bbox 2248 4725 2392 4781; x_wconf 83' lang='lat' dir='ltr'><strong><em>actio</em></strong></span> <span class='ocrx_word' id='word_1_729' title='bbox 2432 4724 2797 4795; x_wconf 83' lang='lat' dir='ltr'><strong><em>progreditur,</em></strong></span> <span class='ocrx_word' id='word_1_730' title='bbox 2825 4731 2880 4780; x_wconf 87' lang='lat' dir='ltr'><strong><em>et</em></strong></span> <span class='ocrx_word' id='word_1_731' title='bbox 2926 4724 2981 4778; x_wconf 88' lang='lat' dir='ltr'><strong><em>in</em></strong></span> <span class='ocrx_word' id='word_1_732' title='bbox 3012 4723 3156 4793; x_wconf 83' lang='lat' dir='ltr'><strong><em>ipsas</em></strong></span> <span class='ocrx_word' id='word_1_733' title='bbox 3209 4725 3499 4779; x_wconf 75' lang='lat' dir='ltr'><strong><em>revertitur</em></strong></span> <span class='ocrx_word' id='word_1_734' title='bbox 3523 4743 3547 4779; x_wconf 64' lang='grc' dir='ltr'><strong>ι</strong></span> 
     </span>
    </p>
   </div>
   <div class='ocr_carea' id='block_1_95' title="bbox 247 4809 1856 4887">
    <p class='ocr_par' dir='ltr' id='par_1_95' title="bbox 247 4809 1856 4887">
     <span class='ocr_line' id='line_1_95' title="bbox 247 4809 1856 4887; baseline 0.004 -23"><span class='ocrx_word' id='word_1_735' title='bbox 247 4809 437 4864; x_wconf 80' lang='lat' dir='ltr'><strong><em>Deum</em></strong></span> <span class='ocrx_word' id='word_1_736' title='bbox 470 4817 569 4873; x_wconf 90' lang='lat' dir='ltr'><strong><em>est,</em></strong></span> <span class='ocrx_word' id='word_1_737' title='bbox 610 4824 712 4863; x_wconf 91' lang='lat' dir='ltr'><strong><em>non</em></strong></span> <span class='ocrx_word' id='word_1_738' title='bbox 761 4809 809 4842; x_wconf 73' lang='lat'>&quot;</span> <span class='ocrx_word' id='word_1_739' title='bbox 843 4822 983 4864; x_wconf 87' lang='lat' dir='ltr'><strong><em>sunt.</em></strong></span> <span class='ocrx_word' id='word_1_740' title='bbox 1015 4811 1415 4879; x_wconf 83' lang='lat' dir='ltr'><strong><em>Animadverte,</em></strong></span> <span class='ocrx_word' id='word_1_741' title='bbox 1456 4814 1667 4884; x_wconf 86' lang='lat' dir='ltr'><strong><em>qualem</em></strong></span> <span class='ocrx_word' id='word_1_742' title='bbox 1698 4831 1856 4887; x_wconf 84' lang='lat' dir='ltr'><strong><em>para-</em></strong></span> 
     </span>
    </p>
   </div>
   <div class='ocr_carea' id='block_1_96' title="bbox 1956 4813 3549 4897">
    <p class='ocr_par' dir='ltr' id='par_1_96' title="bbox 1956 4813 3549 4897">
     <span class='ocr_line' id='line_1_96' title="bbox 1956 4813 3549 4897; baseline -0.001 -25"><span class='ocrx_word' id='word_1_743' title='bbox 1956 4817 2107 4887; x_wconf 86' lang='lat' dir='ltr'><strong><em>ipsae</em></strong></span> <span class='ocrx_word' id='word_1_744' title='bbox 2154 4831 2283 4872; x_wconf 88' lang='lat' dir='ltr'><strong><em>vero</em></strong></span> <span class='ocrx_word' id='word_1_745' title='bbox 2323 4831 2392 4870; x_wconf 75' lang='lat' dir='ltr'><strong><em>ex</em></strong></span> <span class='ocrx_word' id='word_1_746' title='bbox 2435 4815 2616 4897; x_wconf 76' lang='lat' dir='ltr'><strong><em>divina</em></strong></span> <span class='ocrx_word' id='word_1_747' title='bbox 2659 4813 2925 4884; x_wconf 86' lang='lat' dir='ltr'><strong><em>sapientia</em></strong></span> <span class='ocrx_word' id='word_1_748' title='bbox 2974 4814 3345 4886; x_wconf 81' lang='lat' dir='ltr'><strong><em>egrediuntur,</em></strong></span> <span class='ocrx_word' id='word_1_749' title='bbox 3378 4824 3433 4871; x_wconf 89' lang='lat' dir='ltr'><strong><em>et</em></strong></span> <span class='ocrx_word' id='word_1_750' title='bbox 3482 4815 3549 4872; x_wconf 68' lang='lat' dir='ltr'><strong><em>in</em></strong></span> 
     </span>
    </p>
   </div>
   <div class='ocr_carea' id='block_1_97' title="bbox 1558 4942 2241 5003">
    <p class='ocr_par' dir='ltr' id='par_1_97' title="bbox 1558 4942 2241 5003">
     <span class='ocr_line' id='line_1_97' title="bbox 1558 4942 2241 5003; baseline 0.016 -11"><span class='ocrx_word' id='word_1_751' title='bbox 1558 4942 1805 5001; x_wconf 73' lang='lat' dir='ltr'><strong><em>\‘ARlAE</em></strong></span> <span class='ocrx_word' id='word_1_752' title='bbox 1841 4946 2241 5003; x_wconf 80' lang='lat' dir='ltr'><strong><em>LECTIONES.</em></strong></span> 
     </span>
    </p>
   </div>
   <div class='ocr_carea' id='block_1_98' title="bbox 290 5046 1472 5151">
    <p class='ocr_par' dir='ltr' id='par_1_98' title="bbox 290 5046 1472 5151">
     <span class='ocr_line' id='line_1_98' title="bbox 290 5046 1472 5151; baseline 0.051 -77"><span class='ocrx_word' id='word_1_753' title='bbox 290 5046 297 5053; x_wconf 57' lang='grc'><strong>’</strong></span> <span class='ocrx_word' id='word_1_754' title='bbox 336 5077 475 5151; x_wconf 32' lang='lat' dir='ltr'><strong><em>{gf</em></strong></span> <span class='ocrx_word' id='word_1_755' title='bbox 493 5076 801 5151; x_wconf 67' lang='lat' dir='ltr'><strong><em>plsylargia;</em></strong></span> <span class='ocrx_word' id='word_1_756' title='bbox 898 5080 1221 5151; x_wconf 72' lang='lat' dir='ltr'><strong><em>philargyria</em></strong></span> <span class='ocrx_word' id='word_1_757' title='bbox 1278 5082 1472 5136; x_wconf 68' lang='lat' dir='ltr'><strong><em>existit.</em></strong></span> 
     </span>
    </p>
   </div>
   <div class='ocr_carea' id='block_1_99' title="bbox 1552 5082 1888 5152">
    <p class='ocr_par' dir='ltr' id='par_1_99' title="bbox 1552 5082 1888 5152">
     <span class='ocr_line' id='line_1_99' title="bbox 1552 5082 1888 5152; baseline 0.006 -16"><span class='ocrx_word' id='word_1_758' title='bbox 1552 5085 1573 5113; x_wconf 83' lang='grc'><strong><em>²</em></strong></span> <span class='ocrx_word' id='word_1_759' title='bbox 1594 5083 1637 5137; x_wconf 79' lang='grc' dir='ltr'>Α</span> <span class='ocrx_word' id='word_1_760' title='bbox 1660 5082 1888 5152; x_wconf 71' lang='lat' dir='ltr'><strong><em>foedam.</em></strong></span> 
     </span>
    </p>
   </div>
   <div class='ocr_carea' id='block_1_100' title="bbox 1991 5085 3547 5155">
    <p class='ocr_par' dir='ltr' id='par_1_100' title="bbox 1991 5085 3547 5155">
     <span class='ocr_line' id='line_1_100' title="bbox 1991 5085 3547 5155; baseline 0.001 -15"><span class='ocrx_word' id='word_1_761' title='bbox 1991 5086 2015 5118; x_wconf 82' lang='grc'>³</span> <span class='ocrx_word' id='word_1_762' title='bbox 2035 5086 2079 5140; x_wconf 83' lang='grc' dir='ltr'>Α</span> <span class='ocrx_word' id='word_1_763' title='bbox 2105 5085 2299 5155; x_wconf 88' lang='lat' dir='ltr'><strong><em>itaque.</em></strong></span> <span class='ocrx_word' id='word_1_764' title='bbox 2396 5086 2553 5140; x_wconf 65' lang='lat' dir='ltr'><strong><em>‘eam</em></strong></span> <span class='ocrx_word' id='word_1_765' title='bbox 2583 5100 2691 5141; x_wconf 83' lang='lat' dir='ltr'><strong><em>om.</em></strong></span> <span class='ocrx_word' id='word_1_766' title='bbox 2724 5087 2793 5140; x_wconf 89' lang='lat' dir='ltr'><strong><em>A.</em></strong></span> <span class='ocrx_word' id='word_1_767' title='bbox 2903 5087 2928 5120; x_wconf 85' lang='grc'><strong><em>⁸</em></strong></span> <span class='ocrx_word' id='word_1_768' title='bbox 2949 5088 2996 5142; x_wconf 79' lang='grc' dir='ltr'>Α</span> <span class='ocrx_word' id='word_1_769' title='bbox 3025 5098 3299 5143; x_wconf 88' lang='lat' dir='ltr'><strong><em>attractus.</em></strong></span> <span class='ocrx_word' id='word_1_770' title='bbox 3396 5086 3418 5117; x_wconf 82' lang='grc'><strong><em>⁸</em></strong></span> <span class='ocrx_word' id='word_1_771' title='bbox 3449 5086 3547 5142; x_wconf 82' lang='lat' dir='ltr'><strong><em>Sie</em></strong></span> 
     </span>
    </p>
   </div>
   <div class='ocr_carea' id='block_1_101' title="bbox 248 5135 3549 5227">
    <p class='ocr_par' dir='ltr' id='par_1_101' title="bbox 248 5135 3549 5227">
     <span class='ocr_line' id='line_1_101' title="bbox 248 5135 3549 5227; baseline 0.001 -20"><span class='ocrx_word' id='word_1_772' title='bbox 248 5152 313 5227; x_wconf 45' lang='grc' dir='ltr'><strong><em>Δ.</em></strong></span> <span class='ocrx_word' id='word_1_773' title='bbox 344 5149 460 5227; x_wconf 70' lang='grc' dir='ltr'><strong><em>βιτ.</em></strong></span> <span class='ocrx_word' id='word_1_774' title='bbox 493 5135 506 5147; x_wconf 76' lang='grc'><em>’</em></span> <span class='ocrx_word' id='word_1_775' title='bbox 539 5135 643 5203; x_wconf 52' lang='grc' dir='ltr'><strong><em>’νΛ</em></strong></span> <span class='ocrx_word' id='word_1_776' title='bbox 683 5135 942 5227; x_wconf 55' lang='lat' dir='ltr'><strong><em>Similiter</em></strong></span> <span class='ocrx_word' id='word_1_777' title='bbox 992 5135 1178 5205; x_wconf 71' lang='grc' dir='ltr'><strong><em>Ιιαῖὲιιε</em></strong></span> <span class='ocrx_word' id='word_1_778' title='bbox 1230 5162 1280 5227; x_wconf 79' lang='lat' dir='ltr'><strong><em>et</em></strong></span> <span class='ocrx_word' id='word_1_779' title='bbox 1324 5165 1491 5227; x_wconf 76' lang='lat' dir='ltr'><strong><em>cetera</em></strong></span> <span class='ocrx_word' id='word_1_780' title='bbox 1519 5135 1960 5227; x_wconf 23' lang='lat' dir='ltr'><strong><em>pecca&#39;taquuum</em></strong></span> <span class='ocrx_word' id='word_1_781' title='bbox 2352 5135 2867 5227; x_wconf 21' lang='lat' dir='ltr'><strong><em>pernicitas—flauam</em></strong></span> <span class='ocrx_word' id='word_1_782' title='bbox 2892 5197 2909 5224; x_wconf 91' lang='lat'><strong><em>,</em></strong></span> <span class='ocrx_word' id='word_1_783' title='bbox 2949 5135 3373 5227; x_wconf 52' lang='lat' dir='ltr'><strong><em>&quot;titiam</em></strong></span> <span class='ocrx_word' id='word_1_784' title='bbox 3435 5135 3549 5211; x_wconf 58' lang='lat' dir='ltr'><strong><em>vii}</em></strong></span> 
     </span>
    </p>
   </div>
   <div class='ocr_carea' id='block_1_102' title="bbox 251 5221 2415 5300">
    <p class='ocr_par' dir='ltr' id='par_1_102' title="bbox 251 5221 2415 5300">
     <span class='ocr_line' id='line_1_102' title="bbox 251 5221 2415 5300; baseline 0.001 -25"><span class='ocrx_word' id='word_1_785' title='bbox 251 5221 520 5300; x_wconf 69' lang='lat' dir='ltr'><strong><em>uidentur</em></strong></span> <span class='ocrx_word' id='word_1_786' title='bbox 568 5221 878 5300; x_wconf 54' lang='lat' dir='ltr'><strong><em>egpetgtda,</em></strong></span> <span class='ocrx_word' id='word_1_787' title='bbox 906 5231 954 5300; x_wconf 78' lang='lat' dir='ltr'><strong><em>et</em></strong></span> <span class='ocrx_word' id='word_1_788' title='bbox 1010 5237 1100 5290; x_wconf 87' lang='lat' dir='ltr'><strong><em>per</em></strong></span> <span class='ocrx_word' id='word_1_789' title='bbox 1149 5222 1533 5300; x_wconf 46' lang='lat' dir='ltr'><strong><em>seductioaem“</em></strong></span> <span class='ocrx_word' id='word_1_790' title='bbox 1562 5221 1827 5300; x_wconf 75' lang='lat' dir='ltr'><strong><em>quandam</em></strong></span> <span class='ocrx_word' id='word_1_791' title='bbox 1887 5221 2415 5300; x_wconf 82' lang='lat' dir='ltr'><strong><em>inconsiderantibus.</em></strong></span> 
     </span>
    </p>
   </div>
   <div class='ocr_carea' id='block_1_103' title="bbox 254 5288 1415 5346">
    <p class='ocr_par' dir='ltr' id='par_1_103' title="bbox 254 5288 1415 5346">
     <span class='ocr_line' id='line_1_103' title="bbox 254 5288 1415 5346; baseline 0.002 -2"><span class='ocrx_word' id='word_1_792' title='bbox 254 5290 437 5344; x_wconf 86' lang='lat' dir='ltr'><strong><em>rentis</em></strong></span> <span class='ocrx_word' id='word_1_793' title='bbox 489 5288 641 5343; x_wconf 82' lang='lat' dir='ltr'><strong><em>boni.</em></strong></span> <span class='ocrx_word' id='word_1_794' title='bbox 714 5288 758 5320; x_wconf 81' lang='grc'>³⁰</span> <span class='ocrx_word' id='word_1_795' title='bbox 809 5289 927 5343; x_wconf 87' lang='lat' dir='ltr'><strong><em>boni</em></strong></span> <span class='ocrx_word' id='word_1_796' title='bbox 959 5288 1019 5344; x_wconf 85' lang='lat' dir='ltr'><strong><em>et</em></strong></span> <span class='ocrx_word' id='word_1_797' title='bbox 1053 5290 1179 5343; x_wconf 85' lang='lat' dir='ltr'><strong><em>ntali</em></strong></span> <span class='ocrx_word' id='word_1_798' title='bbox 1209 5307 1318 5346; x_wconf 93' lang='lat' dir='ltr'><strong><em>om.</em></strong></span> <span class='ocrx_word' id='word_1_799' title='bbox 1350 5292 1415 5346; x_wconf 82' lang='lat' dir='ltr'><strong><em>A.</em></strong></span> 
     </span>
    </p>
   </div>
   <div class='ocr_carea' id='block_1_104' title="bbox 2512 5225 3545 5295">
    <p class='ocr_par' dir='ltr' id='par_1_104' title="bbox 2512 5225 3545 5295">
     <span class='ocr_line' id='line_1_104' title="bbox 2512 5225 3545 5295; baseline -0.005 -14"><span class='ocrx_word' id='word_1_800' title='bbox 2512 5225 2533 5257; x_wconf 82' lang='grc'><strong>⁸</strong></span> <span class='ocrx_word' id='word_1_801' title='bbox 2589 5225 2715 5295; x_wconf 88' lang='lat' dir='ltr'><strong><em>quia</em></strong></span> <span class='ocrx_word' id='word_1_802' title='bbox 2765 5242 2875 5281; x_wconf 88' lang='lat' dir='ltr'><strong><em>om.</em></strong></span> <span class='ocrx_word' id='word_1_803' title='bbox 2938 5225 3003 5282; x_wconf 70' lang='grc' dir='ltr'><strong><em>Α.</em></strong></span> <span class='ocrx_word' id='word_1_804' title='bbox 3112 5226 3133 5257; x_wconf 86' lang='grc'>⁹</span> <span class='ocrx_word' id='word_1_805' title='bbox 3181 5228 3227 5281; x_wconf 78' lang='grc' dir='ltr'>Α</span> <span class='ocrx_word' id='word_1_806' title='bbox 3278 5236 3333 5281; x_wconf 87' lang='lat' dir='ltr'><strong><em>et</em></strong></span> <span class='ocrx_word' id='word_1_807' title='bbox 3378 5241 3545 5294; x_wconf 85' lang='lat' dir='ltr'><strong><em>appa-</em></strong></span> 
     </span>
    </p>
   </div>
   <div class='ocr_carea' id='block_1_105' title="bbox 1495 5294 3538 5366">
    <p class='ocr_par' dir='ltr' id='par_1_105' title="bbox 1495 5294 3538 5366">
     <span class='ocr_line' id='line_1_105' title="bbox 1495 5294 3538 5366; baseline -0.001 -19"><span class='ocrx_word' id='word_1_808' title='bbox 1495 5294 1536 5325; x_wconf 72' lang='grc' dir='ltr'>υ</span> <span class='ocrx_word' id='word_1_809' title='bbox 1563 5295 1607 5347; x_wconf 79' lang='grc' dir='ltr'><strong>Α</strong></span> <span class='ocrx_word' id='word_1_810' title='bbox 1633 5294 1895 5358; x_wconf 86' lang='lat' dir='ltr'><strong><em>clamans,</em></strong></span> <span class='ocrx_word' id='word_1_811' title='bbox 1941 5298 2080 5366; x_wconf 85' lang='lat' dir='ltr'><strong><em>quod</em></strong></span> <span class='ocrx_word' id='word_1_812' title='bbox 2108 5310 2305 5359; x_wconf 85' lang='lat' dir='ltr'><strong><em>verum,</em></strong></span> <span class='ocrx_word' id='word_1_813' title='bbox 2364 5295 2508 5365; x_wconf 88' lang='lat' dir='ltr'><strong><em>quod</em></strong></span> <span class='ocrx_word' id='word_1_814' title='bbox 2539 5294 2759 5366; x_wconf 69' lang='lat' dir='ltr'><strong><em>simplex</em></strong></span> <span class='ocrx_word' id='word_1_815' title='bbox 2791 5306 2845 5351; x_wconf 88' lang='lat' dir='ltr'><strong><em>et</em></strong></span> <span class='ocrx_word' id='word_1_816' title='bbox 2895 5295 3163 5351; x_wconf 89' lang='lat' dir='ltr'><strong><em>uniforme</em></strong></span> <span class='ocrx_word' id='word_1_817' title='bbox 3204 5305 3279 5349; x_wconf 90' lang='lat' dir='ltr'><strong><em>est</em></strong></span> <span class='ocrx_word' id='word_1_818' title='bbox 3326 5306 3538 5366; x_wconf 76' lang='lat' dir='ltr'><strong><em>natura.</em></strong></span> 
     </span>
    </p>
   </div>
   <div class='ocr_carea' id='block_1_106' title="bbox 252 5357 3546 5441">
    <p class='ocr_par' dir='ltr' id='par_1_106' title="bbox 252 5357 3546 5441">
     <span class='ocr_line' id='line_1_106' title="bbox 252 5357 3546 5441; baseline 0.001 -27"><span class='ocrx_word' id='word_1_819' title='bbox 252 5361 311 5400; x_wconf 73' lang='grc'><strong>⁸⁸</strong></span> <span class='ocrx_word' id='word_1_820' title='bbox 340 5362 390 5414; x_wconf 76' lang='grc' dir='ltr'>Α</span> <span class='ocrx_word' id='word_1_821' title='bbox 433 5365 490 5413; x_wconf 88' lang='lat' dir='ltr'><strong><em>et</em></strong></span> <span class='ocrx_word' id='word_1_822' title='bbox 513 5357 907 5441; x_wconf 70' lang='lat' dir='ltr'><strong><em>configuratum</em></strong></span> <span class='ocrx_word' id='word_1_823' title='bbox 935 5369 1039 5425; x_wconf 82' lang='lat' dir='ltr'><strong><em>est,</em></strong></span> <span class='ocrx_word' id='word_1_824' title='bbox 1072 5362 1220 5441; x_wconf 67' lang='lat' dir='ltr'><strong><em>aliud</em></strong></span> <span class='ocrx_word' id='word_1_825' title='bbox 1239 5362 1538 5441; x_wconf 74' lang='lat' dir='ltr'><strong><em>judicatum</em></strong></span> <span class='ocrx_word' id='word_1_826' title='bbox 1557 5404 1572 5428; x_wconf 92' lang='lat'><strong><em>,</em></strong></span> <span class='ocrx_word' id='word_1_827' title='bbox 1602 5375 1649 5418; x_wconf 89' lang='lat' dir='ltr'><strong><em>et</em></strong></span> <span class='ocrx_word' id='word_1_828' title='bbox 1678 5365 1825 5417; x_wconf 84' lang='lat' dir='ltr'><strong><em>aliud</em></strong></span> <span class='ocrx_word' id='word_1_829' title='bbox 1853 5357 2401 5441; x_wconf 65' lang='lat' dir='ltr'><strong><em>per&#39;experimentum;</em></strong></span> <span class='ocrx_word' id='word_1_830' title='bbox 2430 5357 2713 5437; x_wconf 70' lang='lat' dir='ltr'><strong><em>cognitu&#39;m.</em></strong></span> <span class='ocrx_word' id='word_1_831' title='bbox 2778 5367 2833 5441; x_wconf 75' lang='lat'><strong><em>_&quot;</em></strong></span> <span class='ocrx_word' id='word_1_832' title='bbox 2859 5368 2903 5419; x_wconf 88' lang='lat' dir='ltr'><strong>A</strong></span> <span class='ocrx_word' id='word_1_833' title='bbox 2948 5371 3344 5441; x_wconf 75' lang='lat' dir='ltr'><strong><em>praemonstrat</em></strong></span> <span class='ocrx_word' id='word_1_834' title='bbox 3390 5363 3546 5441; x_wconf 80' lang='lat' dir='ltr'><strong><em>ntali-</em></strong></span> 
     </span>
    </p>
   </div>
   <div class='ocr_carea' id='block_1_107' title="bbox 252 5428 2983 5558">
    <p class='ocr_par' dir='ltr' id='par_1_107' title="bbox 252 5428 2983 5558">
     <span class='ocr_line' id='line_1_107' title="bbox 252 5428 2983 5533; baseline 0.001 -49"><span class='ocrx_word' id='word_1_835' title='bbox 252 5445 440 5533; x_wconf 51' lang='lat' dir='ltr'><strong><em>ﬂium</em></strong></span> <span class='ocrx_word' id='word_1_836' title='bbox 477 5428 679 5510; x_wconf 77' lang='lat' dir='ltr'><strong><em>peccati</em></strong></span> <span class='ocrx_word' id='word_1_837' title='bbox 707 5428 939 5513; x_wconf 79' lang='lat' dir='ltr'><strong><em>fructum</em></strong></span> <span class='ocrx_word' id='word_1_838' title='bbox 984 5448 1088 5511; x_wconf 79' lang='lat' dir='ltr'><strong><em>non</em></strong></span> <span class='ocrx_word' id='word_1_839' title='bbox 1140 5428 1290 5486; x_wconf 80' lang='lat' dir='ltr'><strong><em>illum</em></strong></span> <span class='ocrx_word' id='word_1_840' title='bbox 1342 5433 1549 5503; x_wconf 90' lang='lat' dir='ltr'><strong><em>quidem</em></strong></span> <span class='ocrx_word' id='word_1_841' title='bbox 1599 5444 1793 5506; x_wconf 88' lang='lat' dir='ltr'><strong><em>aperte,</em></strong></span> <span class='ocrx_word' id='word_1_842' title='bbox 1846 5428 2047 5505; x_wconf 58' lang='lat' dir='ltr'><strong><em>qualis&#39;</em></strong></span> <span class='ocrx_word' id='word_1_843' title='bbox 2073 5453 2104 5489; x_wconf 93' lang='lat' dir='ltr'><strong><em>a</em></strong></span> <span class='ocrx_word' id='word_1_844' title='bbox 2143 5445 2334 5489; x_wconf 89' lang='lat' dir='ltr'><strong><em>natura</em></strong></span> <span class='ocrx_word' id='word_1_845' title='bbox 2359 5428 2512 5501; x_wconf 50' lang='lat' dir='ltr'><strong><em>erat;</em></strong></span> <span class='ocrx_word' id='word_1_846' title='bbox 2543 5452 2648 5491; x_wconf 91' lang='lat' dir='ltr'><strong><em>non</em></strong></span> <span class='ocrx_word' id='word_1_847' title='bbox 2705 5436 2847 5490; x_wconf 85' lang='lat' dir='ltr'><strong><em>enim</em></strong></span> <span class='ocrx_word' id='word_1_848' title='bbox 2878 5428 2983 5490; x_wconf 77' lang='lat' dir='ltr'><strong><em>cei.</em></strong></span> 
     </span>
     <span class='ocr_line' id='line_1_108' title="bbox 344 5500 2983 5558; baseline 0.002 -7"><span class='ocrx_word' id='word_1_849' title='bbox 344 5500 388 5552; x_wconf 77' lang='grc' dir='ltr'><strong>Δ</strong></span> <span class='ocrx_word' id='word_1_850' title='bbox 423 5508 601 5558; x_wconf 74' lang='lat' dir='ltr'><strong><em>gustm</em></strong></span> <span class='ocrx_word' id='word_1_851' title='bbox 626 5509 681 5552; x_wconf 86' lang='lat' dir='ltr'><strong><em>ut</em></strong></span> <span class='ocrx_word' id='word_1_852' title='bbox 708 5500 781 5552; x_wconf 88' lang='lat' dir='ltr'><strong><em>ita</em></strong></span> <span class='ocrx_word' id='word_1_853' title='bbox 811 5501 1015 5554; x_wconf 74' lang='lat' dir='ltr'><strong><em>mulieri</em></strong></span> <span class='ocrx_word' id='word_1_854' title='bbox 1043 5502 1180 5558; x_wconf 81' lang='lat' dir='ltr'><strong><em>quod</em></strong></span> <span class='ocrx_word' id='word_1_855' title='bbox 1208 5502 1350 5557; x_wconf 84' lang='lat' dir='ltr'><strong><em>vellet</em></strong></span> <span class='ocrx_word' id='word_1_856' title='bbox 1382 5506 1731 5558; x_wconf 74' lang='lat' dir='ltr'><strong><em>persuaderet.</em></strong></span> <span class='ocrx_word' id='word_1_857' title='bbox 1811 5504 1854 5535; x_wconf 87' lang='lat'>“</span> <span class='ocrx_word' id='word_1_858' title='bbox 1882 5506 1923 5558; x_wconf 83' lang='lat' dir='ltr'><strong>A</strong></span> <span class='ocrx_word' id='word_1_859' title='bbox 1954 5506 2113 5558; x_wconf 88' lang='lat' dir='ltr'><strong><em>auod.</em></strong></span> <span class='ocrx_word' id='word_1_860' title='bbox 2190 5505 2231 5537; x_wconf 85' lang='lat'><strong>&quot;</strong></span> <span class='ocrx_word' id='word_1_861' title='bbox 2262 5504 2304 5558; x_wconf 83' lang='lat' dir='ltr'><strong>A</strong></span> <span class='ocrx_word' id='word_1_862' title='bbox 2336 5515 2382 5558; x_wconf 89' lang='lat' dir='ltr'><strong><em>et</em></strong></span> <span class='ocrx_word' id='word_1_863' title='bbox 2403 5507 2542 5558; x_wconf 87' lang='lat' dir='ltr'><strong><em>auod</em></strong></span> <span class='ocrx_word' id='word_1_864' title='bbox 2575 5505 2738 5558; x_wconf 85' lang='lat' dir='ltr'><strong><em>oculis</em></strong></span> <span class='ocrx_word' id='word_1_865' title='bbox 2765 5514 2983 5558; x_wconf 87' lang='lat' dir='ltr'><strong><em>aratum.</em></strong></span> 
     </span>
    </p>
   </div>
   <div class='ocr_carea' id='block_1_108' title="bbox 423 5513 2193 5630">
    <p class='ocr_par' dir='ltr' id='par_1_108' title="bbox 423 5513 2193 5630">
     <span class='ocr_line' id='line_1_109' title="bbox 423 5513 2193 5575; baseline 0.005 -25"><span class='ocrx_word' id='word_1_866' title='bbox 423 5513 601 5569; x_wconf 83' lang='lat' dir='ltr'><strong><em>gustm</em></strong></span> <span class='ocrx_word' id='word_1_867' title='bbox 626 5513 681 5552; x_wconf 84' lang='lat' dir='ltr'><strong><em>ut</em></strong></span> <span class='ocrx_word' id='word_1_868' title='bbox 708 5513 781 5552; x_wconf 85' lang='lat' dir='ltr'><strong><em>tta</em></strong></span> <span class='ocrx_word' id='word_1_869' title='bbox 811 5513 1015 5554; x_wconf 80' lang='lat' dir='ltr'><strong><em>muttert</em></strong></span> <span class='ocrx_word' id='word_1_870' title='bbox 1043 5513 1180 5569; x_wconf 80' lang='lat' dir='ltr'><strong><em>quoa</em></strong></span> <span class='ocrx_word' id='word_1_871' title='bbox 1208 5513 1350 5557; x_wconf 83' lang='lat' dir='ltr'><strong><em>vellet</em></strong></span> <span class='ocrx_word' id='word_1_872' title='bbox 1381 5513 1731 5570; x_wconf 86' lang='lat' dir='ltr'><strong><em>persuaderet.</em></strong></span> <span class='ocrx_word' id='word_1_873' title='bbox 1811 5513 1854 5535; x_wconf 91' lang='lat'>&quot;</span> <span class='ocrx_word' id='word_1_874' title='bbox 1882 5513 1923 5558; x_wconf 82' lang='lat' dir='ltr'><strong>A</strong></span> <span class='ocrx_word' id='word_1_875' title='bbox 1954 5513 2113 5575; x_wconf 84' lang='lat' dir='ltr'><strong><em>quod.</em></strong></span> <span class='ocrx_word' id='word_1_876' title='bbox 2190 5513 2193 5533; x_wconf 64' lang='grc' dir='ltr'>τ</span> 
     </span>
     <span class='ocr_line' id='line_1_110' title="bbox 469 5569 2193 5630; baseline 0.002 -6"><span class='ocrx_word' id='word_1_877' title='bbox 469 5569 511 5599; x_wconf 83' lang='lat'><em>”</em></span> <span class='ocrx_word' id='word_1_878' title='bbox 540 5569 583 5624; x_wconf 74' lang='grc' dir='ltr'>Α</span> <span class='ocrx_word' id='word_1_879' title='bbox 614 5572 781 5622; x_wconf 73' lang='lat' dir='ltr'><strong><em>mixta</em></strong></span> <span class='ocrx_word' id='word_1_880' title='bbox 810 5581 884 5625; x_wconf 86' lang='lat' dir='ltr'><strong><em>est</em></strong></span> <span class='ocrx_word' id='word_1_881' title='bbox 911 5571 1279 5630; x_wconf 82' lang='lat' dir='ltr'><strong><em>fructiferatio.</em></strong></span> <span class='ocrx_word' id='word_1_882' title='bbox 1356 5573 1401 5605; x_wconf 82' lang='grc'><strong><em>⁸⁰</em></strong></span> <span class='ocrx_word' id='word_1_883' title='bbox 1427 5574 1471 5628; x_wconf 80' lang='grc' dir='ltr'>Α</span> <span class='ocrx_word' id='word_1_884' title='bbox 1504 5575 1558 5628; x_wconf 92' lang='lat' dir='ltr'><strong><em>in</em></strong></span> <span class='ocrx_word' id='word_1_885' title='bbox 1581 5590 1756 5629; x_wconf 90' lang='lat' dir='ltr'><strong><em>sensu.</em></strong></span> <span class='ocrx_word' id='word_1_886' title='bbox 1834 5576 1877 5606; x_wconf 83' lang='grc'>¹¹</span> <span class='ocrx_word' id='word_1_887' title='bbox 1904 5576 1960 5629; x_wconf 89' lang='lat' dir='ltr'><strong><em>in</em></strong></span> <span class='ocrx_word' id='word_1_888' title='bbox 1988 5590 2096 5630; x_wconf 92' lang='lat' dir='ltr'><strong><em>om.</em></strong></span> <span class='ocrx_word' id='word_1_889' title='bbox 2128 5574 2193 5627; x_wconf 76' lang='grc' dir='ltr'><strong><em>Α.</em></strong></span> 
     </span>
    </p>
   </div>
   <div class='ocr_carea' id='block_1_109' title="bbox 1686 5644 2290 5700">
    <p class='ocr_par' dir='ltr' id='par_1_109' title="bbox 1686 5644 2290 5700">
     <span class='ocr_line' id='line_1_111' title="bbox 1686 5644 2290 5700; baseline 0.002 -1"><span class='ocrx_word' id='word_1_890' title='bbox 1686 5645 1733 5676; x_wconf 79' lang='grc'><strong><em>³⁸</em></strong></span> <span class='ocrx_word' id='word_1_891' title='bbox 1761 5646 2033 5700; x_wconf 80' lang='lat' dir='ltr'><strong><em>essentiale</em></strong></span> <span class='ocrx_word' id='word_1_892' title='bbox 2066 5660 2175 5698; x_wconf 93' lang='lat' dir='ltr'><strong><em>om.</em></strong></span> <span class='ocrx_word' id='word_1_893' title='bbox 2226 5644 2290 5700; x_wconf 81' lang='grc' dir='ltr'><strong><em>Α.</em></strong></span> 
     </span>
    </p>
   </div>
   <div class='ocr_carea' id='block_1_110' title="bbox 1595 5715 2227 5772">
    <p class='ocr_par' dir='ltr' id='par_1_110' title="bbox 1595 5715 2227 5772">
     <span class='ocr_line' id='line_1_112' title="bbox 1595 5715 2227 5772; baseline 0 -1"><span class='ocrx_word' id='word_1_894' title='bbox 1595 5715 1644 5751; x_wconf 68' lang='grc'><strong><em>³9</em></strong></span> <span class='ocrx_word' id='word_1_895' title='bbox 1674 5716 1931 5771; x_wconf 81' lang='lat' dir='ltr'><strong><em>sensibilis</em></strong></span> <span class='ocrx_word' id='word_1_896' title='bbox 1952 5731 2058 5772; x_wconf 89' lang='lat' dir='ltr'><strong><em>om.</em></strong></span> <span class='ocrx_word' id='word_1_897' title='bbox 2094 5715 2159 5769; x_wconf 66' lang='grc' dir='ltr'><strong>Α.</strong></span> <span class='ocrx_word' id='word_1_898' title='bbox 2218 5766 2227 5771; x_wconf 83' lang='lat'>_</span> 
     </span>
    </p>
   </div>
   <div class='ocr_carea' id='block_1_111' title="bbox 460 5499 1731 5570">
    <p class='ocr_par' dir='ltr' id='par_1_111' title="bbox 460 5499 1731 5570">
     <span class='ocr_line' id='line_1_113' title="bbox 460 5499 1731 5570; baseline 0.005 -20"><span class='ocrx_word' id='word_1_899' title='bbox 460 5499 601 5570; x_wconf 86' lang='lat' dir='ltr'><strong><em>ustui</em></strong></span> <span class='ocrx_word' id='word_1_900' title='bbox 626 5509 681 5552; x_wconf 86' lang='lat' dir='ltr'><strong><em>ut</em></strong></span> <span class='ocrx_word' id='word_1_901' title='bbox 708 5500 781 5552; x_wconf 88' lang='lat' dir='ltr'><strong><em>ita</em></strong></span> <span class='ocrx_word' id='word_1_902' title='bbox 811 5501 1016 5554; x_wconf 86' lang='lat' dir='ltr'><strong><em>mulieri</em></strong></span> <span class='ocrx_word' id='word_1_903' title='bbox 1043 5502 1180 5569; x_wconf 85' lang='lat' dir='ltr'><strong><em>quod</em></strong></span> <span class='ocrx_word' id='word_1_904' title='bbox 1208 5499 1363 5557; x_wconf 79' lang='lat' dir='ltr'><strong><em>vellet</em></strong></span> <span class='ocrx_word' id='word_1_905' title='bbox 1381 5499 1731 5570; x_wconf 76' lang='lat' dir='ltr'><strong><em>persuaderet.</em></strong></span> 
     </span>
    </p>
   </div>
   <div class='ocr_carea' id='block_1_112' title="bbox 257 5569 1756 5640">
    <p class='ocr_par' dir='ltr' id='par_1_112' title="bbox 257 5569 1756 5640">
     <span class='ocr_line' id='line_1_114' title="bbox 257 5569 1756 5640; baseline 0.002 -16"><span class='ocrx_word' id='word_1_906' title='bbox 257 5570 434 5640; x_wconf 32' lang='lat' dir='ltr'><strong><em>illa.”</em></strong></span> <span class='ocrx_word' id='word_1_907' title='bbox 469 5569 511 5599; x_wconf 83' lang='lat'>&quot;</span> <span class='ocrx_word' id='word_1_908' title='bbox 540 5569 583 5624; x_wconf 74' lang='grc' dir='ltr'>Α</span> <span class='ocrx_word' id='word_1_909' title='bbox 614 5572 781 5640; x_wconf 73' lang='lat' dir='ltr'><strong><em>mixta</em></strong></span> <span class='ocrx_word' id='word_1_910' title='bbox 810 5581 884 5625; x_wconf 86' lang='lat' dir='ltr'><strong><em>est</em></strong></span> <span class='ocrx_word' id='word_1_911' title='bbox 910 5571 1279 5640; x_wconf 86' lang='lat' dir='ltr'><strong><em>fructiferatio.</em></strong></span> <span class='ocrx_word' id='word_1_912' title='bbox 1356 5569 1401 5605; x_wconf 61' lang='grc' dir='ltr'><strong><em>’δ’</em></strong></span> <span class='ocrx_word' id='word_1_913' title='bbox 1427 5574 1471 5628; x_wconf 80' lang='grc' dir='ltr'>Α</span> <span class='ocrx_word' id='word_1_914' title='bbox 1504 5575 1558 5628; x_wconf 92' lang='lat' dir='ltr'><strong><em>in</em></strong></span> <span class='ocrx_word' id='word_1_915' title='bbox 1581 5590 1756 5629; x_wconf 90' lang='lat' dir='ltr'><strong><em>sensu.</em></strong></span> 
     </span>
    </p>
   </div>
   <div class='ocr_carea' id='block_1_113' title="bbox 256 5637 1607 5712">
    <p class='ocr_par' dir='ltr' id='par_1_113' title="bbox 256 5637 1607 5712">
     <span class='ocr_line' id='line_1_115' title="bbox 256 5637 1607 5712; baseline 0.003 -19"><span class='ocrx_word' id='word_1_916' title='bbox 256 5637 518 5693; x_wconf 76' lang='lat' dir='ltr'><strong><em>litudine.</em></strong></span> <span class='ocrx_word' id='word_1_917' title='bbox 592 5638 644 5712; x_wconf 56' lang='grc' dir='ltr'>ξ*</span> <span class='ocrx_word' id='word_1_918' title='bbox 664 5637 771 5712; x_wconf 84' lang='lat' dir='ltr'><strong><em>Pro</em></strong></span> <span class='ocrx_word' id='word_1_919' title='bbox 796 5637 961 5695; x_wconf 44' lang='lat' dir='ltr'><strong><em>non&#39;A</em></strong></span> <span class='ocrx_word' id='word_1_920' title='bbox 990 5637 1158 5712; x_wconf 82' lang='lat' dir='ltr'><strong><em>longe.</em></strong></span> <span class='ocrx_word' id='word_1_921' title='bbox 1234 5643 1283 5674; x_wconf 84' lang='lat'><strong>&quot;</strong></span> <span class='ocrx_word' id='word_1_922' title='bbox 1310 5654 1386 5698; x_wconf 90' lang='lat' dir='ltr'><strong><em>est</em></strong></span> <span class='ocrx_word' id='word_1_923' title='bbox 1411 5660 1520 5698; x_wconf 90' lang='lat' dir='ltr'><strong><em>om.</em></strong></span> <span class='ocrx_word' id='word_1_924' title='bbox 1542 5643 1607 5700; x_wconf 78' lang='grc' dir='ltr'><strong><em>Α.</em></strong></span> 
     </span>
    </p>
   </div>
   <div class='ocr_carea' id='block_1_114' title="bbox 258 5708 1519 5781">
    <p class='ocr_par' dir='ltr' id='par_1_114' title="bbox 258 5708 1519 5781">
     <span class='ocr_line' id='line_1_116' title="bbox 258 5708 1519 5781; baseline 0.005 -18"><span class='ocrx_word' id='word_1_925' title='bbox 258 5712 409 5763; x_wconf 75' lang='lat' dir='ltr'><strong><em>mori</em></strong></span> <span class='ocrx_word' id='word_1_926' title='bbox 434 5726 545 5764; x_wconf 86' lang='lat' dir='ltr'><strong><em>out.</em></strong></span> <span class='ocrx_word' id='word_1_927' title='bbox 577 5708 640 5763; x_wconf 76' lang='grc' dir='ltr'><strong><em>Α.</em></strong></span> <span class='ocrx_word' id='word_1_928' title='bbox 672 5752 673 5757; x_wconf 57' lang='grc' dir='ltr'><strong>η</strong></span> <span class='ocrx_word' id='word_1_929' title='bbox 719 5711 763 5742; x_wconf 73' lang='grc'><strong>³⁸</strong></span> <span class='ocrx_word' id='word_1_930' title='bbox 788 5724 839 5765; x_wconf 88' lang='lat' dir='ltr'><strong><em>ut</em></strong></span> <span class='ocrx_word' id='word_1_931' title='bbox 867 5713 937 5765; x_wconf 87' lang='lat' dir='ltr'><strong><em>ait</em></strong></span> <span class='ocrx_word' id='word_1_932' title='bbox 966 5708 1284 5781; x_wconf 74' lang='lat' dir='ltr'><strong><em>Augustinus</em></strong></span> <span class='ocrx_word' id='word_1_933' title='bbox 1315 5730 1422 5770; x_wconf 84' lang='lat' dir='ltr'><strong><em>om.</em></strong></span> <span class='ocrx_word' id='word_1_934' title='bbox 1455 5715 1519 5769; x_wconf 88' lang='lat' dir='ltr'><strong><em>A.</em></strong></span> 
     </span>
    </p>
   </div>
   <div class='ocr_carea' id='block_1_115' title="bbox 3088 5433 3538 5488">
    <p class='ocr_par' dir='ltr' id='par_1_115' title="bbox 3088 5433 3538 5488">
     <span class='ocr_line' id='line_1_117' title="bbox 3088 5433 3538 5488; baseline -0.011 1"><span class='ocrx_word' id='word_1_935' title='bbox 3088 5433 3133 5464; x_wconf 74' lang='lat'><strong><em>“’</em></strong></span> <span class='ocrx_word' id='word_1_936' title='bbox 3159 5435 3204 5488; x_wconf 86' lang='lat' dir='ltr'><strong>A</strong></span> <span class='ocrx_word' id='word_1_937' title='bbox 3249 5434 3538 5487; x_wconf 73' lang='lat' dir='ltr'><strong><em>exornavit.</em></strong></span> 
     </span>
    </p>
   </div>
   <div class='ocr_carea' id='block_1_116' title="bbox 3069 5500 3545 5559">
    <p class='ocr_par' dir='ltr' id='par_1_116' title="bbox 3069 5500 3545 5559">
     <span class='ocr_line' id='line_1_118' title="bbox 3069 5500 3545 5559; baseline -0.002 -4"><span class='ocrx_word' id='word_1_938' title='bbox 3069 5500 3116 5533; x_wconf 82' lang='grc'><strong><em>⁸⁸</em></strong></span> <span class='ocrx_word' id='word_1_939' title='bbox 3140 5504 3181 5555; x_wconf 83' lang='grc' dir='ltr'>Α</span> <span class='ocrx_word' id='word_1_940' title='bbox 3215 5502 3348 5559; x_wconf 73' lang='lat' dir='ltr'><strong><em>Esca</em></strong></span> <span class='ocrx_word' id='word_1_941' title='bbox 3370 5512 3545 5555; x_wconf 75' lang='lat' dir='ltr'><strong><em>autem</em></strong></span> 
     </span>
    </p>
   </div>
   <div class='ocr_carea' id='block_1_117' title="bbox 2466 5573 3541 5642">
    <p class='ocr_par' dir='ltr' id='par_1_117' title="bbox 2466 5573 3541 5642">
     <span class='ocr_line' id='line_1_119' title="bbox 2466 5573 3541 5642; baseline -0.004 -14"><span class='ocrx_word' id='word_1_942' title='bbox 2466 5573 2777 5642; x_wconf 86' lang='lat' dir='ltr'><strong><em>uaecunque</em></strong></span> <span class='ocrx_word' id='word_1_943' title='bbox 2805 5589 2921 5627; x_wconf 74' lang='lat' dir='ltr'><strong><em>vero</em></strong></span> <span class='ocrx_word' id='word_1_944' title='bbox 2946 5573 3112 5627; x_wconf 88' lang='lat' dir='ltr'><strong><em>circa.</em></strong></span> <span class='ocrx_word' id='word_1_945' title='bbox 3188 5573 3237 5605; x_wconf 79' lang='lat'>”</span> <span class='ocrx_word' id='word_1_946' title='bbox 3262 5574 3308 5629; x_wconf 82' lang='lat' dir='ltr'><strong>A</strong></span> <span class='ocrx_word' id='word_1_947' title='bbox 3333 5589 3365 5626; x_wconf 78' lang='lat' dir='ltr'><strong><em>tt</em></strong></span> <span class='ocrx_word' id='word_1_948' title='bbox 3392 5573 3541 5625; x_wconf 84' lang='lat' dir='ltr'><strong><em>simi—</em></strong></span> 
     </span>
    </p>
   </div>
   <div class='ocr_carea' id='block_1_118' title="bbox 2366 5643 3556 5714">
    <p class='ocr_par' dir='ltr' id='par_1_118' title="bbox 2366 5643 3556 5714">
     <span class='ocr_line' id='line_1_120' title="bbox 2366 5643 3556 5714; baseline -0.002 -15"><span class='ocrx_word' id='word_1_949' title='bbox 2366 5645 2412 5677; x_wconf 87' lang='grc'><strong><em>²⁷</em></strong></span> <span class='ocrx_word' id='word_1_950' title='bbox 2438 5643 2698 5699; x_wconf 81' lang='lat' dir='ltr'><strong><em>Naturale</em></strong></span> <span class='ocrx_word' id='word_1_951' title='bbox 2722 5643 2906 5711; x_wconf 79' lang='lat' dir='ltr'><strong><em>quippe</em></strong></span> <span class='ocrx_word' id='word_1_952' title='bbox 2946 5656 3132 5710; x_wconf 84' lang='lat' dir='ltr'><strong><em>corpus</em></strong></span> <span class='ocrx_word' id='word_1_953' title='bbox 3166 5674 3236 5685; x_wconf 75' lang='lat'><strong><em>---</em></strong></span> <span class='ocrx_word' id='word_1_954' title='bbox 3257 5659 3409 5714; x_wconf 75' lang='lat' dir='ltr'><strong><em>posse</em></strong></span> <span class='ocrx_word' id='word_1_955' title='bbox 3441 5657 3556 5697; x_wconf 64' lang='lat' dir='ltr'><strong><em>none</em></strong></span> 
     </span>
    </p>
   </div>
   <div class='ocr_carea' id='block_1_119' title="bbox 1954 5504 2991 5576">
    <p class='ocr_par' dir='ltr' id='par_1_119' title="bbox 1954 5504 2991 5576">
     <span class='ocr_line' id='line_1_121' title="bbox 1954 5504 2991 5576; baseline -0.002 -18"><span class='ocrx_word' id='word_1_956' title='bbox 1954 5506 2113 5575; x_wconf 90' lang='lat' dir='ltr'><strong><em>quod.</em></strong></span> <span class='ocrx_word' id='word_1_957' title='bbox 2145 5574 2152 5576; x_wconf 97' lang='lat'><strong>_</strong></span> <span class='ocrx_word' id='word_1_958' title='bbox 2190 5505 2231 5537; x_wconf 86' lang='lat'><strong>&quot;</strong></span> <span class='ocrx_word' id='word_1_959' title='bbox 2262 5504 2304 5558; x_wconf 83' lang='lat' dir='ltr'><strong>A</strong></span> <span class='ocrx_word' id='word_1_960' title='bbox 2336 5515 2382 5559; x_wconf 89' lang='lat' dir='ltr'><strong><em>et</em></strong></span> <span class='ocrx_word' id='word_1_961' title='bbox 2403 5507 2542 5576; x_wconf 87' lang='lat' dir='ltr'><strong><em>quod</em></strong></span> <span class='ocrx_word' id='word_1_962' title='bbox 2575 5505 2738 5561; x_wconf 88' lang='lat' dir='ltr'><strong><em>oculis</em></strong></span> <span class='ocrx_word' id='word_1_963' title='bbox 2764 5514 2991 5576; x_wconf 77' lang='lat' dir='ltr'><strong><em>gratum.</em></strong></span> 
     </span>
    </p>
   </div>
   <div class='ocr_carea' id='block_1_120' title="bbox 2269 5575 2394 5627">
    <p class='ocr_par' dir='ltr' id='par_1_120' title="bbox 2269 5575 2394 5627">
     <span class='ocr_line' id='line_1_122' title="bbox 2269 5575 2394 5627; baseline 0 0"><span class='ocrx_word' id='word_1_964' title='bbox 2269 5575 2394 5627; x_wconf 79' lang='lat' dir='ltr'><strong><em>&quot;A</em></strong></span> 
     </span>
    </p>
   </div>
  </div>
