3898 6154
384 334 497 397 825
1136 396 1139 397 ν
1284 384 1309 391 -
1752 336 1921 393 JOAN

2092 291 2273 393 scorti
2701 317 2712 326 ’
3045 316 3059 324 ’
3216 317 3235 322 ⁷’
3522 331 3631 388 set

582 406 591 431 Ι

379 462 502 501 eam
549 445 913 502 revolvuntur.
942 446 999 501 In
1027 447 1214 502 eodem
1246 445 1492 515 paradiso
1521 447 1626 502 duo
1658 446 1799 517 ligna
1832 462 1952 503 esse
1976 448 2027 511 Α
2055 448 2238 518 itaque
2269 449 2414 504 omni
2442 448 2605 519 ligno,
2641 450 2691 504 id
2715 458 2799 506 est
2824 449 3063 505 omnium
3088 448 3353 504 bonorum
3389 446 3630 518 plenitu-

381 532 654 608 praefatus
696 537 1014 608 Theologus,
1061 552 1287 608 magnus
1335 537 1585 593 videlicet
1637 538 1950 609 Gregorius,
2055 538 2200 602 dine,
2239 539 2398 609 primi
2447 539 2695 594 homines
2724 538 2862 608 jussi
2900 550 3027 594 sunt
3052 539 3232 594 cibum
3285 554 3527 602 sumere;
3576 550 3634 595 et

382 629 638 697 exponit:
683 644 901 697 quorum
934 628 1044 690 uni,
1076 636 1136 681 ut
1185 628 1262 681 ait
1300 628 1432 696 ipse,
1483 643 1668 682 nomen
1710 637 1787 682 est
1829 636 1951 695 πᾶν,
2056 629 2233 684 adhuc
2261 630 2405 686 omni
2439 631 2622 697 generi
2654 632 2894 686 humano
2920 631 3043 686 inde
3071 631 3255 685 vivere
3284 630 3631 699 praecipitur.

384 719 485 773 hoc
509 730 611 785 est,
637 735 818 779 omne,
843 720 993 774 alteri
1015 737 1129 775 vero
1155 720 1395 793 γνωστόν,
1425 721 1565 788 quod
1590 728 1673 774 est
1692 720 1878 775 scibile
1910 720 1950 774 ι.
2055 719 2319 787 Quoniam
2366 737 2497 775 vero
2520 723 2678 791 primi
2707 730 2959 791 parentes
2993 720 3174 776 cibum
3202 721 3378 776 inde"
3418 737 3633 777 sumere

382 809 547 879 Cujus
590 810 821 863 nominis
847 811 1216 878 interpretatio
1251 811 1295 864 si
1326 811 1394 865 ad
1429 809 1684 879 liquidum
1714 810 1955 878 profera-
2054 811 2365 875 noluerunt,
2416 821 2814 892 praeponentes
2859 813 2907 867 ei
2956 812 3211 882 prohibiti
3244 811 3631 881 iigni'morlite-

383 907 487 960 tur,
519 914 622 952 non
650 900 780 959 satis
822 900 1147 971 intellectum
1179 900 1304 970 ligni
1342 899 1611 969 exprimit.
1643 898 1953 969 Propterea,
2055 917 2176 956 rum
2224 900 2483 963 fructum.
2523 919 2627 958 non
2657 903 2829 958 solum
2876 904 2972 967 illi,
3022 919 3212 957 verum
3266 904 3429 963 etiam
3462 912 3631 957 totum

380 998 439 1041 ut
482 988 691 1044 facilius
736 990 1082 1062 intell'galur,
1128 991 1253 1061 quid
1288 1006 1354 1045 co
1401 991 1544 1060 ligno
1595 990 1953 1060 significatur,
2054 1003 2222 1058 genus
2249 990 2317 1042 ab
2346 991 2426 1045 eis
2459 1001 2842 1062 propagatum,
2884 990 3187 1059 justissimo
3224 992 3408 1046 divino
3432 990 3639 1059 judicio

378 1078 580 1148 placuit
623 1081 774 1135 nobis
816 1084 1040 1155 γνωστὸν
1075 1091 1290 1136 vertere
1333 1082 1386 1136 in
1436 1084 1674 1135 mixtum.
1707 1081 1842 1147 Quid
1873 1087 1957 1134 est
2054 1087 2109 1131 et
2146 1093 2208 1133 ex
2254 1076 2513 1147 dignitate
2544 1092 2771 1135 naturae
2801 1079 3004 1148 expulsi
3031 1088 3156 1135 sunt
3187 1096 3250 1135 ac
3280 1090 3454 1134 morte
3482 1080 3633 1133 dam—

378 1183 506 1237 crgu
551 1174 669 1232 πᾶν,
700 1170 765 1222 de
813 1169 964 1238 cujus
1004 1168 1176 1224 fructu
1221 1171 1406 1240 jussus
1443 1179 1527 1224 est
1576 1170 1734 1224 bomo
1776 1170 1953 1225 cibum
2054 1169 2189 1222 nati.
2223 1169 2452 1224 Videsne
2484 1170 2666 1236 igitur,
2692 1171 2817 1240 quid
2839 1173 3013 1225 omnis
3053 1170 3181 1240 ligni
3214 1168 3473 1223 vocabulo
3496 1167 3633 1237 figu-

379 1257 627 1310 sumcre?
675 1264 779 1313 Πᾶν
828 1259 1068 1327 profecto
1138 1267 1219 1314 est
1281 1260 1410 1313 illud
1461 1258 1687 1329 lignum,
1736 1259 1801 1314 de
1846 1274 1954 1328 quo
2055 1267 2173 1311 rate
2221 1258 2435 1312 divinus
2474 1258 2767 1328 Pmpbeta.
2818 1259 2926 1313 imo
2986 1258 3221 1327 Spiritus
3269 1266 3492 1310 sanctus
3537 1270 3636 1327 per

381 1347 657 1417 Scriptura
681 1349 848 1403 dicit:
880 1349 1239 1420 Produxitque
1269 1350 1519 1404 Dominus
1547 1349 1689 1403 Deus
1710 1350 1773 1402 de
1797 1350 1954 1403 Immo
2052 1344 2377 1415 Prophetam
2425 1348 2731 1418 significare
2755 1348 2954 1402 voluit?
2990 1348 3137 1404 DISC.
3170 1347 3333 1402 Plane
3371 1347 3551 1411 video,
3579 1354 3637 1400 et

379 1454 529 1490 omne
550 1437 744 1506 lignum
789 1437 1064 1507 pulchrum
1091 1440 1199 1493 visu
1237 1448 1286 1493 et
1333 1440 1400 1491 ad
1430 1440 1731 1493 vescendum
1775 1456 1918 1493 suam

2099 1433 2128 1485 il
2157 1435 2324 1497 aliud,
2348 1444 2408 1490 ut
2436 1438 2697 1501 arbitror,
2745 1448 2958 1507 praeter
2987 1439 3153 1493 Deum
3199 1439 3434 1492 Verbum
3459 1437 3638 1490 homi-

379 1527 575 1596 lignum
602 1530 759 1580 etiam
791 1529 922 1582 vitae
960 1529 1016 1580 in
1061 1529 1229 1582 medio
1264 1529 1519 1598 paradisi.
1550 1530 1951 1595 Animadverte,
2055 1538 2176 1577 nem
2208 1524 2408 1579 Γιιειιιιη
2463 1541 2622 1581 omne
2649 1527 2848 1581 bonum
2895 1528 3065 1582 ῑοιίυε
3109 1527 3367 1597 Ρθτὲὶάίείυ
3400 1527 3506 1581 hoc
3552 1536 3640 1580 "$1

379 1620 649 1688 quomodo
678 1635 841 1673 unum
884 1619 1223 1690 idipsumque
1267 1621 1470 1691 ligmnn
1521 1621 1726 1676 duobus
1781 1621 1954 1676 modis
2052 1617 2222 1670 totius
2274 1628 2492 1674 nostrae
2527 1629 2774 1686 naturae,
2805 1629 2860 1675 et
2882 1625 2988 1674 no‘u
3020 1620 3164 1674 aliud
3211 1626 3433 1690 praeter
3459 1619 3641 1687 ipsum.

379 1711 690 1780 prophetica
738 1712 941 1766 tbeoria
990 1721 1046 1767 et
1087 1723 1272 1766 narrat
1303 1722 1379 1766 ct.
1417 1712 1672 1768 nominat.
1710 1711 1947 1766 Primum
2055 1705 2371 1778 subsistere,
2404 1710 2470 1764 de
2495 1725 2603 1779 quo
2640 1711 2945 1774 comedere,
2975 1711 3077 1764 hoc
3106 1718 3208 1771 est,
3231 1711 3321 1780 pio
3358 1708 3637 1764 intellectu

378 1801 593 1870 quidem
645 1816 803 1855 ornne
860 1801 1055 1872 lignum
1105 1802 1240 1856 dixit
1291 1802 1566 1873 pulchrum
1613 1802 1729 1856 visu
1785 1811 1838 1856 ct
1882 1803 1950 1857 ad
1981 1791 2024 1851 Β
2052 1812 2174 1851 eum
2202 1800 2224 1832 ⁸
2273 1802 2550 1871 percipere
2585 1817 2678 1856 seu
2717 1802 2821 1857 fide
2872 1803 3093 1858 credere
3143 1803 3250 1856 vita
3288 1811 3513 1871 aeterna
3556 1810 3640 1858 est

378 1891 699 1945 vescendum
730 1907 912 1954 suave,
958 1901 1012 1946 et
1057 1893 1247 1947 iterum
1286 1893 1484 1962 lignum
1523 1894 1685 1948 etiam
1732 1893 1872 1949 vitae
1904 1895 1957 1949 in
2060 1904 2115 1948 et
2144 1894 2564 1965 incorruptibilis
2611 1896 2835 1959 sanitas,
2881 1896 3129 1967 ignorare
3167 1910 3296 1949 vero
3317 1894 3401 1947 vel
3437 1908 3639 1961 negare

378 1980 556 2035 medio
614 1983 867 2050 paradisi.
903 1984 922 2014 ²
969 1983 1034 2037 Et
1079 1984 1235 2054 paulo
1282 1995 1433 2054 post:
1495 1985 1580 2039 Ea:
1629 1987 1957 2056 omniligno
2061 2000 2207 2039 mors
2253 1994 2474 2040 aeterna
2504 1993 2589 2040 est
2618 1994 2673 2040 et
2709 1985 2916 2040 infinita
2956 1984 3250 2055 corruptio.
3294 1984 3436 2039 MAG.
3477 1983 3639 2040 Clare

377 2070 613 2125 varadisi
659 2071 888 2135 comede,
939 2087 1102 2125 unum
1143 2072 1342 2143 lignum
1387 2088 1546 2128 omne
1570 2074 1770 2143 lignqu
1814 2077 1958 2130 voci-
2059 2074 2339 2143 perspicis.
2388 2075 2576 2130 Restat
2606 2076 2785 2145 itaque
2808 2078 2872 2129 de
2899 2085 3112 2149 γνωστῷ
3150 2076 3364 2139 dicere,
3397 2075 3504 2130 boe
3529 2086 3639 2138 est.

379 2168 518 2212 tans.
577 2158 745 2214 Nemo
801 2176 930 2231 ergo
986 2163 1320 2231 sequentium
1386 2164 1644 2232 praedicti
1701 2163 1956 2235 Theologi
2059 2165 2126 2220 de
2148 2165 2290 2234 ligno
2312 2167 2716 2222 scientiaeboni
2744 2175 2800 2221 et
2820 2167 2963 2221 mali.
2989 2166 3637 2238 Liutdixinius,7moréu

378 2249 676 2303 doctrinam
704 2250 993 2311 existimet,
1023 2251 1072 2304 in
1131 2252 1380 2321 paradiso
1414 2267 1532 2306 esse
1555 2252 1782 2322 plurima
1814 2252 1956 2323 ligna
2058 2269 2165 2307 non
2204 2255 2268 2309 de
2295 2255 2460 2309 verbo
2483 2256 2548 2309 ad
2580 2256 2822 2320 verbum,
2864 2256 2956 2311 sed
3002 2256 3068 2309 de
3115 2271 3275 2310 sensu
3304 2256 3369 2308 ad
3416 2270 3636 2309 sensum

280 2378 285 2383 -
379 2334 713 2397 diversarum
781 2343 1073 2398 formarum
1139 2344 1581 2415 diversorumque
1644 2345 1953 2412 fructuum,
2060 2343 2291 2399 faciliori
2349 2346 2623 2418 intellectu
2672 2347 2894 2399 mixtum
2943 2345 3288 2415 interpretari
3333 2359 3515 2413 posse.
3571 2343 3639 2397 Et

377 2432 540 2486 veluti
580 2432 847 2503 quandam
878 2435 1079 2505 sylvam
1129 2436 1310 2490 multis
1347 2435 1630 2491 arboribus
1657 2436 1953 2506 copiosam,
2057 2442 2141 2488 est
2169 2434 2381 2504 quidem
2424 2436 2643 2508 γνωστὸν
2667 2434 2819 2505 juxta
2850 2432 3147 2502 praefatum
3172 2433 3519 2503 magistrum,
3543 2448 3635 2486 cu-

377 2522 473 2577 sed
522 2522 630 2578 duo
677 2524 1031 2589 solummodo,
1079 2541 1242 2579 unum
1274 2526 1490 2596 quidem
1546 2533 1671 2592 πᾶν,
1724 2527 1953 2582 alterum
2050 2520 2141 2590 jus
2178 2522 2500 2577 sententiam
2525 2524 2591 2579 de
2628 2523 2876 2593 paradiso
2899 2531 2954 2577 et
2984 2522 3279 2592 sequimur,
3302 2535 3357 2575 et
3384 2522 3636 2591 aperien-

375 2628 507 2669 vero
550 2618 793 2686 γνωστόν.
852 2617 916 2672 Et
944 2627 1027 2671 est
1051 2624 1153 2674 πᾶν
1188 2620 1352 2683 ξύλον,
1386 2619 1487 2674 hoc
1525 2627 1630 2681 est,
1686 2635 1837 2674 omne
1885 2620 1914 2673 li

2095 2631 2158 2670 ae
2211 2616 2562 2671 obscuritatis
2610 2617 2783 2688 gratia
2829 2615 3277 2685 recapitulamus,
3325 2616 3536 2670 malitia
3582 2616 3632 2668 iu

375 2721 535 2775 gnum
582 2708 815 2774 paradisi
882 2709 902 2739 ³
947 2706 1177 2763 Verbum
1226 2718 1280 2763 et
1307 2708 1585 2779 Sapientia
1610 2709 1807 2775 Patris,
1847 2714 1952 2768 Do-
2056 2706 2338 2774 phantasia
2366 2705 2490 2761 boni
2519 2706 2779 2769 colorata,
2809 2706 3054 2775 corporis
3102 2704 3123 2736 ’
3173 2705 3421 2759 sensibus
3448 2705 3633 2766 insita,

376 2795 555 2850 minus
579 2805 761 2851 noster
798 2795 952 2853 Jcsus
989 2797 1257 2864 Christus,
1307 2800 1396 2868 qni
1434 2810 1519 2856 est
1565 2816 1725 2856 omne
1752 2802 1954 2871 lignum
2057 2797 2202 2867 ligno
2246 2796 2432 2867 priori,
2482 2797 2624 2867 quod
2650 2804 2733 2851 est
2756 2801 2881 2861 πᾶν,
2913 2795 3132 2850 omnino
3179 2794 3536 2848 contrarium.
3570 2793 3639 2849 Ut

375 2886 804 2953 fructiferum,in
830 2891 1003 2945 medio
1017 2891 1283 2948 humanae
1305 2900 1526 2948 naturae
1550 2893 1781 2962 paradisi
1805 2894 1958 2963 plan-
1988 2954 1993 2965 ί
2057 2889 2201 2943 enim
2232 2890 2284 2943 in
2331 2888 2421 2943 illo
2450 2902 2608 2943 omne
2638 2889 2837 2942 bonum
2869 2887 3193 2956 imaginatur
3228 2894 3283 2939 et.
3334 2900 3497 2939 omne
3543 2885 3639 2941 bo-

376 2989 570 3043 tatum,
602 2979 799 3050 duplici
830 2979 1078 3036 videlicet
1102 2982 1289 3036 modo:
1323 2983 1498 3051 primo
1518 2984 1735 3054 quidem
1761 3000 1955 3040 secun-
2060 2983 2188 3033 num
2210 2987 2315 3043 est,
2347 2978 2419 3032 ita
2449 2979 2501 3032 in
2532 2978 2635 3033 isto
2661 2978 2984 3032 universitas
3007 2977 3170 3032 totius
3201 2974 3345 3029 mali.
3379 2975 3512 3030 Illud
3546 2977 3642 3045 igi-

374 3070 500 3124 dmu
517 3084 669 3125 suam
694 3072 1052 3135 divinitatem,
1082 3086 1185 3142 qua
1201 3082 1443 3129 nostram
1458 3085 1700 3130 naturam
1715 3083 1770 3131 et
1782 3091 1913 3132 crea‘

2097 3082 2147 3120 tr
2170 3073 2255 3121 est
2281 3080 2442 3121 omne
2488 3066 2689 3121 bonum
2735 3080 2863 3119 vere
2909 3065 3227 3130 subsistens,
3272 3065 3391 3139 hoc
3449 3075 3636 3120 autem

374 3170 429 3215 ct
478 3162 738 3226 continet,
786 3173 841 3216 et
885 3163 1074 3228 nutrit,
1099 3128 1162 3217 et
1188 3162 1440 3228 viviﬁcat,
1485 3173 1541 3219 et
1588 3164 1872 3226 illuminat,
1901 3128 1956 3223 et
1983 3128 2028 3191 Ο
2059 3171 2220 3214 omne
2272 3158 2493 3224 malum.
2521 3172 2620 3228 per
2670 3158 3006 3228 phantasiam
3055 3159 3177 3213 boni
3237 3136 3430 3214 oumes
3465 3158 3641 3213 malus

376 3250 612 3316 deificat,
651 3261 706 3306 et
754 3262 953 3319 movet,
998 3261 1198 3308 etesse
1227 3253 1390 3318 facit;
1438 3254 1491 3308 in
1523 3256 1802 3324 ipsoenim
1830 3256 1957 3310 vivi-
2059 3250 2339 3305 seducens.
2380 3248 2488 3304 Cur
2543 3256 2724 3303 autem
2794 3257 3080 3318 utrumque
3128 3247 3353 3319 lignum,
3404 3248 3509 3303 hoc
3556 3258 3642 3303 est

374 3357 492 3396 mus
505 3341 553 3394 ei
570 3357 833 3396 movemur
852 3352 1093 3397 etsumus
1112 3343 1384 3398 :sccundo
1411 3359 1562 3408 vero,
1586 3360 1693 3414 quo
1715 3352 1952 3399 nostram
2057 3356 2217 3397 omne
2245 3341 2469 3412 lignum,
2501 3343 2643 3411 quod
2677 3342 2839 3397 etiam
2871 3341 3073 3411 lignum
3117 3342 3257 3395 vitae
3295 3352 3541 3405 vocatur,
3586 3350 3642 3396 et

376 3438 647 3494 naturam,
703 3438 760 3484 ut
797 3432 1031 3487 salvaret
1077 3447 1220 3495 eam,
1258 3442 1313 3488 et
1347 3433 1402 3488 in
1440 3444 1636 3488 statum
1663 3436 1955 3505 pristinum
2058 3431 2287 3513 alterum
2314 3432 2515 3503 lignum
2558 3432 2817 3489 scientiae
2844 3431 2972 3486 boni
3002 3439 3057 3491 et
3084 3431 3207 3486 mali
3240 3432 3291 3486 iu
3323 3430 3502 3485 medio
3536 3447 3637 3501 pa-

378 3530 678 3585 revocaret,
718 3521 772 3576 iu
818 3523 1076 3577 unitatem
1109 3522 1481 3581 ‘substantiae
1508 3526 1610 3580 sibi
1640 3526 1663 3558 ⁸
1689 3525 1953 3595 adjunxit,
2057 3524 2218 3579 radisi
2250 3534 2715 3605 essenarrautur,‘
2737 3540 2840 3579 nou
2862 3525 3035 3579 otiosa
3066 3534 3149 3579 est
3173 3524 3456 3593 quaestio:
3499 3538 3641 3592 quae

377 3623 439 3667 ut
472 3614 524 3668 in
553 3614 759 3669 duabus
780 3616 987 3670 naturis
1018 3616 1354 3679 subsisteret,
1390 3618 1570 3673 divina
1599 3619 1850 3675 videlicet
1873 3631 1916 3674 at

2097 3629 2259 3680 tmen,
2311 3622 2370 3667 ut
2412 3615 2623 3684 opinor,
2668 3613 2759 3670 tali
2790 3614 2945 3668 modo
2974 3612 3108 3668 solvi
3150 3621 3347 3683 potest.
3368 3611 3427 3669 Si
3453 3613 3497 3645 "
3528 3614 3636 3682 prio

376 3704 759 3772 quebumana.
798 3705 864 3760 Et
908 3706 1011 3762 hoc
1035 3714 1117 3762 est
1163 3708 1304 3776 quod
1337 3707 1617 3778 Scriptura
1655 3711 1731 3765 ait
1762 3728 1775 3765 :
1812 3710 1950 3765 Pro-
2056 3721 2203 3760 mum
2239 3705 2460 3774 quidem
2513 3714 2621 3759 tota
2668 3705 2904 3758 humana
2939 3714 3156 3768 natura,
3181 3703 3414 3759 visibilis
3450 3704 3643 3758 videli-

376 3793 628 3860 daxitque
662 3793 908 3848 Dominus
936 3795 957 3826 ⁸
988 3794 1130 3850 Deus
1171 3796 1236 3850 de
1276 3797 1453 3860 Immo,
1486 3798 1587 3853 hoc
1615 3809 1719 3864 est,
1754 3814 1817 3855 ex
1848 3816 1957 3854 ma-
2056 3805 2142 3852 cet
2171 3806 2227 3852 et
2271 3795 2578 3860 invisibilis,
2614 3795 2851 3859 exterior
2877 3804 2932 3851 et
2974 3795 3217 3860 interior,
3249 3795 3317 3849 ad
3345 3794 3640 3863 imaginem

379 3882 554 3937 teriali
580 3892 761 3939 nostra
792 3894 1003 3949 natura,
1027 3903 1178 3941 omne
1207 3886 1425 3957 lignum,
1455 3888 1557 3944 boc
1585 3900 1688 3956 est,
1716 3892 1952 3965 Verbum
2055 3888 2148 3942 Dei
2178 3887 2339 3951 facta,
2365 3896 2422 3941 et
2444 3896 2666 3956 propter
2698 3895 2974 3956 peccatum
2998 3885 3340 3956 superaddita
3374 3885 3637 3939 intimam

379 3976 738 4043 iucarnatum,
793 3977 846 4031 in
878 3992 984 4046 quo
1014 3985 1069 4032 et
1107 3993 1204 4047 per
1236 3979 1379 4048 quod
1429 3978 1569 4034 facta
1600 3991 1724 4035 sunt
1748 3983 1950 4049 omnia,
2055 3978 2121 4032 da
2158 3976 2409 4039 fuerit“,
2439 3975 2685 4045 quisquis
2711 3975 2890 4043 itaque
2942 3982 3145 4028 textura
3195 3973 3464 4027 sermonis
3488 3973 3645 4027 beat.

377 4075 430 4119 ct
453 4067 594 4134 quod
615 4077 700 4122 est
724 4068 928 4122 omnia.
960 4067 1135 4138 ipsum
1164 4070 1306 4124 enim
1335 4071 1675 4126 solummodo
1697 4080 1780 4127 est
1819 4074 1950 4129 sub-
2054 4068 2299 4139 Gregorii
2333 4068 2399 4122 de
2425 4067 2659 4137 Imagiue
2687 4068 2923 4121 intentus
2952 4064 3245 4134 inspexerit
3266 4064 3332 4127 ι’,
3362 4063 3653 4119 senariam

377 4158 628 4213 stantiale
682 4159 902 4214 bonum.
935 4160 1127 4215 Cetera
1170 4163 1333 4226 enim,
1369 4178 1509 4232 quae
1552 4164 1806 4219 dicuntur
1835 4180 1955 4221 esse
2055 4160 2221 4214 totius
2251 4159 2517 4213 humanae
2547 4164 2770 4211 naturae
2787 4163 2840 4210 et
2870 4155 3195 4226 generaliter
3222 4154 3274 4207 in
3299 4151 3558 4207 omnibus
3588 4162 3651 4207 et

377 4251 539 4315 bona,
591 4267 696 4305 non
727 4266 822 4321 per
866 4267 943 4316 se,
987 4253 1082 4307 sed
1120 4253 1529 4323 participatione
1588 4255 1757 4324 ipsius
1810 4256 1951 4311 bona
2054 4250 2359 4320 specialiter
2414 4250 2466 4303 in
2520 4246 2743 4318 singulis
2781 4247 3122 4317 partitionem
3173 4243 3217 4275 "
3259 4244 3510 4313 reperiet.
3563 4245 3649 4297 Ac

377 4351 526 4406 smn,
556 4342 646 4411 qui
675 4357 850 4411 perse
888 4358 1016 4399 vere
1062 4344 1301 4399 existens
1343 4345 1541 4399 bonum
1568 4355 1669 4409 est,
1700 4354 1755 4400 et
1794 4361 1954 4403 omne
2054 4341 2286 4412 primum
2315 4340 2367 4394 in
2392 4340 2524 4394 duas
2546 4338 2710 4392 veluti
2734 4336 3061 4406 principales
3081 4344 3261 4403 partes
3284 4343 3643 4402 segregatur:

380 4434 598 4497 l-ouum,
639 4443 696 4490 et
728 4434 961 4498 bonitas,
1015 4444 1071 4491 et
1109 4436 1272 4492 totius
1318 4437 1442 4491 boni
1471 4448 1526 4492 et
1551 4438 1808 4494 bonitatis
1834 4438 1955 4496 fons
1982 4473 2037 4534 Β
2060 4443 2114 4487 et
2139 4448 2242 4487 una
2282 4431 2497 4503 quidem
2529 4430 2744 4499 corpori
2772 4428 3113 4497 attribuitur,
3142 4426 3313 4481 altera
3351 4440 3483 4480 vero
3520 4425 3659 4479 ani-.

378 4538 433 4582 et
466 4529 637 4600 origo,
689 4544 853 4585 causa
906 4538 962 4584 et
1008 4530 1362 4601 principium.
1415 4529 1539 4586 linis
1573 4539 1629 4586 et
1665 4530 1952 4602 perfectio,
1982 4518 2033 4534 ”
2061 4526 2295 4581 mae..Et
2319 4541 2383 4578 ea
2413 4524 2653 4594 quidem,
2675 4536 2814 4592 quae
2839 4521 3076 4591 corpori,
3107 4518 3360 4575 exteriori
3385 4518 3650 4574 videlicet

380 4626 558 4673 troius
593 4628 753 4687 atque
787 4618 960 4689 quies,
1005 4619 1237 4674 medium
1268 4630 1323 4676 et
1346 4621 1688 4686 extremitas,
1720 4623 1955 4679 ambitus
2058 4617 2263 4673 homini
2295 4616 2472 4678 datur,
2506 4616 2559 4670 in
2593 4624 2703 4669 tres
2729 4622 2910 4684 partes
2942 4611 3246 4667 rationabili
3277 4609 3527 4665 contuitu
3557 4624 3649 4664 se:

377 4717 434 4762 et
482 4709 654 4773 locus,
702 4709 854 4779 cujus
881 4708 1088 4766 fructus
1125 4710 1236 4765 vita
1266 4720 1484 4767 aeterna
1511 4721 1615 4776 est,
1651 4712 1804 4783 cujus
1828 4728 1955 4771 esus
2058 4716 2302 4779 pal'alur-
2342 4707 2583 4775 Quarum
2612 4705 2788 4776 prima
2837 4720 3033 4775 ροτρυε
3080 4704 3250 4771 ipsum
3279 4710 3365 4757 εει
3406 4701 3647 4755 [omnia

382 4792 636 4866 ga'udium
695 4810 750 4855 et
803 4800 1005 4856 laetitia
1052 4810 1108 4857 et
1143 4801 1441 4859 inell‘abiles
1498 4804 1759 4870 deliciae,
1799 4806 1953 4877 cujus
2057 4798 2286 4855 materia
2334 4797 2684 4852 constitutum
2712 4834 2728 4858 ,
2777 4794 2844 4850 de
2863 4809 2972 4863 quo
2997 4793 3333 4849 solummodo
3355 4791 3648 4862 praedica-

382 4895 629 4958 aspectus
666 4890 890 4960 pulcher
943 4900 1042 4946 est.
1080 4891 1201 4961 ipse
1240 4892 1503 4962 siquidem
1554 4893 1836 4963 pulchrum
1898 4905 1955 4952 et
2036 4880 2148 4948 ‘tur
2191 4907 2336 4954 esse,
2366 4888 2555 4960 quoin
2583 4888 2817 4943 humana
2843 4896 3033 4941 natura
3078 4884 3153 4939 nil
3182 4883 3411 4939 inferius
3442 4883 3649 4938 intelli-

382 4978 725 5048 pulehritudo
760 4981 923 5036 totius
969 4982 1198 5051 pulchri,
1242 4991 1297 5037 et
1340 4982 1756 5052 pulchritudinis
1791 5001 1954 5043 causa
2057 4986 2220 5057 gitur.
2253 4980 2499 5037 Secunda
2551 4994 2678 5048 pars
2702 4988 2786 5033 est
2806 4993 3020 5033 sursum
3053 4992 3260 5057 versus,
3292 4990 3433 5045 quae
3456 4976 3651 5031 multis

380 5077 437 5122 et
461 5068 759 5139 plenitudo,
800 5069 953 5141 cujus
986 5083 1172 5143 gustus
1201 5083 1255 5129 et
1279 5077 1538 5133 comestio
1570 5079 1960 5137 nescitsaturi-
2058 5055 2370 5132 nominibus
2394 5069 2648 5143 appellari
2691 5078 2743 5124 et
2781 5068 2920 5123 solet
2944 5075 2998 5122 et
3025 5055 3221 5137 potest.
3249 5065 3462 5119 Dicilrr
3489 5066 3649 5119 enim

381 5161 579 5223 tatem;
621 5172 687 5213 eo
735 5159 1019 5231 siquidem,
1051 5161 1105 5217 in
1144 5172 1424 5232 quantum,
1465 5167 1587 5235 quis
1615 5169 1867 5237 vescitur,
1902 5171 1955 5227 in
2058 5168 2319 5224 uulritiva
2350 5173 2404 5220 et
2447 5162 2684 5225 auctiva,
2721 5159 2847 5230 quia
2897 5158 3068 5213 nutrit
3090 5170 3286 5226 corpus
3322 5165 3377 5209 et
3407 5158 3570 5224 anget
3590 5160 3652 5208 et

387 5256 594 5317 tantum
648 5249 703 5305 iu
755 5251 1080 5308 desiderium
1109 5256 1358 5311 vescendi
1384 5258 1699 5314 suscitatur.
1749 5260 1826 5316 De
1854 5262 1958 5319 hoc
2059 5261 2299 5318 continet
2328 5258 2381 5313 in
2417 5270 2546 5320 uno,
2582 5268 2651 5308 ne
2685 5250 2730 5283 “
2759 5249 2960 5306 deﬂuat
3001 5258 3055 5305 et
3105 5248 3362 5303 solvatur.
3405 5241 3653 5300 Vocatur

1676 5366 1929 5429 VARIAE
1964 5367 2362 5429 LECTIONES.

505 5471 644 5552 quod
665 5481 751 5552 εει
793 5476 972 5552 scibtr’e
1010 5489 1121 5552 our.
1165 5475 1265 5552 A._
1303 5476 1783 5552 :_Ani_m_adverte—
1805 5484 2041 5552 paradisi
2068 5498 2156 5540 om
2188 5483 2251 5537 A.
2329 5480 2351 5512 ³
2377 5478 2614 5552 paradisi
2636 5476 2834 5552 σιμ-ιδ.
2859 5476 2948 5552 .A:
2961 5475 3002 5529 Ᾱ
3031 5472 3442 5552 universitatem.
3471 5468 3651 5552 “'n

381 5536 559 5620 suci.
605 5540 1177 5620 montivagum-
1245 5547 1265 5620 τ
1301 5544 1391 5602 δίο
1428 5536 1546 5620 CF:
1601 5549 1649 5620 Α
1693 5536 1818 5620 sua
1854 5536 2047 5607 eam.
2078 5536 2332 5605 "nam
2371 5536 2511 5620 am.
2739 5544 2836 5620 sic
2863 5543 2987 5620 cr;
3021 5542 3376 5620 Αροφοηδξτ

385 5609 719 5734 χρὲοῇιξὲἱ
744 5614 963 5737 muns:
1003 5613 1119 5681 cr;
1153 5615 1193 5671 A
1234 5615 1425 5686 fuerat.
1506 5606 1549 5654 ti
1589 5619 1681 5677 Sic.
1705 5619 1789 5676 cr
1816 5638 1830 5689 ;
1862 5606 1917 5677 Αί
1940 5606 2270 5693 perspexerit.
2375 5619 2419 5653 ιι
2460 5618 2550 5675 Sic
2577 5616 2693 5683 CF;
2723 5615 2766 5671 Α
2792 5606 3257 5687 particirauone'm-
3339 5611 3378 5644 “
3406 5609 3496 5666 Sic
3512 5606 3657 5694 CF;
