3898 6154
245 233 339 288 3:5

1047 231 1132 286 DE
1167 229 1503 287 DlViSlONE
1544 227 1892 285 NATURAE.
1932 239 2002 269 —'-
2040 227 2236 282 lJBER
2281 226 2627 296 QUARTUS.

2237 80 2292 118 Ν

3374 233 3476 288 826

243 344 392 400 etiam
423 341 600 397 vitalis
626 351 839 403 motus:
869 355 967 396 nec
1013 342 1302 408 immerito,
1332 342 1474 412 quod
1501 356 1605 394 non
1630 339 1802 394 solum
1833 342 1885 401 Α
1910 338 2074 406 ligna,
2107 345 2209 395 πᾶν
2247 337 2496 394 videlicet
2539 349 2594 395 et
2635 339 2879 412 γνωστόν,
2924 339 3294 410 intelliguntur
3323 361 3335 395 :
3377 337 3497 398 πεῖθ’

243 437 396 489 vitam
432 434 645 502 corpori
694 443 956 502 praestat,
1007 449 1192 487 verum
1242 435 1410 487 etiam
1450 441 1631 487 movet
1674 430 1802 486 illud

242 527 348 580 sive
398 524 642 579 localiter
670 540 764 593 per
791 525 961 593 spatia
986 525 1247 586 locorum,
1277 525 1388 579 sive
1428 539 1522 592 per
1553 539 1806 579 nmneros

239 615 473 669 locorum
519 623 574 668 et
605 624 901 683 temporum
943 631 955 666 :
987 613 1224 668 locorum
1271 629 1412 667 nunc
1439 614 1578 676 dico,
1611 613 1804 682 quibus

239 705 508 775 plenitudo
559 704 923 759 membrorum
957 703 1230 772 impletur,
1292 714 1591 771 temporum
1642 719 1802 767 vero,

238 793 427 862 quibus
475 793 806 846 incrementa
837 803 1074 846 aetatum
1100 792 1166 845 ad
1197 791 1579 861 perfectionem
1608 792 1808 845 ducun-

240 893 339 938 tur.
367 883 549 938 Tertia
583 899 707 952 pars
745 892 846 947 est,
897 898 1036 950 quae
1068 883 1119 936 in
1145 884 1581 952 quinquepertito
1610 898 1803 952 corpo-

240 989 326 1028 reo
366 990 524 1029 sensu
576 975 930 1044 dignoscitur,
961 989 1102 1041 quae
1151 974 1398 1028 videlicet
1427 989 1552 1042 pars
1582 975 1808 1042 phanta-

238 1066 340 1118 sias
364 1064 603 1116 unminm
636 1079 812 1117 rerum
856 1065 870 1094 ⁸
905 1064 1259 1129 sensibilium,
1294 1079 1431 1132 quae
1455 1065 1596 1117 circa
1635 1065 1804 1117 homi-

238 1167 352 1206 nem
382 1153 706 1206 exteriorem
743 1153 1378 1223 intelliguntur,.recipit,
1409 1155 1806 1222 memoriaeque

239 1243 416 1295 tradit.
462 1243 518 1296 In
554 1243 637 1297 bis
680 1244 852 1297 tribus
901 1246 1144 1313 partibus
1177 1255 1320 1299 totus
1362 1247 1602 1299 exterior
1647 1247 1807 1300 homo

237 1332 598 1384 constituitur.
643 1333 870 1387 Interior
895 1348 1023 1386 vero
1052 1333 1233 1393 homo.
1269 1335 1359 1402 qui
1401 1335 1452 1386 in
1486 1335 1664 1388 anima
1695 1335 1805 1389 sola

237 1421 500 1483 subsistit,
540 1430 596 1474 et
637 1423 704 1474 ad
745 1422 1032 1490 imaginem
1070 1422 1165 1476 Dei
1217 1423 1392 1476 l‘actns
1437 1432 1543 1485 est,
1582 1422 1806 1476 alteram

236 1513 558 1580 tripertitam
581 1513 770 1582 recipit
794 1515 1197 1568 discretionem.
1224 1514 1398 1569 liabet
1421 1515 1564 1569 enim
1589 1530 1808 1570 sensum

236 1603 572 1669 interiorem,
616 1620 710 1675 per
735 1619 893 1674 quem
917 1606 1092 1658 anima
1125 1607 1437 1674 phantasias
1469 1607 1807 1661 sensibilium

1907 431 2122 499 quidem
2151 431 2203 484 in
2233 431 2474 486 interiori
2497 447 2679 494 sensu,
2706 434 2932 505 γνωστὸν
2969 449 3096 487 vero
3123 435 3174 488 in
3202 435 3480 492 exteriori.

1906 522 1962 576 ln
2008 523 2248 577 interiori
2286 523 2432 578 enim
2482 524 2698 578 homine
2738 525 2943 579 habitat
2974 527 3174 579 veritas
3221 535 3275 580 et
3321 541 3483 581 omne

1907 616 2128 679 bonum,
2154 617 2294 684 quod
2323 626 2405 670 cst.
2433 614 2667 671 Verbum
2699 616 2814 680 Dei,
2843 617 3010 670 Filius
3027 617 3120 672 Dei
3149 621 3480 689 unigenitus,

1908 701 2165 757 Dominus
2211 713 2394 758 noster
2421 702 2575 758 Jesus
2606 705 2872 769 Christus,
2905 715 3054 759 extra
3086 723 3246 775 quem
3279 709 3480 763 nullum

1911 791 2109 846 honmu
2141 802 2241 856 est,
2274 794 2526 860 quoniam
2575 795 2686 862 ipsc
2727 805 2810 848 est
2854 810 3011 849 onme
3041 812 3224 849 verum
3263 807 3318 851 et
3356 801 3483 851 sub-

1907 882 2160 937 stantiale
2207 883 2405 937 bonum
2437 892 2490 936 et
2519 884 2752 937 bonitas.
2785 884 2881 938 Cui
2911 902 2940 938 e
2972 887 3245 940 contrario
3291 903 3355 940 ex
3405 889 3484 942 di—

1907 986 2059 1026 versa
2108 982 2259 1042 parte
2308 973 2504 1027 malum
2553 984 2608 1030 et
2655 975 2854 1028 malitia
2892 979 3198 1045 Opponitur.
3250 978 3314 1031 Et
3353 980 3478 1046 quia

1906 1077 2066 1115 ornne
2111 1062 2306 1116 malum
2355 1079 2455 1116 nec
2504 1064 2555 1115 in
2605 1074 2795 1116 natura
2833 1080 3010 1118 rerum
3057 1067 3484 1123 substantialitcr

1907 1153 2200 1216 invenitur,
2231 1168 2478 1222 ncquecx
2507 1163 2653 1208 certa
2683 1170 2842 1208 causa
2873 1165 2925 1207 et
2957 1157 3186 1209 naturali
3221 1159 3480 1225 procedit;

1907 1257 2004 1311 per
2032 1258 2089 1296 se
2117 1244 2260 1296 enim
2305 1243 2699 1298 consideratum
2747 1245 2966 1298 omnino
2997 1246 3128 1300 nihil
3155 1256 3236 1300 est
3271 1257 3484 1316 praeter

1910 1335 2332 1389 irrationabilem
2362 1346 2413 1388 et
2444 1351 2754 1404 perversum
2793 1337 3273 1406 imperfectumque
3313 1340 3470 1393 ratio-

1910 1427 2104 1481 nabilis
2155 1436 2383 1482 naturae
2431 1437 2632 1481 motum
2670 1445 2682 1480 :
2715 1428 2910 1481 nullam
2959 1428 3118 1481 aliam
3151 1429 3202 1482 in
3237 1429 3482 1483 universa

1909 1525 2153 1569 creatura
2185 1517 2364 1570 sedem
2416 1517 2636 1585 reperit,
2688 1517 2788 1569 nisi
2839 1517 2928 1570 ubi
2978 1515 3185 1570 falsitas
3227 1517 3486 1586 possidet.

1909 1604 2133 1674 Propria
2163 1617 2343 1663 autem
2384 1605 2632 1659 falsitatis
2665 1607 2931 1674 possessio
2957 1615 3041 1660 est
3069 1621 3259 1660 sensus
3287 1622 3487 1675 corpo-

237 1711 437 1758 rcrum,
486 1712 621 1764 quas
679 1711 774 1765 per
820 1711 1136 1766 corporeum
1183 1712 1401 1751 sensum
1424 1698 1642 1767 excipit,
1697 1699 1807 1754 dis-
1837 1697 1885 1759 B
1913 1710 2054 1749 reus.
2083 1695 2231 1748 Nulla
2261 1697 2401 1749 enim
2434 1697 2535 1749 alia
2571 1713 2698 1766 pars
2727 1699 2991 1752 humanae
3024 1709 3246 1752 naturae
3277 1698 3482 1754 falsita-

234 1787 406 1840 cernit
456 1797 619 1855 atque
673 1787 951 1854 dijudi‘cat.
1003 1788 1203 1842 Deinde
1252 1788 1514 1842 rationem
1546 1789 1804 1858 possidet,

233 1893 327 1946 per
355 1891 519 1945 quan
563 1877 801 1929 omnimn
858 1892 1060 1940 rerum,
1089 1893 1226 1946 quas
1269 1878 1352 1931 vel
1402 1878 1699 1946 intelligere
1726 1880 1808 1933 vel

234 1969 437 2022 sentire
463 1977 662 2038 potest,
697 1969 932 2023 rationes
978 1969 1281 2038 investigat.
1325 1969 1605 2023 Summmn
1638 1971 1811 2024 homi-

231 2065 313 2116 nis
343 2074 430 2117 est
485 2065 720 2125 anilmls,
779 2063 916 2117 ultra
954 2080 1111 2132 quem
1157 2065 1209 2117 in
1250 2064 1480 2118 lmmana
1513 2075 1703 2118 natura
1739 2064 1811 2118 nil

235 2156 482 2222 superius
513 2155 799 2217 invenitur,
846 2156 998 2223 cujus
1035 2157 1309 2224 proprium
1358 2154 1592 2208 ollicium
1623 2164 1724 2218 est,
1757 2163 1812 2209 et

233 2244 542 2310 pzaedietas
571 2254 752 2313 partes
802 2243 1084 2298 inferiores
1119 2261 1177 2299 se
1223 2262 1431 2315 regere,
1472 2258 1525 2300 et
1555 2263 1638 2310 ea,
1672 2262 1811 2316 quae

235 2350 388 2402 Supra
424 2349 486 2388 se
535 2345 681 2397 sunt,
730 2336 896 2390 Deum
950 2352 1104 2390 suum
1137 2338 1405 2417 videlicet,
1445 2348 1499 2392 et
1542 2354 1628 2399 ea,
1673 2354 1813 2408 quae

235 2425 285 2476 in
308 2427 432 2493 ipso
457 2435 511 2479 et
541 2427 782 2493 proxime
809 2427 954 2480 circa
1004 2428 1176 2495 ipsum
1203 2429 1524 2492 subsistunt,
1549 2439 1810 2498 quantum

233 2514 437 2566 sinitur
503 2515 811 2574 ascendere,
885 2516 1262 2585 contemplari.
1355 2517 1582 2572 Videsne
1654 2520 1815 2588 igitur

233 2603 509 2655 senariam
546 2603 811 2658 humanae
843 2614 1068 2658 naturae
1091 2607 1509 2660 discretionem?
1530 2607 1623 2661 Est
1645 2609 1812 2673 enim,

233 2704 287 2746 et
314 2693 470 2755 vivit,
515 2703 570 2746 et
619 2694 781 2747 sentit
812 2709 906 2762 per
937 2710 1133 2762 corpus
1153 2737 1167 2757 ,
1203 2697 1368 2748 sentit
1411 2707 1564 2750 extra
1591 2713 1810 2765 corpus,

235 2786 617 2848 ratiocinalur,
642 2786 907 2854 intelligit.
932 2785 1042 2842 Sed
1068 2788 1152 2840 illa
1181 2788 1308 2852 tria,
1335 2804 1472 2857 quae
1495 2789 1546 2841 in
1574 2787 1812 2842 inferiori

235 2888 385 2944 parte
436 2879 668 2932 hominis
716 2879 736 2908 ¹
782 2888 1214 2946 cognoscuntur,
1277 2880 1641 2948 corruptibilia
1692 2889 1818 2934 sunt

237 2968 601 3035 solutioniqne
682 2969 951 3034 obnoxia;
1009 2969 1274 3022 ternarius
1339 2985 1467 3022 vero
1521 2970 1816 3038 superioris

1913 1783 1982 1836 tis
2024 1798 2263 1837 errorem
2309 1785 2496 1852 recipit
2528 1794 2742 1853 praeter
2769 1801 2983 1840 sensum
3033 1789 3382 1851 exteriorem,
3414 1789 3487 1843 si-

1911 1876 2125 1944 quidem
2169 1892 2264 1946 per
2287 1877 2458 1945 ipsum
2495 1886 2550 1930 et
2579 1877 2804 1930 interior
2838 1894 3048 1938 sensus.
3078 1892 3131 1933 et
3169 1882 3324 1944 ratio,
3370 1881 3482 1951 ipse

1910 1965 2073 2018 etiam
2115 1965 2414 2020 intellectus
2457 1967 2771 2034 saepissime
2810 1967 3030 2021 fallitur.
3065 1970 3120 2022 In
3155 1969 3270 2024 loco
3301 1971 3483 2041 itaque

1911 2055 2942 2126 falsitatisetvanarumphantasiarum,
2979 2061 3079 2115 hoc
3111 2071 3213 2124 cst,
3249 2062 3298 2114 in
3322 2077 3484 2115 sensu

1911 2163 2194 2217 corporeo,
2252 2149 2342 2217 qui
2391 2165 2420 2201 a
2471 2149 2688 2204 Graecis
2723 2149 2958 2213 αἴσθησις
3005 2161 3244 2216 vocatur,
3290 2162 3344 2205 et
3389 2152 3494 2206 sub

1907 2231 2081 2308 ligura
2121 2239 2359 2292 mulieris
2398 2240 2720 2306 insinuatur,
2751 2245 2992 2314 γνωστὸν,
3027 2244 3125 2297 hoc
3152 2253 3255 2307 est,
3291 2243 3486 2313 iignuut

1914 2330 2178 2384 scientiae
2215 2331 2338 2384 boni
2365 2341 2418 2387 et
2448 2333 2574 2386 mali
2602 2336 2973 2397 constituitur,
3007 2335 3208 2388 malitia
3238 2338 3488 2391 videlicet

1914 2419 1967 2472 in
1981 2421 2261 2488 phantasia
2288 2421 2410 2474 boni
2429 2421 2683 2484 colorata,
2703 2423 2785 2475 vel
2819 2424 3016 2477 malum
3042 2425 3432 2496 conliguratum
3464 2430 3484 2461 ⁸

1912 2508 2077 2571 bOnO,
2123 2509 2226 2572 vel,
2268 2519 2324 2562 ut
2360 2511 2674 2579 simpliciter
2700 2513 2898 2576 dicam,
2932 2514 3122 2567 falsum
3155 2515 3374 2578 bonum,
3409 2521 3495 2570 vel

1915 2601 2115 2660 malum
2147 2601 2248 2655 sub
2289 2603 2455 2672 lignra
2492 2603 2612 2657 boui
2659 2603 2850 2668 latens,
2897 2604 3049 2672 cujus
3082 2605 3285 2660 fructus
3324 2608 3490 2670 mixta

1916 2695 2138 2748 scicntia
2169 2703 2273 2757 est,
2306 2695 2405 2747 hoc
2439 2704 2544 2756 est,
2583 2696 2827 2748 confusa.
2861 2696 3222 2750 Confunditur
3248 2698 3390 2751 enim
3423 2714 3488 2751 cx

1917 2784 2059 2836 malo
2087 2783 2306 2845 latente,
2334 2792 2381 2837 cl
2412 2799 2478 2836 ex
2510 2783 2679 2846 forma
2712 2784 2834 2837 boni
2869 2785 3155 2853 patefacta,
3181 2801 3242 2840 ac
3268 2802 3362 2855 per
3395 2787 3494 2840 hoc

1917 2873 2126 2925 seducit
2164 2873 2339 2939 primo
2381 2887 2620 2935 sensum,
2663 2872 2715 2925 in
2761 2888 2866 2940 quo
2895 2884 2998 2937 est,
3033 2875 3190 2928 veluti
3219 2877 3491 2944 quandam

1923 2960 2196 3014 mulierem
2227 2962 2534 3014 discernere
2567 2979 2671 3014 non
2728 2964 2991 3016 Valentem
3034 2966 3172 3018 inter
3211 2967 3491 3027 malitiam,

232 3059 428 3126 partis,
460 3032 547 3124 qui
582 3057 632 3109 in
695 3066 720 3098 ⁸
757 3056 865 3110 sola
892 3032 1071 3110 anima
1097 3059 1315 3111 omnino
1341 3057 1584 3112 absolute
1617 3060 1818 3112 consti-
1843 3032 1889 3094 θ
1921 3067 2056 3120 quae
2095 3052 2244 3113 lalel.
2271 3062 2326 3106 ει
2375 3054 2602 3106 formam
2631 3054 2778 3118 boui,
2810 3071 2913 3124 qua
2945 3055 3055 3124 ipsa
3088 3056 3288 3109 malitia
3321 3057 3494 3109 ambi-

239 3155 380 3201 tulns
411 3157 520 3210 est,
572 3147 992 3214 iucorruptihilis
1037 3157 1091 3200 et
1137 3147 1436 3202 insolubilis
1468 3147 1519 3201 et
1566 3159 1818 3201 aeternus

240 3240 456 3300 merito,
489 3239 612 3292 dum
662 3240 712 3292 in
756 3253 820 3290 eo
852 3239 1027 3307 imago
1069 3237 1280 3292 divinae
1313 3249 1535 3292 naturae
1563 3254 1815 3306 expressa

237 3337 338 3382 est.
370 3329 604 3396 Ideoque
634 3343 664 3382 a
693 3329 930 3390 Graecis,
967 3337 1020 3381 ul
1068 3328 1118 3381 in
1147 3329 1416 3396 prioribus
1445 3328 1597 3382 libris
1631 3330 1820 3382 docui-

236 3432 377 3480 mus,
405 3421 586 3480 οὐσία,
616 3417 854 3492 δῦνσμςς,
886 3429 940 3472 et
979 3418 1198 3495 ἐνέργεια
1247 3419 1518 3488 praefatus
1550 3421 1815 3475 ternarias

239 3508 514 3582 humanae
555 3508 769 3561 animae
795 3508 1082 3570 vocitatur,
1113 3509 1200 3574 qui
1233 3518 1370 3561 teste
1405 3519 1592 3561 sancto
1625 3509 1820 3579 Diony-

241 3599 316 3652 sio
347 3614 453 3651 nec
501 3599 656 3660 solvi,
703 3614 802 3652 nec
849 3599 1139 3666 corrumpi,
1186 3614 1286 3651 nec
1317 3593 1422 3651 ullo
1454 3600 1610 3652 modo
1637 3601 1818 3668 perire

241 3696 435 3753 potest.
473 3686 761 3740 Considera
799 3703 926 3755 ergo
963 3689 1332 3742 extremitates
1361 3689 1626 3743 hmnanae
1657 3700 1817 3744 natu~

243 3793 332 3831 rae
362 3779 532 3831 veluti
574 3779 868 3847 cnjuspiam
897 3780 1128 3848 paradisi
1161 3780 1422 3834 terminos
1461 3795 1674 3834 sursum
1700 3796 1820 3835 ver-

239 3881 328 3920 sus
354 3876 521 3935 atque
547 3865 820 3931 deorsum,
848 3878 999 3923 extra
1028 3885 1162 3938 quos
1193 3869 1332 3923 nulla
1365 3879 1544 3925 creata
1571 3871 1821 3942 intelligi-

243 3969 326 4012 tur
355 3971 576 4014 natura.
607 3962 878 4030 Siquidem
913 3963 1050 4016 ultra
1092 3964 1330 4017 animum
1363 3963 1510 4017 solus
1550 3963 1690 4017 Dens
1715 3973 1817 4028 est,

241 4050 374 4103 infra
407 4053 714 4114 materiam,
745 4068 941 4122 corpus
984 4056 1104 4109 dico
1149 4056 1343 4119 solum,
1381 4057 1510 4110 nihil
1555 4067 1677 4120 est;
1713 4073 1817 4112 non

240 4139 370 4194 illud
401 4140 556 4204 nihil,
582 4145 722 4210 quod
755 4159 849 4212 per
871 4145 1242 4198 excellentiam
1265 4156 1505 4207 naturae,
1539 4147 1632 4200 sed
1665 4147 1812 4209 illud,

239 4236 379 4301 quod
431 4251 530 4305 per
579 4237 929 4304 privationem
981 4239 1145 4291 totius
1191 4248 1414 4293 naturae
1444 4249 1500 4293 et
1537 4241 1734 4294 dicitur
1763 4248 1820 4294 et

239 4326 530 4393 cogitatur.
562 4325 804 4380 lnrcnics
835 4328 1034 4395 itaque,
1076 4329 1126 4381 ni
1159 4328 1345 4390 fallor,
1389 4331 1625 4384 animum
1669 4348 1817 4386 sum-

240 4429 384 4468 mum
415 4403 643 4470 naturae
672 4403 934 4471 humanae
968 4417 1140 4472 locum
1171 4419 1438 4484 obtinere,
1471 4437 1665 4490 corpus
1691 4437 1818 4476 vero

240 4504 523 4557 materiale
570 4505 832 4559 inliumm.
885 4508 1094 4562 Intuere
1144 4510 1310 4563 etiam
1358 4511 1531 4564 media
1579 4512 1818 4580 ejusdem

240 4601 490 4652 naturae,
531 4603 585 4645 et
629 4593 865 4647 invenies
896 4595 1030 4648 infra
1073 4597 1311 4651 animmn
1359 4600 1608 4668 superius
1654 4602 1821 4655 ratio-

239 4696 384 4746 nem,
413 4696 580 4748 supra
617 4697 810 4750 corpus
837 4683 1059 4738 inferius
1098 4687 1312 4740 vitalem
1353 4698 1576 4752 motum,
1607 4691 1821 4744 nutriti-

239 4784 360 4824 vam
391 4773 520 4825 dico
545 4771 744 4837 vitam;
793 4782 848 4826 et
891 4773 1082 4828 iterum
1115 4775 1312 4844 inipsa
1348 4776 1634 4832 medietate
1666 4787 1819 4831 natu-

240 4875 353 4925 rae,
381 4861 554 4915 vcluti
587 4861 638 4916 in
674 4863 848 4916 medio
875 4864 1130 4933 paradisi,
1171 4867 1306 4920 duos
1332 4881 1557 4932 sensus,
1577 4869 1815 4924 exterio-

241 4967 353 5006 rem
399 4953 672 5018 videlicet,
697 4955 846 5008 vitali
878 4957 1042 5010 motui
1073 4957 1392 5027 corporique
1417 4958 1818 5024 adhaerentem,

238 5051 291 5096 et
337 5043 682 5105 interiorem,
727 5045 919 5100 rationi
973 5046 1259 5116 animoque
1289 5047 1726 5116 inseparabiliter
1763 5057 1823 5116 et

240 5132 781 5188 consubstantialiter
811 5133 831 5161 ‘
853 5135 1214 5206 conjunctmn.
1239 5136 1296 5192 ln
1319 5138 1404 5193 his
1428 5139 1592 5209 igitur
1615 5141 1822 5194 duobus

240 5222 520 5285 sensibus,
553 5221 714 5276 veluti
742 5223 795 5276 in
822 5225 1141 5292 quibusdam
1171 5225 1380 5282 duobus
1409 5227 1542 5282 locis
1593 5229 1755 5284 medii
1801 5230 1824 5261 '

241 5309 524 5367 humanae
572 5323 797 5371 naturae
855 5318 1114 5386 paradisi,
1167 5318 1272 5373 duo
1329 5319 1413 5373 illa
1469 5320 1826 5393 intelligibilia

1919 3149 2024 3194 tur.
2073 3139 2272 3192 Malitia
2323 3141 2590 3208 siquidem
2640 3158 2736 3211 per
2773 3157 2831 3195 se
2863 3143 3178 3197 deformitas
3226 3143 3492 3211 quaedam

1914 3242 2000 3286 cst
2038 3241 2092 3285 et
2119 3232 2494 3286 ahominabilis
2527 3234 2823 3302 turpitudo,
2851 3251 3010 3303 quam
3043 3236 3086 3288 si
3137 3247 3231 3304 per
3259 3237 3492 3303 seipsain

1917 3339 2106 3378 errans
2131 3340 2322 3378 sensus
2347 3336 2712 3392 cognosceret,
2745 3342 2850 3379 non
2879 3327 3049 3380 solum
3097 3343 3200 3378 non
3243 3341 3496 3394 sequere-

1920 3424 2026 3478 tur,
2075 3431 2249 3484 neque
2277 3431 2339 3468 ca
2371 3415 2742 3479 delectaretur,
2781 3431 2965 3470 verum
2994 3416 3154 3468 etiam
3204 3413 3412 3484 fugeret
3440 3426 3496 3470 et

1919 3505 2257 3557 abhorreret.
2306 3504 2468 3556 Errat
2509 3518 2686 3558 autem
2733 3505 2990 3574 insipiens
3035 3520 3244 3570 sensus,
3295 3522 3358 3559 ac
3401 3521 3497 3575 per

1920 3595 2020 3648 hoc
2049 3577 2330 3664 decipitur,
2361 3595 2586 3650 credens
2633 3597 2832 3650 malum
2883 3598 3080 3651 bonum
3111 3607 3164 3652 ct
3209 3599 3498 3668 pulchrum

1919 3699 2060 3751 esse,
2091 3696 2145 3740 et
2166 3688 2233 3739 ad
2264 3702 2417 3740 usum
2445 3703 2628 3742 suave.
2663 3687 2823 3744 Verbi
2869 3691 3061 3760 gratia,
3090 3698 3146 3744 ut
3176 3691 3358 3760 aliquo
3385 3701 3500 3745 uta-

1921 3793 2042 3830 mur
2070 3776 2339 3846 exemplo,
2385 3779 2510 3831 dum
2554 3779 2835 3847 phantasia
2881 3781 3018 3842 auri,
3066 3780 3148 3834 vel
3197 3781 3500 3851 cuiuspiam

1920 3865 2192 3919 sensibilis
2217 3868 2477 3920 materiae
2505 3882 2766 3936 corporeo
2795 3869 2975 3922 sensui
3011 3869 3354 3936 imprimitur,
3384 3873 3491 3941 ipse

1919 3958 2202 4026 phantasia
2256 3957 2476 4027 pulchra
2523 3966 2683 4026 atque
2733 3957 2964 4012 formosa
3016 3960 3244 4022 videtur,
3275 3964 3401 4028 quia
3432 3963 3499 4014 de

1919 4059 2165 4104 creatura
2195 4051 2332 4103 bona
2353 4049 2688 4102 extrinsecus
2711 4060 2984 4118 assumpta
3011 4060 3089 4102 est
3114 4065 3128 4113 ;
3159 4052 3250 4103 sed
3284 4051 3496 4113 mulier,

1923 4142 2024 4195 hoc
2053 4150 2155 4204 est,
2187 4140 2422 4195 carnalis
2455 4154 2646 4193 sensus
2677 4141 3012 4208 decipituret
3041 4141 3363 4204 delectatur,
3388 4157 3494 4195 non

1921 4235 2158 4287 sentiens
2187 4233 2440 4286 latentem
2472 4231 2572 4286 sub
2609 4231 2720 4299 ipsa
2763 4231 2896 4285 falsa
2927 4239 2980 4285 et
3025 4232 3357 4299 phantastica
3389 4233 3498 4302 pul-

1921 4324 2224 4379 chritudine
2247 4323 2529 4385 malitiam,
2565 4323 2666 4376 hoc
2704 4317 2804 4384 est,
2845 4322 3228 4392 philargyrtam
3256 4323 3303 4386 ",
3350 4338 3490 4382 auiae

1922 4427 1995 4468 est
2023 4415 2174 4466 radix
2203 4415 2433 4466 omnium
2463 4412 2740 4467 malorum.
2771 4411 2873 4478 Qui
2902 4413 3082 4466 viderit
3122 4415 3392 4466 mulierem
3427 4415 3496 4466 ad

1922 4503 2386 4570 concupiscendum
2408 4519 2541 4564 eam,
2567 4502 2823 4555 Dominus
2850 4502 3040 4570 inquit,
3057 4502 3172 4570 jam
3200 4505 3498 4556 moechatus

1921 4604 1996 4648 est
2033 4595 2087 4647 in
2127 4593 2282 4646 corde
2308 4610 2419 4646 suo.
2458 4592 2534 4645 Ac
2568 4592 2610 4645 si
2640 4602 2824 4660 aperte
2858 4592 3061 4646 diceret
3095 4608 3108 4644 :
3142 4591 3243 4658 Qui
3275 4592 3499 4660 phanta-

1923 4685 2058 4737 siam
2085 4681 2151 4736 de
2191 4681 2362 4736 forma
2407 4679 2638 4734 fenunea
2679 4697 2778 4734 suo
2817 4680 3022 4733 carnali
3072 4681 3245 4750 infigit
3292 4683 3494 4746 sensui,

1917 4775 2029 4844 jam
2065 4775 2378 4828 moechatus
2402 4781 2481 4826 est
2511 4773 2563 4826 in
2597 4773 2918 4842 cogitatione
2944 4787 3060 4835 sua,
3101 4783 3355 4843 appetens
3383 4785 3498 4827 tur-

1923 4865 2216 4937 pitudinem
2267 4864 2522 4926 libidinis,
2585 4877 2723 4930 quae
2767 4877 2825 4916 se
2870 4862 3100 4916 latenter
3141 4865 3364 4918 attrahit
3398 4867 3498 4919 sub

1925 4952 2056 5011 falsa
2087 4956 2173 5010 illa
2211 4955 2486 5009 muliebris
2523 4953 2732 5008 formae
2760 4953 3159 5020 imaginatione.
3188 4954 3282 5009 Est
3309 4955 3495 5024 igitur,

1924 5058 1984 5102 ut
2011 5045 2398 5118 praediximus,
2443 5044 2644 5111 lignum
2671 5044 2926 5098 scientiae
2955 5046 3079 5100 boni
3105 5056 3160 5100 et
3185 5046 3312 5100 mali
3348 5046 3503 5104 trali-

1928 5139 1998 5192 lia
2026 5137 2326 5207 perniciosa
2355 5133 2763 5202 mortiferaque,
2790 5134 2842 5188 in
2866 5136 3030 5205 ligura
3047 5133 3496 5204 boniimaginata,

1926 5241 1982 5286 et
2014 5232 2117 5284 hoc
2160 5230 2360 5300 lignum
2389 5227 2410 5259 ⁸
2438 5227 2600 5282 veluti
2651 5227 2791 5281 intra
2835 5227 3103 5297 quandam
3134 5227 3409 5287 feminam,
3444 5225 3498 5280 in

1931 5321 2135 5378 carnali
2167 5321 2372 5376 scilicet
2396 5319 2416 5350 '
2444 5335 2628 5382 sensu,
2658 5335 2816 5389 quem
2867 5319 3091 5388 decipit,
3116 5319 3494 5381 constitutum;

1521 5438 1604 5490 VA
1614 5437 1775 5494 RIAE
1812 5434 2212 5494 LECTIONES.

437 5523 895 5598 rerumomnium.
993 5524 1016 5598 ξ
1041 5523 1131 5577 Sic
1158 5523 1273 5589 CF;
1306 5525 1352 5598 Α
1375 5527 1597 5598 agminis
1616 5539 1783 5598 parte.

1868 5528 1889 5560 ³
1919 5529 1973 5582 in
1999 5542 2105 5581 om.
2133 5526 2196 5579 A.

2299 5523 2319 5554 ⁸
2347 5523 2436 5578 Sic
2461 5524 2524 5587 lt;
2558 5522 2642 5578 CF
2673 5520 3101 5575 constantinliler.
3192 5518 3314 5574 'Sic
3334 5518 3438 5582 CF;
3458 5524 3503 5578 Λ

199 5623 208 5630 ι
241 5589 455 5641 mdiis.
534 5588 554 5618 ⁸
579 5589 666 5645 Sic
686 5590 800 5656 CF;
830 5593 958 5646 Aes!
986 5588 1282 5663 ﬁguratum.
1331 5596 1352 5626 τ
1375 5594 1459 5650 CF
1498 5588 1829 5668 pliiliirgiam.
1883 5599 1904 5629 '
1927 5598 2017 5653 Sic
2047 5596 2152 5661 CF;
2172 5597 2212 5649 A
2243 5595 2569 5662 est’lignum.
2625 5594 2646 5625 ’
2668 5592 2757 5645 Sic
2787 5589 2890 5656 CF;
2921 5592 2960 5644 Α
2981 5589 3177 5644 scilicet
3200 5593 3253 5645 in
3277 5592 3500 5648 cameli.
