3898 6154
513 265 615 320 827

1868 264 1887 276 ‘
1901 246 2179 306 lOANNiS
2215 248 2408 306 SCOTI
3613 259 3696 315 κῃ

508 380 600 435 cui
648 373 825 434 sensui
871 374 917 430 si
965 372 1176 427 animus
1222 366 1582 431 consenserit,
1620 363 1786 420 totius
1824 364 2093 419 humanae
2110 368 2171 426 Ἀ
2200 364 2548 419 inferuntur:
2584 365 2636 420 in
2680 372 2941 435 quantum
2990 379 3118 421 vero
3157 364 3320 435 ipsum
3353 366 3528 424 malum
3556 368 3694 431 forma

510 483 738 525 naturae
770 466 788 498 ί
816 464 1096 534 integritas
1124 458 1506 527 corrumpitur.
1542 454 1918 510 Excelsissima
1941 467 2091 507 nomo

510 575 618 630 que
675 564 899 611 naturae
953 558 1104 622 parte
1155 546 1588 619 praevaricante,
1640 542 1817 613 qualis
1867 541 2095 596 inferior

502 650 655 704 salva
689 643 1021 701 remanebit?
1049 640 1216 710 Cujus
1245 638 1372 708 ligni
1402 636 1609 691 fructus
1624 637 1792 690 mixta
1819 635 1839 666 '
1869 633 2093 688 scientia

510 752 593 793 est
632 753 697 792 ex
735 737 874 790 bono
900 741 955 787 et
985 733 1152 795 malo,
1186 732 1288 784 hoc
1313 738 1416 794 est,
1447 727 1770 782 indiscretus
1797 724 1922 778 mali
1952 724 2094 778 bono

512 826 788 897 tmaginati
821 823 1112 893 appetitus,
1143 828 1197 875 et
1241 834 1414 883 amor,
1458 824 1514 871 et
1539 814 2009 884 'concupiscentia,
2039 820 2095 867 et

509 919 813 980 delectatio,
845 931 943 985 per
971 928 1131 983 quam
1163 911 1182 942 ³
1213 910 1374 964 veluti
1408 922 1505 977 per
1530 907 1796 975 quendam
1814 903 2093 958 colubrum

507 1011 767 1079 antiquus
809 1005 980 1061 hostis
1012 1002 1230 1058 humani
1276 998 1490 1069 generis
1540 997 1715 1066 primo
1754 994 2095 1066 praevarica-

509 1099 708 1151 tionem
736 1094 928 1157 suasit,
944 1092 1137 1147 deinde
1162 1099 1390 1143 mortem
1408 1087 1574 1141 totius
1601 1092 1828 1140 naturae
1851 1082 2050 1152 adjecit
2075 1097 2089 1135 :

505 1185 722 1242 animae
751 1185 966 1255 quidem
1013 1181 1313 1236 deserentis
1346 1180 1540 1239 Deum,
1585 1176 1830 1245 corporis
1861 1190 1991 1230 vero
2027 1174 2093 1228 ab

505 1280 687 1332 anima
733 1275 950 1330 deserti.
993 1271 1231 1326 Scientia
1265 1270 1443 1338 itaque
1484 1267 1539 1321 in
1571 1266 1675 1321 hoc
1706 1266 1821 1319 loco
1867 1280 1971 1319 non
2002 1264 2096 1317 do-

509 1376 740 1428 ctrinam
768 1365 1035 1438 quandam
1062 1362 1386 1432 cognitionis
1406 1371 1461 1414 et
1503 1357 1902 1428 dijudicationis
1942 1363 2096 1425 natu—

509 1476 732 1521 rarum,
800 1457 895 1511 sed
975 1453 1223 1508 illicitum
1302 1459 1505 1525 motum
1580 1458 1743 1517 atque
1810 1443 2092 1500 confusum

508 1553 806 1625 appetitum
863 1548 929 1603 ad
976 1543 1467 1615 concupiscendum
1520 1541 1762 1603 malum,
1816 1540 1919 1594 hoc
1966 1544 2091 1601 est,

508 1655 790 1716 pecmttmt
835 1639 1204 1695 similitudinis
1242 1636 1367 1690 boni
1408 1634 1541 1689 falsa
1586 1633 1765 1703 specie
1801 1629 2092 1685 seducendi

2196 454 2322 509 boni
2356 455 2642 521 ambitum,
2690 469 2755 509 ac
2797 470 2893 525 per
2938 454 3171 526 seipsum
3201 454 3414 513 informe
3435 467 3484 513 et
3502 460 3696 532 incogni-

2198 554 2310 599 tum
2356 546 2557 600 malum
2587 552 2690 609 est,
2732 560 2833 600 nec
2876 561 2904 600 a
2933 546 3043 600 Deo
3082 561 3198 602 esse
3238 550 3279 612 ',
3325 551 3515 611 necab
3554 552 3694 623 aliqua

2196 651 2358 690 causa
2386 645 2630 692 certa-ac
2658 636 2915 691 definita?
2949 636 3143 692 Malum
3167 639 3415 708 siquidem
3438 644 3610 698 varium
3631 655 3696 701 est

2195 735 2251 781 et
2278 727 2572 792 incausale,
2607 728 2860 797 quoniam
2892 728 2946 782 in
2976 743 3156 782 rerum
3184 737 3366 783 natura
3388 732 3576 786 omnino
3593 735 3691 787 sub-

2192 816 2522 870 stantialiter
2564 832 2670 871 non
2715 817 3008 871 invenitur.
3057 816 3191 872 Illud
3237 818 3390 886 igitur
3427 819 3612 889 lignum,
3651 824 3691 878 in

2195 916 2458 977 quantum
2482 907 2680 975 malum
2710 915 2813 972 est,
2846 906 2977 961 nulli
3004 921 3198 962 causae
3222 907 3457 974 refertur,
3485 909 3588 978 quia
3606 925 3692 965 ωηο

2197 999 2325 1053 nino
2366 998 2498 1052 nihil
2547 1006 2631 1052 est
2661 1014 2677 1052 :
2703 999 2756 1052 in
2787 1006 3048 1068 quantum
3076 1012 3204 1053 vero
3234 997 3479 1053 formatur
3498 1001 3627 1066 bono,
3650 1011 3693 1056 ut

2198 1089 2442 1143 incautos
2466 1088 2720 1158 decipiat,
2751 1090 3008 1157 quoniam
3036 1089 3258 1143 materia
3290 1088 3389 1153 illa,
3416 1088 3548 1157 cujus
3567 1091 3692 1160 phan-

2197 1181 2332 1235 tasia
2378 1180 2662 1244 formatur,
2713 1194 2778 1234 ex
2822 1179 3064 1234 omnium
3109 1178 3364 1233 bonorum
3396 1181 3690 1235 conditoreet

2196 1270 2341 1326 facta
2381 1278 2486 1336 est,
2534 1279 2589 1325 et
2633 1271 2774 1325 bona
2806 1278 2906 1333 est,
2944 1285 3051 1326 non
3079 1271 3296 1324 omnino
3326 1269 3522 1324 malum.
3546 1269 3689 1324 Forma

2196 1356 2402 1431 i'ta'que,
2428 1375 2526 1431 per
2553 1375 2714 1431 quam
2744 1361 2942 1415 malum
2966 1361 3176 1416 seducit
3195 1375 3305 1423 eos,
3327 1376 3449 1430 quos
3472 1361 3690 1426 interimit,

2195 1452 2335 1506 bona
2375 1460 2481 1516 est,
2529 1452 2784 1521 quoniam
2833 1449 3135 1521 eujuspia'm
3169 1452 3288 1506 boni
3323 1451 3570 1519 phantasia
3599 1461 3688 1505 est:

2197 1542 2370 1610 ipsum
2395 1554 2526 1595 vero
2546 1540 2745 1594 malum
2768 1541 2989 1594 omnino
3011 1540 3210 1593 malum
3234 1549 3333 1605 est,
3351 1547 3440 1594 eta
3455 1539 3575 1593 nullo
3590 1539 3692 1593 bono

2198 1631 2419 1696 factum,
2450 1632 2704 1701 quoniam
2745 1631 2890 1685 omni
2941 1631 3080 1684 bono
3122 1639 3206 1684 est
3244 1631 3558 1684 contrarium.
3594 1628 3691 1683 Pro-

507 1709 679 1806 gratia
719 1731 1015 1787 coloratum
1055 1727 1345 1797 significat.
1377 1723 1484 1779 Sed
1530 1721 1778 1777 fortassis
1829 1732 2091 1790 quaerere
2122 1709 2168 1770 Β
2200 1723 2323 1777 inde
2351 1723 2394 1775 si
2426 1730 2675 1775 naturam
2697 1721 3131 1792 phantasiarum,
3157 1722 3344 1791 quibus
3362 1720 3595 1776 celeratur
3610 1735 3692 1773 ma-

508 1826 611 1888 vis,
644 1832 824 1876 utrmn
862 1820 1004 1875 Dens
1049 1818 1154 1872 tale
1199 1816 1437 1887 lignum,
1485 1812 1640 1882 cujus
1699 1810 1904 1865 fructus
1957 1809 2092 1861 mix-

514 1925 601 1969 tus
664 1923 823 1982 atque
877 1908 1135 1965 confusus
1190 1905 1458 1977 appetitus
1503 1911 1585 1958 est
1642 1902 1767 1957 boni
1811 1908 1864 1954 et
1923 1897 2089 1961 mali,

504 2004 659 2074 cujus
715 2014 908 2058 natura
960 2009 1045 2056 est
1098 1998 1297 2053 malum
1372 1994 1655 2065 phantasia
1708 1990 1830 2046 boni
1887 1988 2093 2043 colora-

506 2105 645 2161 tutn,
677 2096 830 2164 cujus
858 2108 982 2147 esca
1006 2105 1168 2145 causa
1193 2088 1381 2142 mortis
1407 2086 1607 2147 extitit,
1639 2084 1693 2137 in
1712 2082 1965 2153 paradiso
1992 2082 2092 2134 int-

506 2200 700 2240 manae
732 2192 956 2237 naturae
982 2178 1273 2249 plantavit?
1302 2178 1445 2231 Dtsc.
1484 2173 1738 2229 Profecto
1771 2187 1994 2242 quaero.
2039 2179 2094 2225 ct

507 2290 608 2329 nec
630 2274 801 2328 otiose
837 2270 1203 2340 quaerendum
1234 2266 1415 2321 video.
1453 2264 1509 2319 Si
1547 2265 1690 2319 enim
1719 2263 1859 2316 Deus
1889 2263 2094 2317 creavit

507 2366 660 2431 illud,
706 2363 952 2418 fortassis
999 2359 1372 2415 aestimabitur
1397 2357 1645 2412 conditor
1672 2354 1817 2419 mali,
1848 2361 1904 2407 et
1932 2367 2092 2406 causa

506 2455 699 2511 mortis
738 2468 879 2517 esse,
919 2451 1061 2522 quod
1106 2449 1482 2519 impiissimum
1520 2454 1605 2501 est
1633 2446 1700 2500 de
1730 2453 1949 2499 auctore
1978 2457 2094 2497 om-

505 2545 653 2598 nium
705 2542 968 2597 bonorum
1014 2540 1215 2603 dicere,
1278 2545 1484 2607 quanto
1533 2535 1706 2605 magis
1749 2532 1970 2590 credere
2011 2530 2093 2585 vel

502 2633 838 2688 existimare.
882 2631 938 2686 Si
963 2639 1143 2685 autem
1175 2643 1206 2682 a
1232 2629 1342 2683 Deo
1371 2642 1477 2681 non
1501 2634 1586 2681 est
1608 2626 1927 2696 plantatum,
1949 2622 2093 2678 unde

505 2722 635 2774 illud
667 2716 907 2774 naturae’
922 2719 1190 2772 humanae
1213 2726 1298 2771 est
1330 2714 1590 2769 insitum?
1621 2714 1756 2769 Μλο.
1783 2713 1967 2768 Primo
1992 2712 2094 2765 ita-

504 2828 612 2880 que
637 2810 966 2865 consulenda
991 2817 1075 2863 est
1100 2822 1255 2864 sacra
1285 2805 1587 2876 Scriptura,
1615 2819 1755 2874 quae
1785 2805 2093 2859 incunctan-

505 2912 591 2957 ter
619 2901 749 2957 illud
779 2900 1004 2973 lignum,
1047 2898 1192 2969 quod
1234 2905 1318 2952 est
1360 2902 1484 2960 πᾶν,
1516 2896 1582 2949 ad
1622 2895 1857 2948 divinam
1884 2893 2093 2963 planta—

507 2995 707 3048 tionem
747 2992 1018 3061 pertinere
1048 2998 1303 3054 testatur,
1335 2989 1521 3042 dicens
1547 3005 1560 3040 :
1599 2985 1955 3054 Produxitque
1987 2983 2093 3037 Do-

2195 1813 2328 1876 lum,
2361 1813 2503 1881 quod
2550 1827 2649 1881 per
2697 1812 2935 1883 seipsum
2980 1825 3242 1882 apparere
3272 1827 3370 1865 non
3397 1819 3561 1881 potest,
3593 1823 3693 1877 quo-

2195 1905 2342 1958 niam
2385 1902 2615 1957 informe
2664 1911 2719 1957 et
2760 1902 3001 1958 deforme
3029 1912 3084 1958 et
3112 1913 3265 1973 turpe
3293 1912 3373 1958 est
3393 1913 3443 1957 et
3464 1900 3689 1964 incausale,

2196 1994 2316 2063 quis
2330 2003 2486 2057 acute
2503 1994 2797 2063 inspexerit
2817 1994 2883 2058 κο,
2904 1995 3070 2061 ipsam
3093 1993 3334 2063 profecto
3345 1993 3691 2048 omninobonam

2194 2087 2447 2156 reperiet.
2473 2085 2626 2152 Quod
2659 2086 2749 2141 tali
2781 2095 3098 2156 argumento
3126 2086 3532 2141 manifestissime
3549 2099 3690 2154 possu-

2195 2192 2315 2231 mus
2353 2178 2670 2247 approbare.
2727 2176 2996 2231 Ponamus
3038 2178 3077 2219 ι¹
3139 2178 3272 2232 duos
3316 2177 3550 2239 homines,
3569 2188 3689 2227 unum

2194 2267 2409 2335 quidem
2446 2267 2769 2335 sapientem,
2791 2275 2850 2320 et
2877 2266 3022 2321 nullo
3056 2268 3217 2321 modo
3243 2268 3482 2320 avaritiae
3518 2261 3690 2317 stimulis

2196 2356 2468 2411 titillatum
2516 2372 2608 2411 seu
2651 2340 3066 2426 compunctum;
3098 2358 3323 2412 alterum
3362 2373 3475 2411 vero
3505 2354 3689 2416 stultum,

2196 2464 2441 2527 avarum,
2487 2449 2707 2503 omnino
2748 2463 3041 2517 perversae
3079 2450 3384 2518 cupiditatis
3411 2446 3582 2502 aculeis
3601 2458 3693 2497 eon-

2195 2539 2360 2593 fixum
2389 2554 2453 2592 ac
2478 2539 2795 2593 laceratum.
2829 2538 2923 2593 His
2949 2540 3160 2595 duobus
3186 2556 3290 2595 uno
3318 2540 3426 2594 loco
3448 2534 3690 2593 constitutis

2196 2627 2455 2683 all'eratur
2480 2643 2576 2682 vas
2606 2627 2819 2696 aliquod
2848 2629 3037 2683 olirizo
3070 2645 3207 2683 auro
3242 2628 3451 2691 factum,
3479 2623 3692 2695 pretiosis-

2194 2720 2350 2775 simis
2396 2720 2626 2790 gemmis
2669 2719 3004 2785 decoratum,
3032 2720 3205 2776 forma
3231 2719 3559 2791 pulcherrima
3586 2728 3694 2771 corn-

2195 2809 2658 2881 positmntregali
2708 2825 2810 2864 usu
2858 2811 3099 2880 dignum.
3136 2811 3309 2865 Ambo
3334 2810 3448 2864 illud
3470 2805 3697 2877 aspiciunt,

2197 2902 2414 2970 sapiens
2443 2900 2693 2965 videlicet
2722 2910 2781 2953 et.
2802 2915 3018 2965 avarus,
3046 2901 3211 2955 ambo
3244 2900 3403 2970 ipsius
3425 2897 3548 2952 vasis
3566 2893 3696 2964 phan-

2200 2991 2394 3044 tasiam
2435 2990 2535 3044 uno
2576 3002 2837 3059 corporeo
2868 3004 3027 3043 sensu
3060 2990 3343 3057 recipiunt,
3373 2986 3617 3043 memoriae
3637 2982 3699 3035 ia-

504 3083 678 3136 minus
713 3050 851 3136 licus
886 3080 950 3134 de
989 3081 1147 3133 humo
1206 3076 1228 3108 ⁸
1263 3050 1417 3131 (inme
1444 3075 1643 3146 lignum
1681 3050 1955 3144 ρυιειινὶηη
1981 3073 2093 3149 εἴδεα
2122 3050 2171 3116 c
2203 3081 2394 3152 figunt,
2426 3050 2754 3150 cogitatione
2786 3089 3036 3135 tractant.
3073 3080 3139 3134 Et
3168 3050 3378 3152 sapiens
3400 3078 3586 3150 quidem
3603 3074 3699 3129 siui-

505 3183 554 3226 et
589 3174 658 3226 ad
699 3172 1004 3227 vescendum
1039 3184 1243 3233 suave;
1279 3182 1345 3222 ac
1370 3166 1533 3221 veluti
1566 3166 1736 3234 ipsius
1759 3162 1909 3233 ligni,
1950 3162 2093 3232 quod

503 3274 592 3319 est
634 3280 804 3327 autne,
847 3262 1165 3333 qualitatem
1186 3259 1519 3329 explanatis:
1551 3257 1747 3327 lignum
1777 3256 1931 3310 etiam
1959 3256 2092 3309 vitae
2116 3300 2139 3329 ,

504 3355 767 3421 inmedio
792 3353 1048 3424 paradisi.
1092 3354 1171 3408 Ac
1195 3353 1239 3407 si
1268 3359 1453 3423 aperte
1479 3351 1702 3414 diceret,
1735 3348 1862 3403 illud
1888 3347 2090 3418 lignum

506 3460 616 3499 non
645 3445 823 3505 solum,
844 3459 1004 3498 omne
1032 3444 1228 3497 bonum
1253 3452 1337 3496 est
1385 3442 1407 3474 ⁸
1435 3449 1490 3496 et
1522 3453 1682 3494 omne
1707 3438 2012 3507 pulchrum,
2038 3445 2091 3492 et

507 3535 688 3589 omnis
708 3548 832 3587 esca
864 3532 1045 3587 suavis
1066 3546 1129 3585 ac
1151 3531 1468 3600 spiritualis,
1492 3545 1680 3583 verum
1700 3528 1865 3582 etiam
1884 3525 2091 3594 lignum

515 3624 661 3677 vitae
689 3622 731 3686 ⁸,
766 3637 874 3690 quo
918 3622 1051 3674 vivit
1090 3619 1370 3689 paradisus
1417 3618 1524 3681 ille,
1566 3618 1799 3670 humana
1843 3615 2095 3670 videlicet

503 3723 726 3776 natura,
748 3713 802 3765 in
834 3710 988 3779 cujus
1016 3710 1193 3765 medio
1222 3709 1570 3763 constitutum
1597 3715 1700 3761 est.
1723 3706 1877 3774 Quod
1909 3715 2091 3761 autem

507 3804 756 3872 sequitur
798 3820 812 3856 :
861 3801 1163 3872 lignumque
1208 3800 1458 3854 scientiae
1507 3797 1629 3853 boni
1682 3806 1728 3852 et
1775 3796 1934 3863 mali,
1984 3812 2091 3852 non

510 3897 643 3951 satis
683 3897 879 3959 elucet,
934 3905 1111 3948 utrum
1153 3910 1181 3947 a
1214 3892 1582 3963 superioribus
1607 3891 1902 3962 suppletur,
1931 3899 1991 3944 ut
2017 3890 2092 3945 ita

512 3986 742 4056 legatur,
788 3986 1148 4055 produxitque
1195 3983 1398 4053 lignum
1443 3982 1703 4037 scientiae
1725 3981 1848 4035 boni
1872 3988 1929 4035 et
1962 3979 2090 4033 mali

510 4078 563 4130 in
589 4077 765 4130 medio
804 4076 1062 4143 paradisi,
1107 4074 1561 4143 quemadmodum
1592 4072 1801 4142 lignum
1819 4072 1982 4134 vitae,
2022 4086 2089 4125 an

508 4167 672 4222 etiam
700 4166 770 4219 ita
795 4166 1156 4220 introductum
1181 4173 1264 4219 est
1284 4163 1526 4218 absolute
1552 4181 1566 4216 :
1595 4162 1896 4233 lignumque
1926 4163 2094 4216 scien-

510 4257 614 4311 tiae
648 4258 767 4310 boni
796 4266 843 4310 et
872 4255 1020 4320 mali,
1063 4264 1123 4309 ut
1171 4270 1277 4309 non
1306 4269 1335 4309 a
1370 4257 1477 4310 Deo
1507 4255 1870 4325 intelligamus
1896 4256 2093 4325 produ-

510 4356 656 4401 ctum
708 4347 753 4411 ',
791 4346 884 4400 sed
920 4346 1262 4400 solummodo
1311 4346 1575 4416 superiori
1626 4345 1769 4416 ligno
1819 4344 2091 4400 contraria

508 4395 771 4505 qualitate
801 4395 2090 4506 osagitta};iussisti";unum;i
2123 4395 2168 4454 υ

510 4526 707 4579 bonum
737 4534 793 4578 et
818 4527 925 4581 vita
953 4541 1224 4595 causaque
1255 4526 1572 4591 viventium,
1598 4527 1671 4580 ita
1699 4534 1753 4580 et
1777 4525 1906 4580 illud
1929 4540 2092 4581 omne

513 4615 711 4669 malum
732 4625 786 4669 et
809 4631 955 4670 mors
994 4632 1264 4686 causaque
1311 4617 1677 4672 morientium.
1715 4614 1799 4670 An
1829 4614 1969 4671 forte
1997 4617 2090 4671 de-

513 4704 701 4759 bemus
739 4706 1054 4775 intelligere,
1095 4709 1349 4777 quoniam
1405 4708 1664 4764 scientiae
1710 4708 1837 4764 boni
1875 4718 1933 4764 et
1963 4709 2089 4764 mali

513 4804 598 4848 est
626 4795 848 4866 lignum,
877 4797 929 4851 in
959 4807 1220 4867 quantum
1251 4797 1423 4853 forma
1450 4799 1576 4854 boni
1602 4799 1865 4868 ambitur,
1889 4814 1954 4854 ex
1980 4799 2089 4857 Deo

512 4900 653 4951 esse,
682 4887 935 4955 quoniam
962 4888 1075 4957 ipse
1102 4898 1185 4943 est
1216 4890 1383 4945 totius
1409 4889 1618 4944 formae
1652 4899 1708 4944 et
1735 4889 2092 4959 pulchritudi-

514 4976 598 5029 nis
621 4990 810 5041 causa,
854 4978 966 5031 sive
997 4978 1114 5048 ipsa
1149 4977 1323 5033 forma
1364 4986 1420 5034 et
1459 4979 1799 5051 pulchritudo
1827 4980 1882 5035 in
1911 4980 2091 5051 aliqua

511 5067 810 5122 substantia
855 5066 1182 5137 intelligatur
1211 5069 1294 5124 vel
1325 5071 1614 5138 sentiatur,
1644 5071 1758 5127 sive
1786 5071 1840 5126 in
1862 5074 2099 5142 phanta-

512 5158 611 5213 siis
651 5158 924 5213 sensibilis
969 5161 1247 5226 materiae,
1289 5176 1519 5231 quarum
1557 5165 1775 5233 propria
1817 5165 1975 5221 sedes
2010 5174 2094 5221 est

511 5267 706 5308 sensus
749 5266 1065 5322 corporeus,
1113 5248 1253 5324 quia
1284 5269 1380 5324 per
1406 5255 1580 5326 ipsum
1635 5257 1880 5313 interiori
1911 5260 2094 5314 sensui

2193 3171 2407 3241 pliciter
2447 3172 2514 3225 ad
2557 3171 2769 3225 laudem
2811 3169 3086 3225 Creatoris
3119 3182 3426 3225 naturarum
3467 3164 3699 3238 pulchritu-

2194 3261 2375 3316 dinem
2428 3260 2573 3316 iilius
2610 3261 2775 3325 vasis,
2824 3261 2978 3332 cujus
3019 3262 3358 3330 phantasiam
3391 3262 3513 3313 intra
3546 3259 3697 3311 scatet-

2194 3352 2370 3422 ipsum
2394 3353 2724 3418 considerat,
2754 3355 2979 3408 onmino
3005 3352 3195 3408 refert.
3220 3352 3367 3407 Nulla
3389 3351 3434 3406 ei
3458 3342 3700 3419 cupiditatis

2194 3444 2444 3501 illecebra
2490 3447 2753 3516 subrepit,
2802 3446 3007 3500 nullum
3052 3444 3697 3518 philargyriae‘Wenenﬁm

2194 3536 2544 3592 intentionem
2581 3552 2750 3607 purae
2780 3537 2946 3607 ipsius
2975 3538 3175 3593 mentis
3204 3538 3386 3600 inlicit,
3421 3526 3699 3593 nulla,libiiio

2192 3628 2548 3682 contaminat.
2592 3628 2804 3682 Avarus
2854 3643 2982 3682 vero
3029 3630 3250 3697 penitus
3287 3643 3317 3682 e
3350 3624 3604 3682 contrario.
3635 3616 3701 3671 Ille

2193 3730 2426 3785 namque
2464 3730 2606 3779 mox,
2656 3725 2715 3770 ut
2761 3716 3100 3784 phantasiam
3134 3718 3279 3772 vasis
3305 3713 3565 3775 imbiberit,
3590 3706 3701 3776 cupi-

2193 3806 2384 3860 ditatis
2412 3804 2629 3860 llamma
2667 3807 2924 3872 ardescit,
2965 3809 3323 3871 consumitur,
3354 3805 3700 3862 contaminatun

2196 3896 2444 3958 moritur,
2483 3894 2940 3964 pulchritudinetn
2978 3906 3208 3952 naturae
3240 3898 3498 3967 ipsiusque
3519 3892 3699 3963 phanta-

2194 3989 2397 4041 siarun'i
2451 4004 2558 4041 non
2595 3988 2663 4042 ad
2702 3988 2913 4043 laudem
2949 3988 3137 4059 ipsius,
3170 3991 3259 4060 qui
3283 3984 3617 4044 dixitz'llcam
3646 3987 3703 4032 ut

2194 4094 2409 4141 auram,
2448 4094 2627 4131 meum
2657 4088 2734 4131 est
2781 4088 3079 4148 argentum,
3111 4081 3374 4144 referens,
3408 4077 3491 4133 sed
3515 4074 3702 4142 seipsum

2195 4170 2248 4223 in
2275 4168 2688 4224 foetidissimam
2711 4169 3023 4239 cupiditatis
3065 4171 3313 4240 paludem
3354 4171 3636 4235 immergens
3663 4167 3706 4213 et

2196 4261 2553 4332 ingurgitans.
2581 4260 2814 4316 Videsne
2835 4262 2995 4317 unius
3020 4264 3168 4318 vasis
3194 4258 3581 4333 pbantasiam'iu
3598 4262 3706 4307 κινο-

2195 4367 2301 4421 que
2329 4353 2526 4407 bonum
2549 4362 2604 4407 et
2625 4354 2947 4423 pulchram?
2980 4354 3089 4409 Sed
3119 4356 3172 4409 in
3204 4355 3425 4427 sapienti
3450 4365 3588 4407 sensu
3608 4346 3707 4401 sim-

2195 4444 2318 4512 plex
2343 4453 2426 4499 est
2462 4452 2518 4498 et
2547 4444 2831 4506 naturalis,
2873 4445 3129 4515 nullaque
3162 4447 3210 4500 ei
3248 4447 3293 4478 ³³
3319 4444 3505 4500 malitia
3539 4440 3703 4498 subest;

2197 4536 2252 4589 in
2283 4550 2447 4588 avaro
2469 4543 2650 4590 autem
2678 4536 2871 4606 duplex
2893 4545 2948 4591 et
2977 4538 3145 4592 mixta
3181 4554 3247 4593 ex
3266 4537 3309 4581 ι’ι
3337 4533 3581 4593 contrario
3598 4525 3706 4582 malo

2196 4627 2528 4695 cupiditatis,
2571 4643 2710 4698 quae
2748 4631 2798 4685 ei
2835 4632 3114 4699 miscetur,
3148 4644 3205 4688 et
3243 4638 3310 4688 ab
3336 4649 3395 4689 ea
3422 4632 3647 4687 formatur
3664 4632 3708 4679 et

2195 4717 2488 4783 coloratur,
2528 4727 2590 4773 ut
2620 4720 2867 4775 videatur
2897 4736 3017 4777 esse
3047 4723 3270 4788 bonum,
3300 4726 3418 4779 dum
3443 4722 3506 4776 sit
3525 4727 3707 4774 veneno-

2196 4808 2468 4863 sissimum
2501 4809 2721 4892 malum
2755 4808 2870 4865 Non
2901 4826 3031 4883 ergo
3063 4813 3114 4867 in
3148 4823 3336 4869 natura
3362 4813 3573 4896 humana
3590 4804 3707 4877 plan-

2197 4909 2369 4954 tatum
2413 4909 2495 4955 est
2543 4901 2766 4968 malum,
2806 4905 2901 4958 sed
2942 4903 2995 4958 in
3026 4919 3279 4974 perverso
3320 4917 3374 4961 et
3409 4892 3706 4959 irrationabili

2195 5001 2344 5046 motu
2382 4992 2718 5048 rationabilis
2754 4993 3063 5065 liberaeque
3095 4995 3379 5052 voluntatis
3403 5002 3481 5050 est
3502 4986 3710 5047 constitit-

2196 5092 2330 5138 tum.
2362 5083 2464 5152 Qui
2490 5093 2666 5139 motus
2692 5100 2796 5140 non
2824 5085 2963 5140 intra
2994 5095 3268 5154 naturam,
3302 5086 3392 5143 sed
3419 5093 3574 5144 extra,
3598 5085 3641 5133 et
3658 5087 3707 5129 ex

2196 5174 2409 5229 bestiali
2459 5176 2871 5245 intemperantia
2907 5187 3155 5246 sumptus
3184 5176 3517 5248 perspicitur,
3549 5169 3707 5225 misce-

2197 5270 2287 5318 tur
2307 5273 2485 5318 tamen
2516 5264 2562 5303 ι’
2600 5266 2740 5321 bono
2770 5282 2834 5323 ac
2859 5267 3086 5340 tingitur
3108 5267 3310 5337 antiqui
3342 5264 3501 5321 hostis
3529 5254 3710 5317 consilio

1808 5349 2064 5409 VARIA’E
2103 5352 2498 5412 LECTIONES.

585 5436 604 5516 ξ
628 5435 718 5491 Sic
739 5434 822 5491 CF
843 5436 927 5516 :AA
949 5446 1169 5516 nqltgae
1195 5437 1477 5516 ‘Itgmanae.
1552 5440 1571 5469 ²
1597 5451 1762 5516 mixta
1780 5457 1891 5498 om.
1918 5442 2032 5516 CF.
2098 5446 2124 5478 ⁵
2150 5444 2374 5516 SicCF;
2401 5445 2557 5515 Aper
2580 5462 2731 5516 quae.
2807 5446 2830 5479 ⁸
2850 5448 2915 5500 de
2939 5446 3097 5502 liumo
3116 5462 3221 5502 om.
3251 5448 3316 5500 A.
3390 5447 3490 5516 ἐει
3513 5456 3607 5516 om.
3620 5431 3707 5516 -

515 5504 691 5589 {vitae
728 5508 925 5589 cuius.
954 5505 1139 5589 ":Sic
1190 5505 1306 5571 CF;
1331 5506 1378 5561 Α
1397 5511 1915 5589 υιῄηηιξρῃοιέιιοωηι
1944 5532 1976 5568 a
2005 5515 2116 5589 Deo
2138 5504 2509 5589 intelligamus.

758 5578 800 5611 ι’
840 5575 931 5648 Sic
952 5574 1066 5648 CF;
1091 5575 1497 5648 {perspexerit
1573 5574 1614 5610 ”
1644 5582 1689 5634 Δ
1714 5580 1985 5639 Ponamus
2033 5587 2191 5641 enim.

517 5576 561 5629 Α
585 5587 681 5629 est.

517 5645 808 5698 contrario.
889 5646 933 5677 "
963 5647 1053 5701 Sic
1079 5644 1197 5713 CF;
1227 5644 1558 5704 A'tniscetur
1584 5666 1720 5704 rum.

2646 5517 2787 5573 ἐἰς
2808 5516 2931 5581 cr;
2985 5519 3028 5572 Α
3055 5501 3375 5572 ontaeillud.
3454 5501 3707 5581 'Sic‘CFt

2291 5577 2333 5617 ἦ
2365 5584 2449 5663 CF
2497 5586 2806 5657 plrilargia‘e.
2919 5577 2961 5620 λ’
2990 5588 3082 5644 Sic
3121 5583 3232 5653 CF;
3262 5588 3307 5641 Α
3333 5588 3424 5643 νεῖ·
3494 5581 3534 5643 ’θ
3572 5577 3608 5634 Α
3653 5578 3711 5629 ⁸³⁸
