3898 6154
281 236 373 293 829

1075 233 1161 288 DE
1201 230 1536 287 DlV'lSlONE
1576 225 1924 283 NATUllAE.
1961 247 2034 261 -
2069 223 2270 282 LIBER
2308 224 2660 294 QUARTUS.

3414 232 3528 287 850

273 361 318 405 et
343 347 552 408 astutia,
597 345 664 399 ad
688 346 703 376 ⁸
732 344 1076 415 decipiendos
1113 345 1411 399 carnalium
1469 356 1723 397 sensuum
1766 339 1829 392 li~
1860 334 1908 398 Α
1938 337 2032 401 tio,
2062 353 2166 407 qua
2187 352 2271 400 ea,
2302 351 2441 405 quae
2462 335 2735 389 carnalem
2761 349 2979 390 sensum
3011 334 3297 399 delectant,
3332 338 3525 392 illicite

273 439 528 494 bidinnsos
569 434 813 499 allectus,
861 450 924 489 ac
960 450 1057 504 per
1100 435 1201 489 hoc
1245 441 1421 488 morte
1463 430 1825 502 perimendos.

268 527 440 598 Neque
470 530 569 583 hoc
598 527 827 582 dicimus
865 542 1082 581 senSum
1119 526 1331 580 illorum
1366 524 1694 585 refellentes,
1735 521 1828 591 qui

268 618 555 688 praefatum
605 617 807 689 lignum
858 616 1117 671 scientiae
1164 616 1291 670 boni
1336 623 1392 670 et
1440 613 1567 667 mali
1608 612 1829 666 omnino

266 705 573 760 naturaliter
598 715 847 759 asserunt
884 719 1004 759 esse
1042 706 1266 768 bonum,
1309 715 1362 758 et
1386 701 1744 757 bistorialiter
1774 699 1826 754 in

266 798 506 868 paradiso
550 795 703 851 locali
740 794 967 860 factum,
1005 793 1157 862 cujus
1200 793 1406 847 fructus
1437 792 1684 854 scientia,
1726 791 1829 846 hoc

265 897 358 951 cst,
384 887 809 956 experimentum
839 885 968 939 boni
996 886 1152 939 crat'
1182 894 1238 940 et
1267 884 1411 938 mali.
1446 884 1577 938 Nam
1603 883 1647 937 si
1684 890 1828 937 tactu

264 990 314 1032 et
338 986 489 1048 gustu
517 976 684 1045 ipsius
722 975 880 1045 primi
917 974 1164 1029 homines
1199 989 1257 1029 se
1297 974 1654 1037 abstinerent,
1690 974 1833 1028 sicut

264 1070 337 1121 eis
382 1076 723 1138 praeceptum
766 1074 870 1130 est,
917 1065 1347 1134 experimentum
1396 1065 1540 1118 vitae
1578 1072 1830 1123 aeternae

262 1167 650 1225 perpetuaeque
688 1154 1036 1208 beatitudinis
1087 1152 1235 1207 nulla
1291 1151 1606 1220 interposita
1658 1160 1831 1205 morte

262 1248 532 1302 haberent.
566 1245 661 1300 Sin
694 1259 822 1299 vero
860 1244 1142 1299 diabolieis
1164 1244 1381 1299 astutiis
1405 1242 1830 1307 consentientes,

261 1354 350 1393 sua
380 1338 680 1392 miserrima
710 1336 1122 1405 intemperantia
1151 1336 1217 1390 de
1245 1337 1424 1390 fructu
1454 1334 1623 1405 ipsius
1647 1348 1829 1389 escam

262 1425 584 1480 mortiferam
611 1426 796 1480 illicite
838 1433 1138 1489 sumerent,
1169 1433 1423 1478 aeternae
1445 1423 1634 1478 mortis
1658 1431 1714 1476 et
1739 1422 1830 1475 in-

263 1516 528 1571 felicitatis
580 1516 1009 1587 experimentnm
1082 1515 1346 1569 subirent.
1421 1513 1527 1569 Sed
1586 1512 1832 1582 quisquis

262 1607 405 1667 haec,
444 1620 584 1673 quae
626 1605 767 1658 inter
798 1619 894 1657 nos
926 1604 1278 1658 tractavimus
1301 1602 1343 1667 ³,
1375 1617 1481 1657 non
1509 1602 1829 1669 dedignatus

261 1698 411 1751 fuerit
440 1697 618 1767 legere
658 1710 724 1749 ac
773 1694 1058 1764 diligenter
1096 1695 1320 1759 intueri,
1366 1694 1528 1765 eligat
1562 1709 1629 1747 ex
1669 1707 1827 1763 prae-

257 1787 409 1839 dictis
450 1792 762 1838 sanctorum
804 1783 1023 1837 Patrum
1072 1782 1383 1847 sententiis,
1434 1783 1578 1851 quod
1616 1781 1718 1835 sibi
1749 1795 1835 1834 sc-

258 1874 519 1944 qnendum
545 1874 775 1938 videtur,
807 1872 1115 1943 videatque,
1148 1888 1216 1926 ne
1240 1873 1453 1927 incaute
1477 1886 1575 1925 nos
1605 1870 1831 1937 laceret,

258 1967 544 2021 aestimans
587 1983 675 2030 ea,
719 1979 858 2034 quae
896 1980 927 2018 a
968 1964 1123 2019 nobis
1166 1962 1310 2017 dicta
1363 1972 1491 2016 sunt
1547 1961 1590 2027 ⁸,
1635 1962 1836 2016 nullius

257 2059 591 2113 auctoritatis
616 2057 816 2111 auxilio
851 2071 973 2112 esse
1009 2055 1232 2118 nmnita,
1261 2069 1326 2109 ac
1364 2053 1529 2108 veluti
1557 2066 1838 2122 praesum-

257 2151 390 2218 plive
429 2159 619 2203 contra
671 2157 981 2203 sanctorum
1029 2146 1248 2201 Patrum
1284 2145 1598 2200 traditiones
1625 2144 1835 2199 machi-

257 2250 391 2293 nata.
428 2239 610 2294 Habes
635 2240 837 2309 itaque,
868 2247 926 2294 ut
949 2239 1161 2306 opinor,
1189 2238 1404 2294 brevem
1441 2249 1793 2307 apertamque
1813 2236 1836 2270 '

257 2332 479 2400 paradisi
507 2329 1015 2399 expositiunculam,
1042 2339 1302 2400 quantum
1349 2329 1493 2383 vires
1523 2329 1836 2383 intentionis

256 2428 464 2474 nostrae
510 2430 821 2489 suppetunt.

318 2510 401 2563 Π.
447 2510 595 2563 DISC.
639 2510 820 2564 Hale
863 2524 1026 2576 sane;
1059 2511 1154 2575 sed
1178 2500 1349 2565 'velim
1388 2510 1833 2584 ἀνακεφαλαίωσιν.

254 2599 349 2651 hoc
369 2606 450 2652 est
479 2598 1007 2668 recapitulationem,
1029 2616 1058 2653 a
1088 2608 1139 2654 te
1160 2599 1298 2664 fieri,
1323 2616 1461 2670 quae
1486 2600 1647 2654 veluti
1678 2600 1835 2653 modo

253 2686 477 2755 quodam
510 2687 875 2743 conclusionis
904 2703 987 2751 ea,
1019 2705 1156 2759 quae
1181 2690 1413 2759 sparsim
1444 2692 1588 2744 dicta
1618 2698 1742 2744 sunt
1770 2690 1837 2744 de

252 2776 515 2842 paradiso,
562 2777 615 2829 in
658 2792 819 2831 unam
848 2780 1116 2849 quandam
1151 2779 1573 2849 complexionem
1624 2779 1840 2850 colligat

252 2878 405 2937 atque
433 2867 679 2921 deﬁrniat.
716 2867 857 2923 Msa.
901 2868 1292 2924 Plautationem
1327 2871 1442 2937 Dei,
1476 2872 1576 2926 hoc
1606 2880 1705 2933 est,
1740 2885 1837 2940 pa-

254 2957 482 3008 radisum
543 2955 594 3008 in
628 2956 772 3010 Eden
798 2957 841 3023 ⁸,
883 2957 936 3011 in
984 2957 1191 3013 deliciis
1240 2968 1493 3014 aeternae
1538 2974 1601 3014 ac
1648 2960 1837 3014 beatae

1936 438 2000 477 ac
2043 424 2417 478 damnabiliter
2464 428 2940 492 concupiscuntur.
2998 423 3063 477 Et
3104 440 3169 478 ne
3214 426 3514 489 existimes,

1931 515 2035 579 his,
2063 529 2200 585 quae
2226 514 2483 577 diximus,
2518 514 2621 568 hoc
2655 514 2899 578 ρειρώιο.
2918 513 3251 570 solummodo
3280 516 3333 571 iu
3363 530 3518 585 para-

1931 606 2202 677 disoligua
2220 621 2339 660 esse
2360 611 2464 661 πᾶν
2487 613 2541 659 et
2558 611 2808 680 γνωστὶν,
2830 620 3150 676 repugnare,
3165 609 3308 676 quod
3323 606 3527 663 mulier

1932 695 2144 750 diabolo
2183 696 2526 764 respondisse
2566 706 2860 750 narratur:
2902 696 2978 749 De
3016 696 3191 765 fructu
3232 697 3515 765 lignorum,

1930 802 2064 856 quae
2093 795 2212 839 sunt
2253 788 2308 840 in
2332 788 2582 857 paradiso
2621 788 2889 841 vescimur.
2920 785 3034 839 Non
3064 787 3207 842 enim
3242 788 3418 842 dixit:
3450 788 3520 845 de

1927 872 2111 928 'l‘ructu
2141 876 2316 929 omnis
2345 876 2471 946 ligni
2496 877 2783 940 vescimur,
2814 877 2915 931 hoc
2942 885 3044 939 est,
3075 878 3220 931 vesci
3243 878 3515 944 juhemur,

1933 969 2026 1023 sed
2042 983 2057 1021 :
2072 969 2137 1023 de
2152 968 2327 1024 fructu
2353 969 2640 1039 lignorum,
2665 968 2959 1037 pluraliter,
2977 984 3040 1024 ac
3053 970 3096 1023 si
3120 969 3348 1039 plurima
3373 969 3523 1041 ligna

1934 1061 2270 1116 diversarum
2305 1062 2844 1124 l'ormarmu’esscnt,
2883 1061 3085 1129 quibus
3134 1061 3274 1115 vesci
3316 1072 3400 1115 est
3439 1063 3520 1117 eis

1934 1165 2272 1205 concessum.
2322 1150 2504 1205 Potest
2551 1166 2781 1219 namque
2824 1151 3044 1219 intelligi
3085 1166 3245 1205 omne
3294 1151 3525 1221 lignum,

1934 1243 2163 1314 plurima
2194 1243 2335 1313 ligna
2366 1242 2645 1297 mulierem
2668 1242 2905 1307 dixisse;
2939 1257 3100 1297 omne
3120 1244 3385 1312 siquidem
3411 1259 3520 1297 non

1938 1334 2004 1387 de
2034 1332 2214 1402 aliquo
2239 1332 2519 1403 singulari,
2549 1334 2641 1387 sed
2674 1332 2906 1402 quodam
2940 1332 2991 1385 in
3030 1333 3208 1403 seipso
3238 1333 3525 1401 multiplici

1936 1422 2153 1477 dicitur.
2187 1421 2377 1479 Omnis
2416 1423 2558 1479 enim
2609 1425 2770 1478 homo
2806 1422 3079 1491 multiplex
3124 1424 3393 1477 lmmauae
3422 1438 3519 1477 na-

1936 1528 2093 1573 turae
2139 1529 2418 1581 numerus,
2449 1525 2503 1571 et
2538 1516 2731 1570 iterum
2777 1515 2890 1585 ipse
2936 1512 3211 1583 multiplex
3242 1529 3526 1578 numerus,

1937 1609 2191 1677 quoniam
2221 1608 2380 1662 unius
2406 1616 2629 1661 naturae
2656 1606 2925 1676 particeps
2949 1613 3050 1668 est,
3081 1620 3218 1658 unus
3243 1605 3405 1658 homo
3429 1620 3518 1659 so-

1863 1702 1909 1763 B
1938 1698 2009 1753 let
2037 1698 2315 1768 appellari.
2346 1695 2484 1762 Quid
2513 1711 2642 1766 ergo
2673 1695 2889 1761 mirum,
2919 1694 2963 1749 si
2999 1710 3157 1750 omne
3179 1694 3380 1765 lignum
3406 1694 3524 1764 plu-

1936 1788 2071 1842 rima
2104 1788 2247 1856 ligna
2276 1785 2527 1840 dicatur?
2559 1785 2652 1839 Dei
2699 1800 2931 1852 namque
2959 1784 3227 1848 Verbum,
3269 1786 3411 1852 quod
3438 1793 3527 1838 cst

1933 1892 2093 1932 omne
2116 1877 2341 1948 lignum,
2369 1878 2471 1931 hoc
2491 1884 2594 1940 est,
2617 1889 2778 1929 omne
2802 1875 3026 1940 bonum,
3053 1883 3108 1929 et
3142 1891 3305 1928 unum
3331 1884 3437 1940 est,
3466 1885 3524 1929 et

1936 1966 1990 2021 in
2022 1967 2201 2036 seipso
2226 1966 2527 2037 multiplex,
2551 1974 2607 2019 et
2632 1980 2698 2019 ex
2720 1981 2827 2034 quo
2855 1980 3013 2020 omne
3042 1965 3267 2030 bonum,
3295 1965 3394 2020 hoc
3417 1974 3523 2030 est,

1937 2057 2113 2111 omnis
2143 2058 2313 2111 virtus
2338 2067 2393 2111 et
2420 2056 2687 2126 sapientia
2720 2065 2775 2110 et
2802 2056 3038 2111 essentia
3069 2055 3120 2110 in
3158 2056 3390 2110 humana
3423 2072 3520 2110 na—

1938 2156 2055 2202 tura
2106 2146 2418 2202 fructilicat.
2480 2146 2680 2202 Omnes
2737 2133 2899 2216 igitur
2951 2144 3296 2201 rationabiles
3344 2156 3522 2202 motus

1937 2237 2215 2293 rationalis
2244 2246 2489 2300 naturae,
2529 2237 2725 2306 quibus
2755 2237 2914 2289 homo
2944 2235 3020 2288 uti
3042 2249 3331 2289 concessus
3359 2244 3443 2289 est
3468 2244 3525 2289 et

1929 2326 2133 2396 jussus,
2175 2328 2428 2395 qutmiam
2453 2342 2518 2380 ex
2562 2326 2834 2380 communi
2861 2325 3101 2380 omnium
3143 2326 3305 2389 bono,
3338 2325 3521 2381 divina

1936 2419 2184 2474 videlicet
2213 2419 2498 2487 sapientia,
2531 2419 2583 2471 in
2633 2419 2865 2482 humana
2904 2427 3119 2480 natura,
3145 2431 3284 2485 quae
3315 2425 3399 2471 est
3427 2417 3525 2471 Det

1938 2509 2197 2581 plantatio
2247 2518 2304 2563 et
2346 2508 2662 2579 paradisus,
2714 2506 3003 2576 pullulant,
3042 2505 3207 2559 veluti
3258 2506 3521 2576 quaedam

1939 2597 2079 2666 ligna
2110 2597 2339 2666 plurima
2380 2606 2544 2665 atque
2574 2594 2850 2649 fructifera
2897 2593 3162 2664 appellata
3190 2603 3338 2659 sunt,
3381 2610 3525 2664 quae

1942 2689 2192 2744 videlicet
2239 2688 2380 2757 ligna
2415 2689 2468 2741 in
2522 2688 2658 2756 ipso,
2703 2687 2755 2739 in
2800 2701 2908 2755 quo
2951 2686 3132 2739 omnia
3175 2685 3317 2739 bona
3356 2699 3523 2738 unum

1941 2791 2065 2836 sunt
2096 2781 2163 2845 “,
2200 2781 2520 2835 subsistunt.
2573 2775 2745 2832 Unutn
2786 2778 2964 2845 itaque
2994 2775 3219 2845 lignum,
3263 2775 3404 2843 quod
3443 2784 3530 2829 est

1940 2880 2063 2936 πᾶν,
2086 2872 2317 2942 plurima
2361 2871 2538 2940 ligna,
2575 2869 2829 2939 quoniam
2881 2869 2934 2921 in
2986 2868 3102 2936 ipso
3146 2866 3327 2919 omnia
3386 2866 3523 2917 bona

1943 2973 2088 3037 sunt,
2119 2964 2343 3032 pulchre
2363 2978 2392 3013 a
2413 2961 2637 3015 muliere
2662 2960 2839 3012 adhuc
2866 2973 2971 3011 non
2996 2959 3240 3026 decepta,
3264 2971 3327 3009 ac
3352 2958 3528 3009 virtu-

255 3043 548 3108 ΐυιὶεῖίειιὶεν
570 3047 853 3100 humanam
878 3056 1123 3101 “alumni
1145 3063 1263 3103 esse
1291 3051 1522 3103 diximus
1547 3051 1613 3103 ad
1644 3049 1836 3119 imagi-
1867 3054 1911 3116 C
1946 3066 2057 3110 tum
2088 3053 2189 3109 sibi
2219 3052 2505 3106 insitarum
2529 3048 2848 3103 naturaliter
2870 3045 3105 3110 conscia,
3137 3054 3221 3099 est
3253 3054 3524 3099 vocatum.

254 3151 368 3188 nem
402 3135 502 3190 Dei
554 3136 748 3190 factam
798 3154 811 3191 :
856 3137 1009 3205 cujus
1055 3139 1174 3194 fons
1223 3150 1307 3194 est
1332 3140 1600 3204 Christus,
1631 3141 1698 3194 de
1727 3155 1836 3211 quo

253 3225 518 3296 Propheta
561 3227 628 3280 ad
666 3227 881 3285 Patrem
919 3228 1213 3298 proclamat
1263 3248 1277 3283 :
1319 3229 1581 3296 Quoniam
1617 3233 1756 3302 apud
1789 3244 1838 3285 le

251 3328 320 3371 est
376 3318 497 3389 [ous
549 3319 721 3384 vitae;
781 3320 870 3388 qui
920 3321 1080 3374 etiam
1134 3335 1323 3376 omnes
1376 3322 1622 3378 sitientes
1678 3322 1837 3394 justi-

253 3409 373 3462 tiam
403 3410 472 3462 ad
518 3424 581 3463 se
609 3408 894 3486 bibendum
943 3409 1154 3475 invitat,
1199 3411 1385 3466 dicens
1413 3428 1426 3464 :
1459 3409 1516 3466 Si
1545 3413 1661 3483 quis
1703 3414 1833 3477 silit,

253 3499 414 3551 veniat
459 3499 535 3551 ad
578 3514 681 3563 me,
731 3509 780 3553 et
824 3500 999 3566 bibat;
1044 3499 1195 3568 cujus
1238 3501 1458 3555 ﬂumina
1507 3518 1573 3555 ex
1626 3503 1839 3572 sapien-

257 3589 359 3642 tiae
401 3587 559 3643 fonte
609 3590 919 3654 manantia,
963 3599 1220 3658 quattuor
1266 3591 1835 3661 principales'animae

254 3678 480 3734 virtutes
530 3688 701 3743 sunt,
752 3696 820 3735 ex
868 3681 1062 3749 quibus
1109 3683 1287 3737 omnis
1340 3684 1515 3737 virtus
1581 3692 1637 3738 et
1698 3683 1835 3737 bona

255 3772 497 3839 operatio
574 3781 784 3847 scatet;
858 3773 1011 3843 cujus
1086 3787 1246 3828 omne
1306 3774 1531 3845 lignum,
1596 3775 1663 3829 de
1731 3791 1837 3843 quo

256 3862 518 3931 scriptum
569 3870 654 3915 est
690 3880 703 3915 :
741 3862 845 3928 Qui
888 3864 1087 3928 vicerit,
1138 3855 1274 3917 dabo
1319 3868 1366 3918 ei
1407 3866 1559 3918 edere
1587 3864 1652 3918 de
1697 3863 1837 3934 ligno

255 3955 405 4016 vitae,
434 3953 580 4023 quod
604 3962 676 4007 est
712 3954 766 4007 in
791 3953 1062 4022 paradiso,
1093 3954 1231 4024 quod
1264 3954 1559 4024 plumatum
1587 3963 1663 4009 est
1689 3970 1837 4009 secus

254 4038 506 4095 decursus
545 4057 823 4112 aquarum,
858 4044 957 4096 hoc
990 4054 1097 4106 est,
1127 4044 1270 4097 circa
1314 4046 1459 4113 quod
1492 4045 1672 4099 omnia
1709 4060 1838 4114 pro-

255 4130 539 4196 phetarum
584 4130 821 4194 oracula,
848 4132 1027 4185 omnia
1072 4133 1351 4202 utriusque
1404 4134 1537 4203 legis
1572 4134 1836 4205 symbola,

253 4220 731 4289 symbolorumque
777 4222 1178 4292 intelligentiae,
1205 4239 1499 4294 omnesque
1530 4234 1747 4293 apertae
1774 4239 1838 4279 ac

255 4308 529 4377 simplices
555 4311 830 4367 doctrinae
851 4312 1125 4378 conﬂuunt
1145 4314 1191 4377 ',
1218 4314 1309 4369 Dei
1335 4315 1582 4369 videlicet
1600 4314 1836 4370 Verbum

1940 3145 2047 3202 Sed
2075 3158 2142 3199 ne
2180 3143 2460 3198 videamur
2498 3140 2830 3196 Graecorum
2868 3147 3149 3192 auctorum
3189 3137 3529 3192 solummodo

1939 3234 2238 3289 sententias
2258 3231 2325 3286 de
2350 3230 2601 3303 paradiso
2630 3229 2807 3298 sequi,
2834 3226 3151 3282 Latinorum
3178 3241 3309 3280 vero
3335 3237 3528 3282 aucto-

1938 3330 2157 3383 ritatem
2183 3327 2236 3381 in
2261 3324 2461 3380 talibus
2483 3331 2575 3377 aut
2595 3320 3043 3392 praetermisisse,
3068 3328 3160 3373 aut
3186 3319 3236 3373 in
3257 3320 3340 3374 eis
3365 3319 3529 3373 talem

1940 3433 2160 3473 sensum
2205 3417 2274 3471 de
2314 3416 2566 3486 paradiso
2601 3412 2849 3467 invenire
2894 3426 2999 3465 nou
3048 3411 3307 3480 potuisse,
3340 3424 3404 3463 ac
3434 3424 3531 3478 per

1937 3509 2043 3563 hoc
2077 3517 2280 3561 temere
2311 3503 2630 3567 allirtnasse,
2677 3503 2819 3572 quod
2849 3500 2900 3554 in
2933 3500 3205 3570 magistris
3243 3499 3529 3568 utriusque

1938 3599 2153 3670 linguae
2184 3614 2288 3654 non
2310 3596 2578 3651 valuimus
2608 3595 2713 3647 itm
2731 3594 2868 3657 nire,
2899 3592 3069 3647 sancti
3101 3591 3375 3645 Ambrosii
3400 3607 3530 3645 sen-

1941 3691 2139 3745 tentias
2163 3691 2229 3743 de
2251 3687 2505 3758 paradiso
2527 3686 2653 3740 huic
2677 3694 2896 3738 nostrae
2918 3683 3267 3753 disputationi
3291 3684 3531 3739 inserere

1940 3794 2234 3850 congrumn
2262 3778 2391 3831 mihi
2415 3778 2628 3831 videtur
2643 3790 2708 3829 ac
2734 3774 3125 3837 necessarium,
3143 3773 3187 3826 si
3214 3772 3309 3826 tibi
3333 3774 3529 3843 placet.

1940 3869 2086 3924 Disc.
2118 3868 2301 3922 Placet
2328 3882 2493 3931 sane;
2542 3865 2717 3935 magni
2745 3864 3008 3931 siquidem
3044 3872 3101 3915 et
3145 3862 3529 3932 sapientissimi

1941 3959 2045 4015 viri
2075 3957 2360 4013 sententiis
2400 3957 2676 4017 resistere,
2708 3954 2829 4023 quis
2855 3953 2958 4005 nisi
2983 3968 3174 4006 amens
3200 3952 3461 4005 audebit?

2016 4049 2097 4104 l8.
2140 4048 2280 4102 Msa.
2309 4047 2403 4099 Ait
2445 4047 2624 4114 itaque
2654 4045 2707 4097 iu
2738 4043 2875 4097 libro
2903 4043 2972 4096 de
3015 4040 3274 4095 Paradiso
3312 4059 3326 4094 :
3368 4044 3529 4103 Sunt,

1941 4141 2031 4212 qui
2055 4149 2262 4211 putant,
2304 4153 2628 4208 nequaquam
2663 4138 2969 4189 mandatum
3010 4136 3172 4199 istud,
3205 4135 3269 4188 de
3305 4138 3530 4188 mandu-

1941 4233 2109 4287 cando
2139 4229 2371 4285 videlicet
2397 4230 2461 4284 de
2494 4231 2538 4262 “
2566 4228 2706 4299 ligno
2736 4229 2899 4293 vitae,
2943 4237 2990 4280 et
3022 4243 3125 4281 non
3163 4225 3531 4279 manducando

1942 4329 2007 4381 de
2035 4327 2174 4398 ligno
2201 4323 2481 4395 prohibito,
2514 4322 2782 4375 convenire
2806 4319 2937 4373 caeli
2965 4330 3012 4373 et
3046 4330 3218 4373 terrae
3243 4328 3396 4387 atque
3420 4334 3532 4371 om-

257 4400 529 4456 humanae
568 4411 791 4457 naturae
829 4403 1046 4457 insitum
1068 4443 1083 4469 ,
1121 4414 1176 4459 et
1204 4420 1271 4460 ex
1307 4404 1329 4435 ⁸
1363 4405 1595 4458 humana
1641 4413 1833 4459 natura
1864 4407 1915 4466 Ι)
1943 4420 2087 4473 nium
2117 4416 2371 4475 σνεαιοτε,
2400 4424 2448 4467 ει
2476 4413 2521 4447 ⁸³
2554 4426 2877 4481 nequaquam
2913 4410 3127 4479 dignum
3156 4410 3341 4462 incolis
3368 4424 3529 4479 para-

256 4487 690 4556 iucarnatum’;
735 4489 885 4558 cujus
929 4493 1161 4562 paradisi
1206 4495 1409 4548 mixtae
1453 4494 1711 4549 scientiae
1754 4502 1840 4549 est

256 4578 459 4649 lignum
515 4581 807 4636 indiscreta
839 4583 920 4637 vel
962 4582 1185 4638 confusa
1230 4585 1527 4640 carnalium
1579 4601 1836 4641 sensumn

257 4673 519 4741 appetitio
549 4672 602 4725 in
635 4673 876 4727 diversas
921 4673 1192 4739 libidines,
1239 4676 1340 4729 sub
1366 4675 1540 4730 forma
1587 4676 1711 4730 boni
1759 4676 1840 4730 la-

258 4769 455 4829 tentes,
472 4772 532 4816 ct
558 4762 801 4817 incautas
822 4763 1033 4818 animas
1053 4765 1379 4834 decipientes
1400 4783 1462 4821 ac
1481 4768 1840 4837 perimentes;

257 4862 409 4931 cujus
440 4862 528 4916 vir
554 4861 766 4916 animus
801 4871 905 4927 est,
936 4862 1223 4919 universae
1250 4864 1517 4919 humanae
1543 4874 1770 4919 naturae
1796 4864 1840 4895 “

258 4954 609 5024 praesidens;
634 4954 789 5024 cujus
810 4954 1004 5011 mulier
1032 4970 1242 5021 sensus,
1274 4957 1360 5011 cui
1395 4958 1606 5011 incaute
1628 4956 1842 5011 animus

256 5046 610 5101 consentiens
652 5045 933 5116 perditur;
965 5044 1118 5114 cujus
1148 5061 1371 5116 serpens
1400 5046 1585 5103 illicita
1608 5046 1842 5105 delecta-

1944 4509 2075 4568 disi,
2106 4517 2152 4560 et
2183 4504 2321 4575 quod
2342 4503 2437 4556 illa
2460 4504 2562 4556 vita
2589 4500 2774 4555 similis
2802 4500 2868 4553 sit
2897 4500 2942 4531 ¹⁸
2967 4499 3289 4569 angelorum.
3326 4497 3391 4552 Et
3414 4500 3531 4554 idto

1948 4615 2051 4654 non
2080 4608 2342 4651 terrenum
2368 4604 2415 4648 et
2445 4591 2833 4663 corruptibilem
2863 4590 3000 4644 lmnc
3028 4590 3201 4644 cibum
3226 4593 3338 4646 esui
3364 4592 3533 4660 fuisse

1945 4703 2221 4762 possumus
2255 4687 2566 4751 aestimare,
2616 4684 2740 4755 quia
2772 4699 2875 4736 non
2913 4682 3090 4735 bibunt
3122 4699 3284 4752 neque
3308 4685 3533 4737 manda-

1946 4789 2091 4844 cant,
2119 4789 2165 4834 et
2195 4787 2343 4832 eruat
2372 4779 2504 4830 sicut
2530 4774 2701 4846 angeli
2731 4774 2821 4828 Dei
2850 4774 2895 4806 “
2928 4776 2981 4828 in
3009 4772 3171 4828 caelo.
3205 4771 3335 4827 Cum
3371 4775 3533 4845 igitur

1946 4873 2004 4928 in
2025 4871 2141 4926 cibo
2173 4885 2333 4939 neque
2361 4868 2654 4937 praemium
2692 4866 2789 4929 sit,
2820 4865 2944 4935 quia
2981 4881 3098 4919 esca
3137 4882 3230 4918 nos
3264 4881 3366 4919 non
3391 4882 3529 4919 com-

1943 4962 2153 5018 mendat
2176 4959 2307 5024 Deo,
2334 4974 2495 5029 neque
2518 4971 2765 5027 magnum
2790 4955 3077 5025 periculum
3100 4955 3189 5019 sit,
3204 4954 3326 5026 quia
3347 4972 3530 5026 neyue,

1946 5053 2084 5126 quod
2111 5054 2272 5107 intrat
2310 5053 2363 5104 in
2390 5066 2467 5116 os,
2498 5048 2797 5119 coinquinat
2825 5048 3106 5114 hominem,
3141 5049 3231 5101 sed
3265 5048 3404 5113 quod
3426 5049 3536 5101 exit

1568 5258 1823 5317 VARIAE
1862 5254 2261 5318 LECTIONES.

331 5377 351 5413 ⁸
388 5375 485 5432 Sic
511 5375 629 5443 CF;
656 5378 702 5434 Δ
725 5388 774 5433 et
797 5379 883 5433 ad.
956 5379 981 5410 ²
1007 5387 1119 5432 erat
1146 5392 1255 5432 om.
1281 5376 1348 5431 Α.
1424 5375 1446 5407 ⁸
1483 5374 1663 5445 Conj..
1691 5376 1732 5429 Α
1761 5371 2213 5433 contrectavimtts,
2243 5365 2329 5423 CF
2359 5376 2670 5421 tractamus.

331 5465 378 5498 m
419 5445 624 5498 nullius
649 5458 756 5498 cet.
832 5449 855 5481 ⁸
887 5447 979 5498 Sic
1004 5447 1122 5498 CF:
1164 5451 1204 5498 Α
1234 5456 1529 5498 antamaue.
1639 5445 1661 5475 ‘
1697 5446 1739 5498 Α
1773 5445 1826 5498 in
1854 5445 2024 5498 Eden.
2058 5442 2155 5495 hoc
2180 5449 2255 5494 est
2284 5438 2339 5494 in
2369 5437 2596 5493 deliciis.

1773 5462 1826 5500 Ill
1854 5462 2024 5505 nuen,
2058 5462 2155 5495 uoc
2180 5462 2254 5494 eu
2286 5462 2339 5494 Ill
2369 5462 2596 5493 ucucus.

262 5463 378 5503 nun
419 5445 624 5503 nullius
649 5458 756 5504 cet.
832 5449 855 5481 ⁸
887 5447 979 5503 Sic
1004 5447 1122 5510 CF;
1164 5451 1204 5500 Α
1234 5456 1529 5515 aptamque.

2764 5365 2787 5398 δ
2822 5363 2914 5421 Sic
2938 5362 3057 5425 CF;
3084 5360 3303 5418 Adicta
3326 5370 3535 5414 sancto.

2696 5435 2717 5467 '
2741 5433 2831 5489 Sic
2866 5435 2977 5489 CF:
3022 5434 3067 5486 Δ
3096 5431 3355 5502 efﬂuunt,
3428 5429 3451 5461 ⁸
3492 5431 3530 5483 Λ

262 5500 478 5576 εόῖειε
509 5500 761 5573 humana.
836 5517 859 5550 ’
890 5500 993 5574 Sic
1018 5500 1144 5582 διες
1194 5517 1236 5569 Λ
1265 5500 1561 5571 incuruata.
1640 5514 1683 5547 ²⁶
1716 5515 1754 5569 Α
1777 5524 1998 5569 naturae
2013 5500 2306 5582 'lmmanae.
2384 5509 2425 5540 “
2462 5507 2552 5564 Sic
2581 5504 2687 5570 CF;
2722 5525 2822 5578 pro
2856 5523 3017 5562 unum
3046 5500 3165 5556 sum
3268 5501 3536 5556 universa-

267 5591 402 5649 titer.
483 5588 530 5620 "
560 5588 623 5642 de
648 5604 756 5642 om.
780 5589 844 5643 Δ.
923 5587 966 5620 ⁸⁸
994 5598 1040 5643 et
1073 5602 1178 5642 om.
1201 5588 1264 5641 Λ.
1344 5585 1385 5616 ’δ
1421 5588 1487 5640 sit
1518 5600 1625 5640 om.
1652 5585 1755 5641 Cl“.

1838 5586 1882 5616 ³⁸
1919 5584 2016 5639 Dei
2050 5596 2160 5655 om.
2190 5581 2253 5635 Δ.
