3898 6154
382 259 514 310 831'

1748 251 2028 317 JOANNIS
2068 250 2260 314 SCOTI

3524 256 3624 313 833

383 377 446 428 de
474 386 583 434 ore,
619 367 831 424 videtur
874 372 986 424 sine
1030 366 1186 422 dubio
1233 378 1377 423 tanto
1426 380 1638 424 auctore
1684 371 1954 441 indignum
1985 383 2029 436 Α
2058 371 2148 423 sed
2207 373 2387 434 etiant,
2414 387 2528 423 cum
2559 370 2840 423 excoluerit
2877 370 2940 433 1',
2967 371 3247 424 custodire.
3291 370 3378 425 Βι.
3397 371 3497 424 tiae
3530 389 3623 425 ana

379 469 724 530 praeceptum,
750 458 850 511 nisi
871 459 1004 510 hunc
1033 458 1202 509 cibum
1233 457 1301 509 ad
1330 455 1478 510 illum
1507 457 1789 527 perfectum
1836 459 1850 488 ¹
1878 475 1957 512 re-

378 554 540 619 feras,
585 564 733 618 quem
780 548 799 577 ²
825 564 919 616 pro
965 563 1151 616 mqgno
1191 548 1423 616 praemio
1479 547 1619 601 Deus
1666 550 1730 602 de
1762 551 1956 603 sanctis

378 640 648 710 pollicetur
691 638 800 690 suis
851 654 866 689 :
923 634 1055 688 Ecce
1109 636 1198 705 qui
1219 637 1470 698 ,sereiunt
1515 638 1678 703 mihi,
1729 639 1955 693 mandu-

379 730 604 788 cabunt,
663 741 747 777 vos
801 734 972 776 autem
1019 725 1277 777 esurietis.
1314 723 1414 777 llic
1445 735 1529 777 est
1558 724 1578 756 ⁸
1610 727 1746 778 enim
1789 727 1955 789 cibus,

378 820 432 872 in
480 833 580 887 quo
637 817 740 869 vita
785 815 1034 883 deﬁnitur
1081 825 1316 880 aeterna,
1368 832 1468 884 quo
1515 817 1749 886 quisquis
1801 818 1957 885 fuerit

377 908 762 977 defraudatus,
845 917 1010 960 morte
1082 909 1372 972 morietur;
1455 909 1873 980 quandoquidem
1936 910 1957 939 ’⁵

375 999 524 1068 panis
583 998 722 1051 vivus
778 1007 933 1067 atque
987 997 1221 1050 caelestis
1266 998 1372 1066 ipse
1421 997 1674 1052 Dominus
1725 1009 1820 1063 est,
1870 1001 1958 1069 qui

376 1091 531 1143 vitam
579 1090 669 1142 dat
723 1091 846 1142 huic
898 1089 1110 1142 mundo.
1167 1086 1314 1142 Unde
1369 1099 1419 1142 et
1476 1091 1584 1159 ipse
1636 1091 1707 1142 ait
1767 1104 1786 1142 :
1838 1090 1958 1144 Nisi

375 1179 817 1232 manducaueritis
855 1195 1063 1230 carnem
1099 1194 1288 1240 meam,
1319 1189 1364 1231 et
1398 1178 1625 1232 biberilis
1652 1181 1958 1249 sanguinem

347 1287 584 1331 .meum,
638 1287 741 1322 non
787 1268 1040 1321 habebitis
1095 1269 1248 1321 vitam
1298 1279 1580 1323 aeternam.
1652 1269 1779 1322 Erat
1838 1286 1957 1339 ergo

372 1360 524 1426 punis
558 1357 855 1426 aliquis,de
894 1373 994 1425 quo
1033 1369 1361 1426 praeceperat
1391 1359 1529 1411 Deus
1568 1359 1825 1412 edendum
1861 1377 1957 1427 pa-

375 1451 540 1503 radisi
585 1450 788 1502 incolis.
838 1451 967 1515 Quis
1014 1449 1141 1503 ille?
1166 1452 1350 1520 Accipe
1393 1469 1543 1522 quem
1584 1453 1724 1506 dicat
1780 1470 1798 1507 :
1851 1451 1958 1506 Pa-

376 1555 530 1601 nem,
596 1540 809 1604 inquit,
871 1537 1173 1606 angelorum
1239 1541 1570 1594 manducavit
1632 1543 1804 1595 homo.
1865 1543 1957 1596 Est

373 1631 530 1678 etiam
595 1627 615 1658 ⁸
653 1628 815 1680 bonus
871 1627 1042 1694 panis,
1087 1629 1133 1680 si
1165 1628 1330 1696 facias
1372 1629 1685 1684 voluntatem
1716 1631 1833 1684 Dei.
1872 1630 1958 1687 Vis

2062 471 2162 513 tem
2190 462 2324 530 agri,
2355 469 2403 513 et
2430 459 2658 513 volatilia
2697 460 2849 521 caeli,
2873 475 3008 527 quae
3034 459 3294 512 ducuntur
3333 461 3402 511 ad
3437 459 3621 522 Adam,

2061 551 2226 604 nostri
2265 548 2649 603 irrationabiles
2679 536 2848 602 minus
2873 559 3014 612 sunt,
3049 565 3109 602 eo
3133 549 3274 614 quod
3307 548 3494 602 bestiae
3517 559 3562 602 et
3580 550 3623 580 ¹⁶

2057 656 2268 709 pecora,
2287 640 2544 709 quaedam
2567 640 2800 693 diversae
2826 641 2926 693 sint
2954 655 3228 708 corporeae
3245 641 3530 708 passiones,
3552 641 3623 693 rel

2060 732 2478 795 turbulentiores,
2504 730 2579 784 cel
2602 732 2757 797 etiam
2781 730 3157 800 languidiores.
3183 727 3434 783 Volatilia
3455 741 3622 783 autem

2060 822 2190 876 caeli
2213 823 2337 892 quid
2383 822 2529 875 aliud
2557 824 2915 885 aestimamus,
2938 823 3038 875 nisi
3061 824 3240 876 inanes
3271 823 3620 891 cogitationes,

2059 929 2191 983 quae
2219 913 2505 967 eolatilium
2535 928 2676 965 more
2702 921 2934 965 nostram
2966 910 3338 964 circumvolant
3377 911 3622 973 animam,

2060 1011 2106 1054 et
2155 1003 2256 1054 huc
2313 1012 2467 1071 atque
2507 1001 2635 1052 illuc
2678 999 2823 1052 vario
2862 1008 3005 1052 motu
3057 1015 3212 1068 saepe
3261 1001 3620 1052 transducunt.

2065 1091 2342 1160 Propterea
2374 1091 2547 1144 nullus
2577 1092 2870 1146 inventus"
2895 1092 3052 1144 menti
3073 1101 3280 1144 nostrae
3311 1091 3497 1142 similis
3535 1091 3627 1143 ad-

2050 1182 2220 1250 jutor,
2260 1183 2358 1233 nisi
2404 1197 2604 1242 sensus,
2649 1182 2746 1234 hoc
2775 1191 2847 1235 est
2889 1181 3144 1243 αἴσθησις,
3169 1195 3316 1249 quem
3345 1179 3388 1209 ⁸³
3409 1178 3642 1238 similem

2059 1272 2157 1324 sibi
2184 1263 2352 1323 solum
2385 1279 2502 1331 νοῦς
2534 1280 2712 1323 noster
2751 1271 2919 1339 potuit
2961 1270 3206 1323 invenire.
3235 1269 3341 1323 Sed
3387 1269 3523 1337 forte
3552 1285 3627 1322 re-

2059 1359 2370 1428 darguas,”
2393 1362 2517 1431 quia
2567 1361 2694 1413 haec
2733 1376 2934 1430 quoque
2967 1359 3109 1412 Deus
3149 1361 3204 1412 in
3247 1358 3341 1410 tali
3381 1358 3625 1433 paradiso

2062 1450 2272 1513 locavit,
2296 1452 2391 1505 hoc
2411 1462 2510 1514 est,
2524 1453 2790 1520 passiones
2811 1452 3062 1522 corporis,
3090 1461 3136 1504 et
3161 1451 3436 1504 vanitatem
3465 1467 3626 1518 quan-

2058 1541 2179 1593 dam
2211 1541 2575 1609 ﬂuctuantium
2612 1541 2994 1595 vel"inanium
3016 1543 3409 1611 cogitationum,
3431 1541 3624 1610 quod“

2058 1633 2166 1702 ipse
2209 1636 2368 1685 nostri
2407 1631 2565 1700 fuerit
2597 1644 2782 1687 auctor
2801 1636 3012 1687 erroris.
3051 1633 3338 1686 Considera
3383 1634 3513 1703 quid
3552 1635 3625 1686 dio

376 1719 531 1778 scire,
571 1731 726 1784 quam
757 1715 777 1744 °
820 1715 981 1768 bonus
1030 1717 1225 1784 panis?
1281 1715 1401 1788 Ipse
1449 1715 1625 1770 Filius
1676 1719 1960 1772 manducat
1991 1722 2032 1779 Β
2060 1733 2162 1776 cat.
2204 1722 2433 1786 Habete,
2489 1724 2687 1794 inquit,
2753 1735 3053 1792 potestatem
3103 1724 3320 1792 piscium
3370 1727 3532 1777 maris
3581 1734 3626 1776 et

373 1804 509 1856 hunc
533 1821 740 1872 panem,
777 1805 839 1858 de
885 1821 987 1874 quo
1019 1806 1092 1856 ait
1122 1818 1140 1855 :
1189 1804 1338 1858 Meus
1367 1806 1509 1859 cibus
1545 1817 1646 1870 est,
1675 1818 1728 1859 ut
1761 1807 1954 1876 faciam

375 1895 688 1948 raluntatem
740 1896 914 1949 Patris
967 1898 1088 1960 mei,
1123 1898 1211 1967 qui
1254 1899 1307 1950 in
1355 1898 1511 1951 caelis
1556 1907 1650 1951 est.
1714 1898 1956 1962 Intende,

373 1986 590 2054 qualem
621 1987 800 2040 cibum
852 2003 1094 2041 sunnnus
1140 1988 1399 2056 magister
1427 1991 1635 2052 edocet,
1666 2005 1823 2057 quem
1861 2005 1953 2058 pa-

380 2077 543 2130 radisi
577 2077 763 2131 incolis
786 2078 1050 2131 edendum
1076 2078 1334 2132 Dominus
1371 2080 1669 2147 praecepit,
1703 2096 1807 2133 non
1838 2095 1953 2133 cor-

383 2167 619 2236 poralem
674 2177 728 2220 ct
777 2167 1215 2236 corruptibilem,
1285 2170 1376 2222 sed
1439 2169 1812 2238 spiritualem,
1862 2169 1958 2224 Dei

375 2257 609 2311 Verbum
640 2257 886 2311 videlicet
904 2256 1127 2327 ejusque
1147 2257 1496 2314 voluntatem.
1532 2258 1678 2313 Dtsc.
1701 2259 1963 2314 Animad-

374 2361 547 2410 verto.
583 2352 846 2422 valdeque
889 2353 1145 2415 admiror,
1180 2363 1439 2421 quantum
1462 2353 1779 2407 ‘intellectui
1813 2352 1950 2408 Gre-

379 2443 513 2512 gorii
544 2442 798 2511 'l‘beologi
822 2444 1092 2511 congruit,
1121 2443 1212 2511 qui
1253 2452 1307 2497 et
1348 2443 1482 2512 ipse,
1515 2451 1572 2496 ut
1599 2443 1845 2511 superius
1875 2451 1960 2496 est

374 2533 574 2585 dictum
617 2532 663 2593 ",
715 2533 886 2585 cibum
934 2532 1263 2601 fructumque
1310 2542 1586 2603 potumque
1633 2531 1957 2602 spiritualem

375 2634 528 2691 atque
549 2621 950 2675 intellectualem
974 2622 1209 2692 paradisi
1232 2637 1341 2674 esse
1363 2623 1724 2674 incunctanter
1744 2623 1954 2677 asserit.

376 2709 562 2773 Porro,
593 2711 636 2763 si
662 2711 813 2765 cibus
835 2710 1070 2779 paradisi
1095 2710 1389 2779 spiritualis
1407 2721 1461 2764 et
1484 2710 1831 2781 intelligibilis
1847 2721 1949 2777 cst,

378 2803 684 2856 necessario
716 2803 980 2871 sequitur,
1011 2812 1071 2855 ut
1111 2811 1164 2854 et
1189 2802 1314 2856 illud
1351 2816 1508 2855 omne
1541 2801 1762 2870 lignum,
1804 2803 1957 2870 cujus

383 2891 590 2947 fructus
619 2891 770 2947 cibus
798 2893 886 2947 ille
907 2901 1011 2957 est,
1036 2892 1394 2947 iutellectuale
1419 2902 1470 2946 ct
1500 2894 1776 2962 spiritu-ale
1801 2895 1956 2948 intel-

380 2985 598 3056 ligatur.
640 2983 753 3039 Non
783 2986 926 3039 enim
957 2987 1022 3041 de
1046 3000 1304 3054 corporeo
1331 2986 1676 3051 sensibilique
1702 2986 1843 3055 ligno
1876 2987 1955 3040 in-

2054 1815 2343 1868 uolatilium
2366 1815 2516 1878 caeli,
2563 1827 2610 1869 et
2641 1816 2871 1869 omnium
2905 1819 3189 1886 repentium
3213 1818 3426 1886 ",quae
3449 1827 3626 1884 repunt

2053 1923 2208 1976 super
2235 1917 2447 1961 terram.
2506 1906 2678 1971 Vides,
2715 1909 2854 1978 quod
2886 1907 2973 1960 ille
3008 1908 3101 1960 tibi
3125 1908 3360 1960 tribuerit
3397 1917 3622 1975 potesta-

2056 2007 2175 2059 tem,
2206 2007 2261 2050 ut
2288 1998 2352 2051 de
2376 1999 2612 2052 omnibus
2637 2011 2693 2051 tu
2716 1999 2764 2030 ⁸³
2793 1999 3036 2068 judicare
3063 1999 3270 2063 debeas,
3300 1998 3622 2069 singulorum

2055 2103 2242 2155 genera
2266 2088 2463 2156 judicii
2487 2089 2563 2140 tui
2599 2089 2773 2142 sobria
2796 2088 3099 2156 definitione
3122 2090 3414 2142 discernere
3439 2105 3457 2142 :
3478 2105 3624 2142 uoca-

2056 2177 2126 2227 rit
2157 2177 2224 2227 ad
2252 2185 2301 2229 te
2340 2176 2516 2229 omnia
2561 2176 2720 2238 Deus,
2763 2185 2816 2227 ut
2849 2192 3008 2244 supra
3031 2177 3203 2228 omnia
3235 2191 3453 2229 mentem
3483 2186 3622 2227 tuam

2055 2279 2164 2316 esse
2185 2279 2532 2332 cognosceres.
2561 2261 2670 2317 Cur
2697 2280 2831 2333 quae
2867 2265 2959 2316 tibi
2993 2264 3269 2318 dissimilia
3292 2264 3339 2293 "
3373 2264 3623 2333 reperisti,

2062 2356 2316 2408 asciscere
2338 2356 2431 2408 tibi
2458 2365 2505 2407 et
2528 2355 2772 2421 capulare
2792 2353 3040 2408 voluisti?
3065 2354 3214 2408 Dedit
3240 2356 3330 2408 tibi
3357 2365 3556 2408 certum
3583 2355 3627 2386 "

2056 2459 2288 2508 sensum,
2333 2461 2435 2515 quo
2466 2445 2705 2498 universa
2738 2461 3090 2515 cognosceres,
3122 2456 3168 2500 et
3197 2447 3260 2498 de
3289 2449 3625 2516 cogitationi-

2057 2533 2152 2586 bus
2198 2533 2495 2602 jutlicares.
2554 2534 2847 2606 Meritoque
2890 2536 2954 2590 de
2995 2537 3085 2589 illo
3133 2539 3356 2606 fecundo
3395 2541 3629 2608 paradisi

2057 2641 2183 2695 agro
2210 2624 2402 2698 ejectus
2429 2642 2504 2691 es,
2526 2627 2651 2696 quia
2681 2643 2784 2679 non
2817 2628 3033 2696 potuisti
3061 2644 3267 2682 servare
3296 2631 3626 2683 mandatum.

2059 2713 2269 2769 Sciebat
2300 2717 2436 2769 enim
2463 2716 2627 2781 Deus,
2657 2734 2766 2771 esse
2796 2728 2844 2771 te
2874 2718 3138 2788 fragilem,
3163 2721 3354 2773 sciebat
3383 2722 3628 2790 judicare

2058 2821 2160 2858 non
2201 2821 2395 2875 posse;
2449 2806 2562 2860 ideo
2615 2807 2749 2860 dixit
2813 2809 2962 2877 quasi
3007 2808 3364 2877 fragilioribus
3399 2826 3419 2862 :
3457 2809 3630 2863 Nolite

2047 2883 2326 2965 judicare,
2365 2906 2420 2949 ut
2471 2913 2572 2949 non
2593 2897 2926 2966 judicentini.
2991 2896 3132 2967 Ergo
3172 2901 3297 2969 quia
3349 2900 3522 2963 scivit,
3554 2901 3632 2952 in-

2059 2987 2273 3054 ﬁrmum
2305 2995 2354 3040 te
2391 3003 2501 3040 esse
2527 2989 2594 3040 ad
2628 2987 3002 3056 judicandum,
3048 2989 3207 3043 voluit
3233 3000 3280 3043 te
3306 2990 3630 3059 obedientem

380 3091 673 3146 corporeus
705 3075 1158 3146 intelligibilisque
1189 3075 1392 3129 fructus
1422 3077 1566 3130 nasci
1600 3072 1853 3131 credibile
1874 3086 1956 3131 est
1983 3058 2026 3118 Ο
2058 3093 2166 3129 esse
2199 3078 2466 3140 mandato,
2511 3078 2626 3130 ideo
2651 3081 3200 3148 praeceptumposuit.
3241 3080 3392 3145 Quod
3416 3081 3462 3134 si
3493 3058 3625 3134 illud

383 3179 437 3222 et
467 3168 656 3222 rationi
686 3181 864 3221 rerum
890 3168 1234 3221 conveniens.
1277 3165 1463 3230 Porro,
1511 3166 1553 3219 si
1580 3174 1633 3219 et
1667 3165 1872 3220 fruetus
1903 3176 1955 3220 et

380 3257 521 3326 ligna
551 3257 850 3324 spiritualia
878 3266 1024 3319 sunt,
1077 3270 1254 3308 nonne
1285 3270 1619 3324 consequens
1666 3266 1770 3320 est,
1813 3266 1869 3308 ut
1901 3266 1957 3310 et

380 3346 530 3399 locus
558 3346 665 3408 ille,
691 3346 741 3397 in
765 3360 871 3414 quo
898 3345 1214 3406 subsistunt,
1243 3360 1346 3398 non
1369 3347 1690 3415 corporalis,
1716 3348 1808 3400 sed
1835 3363 1954 3414 pro-

382 3434 523 3488 fecto
551 3433 845 3502 spiritualis
881 3442 936 3486 et
982 3435 1232 3487 credatur
1276 3443 1331 3487 et
1383 3436 1950 3504 coguoscaturh‘llsc.

386 3524 736 3591 Consequens
767 3521 1004 3590 quidem,
1033 3531 1088 3574 et
1131 3523 1356 3577 rationis
1381 3522 1616 3591 plenum,
1654 3533 1708 3578 et
1741 3525 1952 3578 veritati

387 3613 742 3666 simillimum.
793 3611 897 3666 Sed
947 3621 1001 3665 ut
1042 3613 1143 3667 hoc
1181 3611 1406 3682 praefati
1447 3615 1648 3682 patris,
1685 3613 1954 3669 Ambrosii

385 3705 530 3765 dico,
559 3703 878 3756 inconcusso
902 3701 1206 3756 testimonio
1239 3703 1539 3768 roborctur,
1572 3705 1698 3772 quid
1733 3707 1844 3775 ipse
1886 3706 1953 3759 de

385 3793 501 3847 loco
527 3791 780 3862 paradisi,
807 3793 978 3859 deque
1002 3790 1114 3846 fere
1142 3792 1409 3854 cluiuilius.
1443 3809 1582 3862 quae
1609 3796 1658 3848 in
1693 3796 1807 3864 ipso
1833 3809 1955 3851 esse

382 3884 565 3938 divina
589 3894 772 3938 narrat
797 3884 1042 3948 historia,
1072 3883 1122 3936 in
1159 3883 1400 3953 praelato
1427 3900 1525 3938 suo
1554 3885 1574 3916 ⁸
1611 3901 1777 3954 opere
1819 3887 1955 3940 scri-

385 3979 569 4047 pserit,
603 3977 856 4032 intentius
897 3979 1216 4032 intueamur.
1257 3974 1568 4047 Plerosque,
1607 3978 1795 4046 inquit,
1843 3993 1955 4031 mo-

382 4079 482 4131 vet,
534 4069 623 4138 qui
657 4067 954 4137 diligentius
1002 4069 1289 4131 intuentur,
1338 4069 1621 4136 quomodo,
1657 4070 1701 4119 si
1732 4069 1900 4137 primo
1931 4069 1952 4102 θ

385 4174 627 4227 magnum
652 4175 837 4210 munus
863 4156 955 4210 Dei
984 4157 1081 4225 fuit
1111 4159 1250 4210 circa
1270 4157 1524 4221 homines,
1549 4167 1603 4210 ut
1626 4160 1680 4211 in
1705 4150 1953 4227 paradiso

385 4247 779 4308 collocarentur,
800 4246 877 4300 vel
896 4255 1070 4316 postea
1091 4262 1395 4315 magnorum
1418 4249 1764 4302 remuneratio
1783 4249 1822 4279 ²⁰
1844 4265 1954 4303 esse

386 4337 620 4390 rideatur
645 4339 968 4400 meritorum,
997 4348 1050 4390 ut
1093 4339 1146 4390 in
1173 4337 1211 4368 ¹⁸
1243 4339 1548 4404 paradisum
1581 4340 1761 4408 justus
1790 4356 1954 4395 unus-

383 4427 599 4496 quisque
629 4427 884 4495 rapiatur.
928 4427 1184 4480 Dicuntur
1218 4429 1373 4481 etiam
1421 4429 1637 4493 bestiae,
1683 4440 1731 4484 et
1763 4447 1950 4501 pecora

386 4518 521 4584 agri,
551 4525 598 4569 et
620 4515 848 4568 volatilia
873 4515 1002 4568 caeli
1030 4517 1081 4568 in
1115 4516 1361 4584 paradiso
1387 4517 1565 4582 fuisse.
1599 4517 1750 4572 Unde
1793 4519 1953 4590 pleri-

383 4620 482 4674 que
522 4606 825 4674 paradisum
863 4607 1092 4658 animam
1126 4606 1349 4660 hominis
1375 4607 1416 4636 ¹²
1438 4625 1547 4662 esse
1576 4609 1866 4676 voluerunt,
1897 4613 1951 4666 in

386 4711 489 4766 qua
534 4693 780 4747 virtutum
813 4695 1066 4764 quaedam
1099 4698 1330 4765 germina
1358 4696 1749 4765 pullulaverint,
1787 4702 1953 4754 homi-

387 4799 502 4838 nem
533 4796 706 4837 autem
735 4794 782 4837 et
813 4785 856 4814 ¹³
885 4785 953 4836 ad
981 4787 1296 4855 operandam
1331 4797 1377 4840 et
1417 4789 1809 4842 custodiendum
1853 4808 1951 4858 pa-

386 4873 619 4926 radisum
645 4889 753 4926 esse
777 4875 1021 4943 positum,
1051 4875 1146 4928 hoc
1167 4886 1262 4941 est,
1291 4888 1506 4931 mentem
1528 4878 1775 4943 hominis,
1803 4882 1952 4947 cuius

386 4961 547 5016 virtus
576 4963 804 5014 anintam
832 4964 1036 5016 videtur
1056 4965 1306 5033 excolere,
1332 4983 1429 5020 nec
1448 4966 1492 4998 “
1509 4969 1677 5021 solum
1698 4971 1955 5038 excolere,

461 5213 605 5296 {Sic
655 5215 773 5279 CF;
850 5218 894 5272 Α
951 5216 1087 5271 illud
1143 5217 1522 5319 propheticum.

461 5283 533 5319 lno
585 5285 703 5319 ρετ.
746 5289 772 5319 Δ
841 5287 931 5319 lim
983 5290 1112 5319 ..ν-ε...
1288 5288 1377 5319 Qu.
1406 5286 1520 5319 ΓΠ.

383 5286 403 5360 ξ
733 5289 778 5360 ΔΑ
824 5287 938 5360 list
980 5283 1153 5342 enim]
1236 5283 1520 5360 δαεὶς-(Ἐς
1569 5288 1613 5342 Α
1663 5292 1801 5360 quis.

379 5355 416 5428 Ἀ
441 5355 544 5428 Sig
563 5354 648 5410 CF
669 5374 683 5421 ;
715 5357 754 5410 Α
791 5358 833 5413 si
860 5359 936 5411 vel
959 5359 1156 5428 primo.
1253 5357 1294 5428 ¹Α⁰
1332 5356 1415 5411 CF
1461 5354 1836 5428 remuneratur.

383 5425 427 5456 "
462 5424 546 5479 CF
577 5441 678 5480 non
707 5429 897 5488 solum.
959 5424 968 5428 ⁷
997 5427 1042 5458 ⁸⁸
1074 5427 1158 5482 CF
1197 5425 1428 5479 coluerit.

381 5491 795 5568 tilizA‘arguas.
870 5497 912 5528 ’⁸
937 5493 1016 5568 vel
1040 5511 1153 5552 om.
1173 5494 1319 5568 CF.”
1355 5495 1702 5568 '_'_Si(_:§F;A
1731 5491 1904 5568 quasi.

381 5559 502 5624 CF;
541 5562 584 5615 Α
608 5559 700 5617 tibi
725 5568 913 5618 similia
938 5564 1172 5619 minime.
1273 5565 1320 5594 "
1358 5563 1447 5618 Sic
1475 5565 1587 5624 CF:
1621 5559 1658 5619 Ᾱ
1689 5559 1844 5621 εεί·ιε.

581 5633 623 5662 ’δ
665 5639 701 5685 .-\
729 5638 769 5686 si
801 5637 869 5687 ita
900 5653 936 5684 rt
961 5638 1144 5706 piaris.

1898 5292 1918 5323 ⁷
1971 5290 2062 5346 Sic
2113 5291 2230 5355 CF;
2281 5291 2548 5344 Adictum
2597 5299 2692 5343 est.

1930 5362 1970 5396 ¹¹
2015 5361 2105 5416 Sic
2131 5361 2241 5423 CF;
2272 5362 2315 5414 A
2351 5368 2438 5413 ad.

1539 5427 1582 5456 “
1622 5429 1711 5482 Sic
1739 5429 1853 5494 Ci“;
1894 5430 1938 5483 Α
1969 5431 2067 5485 uel.

1980 5503 2024 5533 “
2050 5501 2139 5554 Sic
2163 5499 2278 5564 CF;
2306 5501 2346 5553 A
2373 5499 2703 5567 reptibilium.

1920 5570 1967 5602 "
2005 5579 2051 5622 et
2075 5586 2233 5622 ausus
2270 5586 2321 5622 es
2352 5584 2458 5623 om.
2491 5571 2552 5620 Α.

1219 5633 1266 5664 ³⁰
1307 5633 1398 5688 Sic
1425 5633 1542 5701 CF;
1577 5639 1615 5689 Α
1665 5637 2010 5707 dijutlicatur.

2059 3184 2160 3220 non
2190 3170 2576 3236 praevaricatus
2598 3185 2751 3230 esses,
2782 3155 3068 3238 periculum
3098 3171 3282 3224 incerti
3316 3171 3511 3240 judicii
3544 3174 3622 3225 in-

2058 3260 2227 3312 cidere
2257 3260 2589 3329 nequivisses.
2627 3259 2887 3324 Quoniam
2921 3277 3033 3314 vero
3067 3261 3315 3330 judicare
3347 3263 3553 3317 uoluisti
3582 3273 3629 3315 et

2059 3368 2219 3404 ausus
2256 3368 2307 3404 es
2329 3351 2398 3416 ’°,
2447 3352 2561 3404 ideo
2612 3353 2814 3405 addidit
2853 3366 2871 3403 :
2905 3351 3034 3407 Ecce
3066 3356 3108 3385 "
3134 3354 3304 3407 Adam
3341 3354 3513 3423 factus
3557 3366 3628 3408 est

2057 3449 2305 3510 tanquam
2357 3458 2491 3494 unus
2538 3458 2602 3494 ea;
2643 3443 2808 3507 nobis,
2863 3453 2914 3495 ut
2950 3445 3080 3497 sciat
3113 3445 3302 3498 bonum
3331 3457 3376 3498 et
3409 3445 3628 3498 malum.

2071 3529 2289 3599 lfoluisti
2316 3533 2409 3585 tibi
2441 3549 2692 3602 arrogare
2714 3534 2981 3602 judicium
3009 3553 3028 3590 .°
3057 3553 3276 3606 poenam
3311 3537 3630 3606 pravijudi-

2057 3613 2126 3665 cii
2160 3612 2388 3682 refutare
2418 3631 2519 3668 non
2551 3616 2723 3669 debes.
2757 3615 2942 3669 Posuit
2970 3630 3016 3670 te
3043 3628 3217 3672 tamen
3249 3629 3431 3671 contra
3463 3636 3625 3687 para-

2055 3703 2266 3776 disum,
2315 3720 2377 3758 ne
2423 3707 2729 3784 memoriam
2777 3705 2890 3774 ejus
2925 3707 3090 3774 possis
3126 3706 3350 3760 abolere.
3396 3706 3629 3775 Denique

2045 3798 2180 3865 justi
2212 3798 2264 3851 in
2295 3801 2604 3866 paradisum
2632 3817 2784 3868 saepe
2815 3799 3110 3868 rapiuntur,
3140 3800 3273 3852 sicut
3305 3798 3506 3851 Paulus
3546 3817 3630 3850 ra-

2054 3899 2172 3956 ptus
2195 3896 2271 3941 est
2302 3889 2356 3941 in
2391 3890 2700 3956 paradisum
2731 3899 2777 3942 et
2806 3889 3004 3942 audivit
3040 3889 3188 3941 verba
3215 3888 3526 3956 ineffabilia.
3562 3886 3627 3940 Et

2055 3990 2132 4040 tu.
2160 3981 2203 4032 si
2246 3997 2277 4032 a
2321 3983 2490 4048 primo
2543 3979 2685 4032 caelo
2719 3980 2786 4032 ad
2813 3979 3097 4032 secundum
3129 3977 3355 4039 caelum,
3384 3987 3431 4030 et
3471 3994 3502 4030 a
3545 3993 3627 4032 se—

2056 4073 2226 4123 cundo
2259 4073 2326 4123 ad
2369 4067 2598 4124 tertium
2627 4073 2813 4124 mentis
2856 4081 2979 4124 tuae
3026 4072 3194 4138 uigore
3238 4069 3482 4137 rapiaris,
3530 4071 3628 4122 hoc

2055 4168 2127 4213 est
2156 4161 2221 4223 ³⁸,
2264 4159 2387 4229 quia
2414 4161 2638 4228 primum
2662 4161 3012 4229 unusquisque
3041 4161 3193 4212 homo
3219 4169 3290 4210 est
3316 4157 3626 4226 corporalis,

2053 4251 2280 4302 secundo
2314 4250 2580 4313 animalis,
2627 4253 2776 4305 tertio
2803 4249 3109 4318 spiritualis,
3141 4253 3212 4302 ita
3247 4250 3460 4317 rapieris
3488 4248 3535 4278 ι’
3559 4250 3624 4302 ad

2057 4341 2266 4394 tertium
2291 4340 2514 4404 caelum,
2536 4351 2589 4395 ut
2615 4343 2786 4396 videas
2809 4341 3061 4410 fulgorem
3081 4343 3280 4411 gratiae
3298 4341 3626 4409 spiritualis;

2055 4431 2300 4483 animalis
2325 4432 2461 4484 enim
2491 4433 2643 4484 homo
2666 4472 2680 4496 ,
2719 4449 2852 4501 quae
2879 4442 2996 4484 sunt
3027 4429 3257 4499 Spiritus
3285 4430 3399 4493 Dei,
3442 4430 3624 4483 nescit.

2053 4520 2120 4574 Et
2162 4524 2277 4595 ideo
2317 4525 2451 4576 tertii
2502 4523 2633 4577 caeli
2669 4524 2904 4577 ascensio
2953 4524 3046 4575 tibi
3084 4533 3157 4575 est
3209 4525 3526 4588 necessaria,
3571 4534 3627 4576 ut

2054 4613 2278 4681 rapiaris
2308 4613 2361 4664 in
2388 4614 2691 4679 paradisum
2719 4626 2739 4664 .'
2769 4612 2988 4681 rapiaris
3010 4613 3117 4678 iam
3159 4613 3269 4665 sine
3288 4611 3540 4681 periculo,
3574 4621 3628 4662 ut

2053 4704 2219 4772 possis
2261 4703 2558 4771 tlijudicare
2608 4705 2814 4765 omnia,
2859 4704 2984 4773 quia
3029 4703 3322 4771 spiritualis
3364 4701 3627 4769 dijudicat

2057 4794 2251 4854 omnia,
2272 4793 2377 4859 ipse
2397 4808 2512 4845 vero
2535 4809 2566 4845 a
2589 4793 2790 4845 nemine
2801 4792 3080 4861 judicatur
3097 4792 3158 4847 ³⁸.
3179 4792 3410 4855 Intuere,
3438 4808 3631 4862 quem-

2056 4880 2344 4933 admodum
2391 4879 2710 4934 Ambrosius
2763 4895 2983 4934 sensum
3045 4880 3293 4951 Origcnis
3339 4885 3624 4951 approbat,

2057 4972 2342 5041 Epiphauii
2389 4981 2564 5024 autem
2597 4969 2852 5024 inﬁrmat.
2879 4969 3126 5042 Origenis
3154 4972 3416 5041 siquidem
3463 4988 3628 5043 para-

1663 5107 1748 5162 VA
1760 5110 1918 5166 RIAE
1956 5111 2354 5168 LECTIONES.

1627 5219 1648 5250 ³
1713 5220 1758 5274 Α
1824 5221 1985 5292 quod.

2113 5222 2248 5303 13“
2295 5220 2584 5303 .0".‘.'_CF"°
2661 5220 2707 5303 ,⁸
2746 5218 2828 5303 CF:
2865 5217 3132 5303 ,ρξιᾳηάω
3203 5219 3433 5303 [quidem
3487 5223 3626 5293 σπι]

2541 5307 2548 5341 ι
2597 5299 2692 5343 εει.
2803 5289 2825 5320 ⁸
2862 5289 2945 5343 CF
2973 5290 3026 5341 in
3063 5289 3303 5411 praefato
3341 5293 3423 5344 sui
3452 5289 3628 5360 opere;

2541 5361 2583 5390 ¹¹
2621 5359 2842 5413 hominis
2875 5374 2984 5411 om.
3017 5357 3056 5413 C
3107 5399 3120 5411 .
3201 5359 3243 5392 "
3282 5370 3331 5428 et
3368 5376 3476 5415 om.
3516 5359 3627 5416 CF.

2145 5429 2463 5513 ‘1"Sic‘CF;
2487 5429 3138 5513 li.nvettitur.m“nquem
3163 5445 3273 5483 om.
3305 5431 3370 5513 AA.
3451 5429 3503 5513 ια’.
3533 5429 3630 5513 Su:

2660 5514 2703 5550 ιι.
2779 5500 2824 5529 ’³
2847 5498 2937 5553 Sic
2959 5497 3076 5562 CF;
3103 5510 3159 5550 t-u
3187 5515 3297 5553 om.
3327 5502 3392 5552 Λ.
3461 5499 3508 5530 ⁸³
3533 5500 3630 5552 Sic

2660 5570 2702 5599 *⁷
2743 5569 2875 5622 Ecce
2899 5584 3006 5621 om.
3038 5568 3140 5621 CF.
3219 5569 3266 5598 "
3300 5570 3398 5620 hoc
3419 5577 3491 5620 est
3512 5582 3629 5620 om.
