3898 6154
226 351 322 407 833

1030 348 1125 403 DE
1160 346 1501 404 DIVISIONE
1536 347 1887 408 NATL‘RAE.
1921 377 1993 389 --
2024 348 2226 419 LIBER
2267 349 2615 417 QUARTUS.

3372 360 3478 418 85$

223 467 412 525 tlisum,
440 461 492 515 in
523 460 680 515 tertio
710 459 881 523 caelo,
911 462 1051 530 quod
1075 472 1156 518 est
1182 464 1563 529 intellectuale,
1595 465 1695 519 hoc
1715 473 1799 519 est
1826 469 1872 526 Α
1903 463 2194 533 plicitatem
2227 468 2247 498 θ
2285 471 2509 518 naturae
2561 471 2685 518 ante
2724 463 2975 519 delictum
3006 466 3358 538 singulariter
3389 485 3474 526 ex.

223 557 271 608 iu
305 554 423 624 ipso
469 552 708 616 homine,
748 561 1011 622 quantum
1056 554 1364 611 intellectus
1394 564 1497 621 est,
1550 556 1565 586 ¹
1600 556 1796 609 asserit
1894 557 2128 626 pressit,
2171 557 2241 610 ad
2270 556 2569 627 imaginem
2591 556 2688 610 Dei
2714 558 2904 611 creavit
2940 556 3089 612 illum
3118 577 3135 612 :
3161 560 3479 618 divisionem

220 660 335 701 esse
356 662 369 698 :
388 642 718 713 Epiphanius
740 658 889 710 vero,
918 652 978 699 ut
998 645 1387 715 praediximus,
1413 646 1637 700 nimium
1660 645 1795 700 sim-

226 736 436 808 pliciter
481 734 745 799 seruiens,
789 745 1064 792 terrenum
1106 739 1373 806 quendam
1424 738 1601 793 locum
1632 752 1799 808 para-

219 827 394 881 disum
434 827 707 889 aestimat,
738 834 1058 897 terrenaque
1098 827 1240 897 ligna
1286 826 1571 898 fontesque
1621 828 1795 899 sensi:

216 920 375 986 biles,
425 921 571 989 quod
612 934 740 974 vera
790 919 998 974 deridet
1044 920 1205 975 ratio.
1255 918 1371 975 Non
1413 922 1560 975 enim
1610 920 1798 975 credi-

217 1011 319 1065 bile
347 1020 433 1065 est
470 1011 537 1065 de
576 1008 835 1080 Apostnlo
872 1018 1162 1064 aestimare
1207 1013 1251 1076 ³,
1302 1011 1356 1065 in
1393 1010 1554 1065 alium
1586 1011 1800 1080 paradi-

216 1117 330 1156 sum
366 1112 581 1174 raptum
628 1102 827 1169 fuisse,
867 1103 970 1158 nisi
1017 1104 1073 1158 in
1117 1104 1325 1174 ipsum,
1369 1106 1422 1160 in
1453 1121 1560 1176 quo
1594 1106 1801 1175 primus

216 1194 377 1249 homo
407 1196 474 1249 ad
507 1195 791 1265 imaginem
821 1195 916 1251 Dei
941 1195 1115 1251 factus
1142 1204 1255 1262 est,
1289 1206 1343 1252 et
1371 1199 1438 1253 de
1470 1214 1578 1268 quo
1607 1200 1801 1255 merito

217 1283 615 1340 inobedieutiae
641 1285 911 1341 detrusus.
934 1284 1116 1340 Unum
1133 1303 1373 1357 .namque
1390 1289 1703 1358 paradisum
1728 1289 1804 1345 di-

214 1374 336 1427 vina
368 1383 558 1429 narrat
579 1375 825 1441 historia,
848 1385 904 1431 et
928 1391 1092 1431 unum
1118 1378 1389 1432 hominem
1421 1378 1472 1433 in
1505 1379 1620 1449 ipso
1645 1394 1800 1434 crea-

216 1475 327 1521 tum
348 1508 366 1531 ,
395 1468 447 1521 in
476 1484 586 1540 quo
611 1469 867 1525 videlicet
890 1469 1108 1525 homine
1133 1470 1219 1525 vir
1236 1483 1298 1527 et
1326 1471 1516 1526 mulier
1547 1471 1799 1543 intelligi-

218 1567 303 1613 tur
327 1574 470 1625 esse,
503 1561 545 1616 si
572 1561 737 1616 verba
766 1571 1076 1616 sanctorum
1095 1560 1320 1615 Patrum
1352 1563 1622 1631 sequenda
1652 1573 1797 1618 sunt.

212 1648 453 1706 Naturae
478 1652 743 1721 siquidem
768 1652 1037 1706 humanae
1071 1652 1153 1706 vir
1182 1662 1266 1706 est
1298 1652 1619 1719 intellectus,
1648 1654 1739 1723 qui
1766 1669 1798 1708 a

210 1740 436 1797 Graecis
471 1750 700 1797 vocatur
733 1747 885 1805 νοῦςς
925 1741 1116 1796 mulier
1144 1755 1367 1808 sensus,
1408 1743 1498 1812 qui
1541 1741 1800 1798 feminino

1901 661 2030 701 vero
2064 646 2181 715 ejus
2223 654 2442 717 propter
2470 646 2722 702 delictum
2756 647 3067 716 pluraliter,
3101 651 3389 706 masculum
3433 662 3483 710 et

1900 734 2149 803 feminam
2179 736 2370 789 creavit
2395 752 2500 790 eos.
2527 735 2697 803 Quam
2728 736 3042 792 divisionem
3083 739 3375 795 similitudo
3403 743 3485 798 inv

1900 826 2209 896 sipientium
2252 825 2563 880 animalium
2605 836 2831 896 sequuta
2874 837 2994 893 est;
3046 829 3236 898 factus.
3290 831 3480 902 inquit,

1896 916 2053 969 homo
2094 915 2151 971 in
2199 916 2434 969 animam
2482 916 2767 971 viventem.’
2792 916 2906 973 Non
2946 919 3113 985 dixit,
3153 920 3205 975 in
3235 922 3483 991 spiritum

1901 1005 2285 1061 viviﬁcantem.
2327 1003 2545 1060 Primus
2585 1007 2723 1061 enim
2762 1008 2914 1062 homo
2956 1008 3022 1063 de
3060 1019 3198 1064 terra
3229 1020 3486 1073 terrenus.

1903 1100 1979 1153 ait
2016 1098 2335 1169 Apostolus,
2382 1099 2640 1152 secundus
2681 1099 2866 1164 homo,
2914 1099 2966 1154 in
2999 1115 3106 1170 quo
3146 1108 3252 1156 tota
3292 1113 3485 1160 natura

1904 1188 2136 1242 humana
2186 1198 2485 1245 restaurata
2527 1197 2637 1254 est,
2671 1190 2734 1243 de
2776 1191 2925 1245 caelo
2966 1191 3227 1248 caelestis.
3270 1192 3337 1247 Et
3384 1210 3487 1252 nou

1902 1280 2069 1350 prius,
2104 1280 2296 1349 inquit,
2326 1280 2429 1335 hoc
2450 1288 2554 1345 est,
2611 1281 2663 1335 in
2712 1280 2888 1351 primo
2945 1283 3163 1338 homine
3215 1284 3487 1352 praevari-

1905 1380 2084 1435 caute,
2116 1372 2256 1442 quod
2278 1372 2566 1442 spirituale,
2594 1376 2685 1427 sed
2707 1372 2845 1443 quod
2869 1372 3095 1428 animale
3120 1388 3138 1426 :
3160 1373 3365 1440 deinde,
3384 1376 3487 1429 hoc

1896 1469 2009 1524 est,
2063 1461 2116 1515 in
2163 1462 2398 1516 secundo
2438 1470 2801 1526 restaurante,
2850 1463 2990 1533 quod
3034 1462 3326 1533 spirituale.
3377 1464 3490 1520 Hoc

1904 1552 2067 1606 etiam
2102 1559 2279 1607 textus
2308 1552 2521 1607 divinae
2567 1552 2827 1607 historiae
2867 1553 3271 1609 evidentissime
3314 1554 3494 1610 decla—

1905 1650 2011 1696 rat.
2050 1639 2186 1696 Nam
2231 1650 2515 1713 postquam
2559 1644 2852 1698 secundam
2890 1644 3250 1700 conditionem
3290 1650 3490 1700 terreni

1903 1733 2141 1789 hominis
2171 1733 2237 1789 de
2267 1733 2396 1789 lituo
2426 1743 2629 1799 terrae,
2662 1741 2965 1788 ceterorum
2995 1734 3306 1790 animalium
3337 1735 3491 1790 simio

212 1831 666 1901 generea‘bGnO-l;
695 1832 1048 1902 exprimitur;
1072 1845 1312 1903 quorum
1344 1834 1571 1905 mystico
1608 1831 1797 1901 conju-
1905 1822 2160 1887 litudine,
2192 1822 2244 1876 ill
2289 1823 2523 1878 animam
2554 1824 2824 1879 viventem
2856 1823 3154 1879 iﬂll‘OdUXll
3180 1825 3257 1891 ⁸⁸,
3291 1840 3358 1880 ne
3386 1828 3499 1897 pri-

210 1920 299 1989 gio
330 1918 531 1975 Christi
573 1930 629 1975 et
668 1920 940 1976 Ecclesiae
968 1921 1152 1975 futura
1194 1921 1390 1991 copula
1439 1922 1798 1993 praeﬁgurata

214 2018 315 2063 est.
348 2007 446 2064 Cui
477 2011 594 2066 viro
621 2019 780 2080 atque
806 2011 1037 2075 mulieri,
1070 2012 1365 2067 intellectui
1394 2013 1642 2089 videlicet
1671 2029 1795 2069 sen-

211 2100 425 2170 suique,
456 2102 638 2157 divina
668 2102 750 2158 lex
778 2118 884 2158 non
909 2103 1081 2159 solum
1110 2105 1400 2169 concessit,
1425 2120 1611 2161 verum
1638 2107 1800 2162 etiam

210 2200 489 2261 praecepit
513 2192 579 2248 de
608 2192 754 2263 ligno
777 2194 920 2249 vitae
945 2195 1248 2259 comedere,
1281 2196 1348 2251 de
1375 2197 1639 2267 sapientia
1671 2213 1799 2269 pro—

204 2282 357 2337 iecto
383 2281 562 2338 Patris
588 2291 644 2338 et
668 2283 865 2350 Verbo,
893 2287 1034 2355 quod
1063 2294 1149 2341 est
1173 2286 1432 2342 Dominus
1457 2287 1615 2344 Iesus
1640 2288 1802 2362 Chri-

212 2380 354 2437 stus,
380 2373 470 2442 qui
502 2373 555 2426 in
582 2373 756 2429 medio
780 2374 1049 2430 humanae
1075 2384 1300 2432 naturae
1325 2377 1563 2447 paradisi
1593 2378 1802 2447 plauta-

216 2473 298 2519 lus
330 2474 438 2528 est,
463 2464 556 2535 qui
583 2472 666 2521 est
690 2466 984 2535 spiritual-is
1005 2469 1186 2537 panis,
1214 2484 1322 2539 quo
1346 2470 1521 2539 angeli
1549 2469 1802 2540 perlecti-

211 2569 319 2623 que
366 2555 651 2620 homines,
700 2571 929 2626 quorum
978 2560 1320 2614 conversatio
1367 2561 1419 2615 in
1473 2561 1640 2616 caelis
1696 2571 1799 2629 est,

207 2654 528 2701 vescuntur.
553 2646 923 2702 Prohibentur
950 2657 1129 2705 autem
1168 2666 1199 2705 a
1241 2667 1346 2706 non
1376 2652 1615 2708 discreto
1642 2663 1803 2724 atque

202 2735 512 2790 commixto
537 2735 663 2791 boni
690 2745 744 2793 et
770 2738 893 2791 mali
924 2740 1186 2810 appetitu,
1220 2742 1312 2811 qui
1353 2756 1420 2797 ex
1450 2742 1803 2803 delectatione

213 2827 574 2882 materialium
598 2844 777 2884 rerum
800 2831 1217 2901 pulchritudinis
1239 2834 1571 2907 imperfectis
1597 2839 1805 2894 anima-

211 2916 317 2971 bus
366 2916 650 2988 inﬁgitur:
692 2934 722 2973 a
762 2936 869 2989 quo
912 2923 1187 2981 abstinere
1226 2925 1477 2981 meritum
1515 2927 1659 2982 vitae
1707 2942 1802 2983 ae-

204 3012 411 3062 ternae
438 3016 544 3074 est,
569 3024 633 3065 eo
661 3011 806 3065 abuti
836 3014 1042 3069 aeterni
1071 3016 1323 3072 interitus
1345 3018 1579 3073 occasio.
1610 3017 1801 3074 Cetera

212 3115 374 3167 vero,
401 3115 542 3169 quae
567 3118 595 3156 a
621 3118 773 3157 sacra
805 3104 1083 3179 Segiptura
1116 3107 1183 3161 de
1209 3108 1463 3177 paradiso
1492 3111 1797 3175 traduntur,

212 3193 470 3264 quamvis
509 3207 605 3267 per
636 3194 1075 3265 anticipationem
1113 3197 1256 3252 dicta
1308 3199 1417 3254 sint
1462 3199 1507 3265 ⁸,
1549 3215 1614 3256 ac.
1641 3200 1804 3256 veluti

218 3284 272 3337 in
299 3283 555 3352 paradiso
584 3282 723 3338 facta
742 3324 757 3349 ,
794 3285 914 3355 plus
943 3294 1123 3342 tamen
1159 3296 1214 3343 et
1243 3288 1637 3354 rationabilins.
1667 3308 1800 3362 quo-

217 3375 367 3428 niam
397 3375 588 3430 tnerito
613 3377 817 3446 peccati
851 3379 1197 3449 superaddita
1224 3391 1369 3447 sunt,
1400 3391 1453 3439 et
1481 3385 1547 3439 ad
1568 3386 1805 3439 exterio-

210 3478 334 3517 rem
385 3465 657 3520 hominem
690 3468 998 3536 pertinent,
1050 3478 1207 3525 extra
1254 3473 1573 3542 paradisum
1626 3485 1747 3545 post
1784 3477 1804 3506 ⁵

217 3566 504 3626 peccatmn
534 3557 699 3615 fuisse
726 3560 1091 3631 intelligenda.

291 3648 380 3703 I9.
423 3648 583 3703 Verbi
605 3650 772 3718 gratia
800 3668 813 3703 :
845 3649 1113 3708 Formauit
1152 3655 1318 3725 igitur
1339 3655 1594 3711 Dominus
1619 3659 1640 3689 ⁸
1669 3656 1807 3713 Deus

207 3737 482 3791 hominem
517 3738 580 3792 de
610 3738 734 3792 limo
767 3749 972 3808 terrae,
1004 3752 1051 3796 et
1087 3743 1356 3815 inspiravit
1383 3748 1436 3801 in
1472 3746 1661 3816 faciem
1691 3748 1806 3817 ejus

217 3827 542 3894 spiraculum
584 3831 755 3894 vitae,
785 3839 834 3884 et
874 3831 1047 3901 factus
1074 3842 1151 3889 est
1196 3836 1350 3890 homo
1394 3837 1447 3889 in
1479 3836 1709 3890 animant
1736 3838 1808 3892 vi-

216 3926 438 3970 rentem.
476 3917 756 3985 Quomodo
794 3922 860 3978 de
894 3922 1023 3977 limo
1052 3933 1229 3981 terrae
1267 3935 1348 3982 est
1390 3914 1677 3995 formatus,
1713 3928 1807 4000 qui

212 4006 293 4061 ad
324 4008 611 4081 imaginem
634 4020 688 4066 et
713 4013 1120 4073 similitudinem
1146 4016 1238 4073 Dei
1265 4017 1515 4075 factus‘?
1541 4021 1649 4075 Aut
1676 4036 1810 4091 quo-

216 4098 386 4153 modo
411 4100 479 4155 de
502 4115 571 4155 eo
597 4101 869 4158 diceretur
893 4123 906 4158 :
938 4103 1134 4161 Factus
1164 4118 1238 4162 est
1259 4109 1281 4139 ⁷
1306 4111 1459 4164 homo
1494 4111 1548 4165 in
1578 4112 1810 4166 animam

215 4188 493 4254 uiuentem,
521 4193 662 4261 quod
687 4194 754 4249 de
779 4196 976 4251 ceteris
1002 4198 1190 4253 bestiis
1217 4199 1280 4254 de
1310 4209 1453 4256 terra
1483 4202 1708 4272 prolatis
1737 4203 1811 4258 si—

219 4279 430 4335 militer
462 4282 664 4338 dictum
705 4295 787 4341 est
835 4305 849 4343 :
892 4285 1162 4344 Producat
1194 4301 1332 4347 terra
1375 4294 1608 4349 animam
1644 4297 1811 4352 uiuen-

218 4371 370 4424 tem?
410 4370 597 4429 Nonne
634 4375 656 4406 ⁸
688 4390 825 4446 ergo
881 4378 1106 4433 duarum
1165 4380 1397 4437 hominis
1445 4383 1807 4440 conditionum

220 4461 369 4515 ratio
399 4462 559 4519 datur
601 4467 861 4539 intelligi?
893 4467 1074 4526 Primo
1114 4472 1327 4540 quidem
1368 4474 1629 4543 scriptum
1668 4484 1753 4531 est
1791 4494 1804 4531 :

220 4551 295 4605 Et
326 4557 510 4610 crearit
531 4556 676 4612 Deus
702 4559 962 4615 hominem
988 4561 1059 4615 ad
1081 4562 1356 4633 imaginem
1379 4580 1548 4630 suam,
1575 4566 1646 4621 ad
1676 4568 1807 4622 ima-

220 4645 395 4713 ginem
419 4646 515 4701 Dei
538 4652 734 4704 creavit
758 4650 928 4706 illum.
955 4653 1094 4709 Ecce
1118 4656 1290 4725 prima
1314 4657 1583 4724 conditio,
1617 4659 1668 4714 in
1701 4674 1807 4729 qua

219 4734 371 4788 nulla
404 4739 603 4795 terreni
648 4740 760 4795 limi
803 4745 1246 4800 commemoratio
1286 4744 1426 4802 facta
1458 4756 1577 4811 est,
1630 4765 1807 4819 neque

219 4824 436 4881 animae
464 4829 716 4884 viventis.
751 4831 1009 4902 Sequitur
1048 4845 1227 4891 autem
1264 4840 1531 4902 secunda,
1566 4855 1703 4909 quae
1737 4856 1805 4896 ex

215 4911 486 4972 divisione
515 4927 741 4975 naturae
770 4919 830 4975 in
859 4922 1125 4993 duplicem
1154 4940 1342 4983 sexum
1373 4943 1544 4997 poena
1578 4946 1806 5000 praeva-

212 5005 501 5064 ricationis
524 5013 873 5080 superaddita
900 5015 1178 5071 exordium
1208 5022 1458 5089 sumpsit.
1488 5020 1805 5089 Masculum,

212 5095 429 5167 inquit,
455 5112 504 5154 et
518 5102 794 5194 feminam
822 5106 1013 5162 creavit
1054 5124 1160 5162 cos.
1190 5108 1347 5165 Prius
1376 5112 1642 5182 siquidem
1672 5114 1804 5168 sitn-

1902 1928 2052 1969 mam
2102 1914 2466 1970 conditionem
2514 1916 2584 1970 ad
2642 1915 2931 1986 imaginem
2980 1915 3077 1971 Dei
3133 1917 3493 1974 introductam

1906 2005 2245 2071 aestimares,
2276 2005 2444 2076 ipsam
2466 2005 2701 2075 .primam
2729 2006 2953 2061 seorsim
2982 2007 3186 2062 addidit
3210 2008 3393 2063 dicens
3414 2011 3492 2064 ἰε

1906 2097 2244 2154 Plantaverat
2275 2108 2449 2153 autent
2475 2097 2733 2153 Dominus
2756 2098 2898 2155 Deus
2921 2101 3225 2171 paradisum
3256 2103 3494 2175 volupta-

1905 2190 1971 2244 tis
2002 2206 2035 2243 a
2053 2189 2096 2221 ιη’
2115 2189 2393 2258 principio,
2423 2188 2527 2243 hoc
2552 2197 2654 2255 est,
2680 2203 2710 2243 a
2735 2189 2909 2260 prima
2937 2190 3322 2246 conditione".
3348 2195 3426 2249 Ac
3449 2197 3497 2248 si

1906 2281 2109 2336 diceret
2138 2296 2150 2333 :
2181 2277 2300 2333 Noli
2325 2278 2554 2348 primam
2583 2279 2947 2335 conditionem
2979 2280 3034 2335 in
3068 2296 3157 2345 eo,
3185 2284 3326 2351 quod
3353 2284 3492 2338 scri-

1903 2381 2053 2443 ptum
2080 2378 2191 2427 est:
2220 2379 2267 2425 et
2290 2369 2459 2439 factus
2488 2378 2563 2425 est
2589 2370 2744 2424 homo
2767 2371 2824 2424 in
2854 2371 3083 2425 animam
3107 2372 3376 2434 viventem.
3407 2374 3491 2427 in-

1907 2462 2182 2533 telligere,
2218 2460 2312 2516 sed
2343 2461 2654 2516 secundam.
2686 2459 2928 2515 Primam
2974 2470 3153 2515 autem
3187 2462 3247 2518 in
3283 2463 3495 2533 planta-

1907 2553 2052 2608 tioue
2098 2549 2336 2622 paradisi
2392 2549 2661 2620 intellige;
2716 2550 2980 2619 plantavit
3024 2551 3290 2622 siquidem
3350 2555 3493 2607 Deus

1905 2642 2213 2712 paradisum
2234 2639 2550 2710 voluptatis,
2574 2639 2677 2694 hoc
2704 2648 2807 2703 est,
2838 2643 3125 2694 humanam
3156 2649 3402 2697 naturam
3436 2642 3490 2696 in

1904 2734 2055 2790 Eden
2082 2732 2152 2799 ιδ,
2186 2733 2238 2788 in
2269 2733 2475 2789 deliciis
2510 2741 2763 2788 aeternae
2794 2731 3088 2789 felicitatis.
3119 2734 3187 2789 Et
3223 2735 3313 2789 ubi
3344 2735 3497 2804 plau-

1908 2827 2153 2884 taverat?
2172 2826 2229 2880 In
2251 2825 2535 2897 principio,
2560 2824 2738 2881 Verbo
2775 2824 2820 2858 "'
2865 2826 3132 2893 videlicet,
3158 2827 3215 2881 in
3234 2842 3350 2897 quo
3373 2826 3498 2882 fecit

1903 2918 2048 2976 Deus
2090 2916 2297 2973 caelum
2347 2925 2403 2970 et
2444 2925 2665 2970 terram.
2703 2915 2916 2971 Intuere
2954 2918 3061 2970 vim
3099 2917 3406 2972 verborum.
3436 2916 3494 2971 In

1905 3013 2141 3069 secunda
2167 3013 2477 3069 conditione
2496 3012 2663 3069 verbo
2684 3012 2963 3083 praeteriti
2980 3012 3206 3082 perfecti
3229 3012 3494 3082 propheta

1907 3118 2039 3159 usus
2068 3111 2191 3159 est;
2220 3102 2425 3159 Factus
2451 3112 2546 3169 est,
2578 3103 2769 3174 inquit,
2794 3103 2954 3157 .Itomo
2979 3104 3031 3157 in
3064 3105 3293 3157 animant
3322 3118 3495 3157 rivers-

1908 3205 2046 3259 tem;
2078 3196 2132 3250 in
2166 3197 2342 3267 prima
2386 3211 2517 3252 vero
2555 3196 2721 3251 verbo
2760 3195 3032 3266 praeteriti
3062 3196 3338 3267 plusquam
3370 3214 3494 3269 per.

1904 3287 2034 3344 fecti
2074 3307 2087 3341 :
2121 3286 2459 3343 Plantaverat
2491 3287 2745 3342 Dominus
2787 3287 2924 3341 Deus
2960 3288 3287 3357 paradisum,
3315 3297 3375 3343 ut
3404 3305 3496 3345 εον

1909 3396 2216 3453 gnosceres,
2247 3381 2478 3453 primam
2536 3380 2795 3453 dignitate
2842 3389 2901 3436 et
2956 3381 3331 3447 beatitudine,
3386 3399 3495 3442 non

1904 3480 2087 3526 autem
2121 3481 2361 3541 tempore
2386 3472 2712 3542 praecedere
2738 3472 3054 3527 secundam.
3084 3471 3141 3526 in
3172 3488 3277 3542 qua
3316 3474 3493 3543 prima

1910 3550 2094 3617 tantae
2131 3561 2528 3632 spiritualitatis
2558 3562 2721 3618 homo
2754 3561 2964 3627 fuerat,
3003 3569 3062 3616 ut
3104 3563 3265 3618 nullis
3309 3565 3497 3621 usibus

1902 3632 2264 3723 corporalium
2300 3668 2554 3709 sensuum
2592 3653 2887 3724 indigeret,
2931 3653 3023 3709 sed
3061 3654 3105 3686 ¹⁶
3142 3653 3255 3710 solo
3307 3656 3505 3711 intclli.

1909 3744 2123 3814 gentiae
2147 3741 2321 3799 cilicio
2342 3743 2630 3800 frueretur.
2652 3744 2808 3812 Quod
2833 3745 2998 3801 etiam
3025 3754 3245 3821 sanctus
3270 3745 3496 3801 Amhrm

1911 3837 2022 3892 sius
2053 3845 2303 3901 testatur,
2337 3836 2521 3894 dicens
2547 3857 2563 3891 :
2588 3837 2655 3892 Et
2684 3839 2848 3905 aperti
2877 3847 2997 3893 sunt
3025 3837 3073 3871 ⁸⁷
3101 3837 3238 3893 oculi
3282 3856 3489 3905 eorum,

1906 3936 1961 3981 et
1992 3941 2367 3996 cognoverunt,
2398 3933 2533 4000 quod
2578 3929 2707 3982 nudi
2758 3939 2948 3984 essent.
2984 3927 3053 3981 Et
3098 3939 3221 3983 ante
3264 3931 3495 3999 quidem.

1913 4016 2082 4086 inquit
2108 4016 2179 4081 ",
2218 4016 2346 4070 nudi
2371 4026 2541 4080 erant,
2569 4016 2660 4071 sed
2697 4032 2800 4071 non
2821 4017 2932 4071 sine
2957 4017 3203 4071 uirtutum
3234 4025 3501 4085 tegumen-

1914 4106 1981 4160 tis
2005 4104 2074 4171 ”;
2094 4106 2220 4161 nudi
2242 4116 2388 4161 erant
2409 4115 2619 4177 propter
2639 4121 2841 4160 morum
2868 4105 3275 4176 simplicitatem,
3294 4115 3339 4158 ct
3360 4121 3425 4176 qu
3441 4106 3499 4158 nl

1914 4198 2163 4253 amictum
2192 4197 2398 4268 [rau'lis
2439 4208 2630 4251 natura
2660 4197 2896 4251 nesciret.
2934 4196 2988 4250 Ν
2993 4214 3091 4265 unc
3119 4205 3292 4250 autem
3322 4196 3500 4249 multis

1910 4288 2307 4344 simulationum
2338 4287 2619 4342 involucris
2660 4304 2802 4342 mens
2829 4288 3061 4341 humana
3102 4284 3324 4340 velatur.
3358 4285 3497 4355 Ergo

1911 4386 2247 4451 posteaquam
2260 4377 2553 4448 spoliantur
2577 4377 2671 4432 illa
2695 4378 2996 4433 sinceritate
3019 4393 3079 4434 ac
3100 4375 3429 4446 simplicitate
3453 4374 3502 4405 ³⁸⁵

1912 4472 2144 4543 integrae
2167 4471 2599 4540 incorruptacque
2619 4477 2860 4533 naturae,
2882 4483 3131 4540 quaerere
3155 4467 3423 4521 mundana
3451 4475 3499 4519 et

1911 4562 2218 4632 manufacta
2244 4568 2547 4630 coeperunt,
2573 4558 2759 4630 quibus
2787 4560 2928 4613 nuda
2955 4575 3081 4613 suae
3111 4558 3296 4613 mentis
3328 4559 3500 4629 ορενὶ-

1906 4663 2022 4709 rent
2050 4652 2476 4708 delectationibus
2506 4653 2548 4686 "
2569 4692 2584 4717 ,
2615 4660 2660 4706 et
2692 4651 3061 4706 obumbrarent
3091 4652 3135 4682 "
3163 4650 3385 4722 genitale
3413 4667 3496 4705 sc-

1909 4756 2126 4801 cretum.
2162 4743 2304 4799 Nam
2332 4745 2592 4816 quomodo
2620 4761 2746 4800 usus
2768 4743 2816 4777 “
2839 4746 3069 4815 corporis
3095 4744 3275 4799 habuit
3300 4743 3496 4805 Adam,

1909 4837 1999 4908 qui
2032 4836 2207 4891 omnia
2244 4836 2533 4891 animantia
2562 4836 2710 4901 uidit,
2747 4846 2794 4890 et
2825 4837 2904 4889 Itis
2928 4835 2976 4868 “
2999 4851 3183 4890 nomen
3216 4833 3503 4905 imposuit?

1913 4926 2185 4993 Quomodo
2204 4927 2593 4998 cognouerunt?
2640 4925 2895 4981 Interiora
2940 4925 3171 4980 videlicet
3219 4935 3267 4979 et
3317 4923 3503 4978 altiore

1914 5018 2154 5081 scientia,
2187 5035 2289 5072 non
2320 5019 2524 5071 tunicas
2547 5018 2593 5051 “
2621 5015 2738 5081 sibi,
2766 5015 2857 5070 sed
2884 5015 3131 5069 virtutum
3159 5005 3333 5069 deesse
3358 5012 3499 5066 veta-

1916 5116 2081 5169 mina.
2114 5115 2313 5170 Eodem
2337 5114 2500 5182 igitur
2528 5113 2708 5176 modo,
2732 5126 2838 5184 quo
2864 5111 3044 5165 omnia
3073 5109 3326 5165 animalia
3348 5105 3501 5174 vidit,

1509 5247 1767 5305 VABIAE
1806 5248 2207 5306 LECTIONES.

301 5347 323 5379 ‘
340 5359 404 5403 est
419 5365 524 5404 om.
542 5348 609 5404 Α.

215 5428 327 5472 est.
420 5421 441 5451 ⁷
476 5430 548 5473 est
577 5435 689 5474 om.
715 5420 820 5476 CF.
894 5424 916 5455 ⁸
946 5423 1028 5479 CF
1062 5424 1203 5481 Non.

212 5501 300 5541 est
345 5506 373 5542 a
398 5491 562 5559 prium
594 5491 893 5547 conditione
932 5508 1040 5548 om.
1076 5495 1138 5549 A.

213 5562 416 5626 inquit,
438 5560 600 5615 oculi.

216 5631 466 5695 integrae
502 5639 607 5684 cet.
703 5631 746 5664 "
778 5631 1205 5693 delectationibus
1236 5655 1344 5694 om.
1375 5642 1439 5694 Α.

164 5720 167 5725 .
216 5700 270 5730 ιι
305 5702 350 5751 Α
381 5701 497 5754 mis.
576 5701 623 5731 ³³
657 5698 747 5756 Sic
768 5701 884 5768 CF;
913 5704 953 5756 Δ
986 5708 1237 5762 tunicam.

548 5792 850 5867 Puncta
882 5792 1123 5858 CXXII

1304 5431 1324 5462 ⁹
1341 5429 1383 5483 Α
1414 5430 1764 5499 simplicitate.

1223 5497 1268 5529 ¹¹⁵
1301 5500 1354 5553 in
1395 5497 1543 5554 Eden
1566 5516 1680 5555 om.
1713 5502 1777 5555 A.

689 5352 709 5380 ⁸
726 5351 813 5389 Qin
834 5352 936 5389 (επ.
971 5352 1000 5389 Δ
1044 5358 1310 5389 nanti-menon:
1407 5358 1427 5388 Ι
1452 5358 1541 5389 ειη
1561 5359 1644 5389 ρι-
1664 5378 1676 5389 .

726 5350 814 5406 Sic
834 5352 939 5416 CF;
966 5352 1008 5407 Δ
1042 5358 1328 5411 aestimari.
1407 5358 1427 5388 ³
1452 5358 1542 5414 Sic
1561 5359 1678 5425 CF;
1708 5361 1751 5416 Α
1778 5371 1921 5415 sunt.
1998 5360 2019 5392 ‘
2041 5359 2086 5417 Α
2113 5368 2159 5412 et
2187 5366 2326 5427 post.
2402 5357 2424 5388 ³
2442 5355 2693 5414 Dominus
2715 5370 2824 5411 om.
2858 5356 2919 5409 Α.
2999 5354 3121 5405 ‘Sic
3136 5351 3240 5413 CF;
3267 5352 3304 5402 Α
3338 5350 3488 5401 iam"?

726 5420 820 5476 CF.
894 5424 916 5455 ⁸
946 5423 1028 5479 CF
1062 5424 1203 5481 Non.
1304 5429 1383 5483 ⁰Α
1414 5430 1764 5499 simplicitate.
1881 5432 1924 5462 '°
1958 5431 2001 5484 Α
2038 5430 2342 5484 introducit.
2447 5429 2487 5462 ιι
2523 5428 2698 5482 dicens
2720 5442 2827 5478 oett.
2854 5426 2917 5478 A.
3019 5424 3063 5485 ³⁷
3101 5424 3137 5473 .-\
3165 5422 3238 5472 in.
3317 5420 3385 5500 .”
3410 5420 3488 5470 [tot

726 5491 893 5547 itione
932 5508 1040 5548 om.
1076 5495 1138 5549 A.
1223 5497 1268 5529 "‘
1301 5500 1354 5549 in
1395 5500 1543 5549 Eden
1566 5516 1680 5549 οιιι.
1714 5502 1777 5549 Δ.
1862 5502 1908 5533 ⁸⁸
1946 5499 2107 5549 Verbo
2133 5514 2242 5549 om.
2278 5499 2341 5549 A.
2422 5498 2463 5530 ¹⁶
2490 5497 2573 5549 CF
2603 5498 2648 5549 si
2693 5496 2826 5549 solo.
2906 5494 2946 5525 ⁷⁷
2974 5490 3017 5546 Α
3060 5491 3125 5544 Et
3164 5498 3333 5549 aperti
3364 5500 3488 5542 sunt

680 5497 893 5547 tditione
932 5508 1040 5548 om.
1076 5497 1138 5549 A.
1223 5497 1268 5529 ¹¹⁵
1301 5500 1354 5553 in
1395 5497 1543 5554 Eden
1566 5516 1680 5555 om.
1713 5502 1777 5555 A.
1862 5502 1908 5533 ⁸⁸
1946 5499 2107 5554 Verbo
2133 5514 2242 5552 om.
2278 5499 2341 5552 A.
2422 5498 2463 5530 ¹⁶
2490 5497 2573 5552 CF
2603 5498 2648 5549 si
2693 5497 2826 5549 solo.
2906 5497 2946 5525 ⁷⁷
2974 5497 3017 5546 Α
3060 5497 3125 5544 Et
3164 5497 3333 5571 aperti
3364 5500 3511 5555 sunt,

680 5561 910 5639 {inquit
938 5579 1047 5639 om.
1218 5568 1264 5599 "
1296 5569 1387 5625 Sic
1417 5571 1533 5627 CF:
1580 5571 1620 5623 Α
1670 5572 2055 5639 integumentis.
2128 5571 2174 5601 ²⁹
2218 5570 2309 5624 Sic
2336 5568 2457 5631 CF;
2493 5569 2534 5622 A
2563 5567 2810 5639 spoliatos
2839 5579 2892 5615 se
2931 5562 3040 5639 i._s.
3080 5576 3131 5639 τι.
3172 5576 3217 5613 ε.
3253 5563 3509 5639 ruterunt,

1534 5644 1580 5674 “
1619 5642 1988 5696 obumbrarent
2018 5656 2125 5695 om.
2157 5640 2260 5695 CF.

2999 5354 3019 5385 ⁸
3034 5354 3121 5405 Sic
3136 5351 3240 5413 CF;
3267 5352 3304 5402 Α
3338 5347 3509 5401 fat-tus

1998 5360 2019 5392 ‘
2041 5359 2086 5417 Α
2113 5368 2159 5412 et
2187 5366 2326 5427 post.
2402 5355 2693 5414 ’Dominus
2715 5370 2824 5411 om.
2858 5356 2919 5409 Α.
2999 5355 3121 5405 “Sic
3136 5355 3240 5413 CF;
3267 5355 3304 5402 Α
3338 5355 3509 5401 tat-tus

2038 5430 2342 5475 introducit-
2447 5429 2487 5462 ιι
2523 5428 2698 5475 dicens
2720 5442 2827 5475 0m.
2854 5426 2917 5475 A.
3019 5424 3063 5459 ³³
3101 5424 3137 5473 .-'\
3165 5422 3238 5472 in.
3344 5420 3385 5451 ⁸³
3410 5420 3509 5475 hoc

2447 5429 2487 5462 ιι
2523 5428 2698 5482 dicens
2720 5442 2827 5478 oett.
2854 5426 2917 5478 A.

2337 5641 2384 5673 "
2426 5639 2517 5694 Sic
2538 5632 2651 5695 CF;
2686 5650 2781 5705 pro
2812 5649 2935 5685 usus
2965 5632 3009 5685 Α
3058 5632 3264 5686 clausos
3316 5632 3512 5695 t-eu’os,

3022 5775 3090 5836 27
