3898 6154
477 312 606 365 3‘53

1890 304 2174 362 JOANNIS
2216 303 2410 362 SCOTl

3652 311 3743 371 836

485 440 648 473 sum
693 420 987 474 nuditatem
1034 418 1314 491 cognorit,
1362 418 1475 473 solo
1516 417 1765 474 Videlicet
1806 419 2081 473 interioris
2110 423 2156 480 A
2184 420 2251 474 ad
2284 429 2589 477 creaturam
2613 422 2812 478 mentis
2840 421 3265 487 inclinationem,
3293 420 3534 493 sequitur
3561 414 3740 478 dormi;

494 513 756 567 scientiae
799 512 1133 582 simplicique
1173 512 1368 566 mentis
1414 511 1601 574 oculo.
1644 513 1847 583 absque
1887 526 2077 582 corpo-

498 606 628 660 ralis
658 602 1009 672 mortalisque
1044 619 1235 658 sensus
1263 603 1485 659 auxilio.
1522 603 1622 659 Ubi
1650 604 1809 657 datur
1831 603 2077 674 intelligi.

499 696 640 766 quod
684 694 862 748 omnia
896 692 1146 761 animalia
1183 703 1236 748 et
1276 694 1530 759 volatilia,
1568 709 1707 763 quae
1745 694 1809 749 de
1851 702 1996 748 terra
2026 700 2080 748 et

501 788 563 840 de
587 785 739 853 aquis
768 785 908 839 facta
943 792 1248 848 narrantur,
1282 784 1510 854 sparsim
1540 799 1637 854 per
1664 792 1928 838 terrarum
1953 798 2078 852 spa-

501 875 567 927 tia
590 874 721 929 locis
759 875 871 929 suis
896 876 1219 945 sedibusque
1249 874 1582 929 naturalibus
1608 882 1783 939 erant,
1810 889 1945 943 quae
1970 884 2080 928 tum

497 969 674 1025 omnia
728 985 827 1025 nec
864 967 1106 1023 localiter
1155 983 1252 1023 nec
1298 983 1456 1023 sensu
1500 982 1780 1038 corporeo,
1825 968 1919 1022 sed
1968 965 2084 1023 solo

500 1058 694 1113 mentis
723 1059 964 1114 contuitu
997 1059 1133 1112 ultra
1163 1073 1374 1113 omnem
1405 1073 1619 1113 sensum
1656 1057 2081 1126 corruptibilem,

495 1154 636 1208 ultra
675 1170 889 1211 onmem
924 1154 1098 1209 locum
1141 1163 1195 1207 et
1241 1168 1399 1207 omne
1440 1161 1668 1220 tempus,
1711 1150 1764 1204 in
1789 1148 2086 1203 rationibus

469 1238 645 1322 gsnis,
702 1245 993 1300 secundum
1048 1259 1182 1312 quas
1234 1250 1414 1297 creata
1462 1251 1622 1305 sunt,
1654 1240 1858 1310 primus
1902 1238 2085 1303 homo;

486 1336 805 1404 priusquam
863 1335 1121 1389 virtutum
1187 1332 1439 1403 tegimine
1487 1332 1848 1401 spoliaretur,
1915 1328 2088 1400 potuit

496 1426 871 1497 contemplari.
912 1427 984 1480 De
1022 1426 1133 1495 ipsa
1177 1440 1387 1496 quoque
1429 1426 1671 1479 nuditate
1707 1425 1863 1495 primi
1911 1425 2086 1480 homi-

498 1519 582 1573 nis
609 1516 896 1588 Gregorius
920 1516 1224 1586 Theologns
1246 1516 1298 1570 in
1324 1531 1574 1570 sermone
1602 1516 1665 1571 de
1694 1515 1959 1572 Pascltate
2005 1519 2085 1573 sic

494 1626 523 1681 a
534 1610 573 1661 it
605 1627 615 1662 :
649 1606 869 1677 Nudum
893 1607 1224 1677 simplicitate
1246 1616 1293 1661 et
1320 1606 1422 1660 vita
1450 1606 1558 1660 sine
1582 1617 1713 1671 arte,
1735 1616 1782 1660 et
1806 1609 1917 1662 sine
1939 1625 2089 1663 omne

492 1700 748 1753 relamine
775 1709 821 1753 et
843 1697 1158 1769 problemate
1194 1697 1351 1752 talem
1381 1698 1552 1751 decuit
1585 1715 1693 1752 esse
1721 1714 1866 1762 eum,
1906 1698 2088 1753 videli-

2183 517 2265 564 tns
2294 530 2306 563 :
2328 510 2608 583 Postquam
2623 530 2878 585 soporem,
2901 513 3098 583 inquit,
3112 514 3327 568 immisit
3345 513 3483 567 Deus
3507 514 3558 567 in
3575 515 3741 581 Adam,

2182 602 2510 668 obdormivit,
2568 603 2671 658 hoc
2724 612 2829 668 est,
2861 602 3095 673 scipsum
3146 603 3370 657 omnino
3418 612 3657 660 aeternae
3689 618 3742 661 ae

2182 690 2374 748 beatae
2407 693 2875 764 contemplationis
2902 694 3086 765 vigore
3105 694 3431 764 segregavit,
3464 702 3517 748 et
3543 694 3594 748 in
3621 695 3745 752 dele-

2183 785 2477 841 ctationem
2501 786 2839 841 sensibilium
2852 785 2999 841 omni
3021 785 3220 840 virtute
3246 794 3541 838 evacuatus
3559 786 3740 849 cecidit,

2185 878 2542 949 scnsibusque
2574 878 2946 948 spiritualibus
2978 878 3195 948 penitus
3241 877 3487 932 recessit.
3519 875 3615 932 Ubi
3655 892 3736 932 no-

2186 968 2428 1033 tandum,
2480 970 2643 1039 quod,
2674 977 2958 1040 postquam
2991 968 3319 1022 obdormivit
3349 968 3546 1031 Adam,
3584 968 3739 1024 condi-

2188 1061 2389 1117 tionem
2418 1061 2661 1117 mulieris
2690 1059 2992 1116 introduxit
3019 1060 3326 1130 Scriptura,
3355 1068 3415 1114 ttt
3445 1075 3540 1129 per
3566 1059 3656 1115 hoc
3678 1061 3741 1115 in-

2188 1150 2449 1216 sinuaret,
2478 1151 2640 1220 quod,
2683 1150 2729 1206 si
2774 1151 3007 1205 humana
3038 1159 3232 1205 natura
3266 1150 3571 1219 simplicem
3600 1150 3741 1205 since-

2188 1260 2413 1315 ramque
2441 1244 2803 1316 integritatem
2837 1260 2967 1300 suae
3019 1245 3451 1309 constitutionis,
3488 1260 3591 1315 qua
3619 1246 3655 1277 ¹¹
3689 1247 3739 1300 ad

2190 1336 2475 1407 imaginem
2508 1337 2604 1391 Dei
2651 1334 2793 1391 facta
2825 1345 2931 1402 est,
2975 1336 3331 1392 irrationabili
3378 1345 3529 1391 motu
3577 1336 3741 1392 liberae

2188 1424 2481 1481 voluntatis
2509 1442 2616 1482 non
2657 1427 2963 1491 desereret,
2996 1427 3088 1483 sed
3114 1442 3329 1497 semper
3358 1427 3412 1481 in
3444 1426 3743 1497 contempla-

2193 1515 2337 1572 tione
2362 1517 2607 1574 veritatis
2632 1517 3146 1574 incommutabiliter
3170 1526 3538 1588 permaneret,
3559 1517 3741 1573 omnino

2191 1606 2482 1663 scissuram
2512 1622 2664 1662 suam
2688 1607 2741 1662 in
2767 1607 3033 1677 duplicem
3060 1622 3249 1662 sexum
3273 1608 3341 1662 ad
3372 1606 3739 1663 similitudinem

2192 1698 2647 1755 irrationabilium
2701 1698 3014 1753 animalium
3065 1713 3172 1752 non
3232 1706 3534 1767 pateretur,
3574 1697 3657 1752 sed
3689 1711 3741 1752 eo

496 1800 572 1843 cet
595 1790 875 1856 hominem,
897 1807 928 1844 a
948 1790 1223 1859 principio.
1253 1787 1418 1857 Cujus
1442 1789 1603 1843 verba
1633 1789 1897 1845 Maximus
1919 1804 2083 1860 expo-
2114 1791 2157 1849 Β
2187 1788 2367 1853 modo,
2395 1802 2501 1857 quo
2528 1786 2797 1856 angelicus
2821 1802 3076 1841 numerus
3098 1786 3214 1841 sine
3237 1786 3347 1840 ullo
3370 1802 3501 1841 sexu
3523 1785 3742 1857 multipli-

496 1880 605 1933 suit
623 1880 1033 1950 quadragesimo
1054 1879 1226 1950 primo
1247 1879 1479 1949 capitulo
1495 1880 1558 1934 de
1574 1879 1852 1950 Atnbiguis
1866 1880 2081 1936 dicens:

497 1975 577 2026 An
602 1972 733 2043 forte
761 1973 952 2036 nudus,
984 1981 1039 2024 ut
1069 1972 1141 2024 ait
1171 1972 1434 2041 magister,
1476 1971 1622 2024 varia
1657 1972 1797 2024 circa
1834 1981 2084 2026 naturam

498 2064 929 2129 contemplatione
971 2062 1316 2132 scientiaque,
1372 2071 1419 2114 et
1479 2062 1579 2115 rita
1635 2062 1745 2115 sine
1788 2072 1901 2116 arte
1947 2063 2088 2115 circa

497 2154 753 2208 actionem
780 2163 827 2208 et
867 2154 1103 2207 virtutem
1123 2193 1138 2217 ,
1163 2161 1309 2206 extra
1342 2151 1704 2205 multimoda»:
1729 2152 2085 2221 artiﬁciosita-

492 2257 600 2299 tem
625 2244 907 2300 subsistens
925 2283 939 2309 ,
955 2243 1239 2298 scentulum
1251 2242 1486 2296 habitum
1501 2241 1693 2295 habens
1708 2242 2089 2297 incontamina-

497 2348 577 2390 tas
614 2337 629 2367 ¹
663 2336 909 2389 virtutum
941 2335 1185 2391 rationes.
1224 2331 1290 2387 Et
1323 2334 1431 2388 sine
1469 2333 1609 2387 omni
1635 2321 1883 2387 velamine
1932 2343 2089 2405 atque

491 2426 815 2497 problcmate
855 2426 1019 2496 ipsius
1058 2426 1112 2480 in
1159 2425 1394 2480 sensibus
1432 2425 1708 2481 visibilium
1754 2426 1971 2480 notitiae
2017 2426 2085 2480 ad

494 2517 894 2587 intelligentiam
926 2516 1223 2571 divinorum
1250 2517 1627 2572 introductivae
1648 2519 1669 2549 ¹
1693 2536 1795 2574 non
1818 2519 2053 2589 indigens
2070 2559 2085 2583 ,

497 2612 557 2687 in.
587 2610 755 2663 solum
783 2609 1028 2680 simplum
1065 2610 1340 2679 uniformis
1376 2619 1424 2664 et
1466 2611 1856 2666 continuatione
1881 2628 2086 2679 eorum,

498 2716 633 2769 quae
658 2709 768 2771 post
792 2698 958 2753 Deum
980 2709 1120 2765 sunt,
1148 2700 1436 2754 contuitum
1464 2699 1485 2731 ³
1516 2701 1718 2755 virtutis
1743 2709 1900 2771 atque
1923 2703 2090 2756 scien-

503 2793 609 2847 tiae
630 2790 901 2861 possidens
932 2792 954 2821 ⁸
985 2808 1245 2846 accessum
1265 2831 1280 2857 ,
1322 2790 1484 2846 solius
1510 2790 1563 2846 in
1591 2791 1890 2861 operatione
1915 2801 2087 2847 motus

500 2882 817 2953 indigentem
865 2881 888 2914 ⁸
917 2881 985 2937 ad
1015 2895 1306 2954 promptam
1343 2898 1437 2953 per
1489 2898 1544 2937 se
1587 2882 2084 2952 pronuntiationem.

468 3012 475 3017 κ
500 2973 689 3045 Itaque
716 2973 1015 3045 quicunque
1045 2973 1401 3045 philosOphica
1431 2973 1631 3027 ratione
1659 2974 1853 3044 seipsos
1889 2973 2087 3044 erigere

460 3128 469 3133 -
492 3067 653 3133 primi
684 3066 850 3135 patris
874 3063 1026 3136 lapsu
1051 3065 1347 3120 desiderant
1366 3105 1380 3130 ,
1423 3064 1591 3136 primo
1632 3066 1859 3147 perfecta
1885 3067 2088 3135 passio-

2190 1886 2344 1932 catus
2377 1884 2482 1942 est,
2533 1876 3003 1945 multiplicaretur.
3052 1875 3315 1943 Quoniam
3350 1874 3395 1907 “
3426 1891 3550 1929 vero
3583 1885 3741 1945 sponte

2170 1960 2462 2032 dormivit,
2495 1967 2597 2022 hoc
2621 1976 2723 2030 est,
2771 1983 2901 2022 suae
2933 1978 3156 2023 naturae
3188 1967 3574 2038 dignitatenon
3600 1968 3740 2021 invita

2186 2057 2334 2126 lapsa
2357 2067 2455 2123 est,
2484 2060 2565 2113 sui
2588 2059 2903 2114 divisionem
2928 2068 2983 2114 et
3008 2059 3073 2114 ad
3096 2059 3498 2115 similitudinem
3522 2075 3738 2130 pecorum

2188 2149 2630 2219 propagationem
2661 2158 2991 2218 consequuta
3021 2158 3106 2204 est
3136 2148 3200 2203 ".
3231 2148 3463 2221 Cumque
3483 2150 3735 2205 obdormis-

2188 2246 2286 2302 set,
2312 2238 2509 2308 inquit,
2548 2238 2668 2293 tulit
2697 2255 2857 2293 unam
2892 2240 2955 2293 de
2987 2240 3140 2294 costis
3170 2240 3305 2310 ejus,
3344 2251 3393 2294 et
3428 2240 3621 2310 replevit
3643 2256 3738 2293 ror-

2189 2346 2303 2384 nem
2323 2347 2415 2401 pro
2436 2348 2520 2397 ca,
2539 2341 2586 2385 et
2611 2332 2903 2401 aediﬁcavit
2931 2333 3183 2387 Dominus
3206 2333 3349 2387 Deus
3371 2344 3584 2396 costam,
3604 2349 3736 2404 quam

2191 2420 2381 2475 tulerat
2423 2422 2487 2477 de
2531 2423 2723 2489 Adam,
2752 2424 2805 2478 in
2833 2425 3120 2478 mulierem.
3155 2423 3256 2480 Ubi
3288 2425 3534 2494 quamvis
3567 2425 3658 2478 sub
3684 2423 3735 2477 li-

2188 2524 2322 2580 gura
2356 2511 2512 2566 unius
2540 2522 2744 2578 costae,
2776 2528 2936 2584 quam
2968 2512 3087 2566 tulit
3111 2513 3253 2568 Deus
3280 2514 3346 2568 de
3382 2513 3545 2568 latere
3570 2514 3736 2575 Adam,

2189 2607 2245 2654 et
2274 2609 2502 2656 naturae
2522 2602 2757 2657 scissura
2782 2601 2836 2656 in
2869 2601 3134 2671 duplicem
3164 2615 3377 2666 sexum,
3409 2615 3463 2658 et
3489 2604 3739 2657 universae

2190 2691 2408 2747 virtutis
2438 2693 2742 2756 interioris,
2772 2708 2909 2763 quae
2936 2694 2983 2748 ei
3012 2696 3185 2748 inerat
3203 2735 3218 2760 ,
3243 2694 3550 2765 priusquam
3578 2708 3741 2764 pecca-

2192 2789 2295 2845 ret,
2323 2783 2597 2837 custodiae
2628 2781 2847 2848 ablatio,
2871 2797 2965 2852 per
2994 2796 3209 2836 carnem
3233 2798 3385 2847 vero,
3407 2798 3542 2852 quae
3574 2785 3622 2835 in
3645 2781 3741 2836 loco

2193 2878 2375 2925 costae
2404 2871 2612 2924 ablatae
2628 2870 2886 2925 coltocata
2912 2869 2956 2903 ⁸⁸
2982 2879 3084 2937 est,
3101 2869 3405 2925 miserrima
3433 2869 3517 2925 illa
3531 2885 3741 2925 commu-

2195 2961 2328 3014 latio
2360 2959 2426 3027 ",
2454 2974 2559 3031 qua
2590 2975 2688 3031 pro
2712 2959 2954 3016 custodia
2977 2959 3193 3016 virtutis
3219 2970 3270 3016 et
3303 2961 3661 3025 beatitudinis,
3680 2959 3744 3013 vi-

2195 3050 2392 3104 tiorum
2452 3058 2614 3118 atque
2655 3049 2904 3105 miseriae
2950 3049 3285 3105 mortiferam
3352 3049 3742 3106 imbecillitatem

494 3174 620 3211 num
647 3157 971 3212 sensualium
1020 3158 1041 3187 ³
1070 3156 1331 3211 ablatione
1356 3157 1608 3227 incipiant
1634 3197 1648 3222 ,
1689 3138 1877 3211 dcinde
1906 3159 2046 3211 circa
2070 3157 2092 3190 τ
2121 3145 2166 3207 C
2198 3140 2481 3205 ""“l'm'i‘,
2515 3139 2807 3210 εῖὲἔηῖίῖοητί
2854 3140 3097 3195 "idem"?
3128 3158 3141 3193 ³
3175 3141 3293 3212 Plus
3341 3149 3520 3197 tamen
3562 3138 3741 3198 Cum“

498 3246 726 3300 rationes
774 3247 970 3299 artium
1017 3247 1421 3301 sollicitudinem
1458 3248 1478 3278 ⁸
1527 3265 1588 3301 ac
1636 3247 1759 3316 linis
1799 3248 2092 3302 naturalem

495 3335 926 3405 supervolitanles
953 3340 973 3370 ⁸
1002 3337 1281 3402 theoriam,
1304 3338 1356 3389 in
1381 3348 1644 3392 aeternam
1670 3337 2093 3418 itnmaterialcmj

496 3444 595 3496 que
621 3427 876 3496 aspiciant
918 3429 1213 3492 scientiam,
1242 3444 1343 3481 non
1370 3428 1639 3481 habentem
1681 3428 1888 3481 omnino
1917 3430 2091 3482 sensui

496 3520 802 3587 impressam
817 3516 1066 3588 formam,
1082 3528 1170 3571 aut
1184 3517 1499 3572 intellectum
1518 3518 1647 3571 duce
1662 3519 1861 3572 ratione
1875 3519 2094 3573 colloca-

500 3620 631 3663 tum.
665 3605 816 3662 Sicut
839 3624 904 3662 ea:
944 3608 1201 3678 principio
1230 3609 1458 3679 primum
1488 3608 1747 3660 hominem
1779 3607 1898 3677 fecit
1930 3606 2089 3673 Deus,

500 3696 629 3749 muli
677 3708 827 3752 erant
866 3697 1199 3767 simplicitate
1247 3698 1495 3751 scientiae
1542 3706 1591 3751 et
1639 3697 2090 3768 incircumscripta

503 3789 605 3841 vita
640 3788 681 3820 ¹⁰
710 3788 1108 3857 morti/icatione
1138 3787 1369 3841 carnalis
1390 3786 1516 3859 legis
1542 3787 1688 3858 facti.

568 3882 658 3936 ΩΟ.
702 3881 962 3937 Similiter
992 3881 1058 3936 de
1081 3897 1293 3952 sopore,
1332 3896 1491 3951 quem
1523 3880 1783 3935 Dominus
1819 3881 1957 3937 Deus
1988 3881 2089 3937 itn~

505 3974 648 4029 misit
698 3974 751 4029 in
803 3974 972 4027 Adam
1002 4013 1016 4039 ,
1061 3974 1319 4044 intelligo.
1385 3973 1661 4043 Siquidem
1702 3989 1863 4046 sopor
1912 3976 1998 4031 ille
2028 3984 2095 4030 .et

506 4079 663 4121 :ausa
694 4064 898 4135 peccati
925 4073 980 4118 et
1009 4073 1128 4133 post
1154 4072 1432 4133 peccatum
1461 4063 1762 4127 immissus,
1795 4072 1872 4128 et,
1906 4073 1965 4117 ut
1998 4079 2092 4119 vc-

502 4158 614 4208 rius
654 4154 850 4217 dicant,
893 4151 1189 4223 permiSSns
1232 4138 1447 4206 videtur
1479 4165 1618 4205 esse.
1650 4150 1783 4205 Nam
1814 4151 1981 4206 Deum
2014 4151 2095 4207 fa-

500 4261 639 4309 cere,
674 4246 815 4315 quod
846 4243 973 4299 sinit
1001 4242 1144 4308 fieri,
1172 4242 1333 4296 modo
1362 4242 1597 4311 quodam
1625 4240 1912 4297 locutionis
1939 4241 2089 4298 Scri-

501 4348 655 4406 ptura
680 4337 815 4392 solet
843 4337 1041 4391 dicere.
1067 4333 1243 4403 Sopor
1269 4333 1451 4402 itaque
1478 4331 1565 4386 ille
1590 4341 1707 4385 erat
1734 4333 1896 4386 animi
1922 4332 2093 4387 inten-

505 4428 682 4491 tfonis,
716 4442 822 4497 quo
849 4441 1062 4495 semper
1097 4432 1152 4477 et
1194 4420 1556 4476 inﬂexibiliter
1592 4420 1903 4476 Creatorem
1933 4438 2087 4476 suum

503 4519 848 4588 contmnplari
882 4516 1159 4578 debuerat,
1200 4514 1265 4568 ad
1292 4513 1679 4568 delectationes
1711 4527 1890 4566 rerum
1917 4521 2088 4567 ntate-
2120 4491 2168 4550 D

507 4609 716 4663 rialium
761 4607 999 4673 rcllexio,
1043 4616 1099 4661 et
1141 4605 1374 4660 carnalis
1413 4604 1635 4675 copulae
1693 4604 1983 4675 appetiats,
2032 4612 2092 4659 ut

507 4704 693 4753 beatus
721 4695 1036 4750 Ambrosius
1073 4694 1307 4765 exponit.
1375 4693 1503 4760 Quis
1526 4704 1599 4747 est
1634 4694 1750 4758 iste,
1774 4694 1972 4763 inquit,
2009 4710 2095 4747 so-

506 4804 622 4859 n.--r,
662 4786 761 4839 nisi
802 4785 925 4857 quia
965 4783 1230 4855 paulisper
1272 4783 1341 4837 ad
1390 4783 1688 4853 conjugium
1740 4784 2091 4853 capulandum

513 4893 628 4930 cum
660 4874 975 4929 intendimus
1006 4875 1257 4934 animum,
1287 4871 1423 4927 velut
1450 4874 1670 4926 intentos
1709 4877 1885 4927 oculos
1908 4874 1977 4927 ad
2002 4874 2095 4928 Dei

508 4983 719 5036 regnum
750 4965 1001 5019 inclinare
1022 4974 1174 5035 atque
1208 4964 1467 5033 inﬂectere
1493 4963 1726 5016 videntur
1744 4964 1812 5017 ad
1833 4964 2092 5034 quendam

507 5076 743 5113 smnnutn
766 5058 914 5112 istius
948 5058 1158 5122 mundi,
1188 5066 1235 5110 et
1262 5056 1525 5126 paulisper
1561 5055 1853 5109 obdormire
1882 5057 2092 5120 divinis,

508 5152 630 5203 dum
657 5149 708 5202 in
737 5147 1059 5203 secularibus
1086 5146 1464 5217 mundanisque
1499 5145 1903 5215 requiescimus?
1924 5145 2092 5212 Quem

455 5264 467 5279 ο
508 5253 777 5310 soporem,
801 5238 902 5294 hoc
924 5247 1024 5303 est,
1055 5237 1123 5291 ab
1148 5237 1384 5291 aeternis
1410 5236 1448 5267 ¹¹
1476 5235 1542 5289 ad
1571 5235 1904 5305 temporalia,
1930 5252 1957 5288 a
1984 5235 2093 5290 Dco

2197 3238 2248 3284 et
2273 3228 2542 3283 Ecclesiae.
2565 3230 2879 3301 mysterium
2911 3230 3223 3301 propltetice
3245 3230 3655 3302 praeligttratum
3675 3230 3742 3285 in-

2196 3319 2537 3389 telligendum
2581 3335 2702 3375 esse
2738 3319 2991 3375 arbitror.
3021 3319 3236 3377 Primus
3278 3322 3539 3392 siquidem
3579 3324 3740 3387 homo,

2196 3411 2385 3476 Adam,
2428 3412 2568 3467 sicut
2606 3410 2764 3467 docet
2793 3412 3105 3483 Apostolus,
3146 3414 3347 3483 ubique
3389 3414 3555 3469 forma
3596 3413 3740 3470 futuri

2194 3510 2296 3565 est,
2322 3501 2525 3556 Christi
2566 3501 2835 3556 videlicet.
2867 3502 2973 3557 Sed
3007 3518 3037 3558 e
3073 3504 3366 3559 contrario.
3406 3503 3463 3558 In
3497 3506 3658 3574 primo
3682 3503 3742 3559 si-

2192 3594 2410 3662 quidem
2447 3592 2620 3648 Adam
2651 3594 2818 3649 scissa
2848 3602 2930 3648 est
2965 3602 3156 3649 natura
3195 3594 3249 3649 in
3290 3596 3579 3651 masculum
3603 3606 3655 3650 et
3678 3592 3742 3649 fe-

2195 3684 2419 3749 minam,
2446 3683 2497 3737 in
2521 3684 2756 3739 secundo
2777 3683 3010 3739 adunata
3036 3694 3138 3740 est.
3164 3683 3220 3738 lu
3244 3684 3459 3741 Christo
3481 3688 3615 3741 enim
3636 3683 3741 3739 Jeso

2194 3790 2300 3829 non
2343 3783 2428 3829 cst
2466 3774 2737 3829 masculus
2769 3789 2943 3844 neque
2980 3773 3197 3831 femina.
3236 3775 3290 3833 lu
3320 3778 3495 3847 primo
3525 3777 3743 3831 universa

2192 3878 2383 3925 natura
2421 3867 2486 3923 de
2514 3864 2771 3923 felicitate
2794 3867 3031 3938 paradisi
3052 3877 3132 3924 est
3160 3868 3405 3939 expulsa,
3453 3870 3504 3923 in
3534 3865 3746 3924 secundo

2193 3960 2245 4015 in
2271 3957 2497 4014 eandem
2534 3957 2846 4013 felicitatem
2899 3966 2982 4013 est
3027 3968 3277 4014 revocata
3314 3968 3371 4012 et
3405 3960 3661 4014 restituta.
3696 3955 3747 4012 la

2192 4049 2365 4119 primo
2388 4063 2516 4104 caro
2536 4063 2636 4119 pro
2664 4058 2835 4114 costa,
2858 4047 2965 4103 hoc
2994 4057 3098 4115 est,
3138 4049 3427 4105 infirmitas
3450 4065 3547 4119 pro
3572 4050 3748 4103 virtute

2192 4149 2466 4210 assumpta
2485 4148 2592 4205 est,
2617 4141 2669 4195 in
2692 4140 2928 4196 secundo
2951 4140 3239 4197 inﬁrmitas
3260 4151 3315 4198 et
3341 4158 3489 4198 mors
3500 4144 3749 4210 absorpta,

2193 4231 2364 4286 virtus
2391 4246 2518 4286 vero
2549 4241 2603 4286 et
2634 4232 2742 4285 vita
2781 4240 3001 4286 acterna
3029 4232 3298 4287 humanae
3325 4225 3547 4289 naturae
3574 4234 3749 4287 donata

2191 4336 2274 4380 est
2305 4324 2368 4377 ³⁷.
2399 4322 2547 4378 Sicut
2576 4324 2713 4377 enim
2737 4325 2791 4377 in
2820 4322 2988 4376 Adam
3013 4339 3187 4377 onmes
3209 4323 3526 4389 moriuntur,
3544 4325 3613 4377 ita
3637 4321 3750 4376 etin

2192 4413 2397 4469 Christo
2440 4431 2617 4469 atnnes
2649 4415 2975 4482 viviﬁcantur
3025 4414 3088 4469 ".
3135 4413 3337 4468 Dormit
3376 4414 3573 4484 itaque,
3600 4422 3655 4467 ut
3684 4410 3750 4464 ait

2197 4515 2416 4562 sanctus
2451 4505 2803 4576 Augustinus,
2842 4506 3012 4559 Adam
3045 4514 3093 4559 et
3115 4504 3179 4573 ﬁt
3208 4503 3344 4571 Eva,
3375 4506 3593 4559 moritur
3616 4500 3751 4556 Chri-

2199 4610 2307 4654 stus
2333 4608 2379 4653 et
2401 4599 2459 4670 ﬁt
2486 4598 2743 4653 Ecclesia.
2769 4599 3067 4653 Dormienti
3088 4597 3257 4652 Adam
3284 4597 3343 4652 ﬁt
3369 4596 3480 4652 Eva
3502 4597 3565 4653 de
3582 4594 3744 4654 latere.

2200 4697 2413 4745 mortuo
2486 4688 2704 4745 Christo
2767 4688 3065 4758 percutitur
3136 4686 3319 4752 latus,
3384 4695 3445 4741 ut
3508 4683 3749 4758 prolhtant

2198 4790 2575 4847 sacramenta,
2642 4779 2837 4851 quibus
2897 4778 3162 4834 formatur
3224 4777 3488 4833 Ecclesia.
3546 4773 3748 4842 Sanguis

2199 4875 2343 4931 enim
2395 4882 2479 4930 est
2529 4874 2584 4928 in
2647 4873 3109 4928 consecrationem
3170 4872 3389 4937 calicis,
3454 4886 3588 4942 aqua
3639 4879 3750 4922 vero

2196 4969 2251 5022 in
2306 4965 2767 5022 consecrationem
2818 4963 3177 5032 baptismatis.
3229 4963 3286 5019 in
3340 4965 3515 5034 primo
3560 4959 3752 5017 homine

2199 5058 2432 5111 humana
2468 5063 2659 5109 natura
2705 5053 2914 5107 tunicas
2946 5053 3185 5106 induitur
3220 5052 3496 5122 pelliceas.
3544 5051 3640 5106 hoc
3679 5054 3755 5103 est

2199 5147 2442 5200 mortalia
2498 5159 2752 5214 corpora,
2802 5143 2990 5198 relicta
3040 5143 3268 5197 naturali
3318 5143 3574 5205 nuditate,
3618 5138 3753 5191 vidc-

2196 5237 2320 5291 licct
2356 5238 2666 5294 sinceritate
2714 5243 2768 5290 et
2811 5234 3155 5305 simplicitate
3187 5252 3200 5287 :
3234 5234 3287 5287 in
3316 5233 3547 5289 secundo
3582 5229 3752 5285 eadem

1802 5347 2005 5403 VARIA
2019 5349 2056 5403 ii
2094 5345 2494 5403 LECTlONES.

579 5456 593 5481 ⁸
640 5463 680 5514 Δ
720 5462 1181 5514 incontammatus.
1226 5457 1279 5524 Α·
1321 5453 1411 5508 Sic
1451 5451 1565 5514 CF;
1614 5455 1652 5507 Α
1696 5456 2078 5524 praedm-time,

516 5547 769 5599 t't.tgt'tts.
847 5532 867 5560 °
903 5522 1365 5599 sensualiuniont.
1410 5525 1473 5577 Α.

518 5601 558 5627 “‘
600 5595 729 5665 rit-7t
761 5599 829 5655 ῖς
869 5600 904 5646 Δ
939 5610 989 5650 et
1016 5597 1404 5665 incircutnﬂexa
1432 5606 1479 5649 et
1502 5595 1931 5648 mortilimtinne.

506 5674 617 5713 03v.
655 5664 756 5718 (ilt‘.
838 5670 879 5700 ¹⁵
905 5670 995 5723 Sic
1019 5674 1131 5731 fw;
1158 5667 1194 5720 ιε’
1227 5664 1436 5719 eiulatu.

1551 5526 1571 5557 ⁷
1612 5526 1700 5579 Sit:
1752 5526 1869 5582 (21“;
1918 5527 1959 5578 A
2006 5527 2196 5581 deinth
2239 5530 2312 5579 sic
2350 5528 2518 5579 circa.

2011 5600 2048 5633 ¹¹
2089 5599 2130 5649 Α
2152 5599 2398 5650 externis.

1516 5667 1557 5695 “‘
1584 5666 1671 5719 Sic
1701 5665 1784 5717 illi
1810 5682 1823 5731 ;
1857 5667 1899 5718 Α
1926 5669 2259 5720 commutatio
2282 5669 2395 5720 illa.

2182 5457 2202 5487 ³
2240 5456 2279 5508 C
2309 5457 2597 5510 contuitum
2659 5470 2766 5510 om.
2805 5455 2873 5511 Α.
2948 5455 2970 5487 ⁵
3000 5457 3275 5526 possidens
3316 5472 3421 5510 otn.
3479 5456 3536 5509 ll.
3593 5450 3645 5526 _'
3677 5446 3754 5503 CF

2621 5526 2643 5557 ⁸
2673 5528 2717 5580 Λ
2763 5521 3167 5596 sollicitudine.
3232 5525 3253 5557 ’
3290 5527 3334 5580 Α
3375 5521 3755 5596 supervolantes.

2496 5599 2538 5629 ¹²
2580 5595 2669 5650 Sic
2701 5597 2781 5650 (IF
2805 5612 2818 5661 ;
2914 5614 3065 5666 quae.
3132 5595 3173 5627 ¹³
3290 5593 3531 5663 Quando.
3624 5593 3667 5623 ¹·
3689 5596 3756 5642 est

2478 5668 2515 5697 ⁸⁷
2538 5679 2608 5720 est
2642 5684 2749 5720 om.
2778 5665 2885 5726 Cl".
2926 5664 2933 5666 ἡ
2964 5664 3007 5695 ⁸⁸
3030 5667 3122 5722 Sic
3146 5665 3268 5733 CF;
3293 5671 3334 5721 Α
3358 5666 3756 5735 viviﬁcabuntur.
