3898 6154
300 266 368 322 7.7
1103 268 1194 330 DE
1235 229 1572 335 striatam
1608 273 1958 334 suumn.
1997 308 2065 319 -
2101 275 2300 334 LIBER
2339 276 2688 346 ouanres.

3397 287 3504 349 ἓν(

261 383 466 436 tunicas
496 381 758 451 Spoliatnr
788 382 1058 454 pellieeas,
1087 387 1232 442 omni
1283 388 1652 445 imbecillitate
1689 405 1837 444 mor-
1869 397 1916 454 Α
1947 399 2126 446 autem
2156 391 2375 446 seducta
2401 398 2516 456 est;
2545 404 2649 446 non
2674 389 2820 446 enim
2849 389 3055 452 inscius
3075 395 3338 464 peccavit,
3372 398 3524 452 iden-

261 473 442 526 talium
481 487 770 542 corporum
803 484 1102 544 perempta,
1133 485 1189 530 et
1227 479 1493 544 nuditate,
1519 480 1570 533 id
1589 488 1672 534 est
1702 479 1833 534 sim-

256 561 490 630 plicitate
517 563 778 632 pristinae
825 573 1074 630 naturae,
1108 577 1346 638 recepta.
1382 569 1528 625 Haec
1554 571 1740 640 igitur,
1773 577 1832 624 ut

254 651 631 720 praediximus.
663 668 800 722 quae
828 666 948 724 post
973 671 1223 726 soporem
1255 658 1555 713 immissum
1581 660 1634 713 in
1655 659 1828 713 Adam

252 742 430 796 divina
490 754 676 798 miri-at
739 743 1021 814 Scriptura
1073 749 1115 811 ⁸,
1170 750 1416 818 quamvis
1461 751 1516 805 in
1579 750 1830 820 paradiso

250 832 410 886 veluti
448 830 589 886 facta
631 832 897 903 legantur,
931 837 1304 892 rationabilius
1343 847 1545 904 tamen,
1595 849 1654 893 et
1683 844 1826 893 veri-

144 925 161 940 ⁶
253 921 348 975 tati
375 925 782 990 congruentius,
831 935 954 994 post
1004 937 1306 994 peccatum,
1331 945 1396 985 ac
1423 945 1524 1000 per
1543 930 1646 985 hoc
1671 944 1827 986 extra

245 1011 554 1080 paradisum
606 1012 875 1068 humanae
918 1025 1147 1072 naturae
1195 1019 1389 1072 merito
1435 1019 1829 1075 inobedientiae

245 1103 591 1170 superaddita
632 1104 899 1160 credenda
956 1117 1006 1161 et
1041 1109 1387 1180 intelligenda
1418 1121 1562 1166 sunt.
1595 1110 1654 1167 Si
1683 1113 1826 1166 enim

244 1191 503 1261 plantatio
529 1191 622 1244 Dei
653 1202 730 1246 est
763 1195 785 1225 ⁸
814 1207 869 1248 et
911 1197 1197 1264 paradisus
1228 1199 1280 1252 in
1315 1199 1524 1254 deliciis
1545 1199 1566 1231 ⁸
1593 1201 1828 1255 humana

243 1289 434 1334 natura
474 1281 540 1334 ad
566 1279 856 1349 imaginem
886 1285 979 1338 Dei
1003 1284 1170 1349 facta,
1210 1287 1460 1358 nullaque
1489 1291 1830 1358 praevarica-

243 1369 406 1423 tionis
453 1372 778 1441 contagione
812 1373 1136 1437 deformata,
1166 1378 1424 1447 quicquid
1471 1388 1624 1434 extra
1659 1381 1828 1451 digni-

247 1467 414 1512 tatem
459 1469 687 1516 uaturae
709 1477 981 1533 causaque
1024 1467 1233 1534 peccati
1267 1467 1470 1521 factum
1495 1469 1826 1538 intelligitur,

238 1565 338 1604 cur
367 1566 474 1605 non
520 1553 684 1606 etiam
712 1563 864 1608 extra
891 1557 1202 1624 paradisum
1231 1558 1398 1614 fuisse
1428 1576 1532 1614 non
1567 1561 1832 1632 intellige-

239 1648 408 1704 retur,
439 1640 648 1710 ignoro.
682 1640 798 1697 Non
854 1644 1043 1713 ignoro
1071 1656 1251 1700 autem
1305 1647 1715 1704 usitatissimum
1748 1651 1832 1705 di-

238 1731 396 1786 vinae
443 1731 760 1802 Scripturae
823 1743 1063 1805 tropum,

237 1822 507 1898 πρότερον,
535 1839 567 1876 a
597 1823 808 1880 Latinis
829 1841 964 1900 ,vero
994 1838 1404 1898 praeposterum
1440 1847 1534 1887 seu
1559 1833 1826 1904 anticipa-

237 1911 329 1974 tio,
381 1926 546 1981 quam
593 1912 786 1969 Graeci
839 1913 860 1945 ⁸
899 1917 1148 1992 πρόληψιν
1172 1917 1379 1985 dicunt,
1426 1930 1682 1988 vocatur;
1719 1938 1827 1994 quo

235 2000 538 2056 Ilattbaeus
553 2003 880 2074 evangelista
901 2004 924 2037 '
953 2021 1080 2061 usus
1103 2017 1204 2073 est,
1228 2011 1538 2078 passionem
1557 2020 1614 2066 et
1643 2027 1828 2068 resur-

228 2093 533 2148 recuonem
559 2094 772 2150 Domini
801 2112 1052 2154 narrans.
1082 2099 1156 2154 Ea
1179 2100 1470 2170 siquidem,
1487 2117 1627 2172 quae
1642 2119 1828 2160 resur-

233 2185 500 2241 rectionis
531 2186 763 2244 articulo
792 2186 933 2244 facta
955 2199 1102 2256 sunt,
1132 2193 1402 2260 passionis
1419 2193 1555 2250 hora
1582 2197 1828 2253 evenisse

229 2276 425 2330 scribit
451 2291 468 2342 ;
499 2276 574 2330 ait
611 2277 756 2332 enim
787 2295 802 2332 :
847 2279 1004 2336 Iesus
1027 2292 1200 2336 autem
1222 2283 1430 2338 .iterum
1453 2285 1688 2340 clamans
1709 2303 1828 2342 voce

230 2382 428 2436 magna
455 2367 626 2421 emisit
651 2369 917 2438 spiritum,
947 2381 996 2425 et
1043 2389 1158 2427 ecce
1183 2372 1352 2428 uelum
1383 2375 1559 2446 templi
1605 2377 1826 2431 scissum

230 2464 302 2508 est
331 2456 387 2508 in
443 2455 578 2510 duas
603 2467 780 2526 partes
809 2477 844 2512 a
880 2476 1084 2515 summo
1115 2478 1278 2534 usque
1315 2463 1581 2531 deorsum,
1605 2475 1653 2520 et
1688 2476 1828 2520 terra

229 2554 369 2597 mota
397 2555 498 2610 est,
529 2555 576 2598 et
603 2557 784 2614 petrae
803 2549 1000 2602 scissae
1025 2561 1172 2616 sunt,
1199 2561 1246 2605 et
1272 2565 1607 2608 monumenta
1644 2567 1826 2625 aperta

230 2645 368 2697 sunt,
401 2642 454 2685 et
487 2633 652 2687 multa
699 2652 920 2706 corpora
969 2648 1290 2706 sanctorum,
1335 2643 1428 2712 qui
1480 2643 1824 2711 dormierunt,

230 2734 597 2790 surrexerunt,
627 2734 676 2778 et
721 2737 969 2781 exeuntes
1016 2729 1079 2782 de
1106 2733 1454 2786 monumentis
1495 2745 1610 2803 post
1648 2753 1826 2791 resur-

231 2819 512 2870 rectionem
547 2817 662 2886 ejus
709 2830 957 2873 uenerunt
983 2821 1038 2874 in
1071 2833 1306 2877 sanctam
1347 2825 1612 2880 civitatem
1661 2837 1710 2882 et
1735 2845 1828 2898 ap-

227 2917 523 2974 paruerunt
549 2907 750 2961 multis.
779 2907 927 2964 Haec
961 2900 1146 2966 omnia
1166 2911 1324 2981 juxta
1351 2930 1532 2970 rerum
1563 2904 1826 2974 factarum

228 2985 432 3052 seriem
477 3001 930 3056 resurrectionem
979 3003 1218 3060 .Domiui
1277 3015 1462 3062 secuta
1519 3020 1679 3076 sunt,
1731 3014 1826 3068 sel

229 3080 514 3156 praedicto
559 3091 889 3147 narrationis
925 3089 1080 3164 tropo
1123 3105 1248 3164 past
1291 3099 1598 3168 passionem
1650 3100 1818 3157 fuisse

227 3179 564 3252 evangelista
602 3181 768 3236 voluit
815 3199 1060 3240 narrare.
1129 3186 1246 3240 Non
1296 3189 1440 3244 enim
1491 3192 1818 3247 credendum

233 3279 334 3335 est,
369 3270 608 3324 aliorum
649 3284 997 3328 monumenta
1043 3286 1234 3346 aperta
1273 3277 1460 3346 fuisse,
1501 3283 1821 3354 priusquam

233 3361 344 3431 ipse
381 3377 548 3417 suum
580 3365 819 3434 aperiret
850 3380 1280 3436 monumentum,
1325 3382 1421 3426 aut
1443 3389 1602 3430 verae
1641 3391 1822 3432 resur-

232 3451 495 3506 rectionis
526 3460 692 3508 testes
713 3456 1100 3521 resurrexisse,
1143 3459 1457 3532 priusquam
1515 3463 1646 3534 ipse,
1671 3464 1823 3533 cujus

228 3541 652 3596 resurrectionis
697 3551 862 3600 testes
911 3556 1041 3601 sunt
1088 3547 1130 3612 ⁸,
1181 3561 1491 3622 resurgeret
1537 3566 1586 3608 ιι.
1649 3553 1824 3625 Sopor

232 3628 420 3700 itaque
450 3631 642 3696 Adam,
684 3648 1024 3705 sequensque
1053 3638 1072 3668 "
1095 3638 1380 3706 dormitus,
1419 3652 1474 3696 et
1510 3645 1711 3700 ablatio
1741 3661 1825 3701 co-

227 3729 372 3786 stae,
404 3731 465 3777 et
491 3722 682 3779 divisio
702 3725 966 3795 simplicis
990 3738 1215 3784 naturae
1239 3730 1292 3784 in
1318 3733 1583 3802 duplicem
1608 3750 1821 3802 sexum,

229 3816 534 3886 etmystica
572 3819 760 3872 uxoris
775 3820 980 3888 agnitio
1005 3822 1046 3887 ⁸,
1075 3832 1382 3894 ceteraque,
1427 3841 1567 3895 quae
1611 3829 1662 3882 in
1693 3830 1826 3902 lign-

234 3919 290 3958 ra
315 3904 528 3960 Christi
576 3915 632 3961 et
658 3907 934 3964 Ecclesiae
983 3911 1349 3984 praeﬁgurata
1384 3925 1532 3982 sunt,
1589 3919 1827 3989 cognitio

230 4009 453 4065 quoque
516 3997 815 4063 nuditatis,
841 3999 951 4054 hoc
993 4009 1078 4056 est
1132 4013 1360 4058 naturae
1400 4005 1828 4063 sinceritatis—-

232 4097 394 4157 atque
425 4088 552 4142 ideo
583 4104 688 4144 nou
733 4091 801 4144 de
825 4090 938 4161 ipsa
980 4093 1402 4161 erubescebant,
1433 4098 1690 4166 quoniam
1717 4100 1827 4154 vir-

233 4186 412 4231 tutum
476 4179 716 4248 tegmina
766 4180 1148 4250 induebantur,
1193 4184 1644 4242 delectationibus
1699 4203 1827 4243 vero

235 4269 697 4326 irrationabilium
739 4281 980 4327 motuum
1009 4275 1231 4331 omnino
1279 4277 1526 4334 absoluta
1552 4309 1624 4320 —-
1665 4295 1826 4350 quam

229 4363 514 4430 peccando
569 4365 921 4434 perdiderant
955 4374 1011 4420 et
1057 4369 1334 4438 perdentlo
1372 4383 1826 4444 recognoverant,

1935 498 2042 554 quc
2071 484 2257 539 durius
2283 483 2463 554 puniri
2495 484 2694 538 meruit
2719 513 2787 524 —
2813 487 3022 556 apertio
3052 487 3184 543 item
3211 489 3517 558 oculorum,

1933 589 2042 644 qua
2079 589 2234 630 suam
2267 575 2568 630 nuditatem
2595 585 2984 656 cognovprant,
3015 579 3520 654 perizomatumque

1934 668 2002 722 de
2029 667 2188 722 foliis-
2215 668 2300 723 tici
2327 671 2593 736 consutio,
2630 671 2777 728 vocis
2821 671 2951 728 item
2987 673 3383 734 deambulantis
3413 678 3520 734 Do-

1935 758 2064 812 mini
2095 759 2186 812 Dei
2239 758 2290 812 in
2333 761 2587 828 paradiso
2611 753 2852 827 auditus,
2899 765 3314 838 amborumque,
3342 769 3513 824 Adam

1932 847 2180 902 videlicet
2209 857 2264 902 ct
2291 849 2477 904 uxoris
2504 849 2640 919 ejus,
2682 866 2712 905 a
2743 851 2884 908 facie
2940 853 3150 911 Domini
3183 857 3277 912 Dei
3309 858 3428 931 fuga
3457 870 3518 915 et

1933 941 1986 994 in
2011 943 2191 997 medio
2217 942 2344 1014 ligni
2384 943 2694 1008 absconsio,
2725 953 2782 1000 et
2802 954 2988 1001 cetera
3009 963 3183 1018 usque
3210 952 3276 1004 ad
3327 953 3518 1022 expul-

1931 1033 2138 1088 sionem
2179 1034 2414 1088 hominis
2459 1035 2528 1090 de
2565 1036 2818 1104 paradiso
2849 1055 2862 1090 :
2890 1037 3024 1093 haec
3053 1041 3232 1094 omnia
3271 1041 3324 1096 in
3347 1057 3510 1112 para-

1931 1124 2051 1178 diso
2074 1137 2171 1194 per
2201 1125 2638 1196 anticipationem
2669 1137 3015 1198 praepostere
3051 1129 3192 1187 facta
3231 1147 3354 1191 esse
3375 1136 3514 1191 divi-

1931 1231 2000 1268 na
2029 1225 2214 1271 narrat
2234 1215 2537 1286 Scriptura,
2565 1218 2690 1273 dum
2713 1219 2822 1274 sint
2847 1233 3131 1291 peccatum
3157 1238 3510 1298 consequuta.

1933 1306 1990 1361 Si
2014 1308 2157 1361 enim
2207 1309 2487 1378 paradisus
2530 1319 2613 1364 est
2665 1311 2898 1368 humana
2935 1323 3149 1382 natura,
3195 1319 3264 1374 ad
3317 1319 3511 1394 imagi-

1930 1412 2055 1452 uem
2083 1397 2176 1454 Dei
2207 1400 2451 1466 condita,
2473 1410 2529 1456 et
2556 1402 2611 1456 in
2637 1403 2913 1474 angelicae
2939 1407 3291 1466 beatitudinis
3314 1428 3512 1484 aequae

1927 1487 2084 1544 litate
2111 1490 2426 1556 constituta,
2473 1507 2594 1546 mox
2625 1494 2890 1562 profecto,
2920 1507 2981 1550 ut
3001 1495 3318 1556 Creatorem
3355 1517 3510 1558 suum

1933 1583 2185 1638 deserere
2215 1583 2402 1647 voluit,
2432 1599 2496 1638 ex
2526 1585 2790 1654 dignitate
2817 1601 2948 1642 suae
2969 1599 3201 1647 naturae
3225 1592 3378 1663 lapsa
3406 1606 3494 1650 cst

1933 1671 2066 1727 Nam
2094 1675 2486 1744 etpriusquam
2511 1677 2666 1730 uxori
2693 1691 2822 1734 suae
2841 1681 3194 1746 consentiret,
3228 1687 3511 1754 superbire

1119 1738 1214 1808 (ιυί
1260 1753 1291 1792 ³
1333 1737 1557 1795 Graec“
1611 1741 1828 1844 5f???”
1861 1763 1904 1820 Β
1934 1764 2224 1819 inchoavit.
2267 1765 2434 1820 Porro
2481 1767 2525 1820 si
2559 1767 2758 1823 nullum
2789 1771 3024 1840 Spatium
3081 1774 3341 1844 temporis
3376 1775 3515 1833 inter

1929 1854 2291 1910 conditionem
2335 1857 2502 1926 ipsius
2520 1867 2581 1912 et
2619 1858 2828 1929 lapsum
2855 1859 3041 1918 divina
3074 1865 3232 1919 tradit
3271 1867 3314 1897 “
3339 1867 3512 1922 bisto-

1929 1951 2032 2016 ria,
2064 1951 2192 2021 quid
2247 1952 2392 2008 aliud
2443 1954 2602 2007 datur
2637 1954 2859 2026 intelligi
2917 1956 3232 2028 Scripturae
3273 1959 3509 2026 silentio,

1929 2041 2032 2096 nisi
2064 2042 2333 2124 hominem
2363 2058 2507 2108 mox,
2539 2053 2596 2099 ut
2634 2046 2885 2101 conditus
2919 2059 3022 2112 est,
3064 2051 3412 2119 superbiissc,
3447 2068 3516 2109 ac

1927 2149 2026 2204 per
2052 2135 2156 2190 hoc
2180 2136 2486 2191 corruisse?
2505 2136 2669 2207 Cujus
2687 2137 2728 2168 ”
2753 2137 2828 2192 rei
2854 2140 3089 2194 maxima
3112 2142 3514 2213 argumentatio

1927 2235 2013 2280 est
2040 2226 2390 2282 homicidium
2415 2227 2635 2293 diaboli,
2681 2230 2771 2300 qui
2817 2230 3081 2285 homicida
3105 2241 3218 2286 erat
3245 2233 3309 2288 ab
3331 2234 3512 2299 initio.

1928 2314 2044 2366 etin
2080 2315 2291 2369 ueritate
2314 2331 2416 2370 non
2436 2317 2574 2368 stetit
2601 2330 2620 2368 :
2641 2318 2733 2387 qui
2759 2327 2812 2372 et
2845 2318 2959 2388 ipse
2982 2318 3123 2372 nulla
3163 2336 3312 2376 mora
3333 2322 3512 2378 inter-

1928 2415 2126 2472 stantc,
2172 2423 2321 2473 mox,
2375 2417 2433 2462 ut
2473 2419 2691 2466 creatus
2733 2422 2836 2478 est,
2895 2412 3077 2482 lapsus
3127 2417 3510 2486 superbiendo,

1929 2511 2427 2572 consequenterque
2455 2503 2660 2558 bomiui
2693 2519 2813 2559 cum
2846 2515 3030 2560 creato
3065 2507 3166 2562 sibi
3199 2509 3507 2574 invidendo,

1927 2606 2160 2662 cumque
2202 2595 2431 2650 astutiae
2484 2610 2694 2651 veneno
2738 2596 3120 2653 interimendo.
3153 2598 3228 2656 De
3247 2600 3508 2672 paradiso

1928 2683 2254 2740 sutlicieutcr
2282 2685 2470 2752 habes,
2503 2695 2565 2741 ut
2611 2687 2864 2742 arbitror.
2902 2689 3046 2744 DlSC.
3080 2689 3361 2746 Suilicerct
3393 2689 3508 2746 for-

1927 2777 2086 2836 sitan.
2117 2778 2161 2832 si
2190 2777 2430 2832 breviter
2459 2780 2524 2834 de
2561 2777 2662 2832 ficu
2696 2777 2804 2845 illa,
2837 2778 2991 2849 cujus
3033 2779 3178 2836 foliis
3197 2782 3510 2838 surcinclo~

1930 2868 2009 2921 ria
2039 2877 2266 2924 consuta
2292 2879 2434 2934 sunt,
2490 2870 2663 2940 deque
2693 2869 2905 2925 Domini
2947 2870 3046 2926 'Dci
3077 2872 3509 2933 dcambulatiouo

1922 2956 1980 3010 in
2006 2958 2256 3027 paradiso
2287 2959 2546 3028 aperires,
2576 2959 2703 3028 quid
2740 2961 2962 3013 sentias.
3008 2959 3140 3014 Nam
3174 2962 3240 3016 de
3268 2961 3510 3031 pellich

1930 3049 2128 3104 tunicis
2155 3050 2490 3118 praedictum
2521 3062 2626 3105 est.

1987 3161 2075 3216 2i.
2098 3160 2236 3217 Msa.
2261 3161 2420 3218 Ficus
2443 3162 2529 3217 illa
2553 3163 2792 3218 divinum
2813 3163 2948 3237 legis
2978 3167 3289 3223 mandatum
3317 3170 3511 3240 primis

1924 3254 2232 3310 horninibus
2263 3255 2313 3308 in
2343 3253 2590 3324 paradiso
2617 3256 2871 3311 traditmn
2898 3273 3005 3313 non
3034 3258 3329 3332 incongrue
3356 3261 3503 3316 acci-

1923 3346 2086 3417 pitur.
2119 3346 2248 3400 Erat
2295 3357 2476 3401 autem
2519 3347 2646 3404 illttd
2676 3349 2985 3404 mandatum
3019 3369 3032 3404 :
3083 3348 3158 3406 De
3198 3351 3338 3406 omni
3366 3353 3508 3423 ligno

1922 3437 2158 3506 paradisi
2207 3437 2480 3502 concedite,
2530 3438 2594 3492 de
2639 3437 2780 3510 ligno
2816 3451 2988 3494 autem
3017 3441 3264 3498 scientiae
3291 3442 3411 3496 boui
3459 3454 3510 3497 et

1925 3526 2052 3580 mali
2105 3528 2374 3582 comedere
2425 3527 2603 3583 nolite.
2636 3530 2702 3586 Et
2743 3527 3036 3587 utcautitis
3067 3535 3380 3590 mandatum
3417 3551 3509 3589 cu-

1926 3618 2213 3684 stodirent,
2263 3620 2744 3690 praevaricationis
2789 3624 3094 3695 periculum
3133 3641 3246 3682 non
3305 3640 3389 3681 est
3439 3628 3509 3681 ab

1926 3710 2004 3765 eis
2030 3710 2379 3766 occultatum.
2407 3711 2474 3766 In
2495 3727 2804 3785 quacunque
2827 3717 2965 3770 enim
2989 3716 3092 3782 die,
3117 3717 3310 3788 inquit,
3337 3735 3508 3772 come-

1925 3803 2108 3857 deritis
2130 3807 2194 3857 ea:
2239 3821 2324 3870 eo,
2362 3817 2528 3862 morte
2559 3810 2870 3863 moriemini.
2893 3806 3004 3864 Lex
3029 3827 3156 3882 ergo
3177 3812 3370 3881 primis
3411 3814 3508 3868 bo.

1929 3894 2164 3952 minibus
2194 3897 2246 3952 in
2287 3899 2544 3968 paradiso
2583 3901 2709 3956 data
2751 3909 2856 3968 est,
2885 3903 3039 3972 cujus
3061 3905 3225 3958 verba
3252 3907 3511 3959 memori-

1931 3997 2014 4042 ter
2041 3989 2317 4053 tenebant,
2359 3992 2503 4060 quod
2545 4007 2807 4062 responso
2863 3995 3104 4049 mulieris
3132 3997 3368 4066 serpenti
3417 4002 3510 4050 tte-

1929 4078 2188 4133 claratur.
2224 4080 2684 4150 llespuntlitenim
2718 4101 2730 4136 :
2765 4083 2839 4137 De
2862 4083 3041 4154 [ructu
3063 4083 3346 4155 lignorum,
3378 4105 3512 4158 quae

1929 4179 2047 4224 sunt
2098 4171 2153 4224 in
2178 4171 2448 4240 paradiso,
2474 4173 2748 4237 reseimur,
2775 4174 2840 4228 de
2861 4176 3038 4246 [ructu
3062 4193 3177 4232 vero
3201 4176 3353 4250 ligni,
3375 4180 3516 4250 quod

1929 4271 2003 4316 est
2035 4262 2088 4315 in
2111 4262 2282 4316 medio
2311 4263 2572 4332 paradisi,
2601 4268 2862 4338 praecepit
2894 4267 3040 4322 nobis
3073 4268 3233 4334 Deus,
3258 4287 3320 4325 ne
3345 4287 3515 4324 comr-

1929 4351 2192 4415 deremus,
2237 4361 2284 4406 et
2316 4369 2379 4407 ne
2403 4363 2732 4422 tangeremus
2777 4354 2934 4421 illud,
2959 4373 3020 4411 ne
3045 4358 3178 4428 forte
3203 4359 3512 4413 moriamur.

232 4451 396 4507 lallth
427 4455 558 4510 item
587 4457 610 4490 ⁸
638 4457 821 4510 suasio
871 4461 1158 4528 serpentis,
1190 4473 1245 4516 et
1273 4440 1526 4527 subdola,
1549 4463 1824 4521 mulieris-
1858 4471 1906 4528 D
1932 4440 2097 4511 C“«l"5
2153 4441 2287 4512 legis
2335 4445 2498 4498 verba
2561 4443 2700 4500 male
2763 4445 3151 4516 inlerpremms
3220 4456 3303 4503 οδε
3363 4449 3510 4504 ⁰⁰¹¹¹”

231 4559 336 4611 quc
364 4560 494 4599 cum
537 4557 790 4616 serpente
835 4547 1128 4618 disputatio
1165 4561 1330 4623 atque
1373 4555 1635 4621 seductio,
1667 4568 1732 4611 ac
1754 4557 1821 4612 de

235 4637 416 4692 fructu
463 4639 620 4692 vetiti
651 4639 782 4708 ligni
816 4639 1004 4694 illicita
1049 4645 1368 4714 assumptio,
1421 4645 1698 4717 letilerque
1726 4665 1823 4718 gu-

232 4736 373 4792 stus,
398 4728 504 4782 viri
531 4745 745 4801 quoque
774 4747 1072 4787 consensus
1099 4742 1153 4788 et
1191 4749 1350 4792 casus
1375 4753 1480 4790 non
1506 4738 1820 4807 ignorantis,

235 4819 329 4872 sed
381 4819 502 4874 leve
546 4829 825 4890 peccatum
857 4824 1225 4881 existimantis
1263 4827 1452 4882 unicae
1492 4843 1620 4884 suae
1667 4830 1822 4885 uxori

231 4909 547 4964 consentire
567 4939 634 4948 —-
675 4909 847 4966 Adam
891 4913 1038 4967 enim
1067 4929 1172 4969 non
1208 4924 1290 4970 est
1321 4917 1598 4984 seductus,
1629 4919 1824 4973 mulier

1930 4537 2050 4602 her,
2089 4546 2147 4592 ut
2171 4539 2346 4608 primo
2372 4539 2674 4604 mulierem,
2705 4540 2758 4596 id
2781 4549 2864 4599 cst
2891 4558 3106 4598 sensum
3142 4544 3422 4600 seduceret
3450 4541 3516 4610 ",

1931 4643 1989 4688 ut
2036 4648 2133 4703 per
2169 4650 2290 4690 eum
2317 4635 2386 4689 ad
2427 4635 2626 4700 virum,
2649 4636 2718 4690 ad
2753 4637 3001 4692 animum
3039 4639 3308 4704 videlicet,
3336 4640 3512 4700 .‘tabe-

1935 4734 2016 4780 ret
2055 4740 2354 4782 accessum.
2415 4727 2610 4782 Veram
2653 4737 2832 4786 autem
2871 4737 2924 4784 ct
2966 4729 3298 4788 salutiferam
3346 4733 3516 4788 divini
3564 4721 3569 4728 ’

1933 4819 2172 4874 mandati
2201 4799 2567 4876 dissimulavit
2607 4822 2882 4878 virtutem.
2927 4823 3098 4892 Quam
3129 4826 3175 4880 si
3207 4827 3400 4882 mulier
3429 4827 3516 4883 illa

1932 4921 2300 4980 cognosceret,
2324 4912 2604 4982 deligeret,
2630 4925 2928 4982 vereretur,
2954 4932 3057 4971 non
3080 4908 3328 4976 tortassrs
3351 4935 3379 4974 a
3403 4937 3515 4976 scr-

1519 5055 1772 5110 V'ARME
1811 5056 2214 5112 LEC'l'lONl‘IS.

305 5167 324 5198 ⁸
356 5165 452 5222 Sic
482 5164 565 5220 CF
593 5183 608 5229 ;
637 5167 682 5220 Δ
727 5168 966 5222 historia.
1065 5173 1084 5201 ⁹
1109 5181 1183 5225 est
1219 5187 1328 5227 om.
1365 5173 1427 5226 Δ.

1524 5175 1545 5206 ³
1572 5175 1611 5226 Λ
1661 5175 1713 5227 in
1747 5173 1954 5228 deliciis
2003 5176 2088 5226 sit.

2170 5174 2189 5246 ἓ
2219 5175 2256 5226 Δ
2291 5172 2506 5246 Graece.
2576 5175 2608 5246 κδ
2635 5173 2719 5230 Cl"
2752 5172 3125 5246 Euangelistcs.
3213 5175 3234 5203 "
3277 5175 3366 5229 Sic
3393 5173 3519 5237 CF;

233 5237 274 5290 A
302 5247 399 5291 aut
425 5237 685 5324 ante'illos
712 5252 872 5320 verae
899 5241 987 5310 qui
1011 5243 1404 5324 resurrectionis
1433 5253 1596 5299 testes
1623 5255 1768 5309 sunt,
1799 5255 2125 5324 resurgeret.
2151 5245 2387 5324 Tlmntas
2405 5243 2542 5299 Cale
2562 5245 2746 5324 locum
2773 5246 2852 5324 sic
2880 5237 3132 5317 reparare
3155 5255 3380 5324 conatus
3405 5257 3514 5297 est:

232 5318 323 5359 ηιιι
361 5307 645 5368 σηιεὶίιοδ.
675 5307 1369 5385 qui-t'gtjaejgsurrectionis
1420 5324 1572 5368 testes
1618 5307 1761 5377 sunt,
1807 5307 2172 5385 resurrexisse,
2213 5317 2516 5384 priusquam
2555 5319 2692 5384 ipse,
2742 5317 2894 5385 cujus
2941 5307 3314 5385 'resurectionis
3365 5324 3518 5385 testa

231 5388 376 5453 sunt,
403 5388 712 5453 resurgeret.
760 5377 1058 5453 _'_Sic_CE;
1088 5382 1126 5436 Α
1158 5398 1496 5453 sequensque
1523 5402 1639 5438 eum
1674 5387 1955 5439 dortnitus.

235 5447 272 5483 ³⁸
309 5448 347 5500 Α
379 5450 486 5502 cui.
567 5451 610 5478 "
637 5446 728 5502 Sic
750 5447 834 5504 CF
862 5466 876 5516 ;
905 5451 948 5503 Λ
994 5446 1272 5521 deciperei.

2043 5385 2063 5414 ⁸
2097 5383 2187 5439 Sic
2213 5383 2295 5438 CF
2321 5403 2336 5450 ;
2369 5387 2407 5438 Λ
2435 5389 2684 5456 cognitio.
2747 5389 2768 5421 ⁸
2793 5383 2836 5440 Α
2868 5396 3064 5440 autem.
3143 5383 3184 5416 ⁸ο
3212 5385 3251 5436 Α
3278 5384 3518 5446 tradidit.

1723 5523 1972 5580 NOTAE.

306 5641 333 5668 α
368 5629 802 5706 E:t_evetnplttm,
837 5650 997 5704 quam
1045 5636 1348 5706 petulanter
1397 5635 1444 5690 .l.
1501 5637 1693 5692 Scottts
1735 5655 1822 5692 sa-

235 5713 393 5753 crant
435 5701 768 5773 Scriptttt‘am
817 5701 882 5758 ad
915 5701 1064 5761 suam
1111 5710 1431 5762 sententiam
1482 5710 1818 5780 detorqueat.

1979 5640 2080 5694 lies
2107 5642 2251 5724 loeas
2279 5645 2512 5716 scriptor
2536 5642 3006 5700 roznntcnnttionis
3041 5643 3104 5698 dc
3124 5643 3330 5702 Joanne
3363 5646 3527 5704 Stolo

1935 5725 2222 5783 congessit.
