3898 6154
484 274 597 334 339
1853 264 2138 323 ‘Josxxts
2178 266 2372 325 SCOTl
2820 274 2827 281 '
3651 277 3741 334 sto

483 398 640 456 pcutc
665 384 1041 448 seduceretur,
1073 396 1172 437 nec
1198 380 1374 436 virum
1435 395 1590 436 suum
1641 381 1962 446 attralteret,
2010 392 2069 437 ut
2098 388 2143 446 Λ
2172 399 2465 454 quempiam
2493 398 2853 454 persuasorem
2878 383 3052 459 prodit
3076 382 3287 439 erroris.
3332 350 3491 442 Et'de
3532 387 3579 423 ’³
3618 389 3741 446 Sm'.

484 479 819 548 perderetur,
857 491 955 532 nec
991 475 1058 529 de
1088 472 1230 528 foliis
1254 471 1364 539 lici,
1396 472 1499 528 hoc
1526 480 1631 539 est,
1659 473 1726 528 de
1763 473 1945 545 verbis
1990 489 2074 528 so~
2172 475 2341 544 pturis
2362 474 2552 529 diuinis
2574 475 2873 546 frequenter
2892 472 3083 545 promit
3108 475 3365 547 exempla,
3388 477 3576 548 quibus
3590 479 3742 550 justas

473 568 758 625 'lummodo
782 564 1021 622 mandati
1045 562 1406 620 succiuctoria
1436 563 1536 618 sibi
1567 570 1914 627 consuerent,
1938 577 2068 617 con-

484 677 646 730 gruos
658 658 906 714 videlicet
928 661 945 693 ι
969 654 1256 711 desideriis
1277 654 1459 710 carnis
1481 653 1882 724 mortiferisque
1904 654 2072 731 turpi-

486 752 754 807 tudinibus
782 750 895 805 suis
920 762 1070 810 usus,
1099 747 1191 801 sed
1220 746 1286 801 de
1319 744 1495 800 l‘ructu
1528 745 1672 801 illius
1694 785 1709 811 ,
1737 745 1841 800 hoc
1865 753 1978 809 est,
2004 745 2070 800 de

479 858 604 898 vera
630 840 885 910 vitalique
917 839 1129 895 divinae
1152 836 1285 907 legis
1310 826 1510 891 virtute
1532 845 1694 906 atque
1719 836 2068 908 intelligentia

480 943 775 999 sumerent,
799 932 1172 997 comedecent,
1196 938 1251 985 et
1273 930 1326 985 in
1356 939 1576 986 aeterna
1608 929 1871 985 felicitate
1914 929 2068 984 vive-

477 1039 616 1088 rent.
654 1030 767 1085 Lex
816 1029 998 1098 itaque
1044 1024 1227 1080 divina
1280 1034 1538 1092 perverse
1580 1018 1960 1088 interpretata,
2016 1028 2072 1074 et

428 1162 443 1175 η
472 1121 774 1180 secundum
801 1117 969 1173 solam
1014 1114 1250 1169 litteram
1298 1109 1662 1173 considerata,
1710 1108 2069 1177 humanisque

451 1230 573 1272 .seu
604 1210 887 1270 diabolicis
912 1202 1394 1278 superstitionibus
1434 1207 1710 1269 corrupta,
1741 1197 2067 1254 carnalibus

439 1294 933 1374 icancnpisccntiis
977 1304 1060 1352 est
1093 1308 1354 1363 congrua,
1379 1299 1434 1345 et
1470 1288 1930 1344 irrationabilibus
1959 1302 2072 1342 mo-

443 1395 617 1449 'tibus
649 1390 1003 1462 perizomata,
1031 1382 1194 1437 veluti
1239 1379 1562 1450 quibusdam
1611 1377 1751 1432 loliis
1795 1377 2065 1441 inanibus,

474 1487 732 1557 ainniqnc
769 1483 965 1537 virtute
1004 1494 1067 1537 ac
1096 1492 1223 1531 vero
1255 1474 1530 1529 intellectu
1556 1473 1741 1528 vacuis
1773 1473 1797 1505 ⁸
1828 1478 2069 1541 praestat

474 1587 726 1641 eousnta,
751 1577 887 1629 bene
925 1587 1054 1627 vero
1082 1578 1134 1624 et
1166 1566 1520 1638 spiritualitcr
1560 1564 1855 1629 intellecta,
1886 1562 2064 1617 omni-

479 1684 584 1739 que
602 1665 803 1723 curnali
835 1678 993 1718 sensu
1026 1676 1089 1715 ac
1120 1658 1508 1729 superstitione
1547 1664 1791 1726 purgata,
1821 1653 2068 1710 salutife-

2179 563 2225 595 ιδ
2254 566 2309 620 in
2329 564 2537 635 culpam
2556 564 2786 635 perhibet
2817 565 3083 630 incidisse,
3114 566 3313 631 dicens,
3340 570 3387 620 si
3410 567 3546 635 forte
3579 570 3630 623 in
3648 580 3741 624 stn-

2170 655 2282 723 pris
2309 655 2427 725 quis
2456 655 2501 686 "
2532 654 2691 724 fuerit
2717 655 3086 724 deprehensus,
3118 666 3165 709 et
3206 655 3475 711 Abraham
3509 674 3625 712 cum
3658 678 3742 715 an-

2173 745 2298 800 cilla
2322 747 2631 816 procubuit,
2668 756 2716 800 et
2759 746 2930 800 David
2978 746 3207 801 alienam
3257 748 3527 802 adamavit
3573 762 3621 805 et
3658 752 3740 806 sibi

2173 837 2352 891 asciuit
2395 854 2632 893 uxorem.
2661 839 2837 892 Assuit
2884 839 3021 891 enim
3051 839 3308 909 quaedam
3341 839 3473 907 folia
3508 842 3573 907 ³⁸,
3610 860 3740 913 quae-

2170 931 2291 984 dam
2320 931 2557 1003 excmpla
2589 937 2653 986 de
2691 932 3111 1001 propheticarum
3158 935 3291 986 serie
3341 933 3735 1004 Scripturamn,

2171 1021 2399 1090 fructum
2424 1038 2605 1076 earum
2630 1038 2733 1076 non
2751 1031 2899 1092 putat
2933 1023 2974 1056 ¹⁷
3010 1022 3395 1092 requirendum.
3440 1022 3631 1078 Nonne
3662 1027 3737 1079 tibi

2170 1119 2411 1174 uidentur
2430 1120 2586 1185 etiam
2615 1119 2808 1174 Judaei
2838 1117 2968 1189 [olm
3010 1134 3240 1182 assuere,
3271 1118 3398 1171 dum
3442 1119 3571 1189 legis
3614 1121 3737 1189 spiri-

2170 1209 2329 1263 tualis
2363 1209 2518 1263 verba
2542 1208 2886 1279 corporaliter
2911 1208 3362 1278 interpretantur?
3407 1207 3646 1273 Quorum
3672 1211 3735 1263 in-

2169 1299 2466 1367 terpretatio
2489 1296 2719 1365 fructum
2742 1313 2944 1351 onmem
2967 1296 3246 1350 uiriditatis
3270 1298 3481 1363 amittit,
3508 1299 3735 1354 damnata

2167 1385 2449 1440 maledicto
2473 1386 2737 1440 ariditatis
2770 1395 3033 1440 aeternae.
3065 1385 3218 1439 Bona
3244 1388 3407 1456 igitur
3448 1389 3734 1459 interprets-

2168 1476 2261 1540 tio,
2286 1474 2383 1528 Itoc
2408 1483 2503 1538 est,
2546 1474 2837 1543 spiritualis
2874 1474 3007 1542 ﬁcus
3044 1485 3121 1528 cst
3164 1475 3457 1545 fructuosa,
3504 1479 3602 1531 sub
3652 1496 3734 1549 qua

2158 1566 2297 1637 justi
2325 1564 2595 1635 sanctique
2618 1565 2974 1634 requiescunt,
3012 1580 3171 1634 quant
3214 1566 3304 1635 qui
3348 1565 3654 1634 plantarerit
3692 1570 3734 1621 in

2166 1658 2355 1712 animis
2387 1655 2747 1727 singulorum,
2778 1667 2910 1710 sicut
2942 1654 3145 1711 Paulus
3187 1659 3260 1711 ait
3285 1674 3305 1713 :
3348 1659 3461 1731 Ego
3498 1661 3730 1730 plantari,

474 1777 595 1817 rum
624 1759 959 1826 vitalemqne
981 1750 1413 1816 comedentibus,
1437 1751 1538 1805 hoc
1563 1758 1842 1815 est,.recte
1868 1762 2061 1804 secun-
2091 1759 2136 1817 Β
2168 1747 2350 1819 Apollo
2410 1748 2632 1818 rigavit,
2677 1747 3015 1801 manducabit
3078 1765 3142 1803 ea;
3191 1766 3252 1803 ea
3304 1750 3556 1820 fructum.
3608 1753 3732 1808 Mala

475 1854 601 1906 dum
632 1848 882 1920 spiritum
919 1842 1337 1912 iutelligentibus
1377 1856 1494 1896 eam
1549 1839 1842 1896 fructi‘licat
1880 1854 2057 1895 esum.

474 1941 554 1995 De
592 1952 697 2007 quo
728 1935 888 2007 primi
943 1932 1192 1989 homines
1240 1929 1523 1986 comedere
1569 1928 1830 1992 nolentes.
1871 1928 1991 1999 plus
2038 1926 2061 1959 ³

452 2028 748 2099 γειιείιοτιιιί
778 2024 1046 2094 serpentis
1097 2018 1532 2090 interpretationi
1593 2019 1898 2081 credentes,
1950 2031 2058 2072 non

432 2120 706 2177 fructum
736 2115 921 2187 legalis
955 2112 1040 2169 tiei
1071 2112 1123 2166 in
1156 2124 1311 2166 usum
1334 2108 1561 2180 spiritus
1592 2115 1941 2177 acceperunt,
1964 2106 2062 2162 sed

434 2272 441 2279 ,
472 2211 604 2270 folia
631 2209 810 2266 inania
840 2204 1151 2274 fraudisque
1188 2200 1367 2272 plena,
1395 2198 1508 2255 sola
1548 2197 1799 2253 videlicet
1852 2197 2015 2252 verba
2042 2236 2057 2261 ,

472 2302 737 2363 diabolica
761 2297 961 2355 astutia
992 2307 1256 2359 connexa,
1281 2289 1479 2361 quibus
1521 2303 1741 2344 suarum
1778 2286 2058 2341 libidinum

472 2392 831 2466 turpitudines
858 2385 1138 2457 cooperire
1159 2382 1419 2438 valerent.
1445 2381 1557 2437 [loc
1586 2387 1768 2435 autem
1797 2379 2053 2444 dicimus,

466 2493 716 2542 sanctum
742 2478 1086 2536 Ambrosium
1114 2481 1419 2545 sequentes,
1451 2472 1541 2543 qui
1567 2471 1867 2542 praefatam
1897 2470 2057 2526 ticum

474 2577 529 2630 in
582 2573 718 2628 libro
766 2572 832 2626 de
874 2566 1133 2623 Paradiso
1182 2565 1401 2634 exponit
1458 2563 1644 2618 dicens
1695 2561 2056 2625 :Assuerunt,

470 2667 647 2737 inquit
683 2665 728 2729 ⁸,
764 2662 893 2732 [alia
943 2661 1098 2730 ﬁcus,
1145 2668 1195 2713 et
1256 2656 1484 2726 fecerunt
1540 2654 1639 2709 sibi
1687 2654 2057 2710 succinctoric.

471 2757 662 2811 Ficum
683 2755 783 2808 hoc
812 2751 924 2806 loco
950 2766 1043 2821 pro
1072 2766 1175 2820 qua
1197 2748 1364 2819 specie
1388 2746 1630 2801 debemus
1656 2745 1907 2814 accipere,
1932 2743 2060 2798 divi-

440 2872 447 2889 <
468 2861 658 2900 narum
682 2859 775 2897 nos
810 2841 957 2894 docet
978 2839 1141 2892 series
1168 2836 1467 2900 lectionum,
1495 2833 1916 2906 quandoquidem
1945 2829 2059 2885 sal-

468 2955 558 2992 uos
589 2952 718 3000 esse,
734 2933 823 3005 qui
844 2930 938 2986 sub
965 2929 1067 2984 vite
1089 2936 1135 2983 et
1155 2927 1263 2998 ﬁcu
1288 2927 1629 2997 requiescunt,
1656 2922 1932 2994 Scriptura
1954 2937 2059 2975 me-

470 3012 771 3092 moraverit,
796 3034 843 3079 et
881 3019 1420 3079 Salomonzdixerit:
1459 3015 1590 3082 Quis
1635 3014 1836 3086 plantat
1874 3013 2055 3083 ﬁcum,

2165 1848 2337 1893 autem
2365 1838 2723 1907 interpretatio
2753 1838 2985 1906 fructum
3014 1837 3174 1907 ferre,
3204 1840 3627 1910 viriditatemque
3646 1859 3734 1897 ser-
3789 1871 3797 1877 -

2161 1947 2282 1985 vare
2307 1945 2409 1984 non
2430 1929 2638 2000 pa.’erit.
2668 1928 2823 1995 Quod
2845 1930 3007 2000 igitur
3026 1931 3237 2002 gravius
3265 1942 3361 1997 est,
3389 1933 3488 1987 hac
3508 1950 3563 1988 se
3582 1933 3730 1988 Adam

2161 2019 2591 2091 interpretatione
2635 2020 2893 2075 succimcit
2934 2036 2994 2074 eo
3048 2020 3181 2086 loco,
3228 2022 3317 2075 ubi
3364 2024 3541 2094 fructu
3585 2027 3729 2097 magis

2160 2110 2413 2166 castitatis
2443 2126 2499 2165 se
2524 2110 2825 2181 succingere
2847 2110 3022 2164 debuit
3054 2110 3117 2163 ιθ.
3147 2110 3358 2167 Audisti
3405 2113 3725 2170 Ambrosium

2162 2202 2228 2280 de
2248 2204 2352 2257 ﬁcu
2378 2215 2393 2256 :
2416 2201 2541 2256 audi
2563 2202 2728 2257 etiam
2741 2200 2798 2234 ἰθ
2812 2201 3040 2256 eundem
3064 2201 3359 2258 de-Domini
3382 2205 3477 2260 Dei
3499 2207 3726 2261 deambu—

2160 2290 2361 2347 latione
2386 2291 2439 2346 in
2482 2291 2755 2359 paradiso,
2787 2291 3020 2345 humana
3053 2291 3300 2347 videlicet
3343 2303 3557 2361 natura,
3585 2311 3723 2366 quam

2162 2381 2229 2435 ad
2259 2381 2551 2452 imaginem
2590 2394 2744 2435 suam
2773 2380 3045 2446 condidit,
3076 2396 3240 2451 quam
3269 2399 3543 2454 nunquam
3587 2386 3724 2441 desc-

2164 2474 2293 2538 ruit,
2319 2487 2493 2542 ncque
2519 2473 2698 2543 perire
2716 2472 3003 2543 permisit,
3035 2473 3088 2526 in
3120 2489 3223 2544 qua
3250 2489 3471 2546 semper
3495 2475 3726 2533 deambu-

2159 2566 2305 2621 labat
2328 2566 2373 2599 ³ο
2397 2566 2608 2622 occulte
2635 2581 2699 2621 ac
2724 2564 3098 2636 spiritualiter,
3124 2577 3379 2623 scrutaris
3426 2571 3583 2623 corda
3624 2570 3723 2624 sin-

2159 2657 2403 2729 gulorum
2432 2666 2487 2712 et
2514 2671 2694 2722 renes,
2730 2655 3162 2728 intelligibilique
3191 2672 3322 2712 voce
3349 2672 3541 2713 causas
3584 2674 3720 2728 prae-

2157 2746 2504 2802 varicationis
2546 2745 2918 2815 interrogans,
2940 2756 2993 2801 et
3030 2745 3149 2816 plus
3200 2746 3618 2802 misericorditer
3656 2747 3723 2800 in-

2157 2851 2389 2907 crepans
2420 2844 2475 2891 et
2502 2836 2806 2906 corrigens,
2836 2850 2998 2906 quam
3016 2834 3161 2904 juste
3186 2835 3472 2891 ulciscens.
3500 2836 3586 2890 Ait
3612 2850 3723 2907 ergo

2157 2925 2432 2998 praelatus
2483 2925 2747 2996 magister
2793 2944 2809 2980 :
2864 2926 2933 2980 Et
2986 2927 3266 3004 audierunt
3318 2943 3490 2982 uocem
3531 2926 3724 2981 Domini

2158 3018 2539 3072 deambulantis
2568 3017 2638 3071 ad
2666 3034 2950 3090 vesperam.
2999 3017 3140 3084 Quid
3188 3018 3233 3051 "
3260 3028 3337 3072 est
3394 3019 3721 3073 deambulatio

467 3131 516 3175 et
559 3118 623 3173 de
677 3116 853 3187 fructu
909 3112 1023 3182 ejus
1062 3126 1164 3165 non
1190 3106 1471 3163 manducat
1514 3106 1560 3171 ⁸,
1602 3114 1649 3159 et
1698 3103 1953 3158 Dominus
1983 3100 2051 3154 ad
2080 3112 2125 3176 ο
2148 3108 2301 3163 illius
2325 3109 2390 3170 η,
2405 3109 2494 3179 qui
2518 3107 2711 3178 ubique
2727 3123 2927 3178 semper
2953 3118 3027 3162 est
3046 3108 3072 3162 ἵ
3092 3106 3196 3163 Sed
3215 3092 3733 3179 puto,deambulatioo‘

469 3211 627 3279 ficum
653 3207 864 3267 venerit,
894 3203 984 3257 sed
1004 3200 1120 3255 ideo
1147 3199 1211 3254 sit
1232 3198 1258 3230 ⁸
1289 3198 1538 3267 o/fensus,
1576 3194 1699 3266 quia
1730 3210 1834 3247 non
1860 3192 2063 3259 inventae

445 3304 537 3355 irit
568 3299 820 3369 fructum,
847 3294 937 3349 sed
970 3292 1097 3362 folia
1121 3299 1345 3344 tantum.
1378 3288 1535 3341 Docet
1582 3303 1662 3340 me
1697 3301 1819 3355 ergo
1866 3282 2059 3347 Adam,

470 3408 602 3462 quae
630 3390 730 3443 sint
759 3387 779 3419 "
810 3383 963 3455 folia,
1004 3383 1118 3452 qui,
1152 3391 1488 3451 posteaquam
1520 3376 1765 3447 peccavit,
1808 3375 1873 3427 de
1917 3371 2060 3443 {aliis

470 3481 712 3551 [icifecit
748 3476 848 3532 sibi
903 3475 924 3506 ⁸
962 3471 1340 3537 succinctoria,
1386 3470 1477 3541 qui
1529 3469 1593 3522 de
1648 3468 1901 3537 fructibus
1947 3463 2060 3534 ejus

473 3575 637 3643 magis
662 3566 871 3642 gustare
909 3566 1164 3621 debuerit.
1206 3565 1391 3618 Justus
1438 3562 1666 3631 fructum
1709 3558 1885 3630 eligit,
1931 3556 2060 3628 [alia

472 3649 731 3734 peccator.
797 3659 936 3725 Quid
991 3665 1066 3711 est
1104 3653 1377 3717 Fructus,
1430 3652 1631 3722 fructus
1696 3651 1862 3721 inquit
1917 3649 2059 3719 Apo-

473 3754 639 3810 stolus
669 3763 716 3818 ο,
751 3752 968 3822 spiritus
1021 3757 1096 3804 est
1154 3746 1371 3811 caritas,
1411 3745 1681 3816 gaudium,
1710 3760 1834 3815 pax,
1859 3745 2062 3813 patien-

472 3854 564 3902 tta.
621 3841 933 3912 benignitas,
978 3835 1255 3898 modestia,
1312 3835 1652 3899 continentia,
1684 3833 1913 3887 dilectio.
1942 3831 2059 3887 Non

470 3937 690 3991 habebat
722 3935 951 4006 fructum
972 3973 985 3996 ,
1015 3931 1104 4002 qui
1132 3927 1383 4000 gaudium
1408 3942 1510 3980 non
1532 3924 1787 3989 habebat;
1828 3940 1932 3977 non
1971 3924 2062 3976 Ita-

471 4029 617 4082 bebat
647 4026 825 4092 ﬁdem,
853 4026 943 4095 qui
972 4022 1431 4094 praevaricaturus
1454 4026 1565 4072 erat
1593 4015 1900 4069 mandatum
1932 4013 2058 4079 Dei;

475 4140 576 4176 non
616 4120 835 4175 habebat
868 4116 1256 4176 continentiam,
1283 4113 1372 4183 qui
1402 4109 1677 4164 interdicto
1697 4107 1795 4161 sibi
1824 4117 2060 4178 gustare-

450 4226 551 4267 -rat
578 4214 738 4287 ligno.
795 4211 931 4281 Ergo
972 4210 1266 4280 quicunque
1310 4204 1704 4275 praevaricatur
1749 4199 2059 4254 mandatum

424 4293 434 4302 ’
475 4305 591 4371 Dei,
617 4304 873 4376 spoliatur
895 4312 1050 4372 atque
1080 4297 1344 4362 nudatur,
1377 4305 1424 4349 et
1466 4292 1525 4362 ﬁt
1574 4293 1683 4363 ipse
1726 4290 1824 4343 sibi
1868 4289 2056 4358 turpis,

472 4396 579 4451 vult
610 4412 664 4450 se
694 4395 892 4465 operire
919 4390 1229 4463 quibusdam
1253 4386 1393 4457 foliis
1412 4386 1570 4455 ﬁcus,
1592 4385 1816 4454 fortasse
1840 4381 2055 4452 quibus-

2165 3218 2278 3256 nem
2304 3203 2571 3273 quandam
2599 3217 2711 3256 esse
2739 3200 2831 3255 Dei
2858 3218 2951 3272 per
2976 3201 3273 3256 divinarum
3303 3203 3485 3256 seriem
3508 3201 3721 3270 Scriptu-

2166 3306 2380 3355 rarum,
2402 3290 2455 3344 in
2476 3290 2663 3361 quibus
2691 3290 2954 3360 quaedam
3006 3289 3104 3343 Dei
3146 3299 3385 3344 versatur
3426 3288 3717 3359 praesentia,

2158 3398 2278 3436 cum
2313 3382 2579 3444 audimus,
2603 3366 2725 3451 quia
2744 3380 2857 3449 ipse
2877 3380 3059 3450 aspicit
3086 3382 3283 3445 omnia,
3306 3391 3355 3434 et
3375 3380 3512 3437 oculi
3535 3378 3719 3433 Domini

2162 3480 2283 3526 sunt
2311 3469 2356 3502 “
2378 3485 2536 3539 super
2546 3469 2747 3539 justas,
2771 3484 2888 3522 cum
2915 3467 3152 3539 legimus,
3186 3470 3309 3539 quia
3356 3467 3511 3523 Iesus
3553 3467 3719 3521 sciebat

2144 3560 2499 3631 «cogitationes
2549 3573 2729 3613 eorum
2756 3598 2771 3622 ,
2829 3574 2947 3611 cum
3001 3557 3219 3629 legimus
3253 3577 3272 3615 :
3319 3556 3461 3624 Quid
3506 3555 3718 3628 cogitatis

2161 3650 2371 3706 mala“
2397 3652 2449 3704 in
2479 3648 2723 3703 cordibus
2759 3648 3147 3721 uestris7Ergo
3187 3649 3312 3704 dum
3354 3650 3483 3704 haec
3520 3663 3720 3703 recense-

2162 3756 2300 3803 mus,
2319 3739 2471 3809 quasi
2492 3737 2880 3792 deambulantis
2909 3740 3265 3809 cognoscimus
3299 3739 3513 3794 Domini
3550 3753 3715 3793 secem.

2166 3828 2399 3899 Fugerat
2441 3843 2563 3899 ergo
2589 3827 2639 3859 "
2665 3838 2926 3897 peccator,
2971 3845 3074 3884 non
3102 3847 3204 3900 quo
3243 3830 3342 3884 Dei
3374 3839 3542 3899 posset
3581 3829 3721 3883 latere

2163 3933 2512 3992 conspectum,
2533 3921 2624 3975 sed
2659 3921 2799 3975 intra
2821 3920 3189 3975 conscientiam
3209 3936 3360 3973 suam
3388 3918 3546 3974 latere
3569 3917 3722 3988 cupie-

2164 4012 2275 4077 bat,
2303 4027 2459 4082 opera
2485 4027 2581 4065 sua
2609 4010 2782 4065 lucere
2814 4008 3039 4064 nolebat.
3065 4008 3098 4061 Ι1
3108 4009 3209 4062 usti
3240 4008 3377 4062 enim
3410 4018 3488 4063 est
3514 4008 3639 4078 facie
3661 4005 3720 4058 ad

2164 4102 2351 4172 faciem
2380 4101 2575 4168 uidere,
2620 4101 2744 4172 quia
2779 4101 2917 4170 justi
2962 4115 3105 4154 mens
3144 4099 3192 4134 “
3222 4116 3327 4153 non
3355 4098 3522 4153 solum
3564 4095 3720 4152 Deo"

2158 4209 2404 4261 praesens
2451 4203 2546 4258 est,
2596 4192 2687 4246 sed
2747 4193 2904 4246 etiam
2966 4207 3084 4245 cum
3150 4189 3260 4246 Deo
3320 4191 3571 4261 disputat,
3607 4189 3722 4244 sicut

2162 4284 2420 4353 scriptum
2466 4292 2540 4337 est
2589 4298 2607 4337 :
2672 4280 2919 4345 Judicate
2965 4279 3197 4351 pupillo,
3246 4289 3293 4335 et
3333 4280 3617 4351 justiﬁcate
3650 4278 3722 4333 si-

2162 4376 2345 4439 duam,
2385 4383 2433 4430 et
2488 4375 2652 4429 uenite
2706 4382 2753 4427 et
2798 4372 2845 4405 “
2901 4372 3245 4441 disputemus,
3291 4373 3417 4426 dicit
3473 4371 3719 4426 Dominus.

428 4476 432 4480 Δ
470 4490 593 4541 dant
631 4462 871 4540 inanibus
896 4462 971 4537 vel
1002 4477 1365 4535 umbratilibus
1392 4474 1736 4537 sermonibus,
1756 4489 1884 4544 quos
1914 4487 2054 4525 cont-
2085 4478 2132 4537 ι)
2160 4466 2303 4537 Ergo
2372 4483 2493 4521 cum
2562 4466 2684 4536 legit
2740 4473 2983 4535 peccator
3047 4462 3353 4536 Scripturas
3413 4462 3630 4520 diuinas"
3653 4462 3717 4523 ”,

472 4579 652 4649 positis
680 4576 941 4630 mandatis
969 4590 1182 4628 assuens
1200 4613 1214 4636 ,
1246 4580 1292 4624 et
1322 4569 1530 4623 verbum
1560 4568 1623 4621 de
1651 4566 1800 4619 verbo
1825 4574 2053 4629 struens,

471 4671 540 4725 ad
564 4668 892 4738 Operiendam
913 4665 1253 4720 conscientiae
1281 4663 1462 4715 “suae
1482 4660 1667 4714 mentis
1690 4658 1918 4727 factique
1941 4666 2058 4710 tur-

470 4761 759 4831 pitudinem
797 4758 1023 4813 velamen
1062 4765 1300 4827 peccator
1336 4753 1545 4817 intexit,
1575 4761 1627 4804 ut
1667 4749 1911 4820 pudenda
1956 4764 2054 4801 sua

473 4861 726 4921 contegat.
756 4849 843 4903 Ita
864 4850 999 4903 enim
1023 4864 1183 4916 supra
1209 4863 1262 4900 se
1286 4845 1413 4915 [alia
1443 4842 1667 4904 censuit,
1707 4841 1796 4911 qui
1848 4838 2054 4908 culpant

475 4942 646 4996 uelare
662 4940 920 4995 desiderat
939 4938 1002 5003 “,
1021 4948 1109 4990 aut
1127 4935 1391 4991 diabolum
1409 4932 1583 4986 delicti
1605 4940 1853 4985 memorat
1875 4939 2055 4983 aucto-

472 5050 600 5097 rem,
636 5042 727 5086 aut
772 5030 944 5084 carnis
987 5028 1273 5099 praetendit
1315 5027 1355 5057 ¹²
1406 5022 1696 5086 illecebras,
1743 5030 1833 5073 aut
1888 5019 2053 5073 alium

2164 4559 2314 4611 audit
2373 4572 2549 4610 uocem
2606 4555 2820 4610 Domini
2881 4555 3033 4625 quasi
3092 4553 3416 4609 ambulantis
3465 4552 3531 4607 ad
3576 4565 3719 4619 mpe-

2168 4666 2303 4704 ram.
2355 4646 2497 4714 Quid
2539 4657 2616 4702 est
2645 4648 2714 4702 ad
2743 4663 3024 4718 uesperam,
3077 4646 3176 4701 nisi
3219 4646 3345 4717 quia
3371 4645 3568 4716 culpant
3589 4655 3716 4697 suam

2165 4757 2278 4796 sero
2310 4741 2595 4812 cognoscit,
2627 4750 2674 4794 et
2701 4756 2817 4795 sero
2843 4739 2888 4770 “
2920 4740 3057 4793 venit
3091 4739 3350 4811 quaedam
3379 4738 3565 4793 erroris
3592 4747 3716 4801 prae-

2165 4834 2307 4888 teriti
2360 4833 2687 4896 verecundia,
2746 4848 2881 4903 quae
2930 4847 3159 4885 errorem
3206 4831 3506 4900 praeuenire
3556 4828 3717 4881 debue-

2166 4923 2287 4976 rat?
2314 4921 2456 4976 Nam
2485 4922 2610 4974 dum
2634 4920 2785 4991 culpa
2812 4921 2969 4989 fervet
2999 4921 3055 4974 in
3073 4935 3309 4989 corpore,
3340 4930 3390 4973 et
3417 4920 3588 4972 anima
3616 4928 3720 4969 exa-

2163 5018 2360 5087 gitatur
2388 5017 2619 5087 corporis
2645 5015 2995 5084 passionibus.
3031 5012 3132 5069 no}:
3158 5014 3350 5083 cogitat
3382 5014 3546 5068 Deum
3565 5022 3721 5065 sensus

1769 5131 2025 5186 VARIAE
2060 5128 2462 5184 LECTIONES.

546 5256 681 5312 'Stc
709 5254 828 5316 CF;
883 5254 919 5305 Λ
960 5253 1054 5318 [ioc
1094 5262 1166 5305 est
1204 5264 1479 5318 congruos.
1521 5242 1574 5313 ’ξ’
1600 5248 1785 5318 illicitis
1809 5258 1917 5318 om.
1950 5245 2011 5318 ΛΔ
2059 5243 2085 5318 ,³
2127 5243 2217 5297 Sic
2240 5242 2359 5318 CF;
2397 5242 2459 5318 _A
2486 5242 2620 5318 sed.

468 5330 632 5399 ﬁcum
653 5357 719 5367 --
742 5316 1044 5399 manduc'at.
1089 5337 1197 5399 oni.
1463 5318 1555 5399 Sic
1582 5316 1770 5399 (ξιτιξίΑ
1799 5317 1915 5367 erit.

467 5387 580 5452 ὶῖΡ·
617 5401 656 5450 Α
688 5394 1079 5451 conscientiam.
1158 5392 1197 5424 ¹¹
1228 5389 1318 5444 Sic
1340 5388 1454 5452 CF;
1503 5388 1548 5440 Α
1577 5387 1899 5439 desiderans.

472 5469 515 5500 ιδ
544 5471 660 5532 quis
682 5483 796 5521 om.
826 5468 896 5528 Α,
966 5464 1009 5494 ¹⁸
1031 5458 1440 5532 quaedamjolia
1474 5456 1716 5532 capilli.

475 5523 802 5587 deambulat.
863 5523 908 5564 ⁸⁷⁸
934 5523 1171 5593 Steti";
1204 5531 1248 5583 Α
1275 5523 1442 5593 Quae.
1518 5528 1563 5557 ²¹
1593 5525 1683 5579 Sic
1713 5523 1829 5586 CF;
1860 5525 1904 5576 A
1930 5524 2045 5577 Dri.

481 5606 527 5636 ‘°
546 5608 627 5661 αν
650 5605 882 5672 quamvis
910 5605 1115 5657 timens.
1190 5602 1233 5632 ²⁷
1268 5603 1311 5652 Α
1334 5598 1676 5651 solummodo.

472 5679 635 5730 venit.

1996 5384 2038 5417 η
2077 5383 2160 5417 PI?

1795 5401 1899 5437 ms.
1996 5384 2038 5417 ¹²
2077 5384 2160 5437 CF
2216 5384 2538 5452 praetendat.

1795 5455 1832 5484 ¹⁷
1860 5454 1947 5505 Sic
1977 5454 2095 5517 CF;
2138 5454 2176 5507 Α
2203 5463 2411 5519 putans.
2492 5452 2533 5480 ‘9
2560 5494 2564 5501 .

1795 5527 1828 5572 ‘1
1861 5525 1903 5572 A
1932 5524 2044 5572 Dri.
2124 5524 2169 5554 ⁸³
2196 5536 2315 5572 sunt
2341 5536 2448 5572 om.
2482 5518 2564 5572 CF

2196 5536 2315 5576 διιηι
2341 5536 2448 5575 Ol“.
2482 5536 2554 5572 ιιι*
2573 5559 2586 5572 .

1757 5597 1801 5625 ﬂ
1829 5604 1873 5646 L’l
1901 5610 2009 5647 Otii.
2041 5594 2105 5647 Α.

2720 5238 2742 5272 ⁸
2790 5242 2967 5309 inquit
3002 5254 3111 5293 om.
3165 5239 3229 5293 Α.
3329 5239 3351 5271 ⁸
3398 5239 3513 5307 quis
3542 5234 3721 5309 p'antat

1992 5315 2011 5345 ⁷
2044 5314 2083 5366 Λ
2114 5324 2256 5366 sunt.
2331 5303 2355 5341 ’ί
2383 5313 2427 5365 Α
2454 5313 2550 5365 sibi
2590 5311 2728 5381 fecit.
2835 5303 3164 5381 Vztpostoltts
3204 5325 3315 5381 om.
3364 5303 3471 5363 CF.
3543 5303 3609 5339 ’⁸⁸

2216 5383 2538 5452 praetendat.
2576 5371 2600 5452 γ’
2638 5381 2680 5452 ’ξ
2712 5381 2789 5452 de
2817 5371 2941 5434 om:
2972 5380 3107 5452 ϐξ)
3180 5379 3221 5411 ¹’⁶
3272 5381 3447 5452 jus'os
3481 5394 3607 5452 om._
3629 5371 3721 5452 CF;

2492 5452 2533 5480 ιθ
2560 5451 2603 5502 Α
2635 5451 2913 5504 debuisset.
2994 5449 3035 5481 "
3083 5449 3124 5501 Α
3162 5460 3230 5503 et.
3272 5440 3350 5481 ’²⁶
3398 5452 3487 5503 Sic
3525 5446 3639 5504 AC:
3690 5440 3722 5494 θ’

2662 5519 2709 5550 ³⁵
2738 5520 2877 5573 ntala
2915 5535 3021 5572 om.
3073 5519 3179 5572 CF.
3255 5518 3302 5551 ’³
3322 5537 3443 5584 ergo
3481 5534 3584 5573 om.
3629 5510 3718 5584 ΕΙξῖ

2182 5594 2226 5628 ’³
2257 5594 2346 5648 Sic
2371 5589 2485 5655 CF;
2516 5590 2558 5643 Α
2586 5590 2681 5643 has
2706 5592 2910 5644 divinas
2943 5588 3265 5659 Scripturas.
3347 5583 3390 5621 ³⁸
3418 5588 3500 5643 CF
3519 5583 3721 5640 secundo
