3884 6156
165 371 257 427 θιι

1035 367 1124 423 DE
1163 365 1499 423 DiV’lSlONE
1537 362 1887 420 NATURAE.
1953 393 1996 402 —
2030 362 2228 416 LIBER
2267 357 2620 430 QUARTUS.

3351 357 3455 414 tua

163 484 412 546 errantis,
469 500 567 539 noc
618 492 713 549 est,
746 499 848 536 non
901 483 1048 536 audit
1095 483 1263 536 Deum
1310 481 1665 536 ambulantem
1708 477 1758 530 in
1789 481 1838 539 Δ
1868 488 1997 545 tem,
2025 491 2079 534 et
2121 479 2174 533 in
2216 476 2452 531 latibulis
2477 476 2520 512 ¹⁰
2551 473 2724 528 malae
2756 466 3124 526 conscientiae
3147 463 3448 518 latitantem

165 569 456 639 Scripturis
489 574 700 637 divinis,
742 571 1095 626 ambulantem
1144 574 1199 626 in
1245 573 1502 626 mentibus
1533 568 1765 638 singulo-

165 679 300 714 rum.
324 661 468 716 Dicit
495 664 630 716 enim
650 662 822 716 Deus:
846 662 1104 728 Quoniam
1138 662 1438 716 inhabitabo
1471 664 1602 714 inter
1626 659 1766 724 illos,

163 763 209 805 et
258 753 402 806 inter
453 771 540 808 eos
593 753 891 821 ambulabo,
933 763 980 807 et
1030 771 1117 808 ero
1161 754 1372 807 illorum
1415 753 1574 806 Deus.
1628 751 1766 820 Ergo

163 864 278 901 cum
306 849 366 903 in
394 850 600 904 animae
626 866 807 903 sensus
842 849 857 879 ³
903 849 1115 902 redierit
1144 848 1412 918 potestatis
1438 846 1663 916 formido
1691 845 1770 896 di-

161 939 346 1004 vinae,
377 951 501 994 tunc
539 939 913 1005 erubescimus,
965 950 1087 992 tunc
1128 955 1220 992 nos
1259 940 1506 1009 gestimus
1555 936 1768 989 abscon-

161 1031 304 1094 dere,
345 1040 467 1084 tunc
505 1031 562 1084 in
601 1039 932 1099 peccatorum
973 1038 1270 1084 nostrorum
1309 1027 1465 1099 positi
1493 1027 1767 1097 cogitatio-

165 1121 321 1173 nibus
369 1123 412 1185 ³,
445 1122 499 1173 in
536 1121 706 1173 medio
739 1120 870 1189 ligni
893 1119 1152 1189 paradisi,
1186 1118 1274 1172 ubi
1302 1117 1649 1188 peccavimus,
1681 1115 1771 1169 de-

163 1208 569 1278 prehendantur,
618 1209 779 1264 latere
829 1210 1112 1278 cupientes.
1165 1219 1213 1262 et
1267 1208 1600 1270 arbitrantes,
1631 1195 1771 1275 quod

165 1296 460 1350 Deus-non
498 1298 725 1366 requirat
770 1297 993 1350 occulta.
1042 1296 1097 1350 In
1141 1295 1227 1350 his
1271 1295 1448 1349 verbis
1491 1293 1770 1365 praefati’

165 1386 421 1456 magistri
438 1385 674 1457 intellige
688 1386 816 1440 illud
833 1387 1036 1456 lignum
1053 1386 1104 1439 in
1123 1386 1298 1440 medio
1314 1384 1571 1454 paradisi,
1591 1383 1643 1436 in
1666 1397 1772 1452 quo

168 1476 343 1531 latere
370 1491 435 1532 se
466 1491 626 1546 posse
651 1476 916 1545 fugientes
943 1477 1403 1548 praevaricatores
1428 1483 1768 1546 putaverant,

167 1583 273 1623 non
325 1568 480 1624 aliud
527 1584 668 1633 esse,
715 1569 818 1623 nisi
870 1570 1136 1624 humanae
1185 1568 1524 1640 cogitationis
1551 1574 1605 1621 et
1639 1580 1770 1620 con-

168 1660 439 1716 scientiae
481 1670 772 1716 secretum.
824 1659 927 1715 Sed
979 1672 1275 1727 scrutator,
1325 1660 1520 1730 inquit,
1565 1659 1773 1713 anima-

170 1765 286 1802 rum
308 1749 332 1780 ⁸
350 1759 402 1803 et
430 1751 802 1820 cogitationum
829 1767 989 1821 usque
1013 1753 1080 1804 ad
1105 1752 1410 1806 divisionem
1436 1752 1598 1805 animi
1618 1771 1772 1821 pene-

1871 571 2108 638 increpo,
2141 584 2464 638 causamque
2490 575 2612 620 tuae
2640 561 3037 619 inobedientiae
3063 558 3295 628 inquiro.
3340 554 3435 609 I'n-

1872 667 2022 714 tasne
2053 673 2137 712 me
2165 659 2415 729 ignorare
2444 656 2570 728 quid
2603 655 2797 719 fecisti,
2843 652 2928 707 vel
2971 665 3078 720 quo
3117 648 3322 719 fugisti,
3361 645 3444 701 vel

1871 750 2140 818 quomodo
2191 750 2384 803 timens
2411 763 2596 801 vocem
2645 761 2820 800 meam
2873 752 2924 798 te
2975 739 3323 802 abscondisti,
3363 736 3445 791 vel

1871 838 2323 908 quemadmodum
2371 837 2663 891 nuditatem
2697 843 2868 899 tuam,
2897 832 3264 888 sinceritatem
3303 829 3447 883 vitle-

1871 929 2000 984 licet
2028 935 2082 982 et
2111 927 2509 996 simplicitatem
2541 933 2785 987 naturae,
2818 923 2870 976 in
2896 937 3000 991 qua
3029 920 3279 975 conditus
3303 933 3450 981 eras,

1872 1038 1995 1077 Sero
2046 1020 2445 1091 recognovisti?
2509 1016 2699 1072 Nonne
2750 1016 2884 1070 haec
2929 1013 3108 1068 omnia
3165 1023 3450 1080 perpessus

1870 1133 1930 1173 es
1956 1157 1971 1182 ,
2011 1116 2136 1187 quia
2170 1132 2234 1171 ex
2270 1115 2412 1186 ligno
2442 1157 2455 1182 ,
2512 1115 2578 1170 de
2627 1127 2733 1184 quo
2777 1121 3152 1182 praec‘eperam
3189 1107 3281 1160 tibi
3313 1106 3352 1136 “
3386 1121 3482 1159 ne

1872 1207 2220 1270 comedcrcs,
2282 1204 2605 1261 comedisti?
2653 1201 2787 1256 Nam
2844 1201 2887 1256 si
2927 1217 3033 1257 non
3087 1197 3448 1260 comedisses,

1871 1313 1977 1352 non
2031 1296 2275 1351 fortassis
2320 1309 2504 1350 vocem
2556 1291 2950 1348 deambulantis
2989 1291 3042 1344 in
3088 1301 3138 1345 te
3178 1288 3450 1345 Creatoris

1874 1390 1950 1445 tui
1996 1390 2238 1454 timeres,
2278 1403 2376 1443 nec
2403 1387 2589 1442 afacie
2638 1385 2807 1456 ipsius
2852 1383 3082 1454 fugeres,
3115 1396 3214 1436 nec
3244 1379 3454 1434 nudita-

1873 1490 1980 1535 tem
2020 1489 2190 1545 tuam,
2229 1494 2390 1550 quam
2442 1474 2864 1549 praevaricando
2915 1470 3230 1542 perdidisti,
3257 1482 3456 1538 cogno-

1872 1575 2063 1628 visses.

1940 1666 2032 1720 22.
2066 1666 2142 1719 De
2172 1665 2318 1735 ligno
2353 1670 2534 1716 autem
2575 1658 2862 1716 interdicto
2907 1665 2964 1711 et
3002 1656 3056 1710 in
3087 1649 3459 1724 superioribus

1871 1757 2036 1813 multa
2058 1759 2170 1828 jam
2197 1755 2456 1819 diximus,
2481 1751 2799 1823 Gregorium
2821 1748 3116 1818 Nyssaeum
3144 1751 3451 1814 sequentes,

168 1849 342 1904 ιταηδ,
367 1839 508 1892 dixit
527 1839 595 1892 αά
626 1839 796 1892 Adam
823 1841 876 1893 ‘1
908 1841 1118 1902 Adam;
1149 1841 1236 1893 ubi
1264 1841 1360 1894 es?
1401 1839 1675 1904 Quomodo
1695 1842 1772 1896 lo-
1803 1829 1847 1887 Β
1876 1857 1923 1904 el
1959 1862 2101 1902 nunc
2123 1847 2318 1900 iterum
2345 1842 2584 1898 breviter
2621 1838 2905 1895 dicendum
2946 1834 3201 1899 arbitror,
3233 1830 3457 1887 nobilis-

169 1929 356 1998 quitur
403 1930 592 1984 Deus?
628 1931 881 2002 Nunquid
922 1949 1043 1986 voce
1087 1933 1380 2003 corporea?
1409 1933 1530 1988 Non
1573 1936 1768 2005 utique,

170 2020 259 2072 sed
287 2020 485 2074 virtute
514 2020 744 2089 quadam
784 2024 1185 2093 praestantiore,
1219 2040 1373 2093 quam
1413 2040 1510 2078 vox
1541 2028 1772 2095 corporis

169 2121 362 2179 potest,
397 2121 446 2164 et
472 2111 492 2140 ⁸
523 2111 694 2180 fundit
721 2113 959 2166 oracula.
988 2112 1142 2166 Ilanc
1170 2114 1472 2182 vocemejus
1499 2117 1775 2185 prophetae

172 2203 489 2265 audierunt,
514 2203 648 2256 hanc
671 2220 844 2257 vocem
873 2204 1056 2272 fideles
1081 2205 1325 2270 audiunt,
1361 2207 1508 2281 impii
1549 2226 1651 2262 non
1692 2209 1775 2262 in-

173 2291 444 2363 telligunt.
481 2292 688 2346 Talium
705 2308 1014 2348 sermonum
1053 2296 1307 2350 virtutem
1332 2296 1579 2366 quisquis
1616 2307 1776 2353 acute

173 2383 543 2452 perspexerit,
585 2383 840 2448 inveniet,
867 2385 1173 2452 paradisum
1205 2401 1309 2439 non
1337 2385 1560 2442 localem
1603 2396 1775 2443 terre-

131 2485 136 2490 ‘
175 2491 381 2531 numve
415 2477 680 2545 quendam
711 2476 886 2532 locum
931 2492 1049 2532 esse
1088 2493 1453 2552 nemorosum,
1484 2479 1577 2534 sed
1619 2479 1779 2548 spiri-

178 2565 384 2619 tualern
411 2565 742 2634 gertninibus
773 2567 1026 2621 virtutum
1063 2568 1351 2633 consitum,
1382 2577 1437 2622 et
1463 2567 1516 2622 in
1544 2569 1776 2623 humana

177 2665 379 2710 natura
405 2655 729 2725 plantatum,
755 2666 829 2722 et,
858 2665 914 2710 ttt
954 2658 1192 2726 apertius
1221 2653 1453 2723 dicalur,
1485 2675 1589 2713 non
1634 2660 1779 2716 aliud

176 2755 413 2818 praeter
442 2747 612 2816 ipsam
655 2747 946 2802 humanam
994 2748 1372 2814 substantiam,
1399 2751 1466 2804 ad
1494 2750 1779 2820 imaginem

178 2838 274 2893 Dei
325 2838 550 2903 factam,
585 2839 635 2892 in
680 2853 786 2908 qua
832 2839 1033 2909 lignum
1065 2841 1226 2905 vitae,
1261 2839 1496 2895 Verbum
1535 2841 1783 2896 videlicet

179 2929 370 2984 Patris
409 2937 464 2982 et
494 2929 774 2999 sapientia,
807 2943 1022 2984 omnem
1059 2928 1348 2984 ft'uctilicat
1378 2929 1564 2995 vitam,
1602 2929 1653 2984 in
1684 2946 1778 2984 cn-

177 3021 268 3092 jus
326 3021 510 3076 medio
553 3020 672 3077 fons
722 3024 963 3077 omnium
1023 3024 1306 3090 bonorum,
1358 3024 1545 3079 eadem
1595 3024 1784 3078 videli-

181 3122 272 3168 cet
302 3114 801 3184 divina-sapientia,
833 3123 1031 3168 manat.
1061 3115 1136 3169 lbi
1170 3114 1308 3170 licus
1330 3115 1414 3169 illa
1450 3115 1626 3170 div-ina
1653 3131 1780 3185 pro-

1876 1937 1996 1992 sitni
2021 1934 2264 2003 magistri
2281 1932 2500 1986 Maximi
2521 1927 2770 1985 monachi
2801 1940 3016 1982 sensum
3034 1923 3457 1978 introduceutes.

1875 2026 1993 2098 lpse
2021 2026 2284 2095 siquidem
2307 2023 2507 2092 lignum
2534 2017 2793 2075 scientiae
2822 2014 2950 2070 boni
2972 2022 3027 2068 et
3045 2011 3170 2066 mali
3191 2009 3461 2064 visibilem

1879 2129 2210 2182 creaturam,
2244 2131 2405 2186 quam
2432 2115 2615 2177 homo,
2648 2110 2962 2166 Creatorem
2991 2119 3146 2160 suum
3179 2103 3458 2166 deserens,

1878 2221 2096 2268 secutus
2127 2219 2231 2276 est,
2279 2222 2398 2264 esse
2447 2203 2717 2275 intelligit,
2749 2202 2856 2266 cui,
2903 2197 3154 2254 videlicet
3179 2203 3464 2254 creaturae

1877 2302 2097 2367 visibili,
2128 2310 2182 2356 et
2219 2297 2505 2354 delectatio
2542 2292 2835 2363 voluptatis
2887 2290 3051 2353 inest,
3088 2295 3143 2342 et
3173 2282 3462 2339 anxietatis

1879 2391 2118 2455 occasio,
2148 2399 2203 2444 ct
2231 2387 2419 2443 mortis
2444 2384 2598 2456 quasi
2645 2382 2862 2454 quidam
2911 2379 3114 2433 mixtus
3157 2377 3362 2430 fructus
3392 2388 3457 2426 ex

1878 2481 2021 2536 bono
2047 2479 2184 2533 falso
2209 2477 2446 2532 libidinis
2465 2483 2519 2530 ct
2547 2473 2687 2528 malo
2708 2470 2984 2541 sequentis
3010 2467 3279 2522 tristitiae.
3306 2463 3460 2518 Nulla

1879 2571 2023 2627 enim
2049 2568 2335 2624 delectatio
2362 2565 2587 2621 visibilis
2611 2572 2892 2620 creaturae
2921 2568 3026 2626 est,
3057 2572 3220 2630 quam
3251 2571 3355 2610 non
3379 2569 3462 2609 se-

1881 2671 2078 2733 quatur
2104 2661 2146 2691 ¹¹
2176 2668 2387 2731 egestas
2412 2673 2428 2711 :
2458 2664 2752 2728 egestatem
2774 2668 2904 2708 vero
2927 2651 3173 2722 sequitur
3195 2646 3472 2709 anxietas,

1881 2753 2177 2822 mortisque
2207 2751 2447 2806 tristitia.
2482 2749 2548 2804 Et
2588 2746 2834 2818 quamvis
2856 2744 3150 2799 arridente
3190 2739 3466 2808 voluptate

1882 2844 2046 2899 lateat
2076 2843 2322 2899 anxietas
2350 2849 2403 2896 et
2424 2856 2586 2896 causa
2617 2839 2831 2902 mortis,
2875 2835 3035 2892 simul
3060 2842 3238 2888 tamen
3274 2831 3465 2886 huma-

1885 2952 1984 2990 nae
2018 2935 2230 2989 animae
2266 2935 2470 3000 insunt,
2509 2931 2775 3003 simulque
2817 2929 3100 2998 incipiunt.
3141 2923 3297 2979 Latet
3320 2921 3464 2976 enim

1883 3025 2126 3080 anxietas
2152 3023 2251 3080 sub
2275 3023 2505 3094 quadam
2550 3021 2683 3077 falsa
2710 3016 3108 3091 pulchritudine
3151 3011 3464 3082 voluptatis,

1885 3128 1939 3174 et
1965 3125 2047 3173 est
2073 3117 2234 3172 veluti
2278 3114 2494 3186 quidam
2524 3113 2724 3168 mixtus
2754 3111 2962 3166 fructus
3008 3121 3076 3161 ex
3113 3103 3335 3159 libidine
3364 3115 3462 3170 ap—

186 3203 336 3260 fecto
382 3205 466 3259 lex
513 3206 751 3260 ratlicata
804 3213 920 3271 est;
953 3205 1108 3274 cujus
1150 3221 1274 3260 vera
1326 3167 1698 3276 interpretatio
1727 3217 1782 3261 et
1809 3167 2106 3279 C‘parente
2125 3216 2180 3263 et
2202 3167 2471 3261 anxietate
2493 3203 2711 3259 latente.
2731 3199 3023 3256 Dellciente
3043 3192 3466 3262 verovoluptato

185 3297 494 3367 spiritualis
529 3297 736 3353 fructus
780 3299 925 3365 vitae
977 3307 1064 3352 est
1106 3298 1532 3362 comedentibus,
1574 3298 1674 3354 hoc
1703 3309 1786 3353 est

188 3390 619 3460 intelligentibus
645 3406 764 3444 eam
816 3390 902 3460 pie
957 3388 1322 3460 perfectoque,
1362 3405 1620 3458 perversa
1654 3407 1784 3448 vero

188 3490 242 3534 et
273 3479 516 3533 carnalis
546 3478 839 3533 secundum
873 3478 1082 3533 literam
1113 3479 1293 3533 inania
1327 3477 1450 3532 folia
1479 3488 1604 3534 sunt
1629 3488 1685 3534 et
1706 3480 1785 3533 in-

189 3570 501 3636 fructuosa,
531 3570 726 3639 quibus
748 3569 959 3624 divinae
987 3569 1118 3641 legis
1147 3583 1579 3641 transgressores
1595 3571 1784 3641 culpas

189 3675 320 3714 snas
349 3674 566 3728 operire
605 3659 940 3714 contendunt
979 3658 1264 3730 falsiloqua
1305 3660 1569 3731 apologis,
1602 3670 1659 3716 et
1702 3661 1784 3716 vel

188 3750 244 3803 in
295 3750 473 3819 ipsum
518 3748 652 3819 legis
694 3758 994 3814 auctorem,
1037 3748 1122 3804 vel
1166 3749 1219 3803 in
1267 3748 1557 3813 diabolum,
1601 3749 1683 3803 vel
1731 3750 1784 3804 in

190 3841 357 3895 aliam
389 3841 692 3912 quempiam
729 3855 1038 3910 personam,
1071 3840 1152 3895 vel
1187 3840 1239 3894 in
1275 3839 1678 3894 similitudinem
1708 3840 1786 3895 fa-

189 3939 434 3994 ctorum,
463 3946 601 4000 quae
640 3945 668 3984 a
696 3929 900 3985 sanctis
929 3931 1177 3985 Patribus
1209 3928 1436 4000 ﬁgurate
1474 3938 1783 4000 perpetrata

190 4033 341 4088 sunt,
370 4023 577 4077 referre
609 4037 713 4077 non
745 4029 1020 4083 verentur,
1045 4020 1185 4075 facta
1233 4019 1454 4074 Patrum
1496 4020 1786 4075 carnaliter

191 4115 490 4169 secundum
541 4113 751 4168 literam
806 4113 1161 4183 accipientes,
1210 4112 1564 4183 spiritualiter
1605 4123 1784 4168 autem

193 4203 345 4258 nullo
377 4202 535 4257 modo
567 4202 949 4274 intelligentes,
980 4212 1036 4258 et
1063 4205 1116 4258 in
1146 4203 1486 4258 occasionem
1516 4204 1596 4258 sui
1630 4219 1783 4259 erro-

193 4298 276 4352 ris
308 4296 436 4350 talia
463 4296 710 4366 exempla
751 4298 816 4351 de
861 4296 1040 4352 divina
1103 4295 1380 4368 Scriptura
1426 4296 1782 4367 proferentes,

193 4386 268 4440 de
284 4387 482 4455 quibus
515 4387 899 4441 convenienter
919 4387 1209 4457 Apostolus
1230 4387 1306 4441 ait
1330 4404 1344 4440 :
1372 4386 1544 4440 Litera
1575 4388 1783 4452 occidit,

1882 3313 1938 3359 et
1967 3301 2324 3358 delectatione
2351 3297 2578 3353 visibilis
2605 3303 2914 3354 creaturae
2962 3291 3101 3347 nuda
3147 3303 3244 3358 per
3272 3302 3332 3342 se
3375 3294 3464 3340 at-

1884 3410 1989 3467 que
2019 3406 2204 3465 aperta
2238 3399 2482 3467 remanet
2509 3391 2773 3454 anxietas,
2804 3401 2944 3457 quae
2976 3384 3217 3440 nascitur
3241 3397 3304 3437 ex
3340 3395 3465 3451 cge-

1884 3464 2023 3543 state
2054 3464 2376 3554 defectuque
2396 3482 2624 3538 visibilis
2658 3480 2806 3536 boni.
2837 3479 2974 3533 Hinc
3005 3474 3281 3547 praefatus
3300 3472 3468 3526 Maxi-

1885 3596 2042 3636 mus:
2073 3577 2362 3641 Fortassis,
2395 3576 2586 3645 inqltit,
2618 3573 2817 3644 lignum
2848 3587 2957 3626 esse
2982 3567 3231 3623 scientiae
3272 3564 3392 3619 boni
3419 3572 3468 3617 et

1883 3672 2011 3727 mali
2051 3671 2302 3726 visibilem
2349 3678 2645 3722 creaturam
2669 3664 2758 3735 qui
2799 3661 3011 3722 dixerit,
3036 3675 3143 3712 non
3186 3675 3218 3710 a
3257 3654 3470 3709 veritate

1885 3761 2168 3816 aberrabit.
2212 3757 2504 3826 Voluptatis
2531 3769 2754 3823 namque
2789 3760 2838 3806 et
2876 3747 3156 3804 anxietatis
3200 3743 3470 3816 factricem

1886 3851 2197 3906 naturaliter
2218 3848 2368 3902 habet
2392 3846 2789 3917 perceptionem.
2829 3841 2933 3894 Aut
2961 3838 3209 3909 quoniam
3232 3843 3278 3889 et
3310 3833 3472 3887 ratio-

1886 3962 1974 4000 nes
2003 3943 2156 3998 habet
2184 3940 2482 4013 spirituales
2504 3936 2782 3993 visibilium
2805 3941 3047 3986 creatura
3071 3939 3118 3984 et
3148 3928 3467 3982 intellectum

1887 4037 2186 4099 nutrientes,
2214 4044 2260 4089 et
2289 4035 2476 4088 iterum
2500 4026 2796 4085 naturalem
2817 4023 3100 4094 potentiam
3130 4035 3339 4073 sensum
3379 4017 3469 4070 de-

1885 4128 2180 4191 lectantem,
2198 4123 2512 4180 intellectum
2536 4135 2651 4174 vero
2673 4119 3042 4171 subvertentent
3055 4152 3068 4174 ,
3083 4109 3280 4180 lignum
3300 4107 3467 4160 scien-

1885 4220 1990 4274 tiae
2012 4217 2131 4272 boni
2157 4225 2206 4269 et
2231 4213 2357 4268 mali
2383 4209 2643 4281 appellata
2669 4215 2766 4262 est.
2797 4204 2932 4258 Boni
2971 4199 3226 4270 siquidem
3250 4196 3294 4227 ’³
3315 4193 3469 4248 habet
3496 4237 3514 4253 ,

1886 4308 2157 4363 scientiam
2178 4300 2522 4373 spiritualiter
2536 4298 2886 4358 considerata,
2911 4290 3035 4345 mali
3059 4305 3173 4344 vero
3193 4285 3472 4341 scientiam

1887 4396 2226 4469 corporaliter
2241 4401 2526 4460 assumpta.
2555 4386 2870 4442 Passienum
2893 4397 3111 4451 namque
3137 4378 3193 4447 ﬁt
3217 4377 3471 4469 magistra

194 4479 414 4547 spiritus
449 4488 623 4531 autem
660 4479 907 4548 vivi/icat.
952 4479 1007 4533 ln
1041 4480 1144 4536 hoc
1179 4481 1202 4512 ⁷
1245 4480 1494 4549 paradiso
1532 4479 1782 4551 intelligi-

1890 4468 2229 4558 corporaliter
2251 4500 2366 4539 eam
2401 4480 2794 4551 accipientibus,
2826 4476 3121 4530 divinorum
3153 4471 3226 4525 eis
3251 4468 3469 4523 oblivio-

195 4569 298 4624 hili
322 4568 538 4625 incessu
570 4570 710 4625 Deus
738 4570 1049 4626 deambulat
1098 4573 1138 4626 ⁸.
1187 4571 1384 4626 Custos
1408 4573 1602 4643 quippe
1628 4580 1710 4627 est
1730 4582 1786 4627 ct

199 4667 472 4714 scrutalor
501 4660 871 4729 plantationis,
906 4677 1066 4731 quam
1097 4661 1166 4716 ad
1201 4662 1489 4733 imaginem
1516 4671 1570 4717 et
1598 4662 1811 4718 simili--

201 4748 441 4802 tudinem
472 4766 625 4805 suam
663 4751 970 4821 plasmavit.
1000 4751 1165 4824 Cujus
1186 4768 1290 4807 vox
1319 4753 1728 4823 inexplanabilis
1769 4773 1783 4808 :

203 4840 397 4909 Adam,
439 4843 527 4896 ubi
559 4860 613 4898 es
639 4844 665 4897 ?
702 4844 850 4900 llaec
903 4861 1006 4900 vox
1053 4854 1135 4900 est
1177 4845 1466 4901 Creatoris
1499 4847 1802 4900 humanam

202 4939 454 4986 naturam
503 4933 854 5004 increpantis.
898 4936 977 4990 Ae
1023 4935 1069 4990 si
1115 4935 1379 4990 dixisset:
1415 4936 1513 4992 Ubi
1546 4952 1688 4991 nunc
1727 4953 1788 4992 es

204 5032 330 5093 post
354 5027 915 5094 praevaricationem?
949 5026 1064 5082 Non
1087 5027 1230 5082 enim
1262 5028 1335 5082 ibi
1369 5036 1419 5083 te
1449 5030 1680 5098 reperio,
1698 5030 1786 5085 tibi

207 5124 267 5168 te
307 5126 543 5173 creatum
589 5134 892 5190 cognosco;
929 5135 1033 5175 non
1075 5121 1130 5175 in
1175 5135 1237 5174 ea
1277 5120 1554 5191 dignitate,
1583 5137 1689 5192 qua
1721 5124 1788 5178 ad

208 5203 491 5276 imaginem
513 5218 569 5262 et
589 5208 994 5264 similitudinem
1018 5223 1191 5264 meam
1215 5219 1267 5264 te
1287 5208 1406 5272 feci,
1437 5209 1671 5278 invenio,
1696 5213 1788 5267 sed

211 5295 542 5356 desertorem
579 5301 952 5368 beatitudinis,
990 5303 1210 5372 verique
1248 5302 1270 5333 ’
1302 5301 1522 5359 luminis
1558 5302 1789 5374 fugitan-

1890 4603 2006 4642 nem
2046 4584 2297 4653 inferens,
2327 4590 2535 4649 propter
2576 4573 2712 4646 quod
2744 4569 2942 4626 homini
2979 4567 3247 4622 interdixit
3297 4561 3343 4594 ¹⁸
3388 4563 3470 4616 iu-

1891 4678 2176 4732 terntittens
2204 4671 2412 4725 interim
2458 4668 2570 4736 ejus
2609 4663 2984 4734 perceptionem
3019 4658 3179 4722 Deus,
3211 4665 3264 4709 ut
3298 4654 3468 4725 prius,

1891 4767 2114 4822 maxime
2128 4762 2313 4832 quippe
2328 4767 2437 4812 erat
2446 4757 2672 4827 justum,
2697 4767 2788 4821 per
2801 4747 3249 4821 participationem
3271 4744 3474 4813 gratiae

1891 4858 2160 4930 prapriam
2210 4866 2521 4922 cognoscens
2548 4861 2794 4907 causam,
2819 4843 3096 4910 datamque
3128 4854 3219 4908 per
3244 4837 3474 4908 gratiam

1890 4925 2360 5008 immortalitatem,
2383 4957 2473 5010 per
2501 4933 2804 5008 hujusmodi
2849 4931 2978 5002 ligni
3003 4930 3374 5001 perceptionem
3401 4925 3470 4977 ad

1892 5036 2357 5110 impassibilitatem
2399 5035 2789 5085 consummatus
2833 5036 2879 5077 et
2905 5017 3466 5110 inconversibilitatfm,

1893 5105 2024 5190 sicut
2055 5132 2102 5162 ⁸⁵
2137 5128 2277 5182 Deus
2333 5121 2665 5191 deiﬁcatione
2708 5117 2901 5186 factus,
2926 5112 3139 5167 innocui
3190 5123 3307 5163 cum
3355 5105 3464 5158 Deo

1893 5222 2255 5282 communione
2318 5215 2415 5270 Dei
2472 5212 2782 5279 disceptaret
2841 5215 3151 5266 creaturas,
3200 5209 3246 5253 et
3288 5210 3466 5251 earum

1894 5319 2139 5386 reciperet
2174 5306 2467 5368 scientiam,
2517 5312 2570 5355 ut
2611 5300 2748 5354 Dens
2791 5308 2836 5352 et
2882 5312 2985 5350 non
3041 5294 3213 5352 homo,
3248 5283 3468 5338 eandem

1483 5436 1734 5492 VARIAE
1773 5427 2173 5493 LECTIONES.

291 5551 305 5580 ι
337 5545 376 5597 Α
407 5563 636 5599 sensum.
715 5547 735 5575 '
773 5545 857 5599 CF
898 5545 1294 5614 cognitionibus.

217 5623 269 5685 et
294 5617 328 5666 Α
361 5632 485 5670 esse.
561 5618 580 5648 "
609 5618 649 5670 A
681 5616 734 5670 ltt
761 5617 946 5685 quibus
970 5617 1235 5683 paradiso.

223 5682 269 5754 ’ξ
297 5685 382 5736 tibi
411 5701 519 5738 om.
551 5686 614 5739 Α.
713 5682 877 5741 ³³⁷8ἰρ
905 5682 1020 5752 CF;
1052 5687 1090 5739 Α
1119 5685 1370 5754 sequitur.

224 5751 356 5807 sicut
383 5756 488 5823 iam
521 5755 677 5811 Dens.

1375 5546 1394 5574 ³
1425 5547 1464 5599 Α
1513 5547 1785 5610 praedicti.

1313 5617 1332 5646 ⁸
1362 5617 1448 5668 Sic
1473 5617 1588 5680 (lli;
1630 5617 1673 5668 A
1700 5614 2088 5670 deambulabat.

1449 5685 1490 5716 ”
1526 5685 1609 5742 CF
1647 5688 1876 5757 quidem.

1864 5547 1885 5577 ⁴
1915 5545 1951 5598 Α
1980 5543 2297 5596 animorum.
2377 5535 2396 5564 ⁸
2423 5533 2514 5587 Sic
2551 5531 2667 5594 CF;
2709 5529 2778 5582 ad
2811 5527 2974 5598 Adam
3005 5537 3112 5598 qu].
3298 5518 3466 5598 ,δίνῃ-ο

2165 5585 2742 5674 v’uhnreril-que‘onthl
2789 5596 2956 5674 ’°_Sic
3003 5591 3195 5674 ,ηᾼ
3235 5585 3474 5674 tutela-is:

1977 5655 2143 5738 {ista
2189 5655 2377 5743 erga
2421 5655 2942 5729 ξηὶέιῐαίπξινιοηιεηί.
3038 5671 3081 5703 ιι
3123 5660 3217 5718 Sic
3289 5655 3400 5716 Lb;
3433 5659 3482 5705 Α
