3898 6154
472 314 581 377 8i3

1831 305 2116 366 JOANMS
2157 304 2351 361 SCOTl

3602 318 3695 374 8i!

466 428 660 484 habens
690 421 835 479 Deo‘
866 440 958 494 per
978 424 1205 495 gratiam
1235 437 1440 488 eorum,
1460 439 1594 494 quae
1616 430 1761 488 sunt,
1788 423 2049 493 sapienter
2076 426 2121 482 Α
2152 420 2277 472 dum
2332 418 2525 471 talibns
2554 421 2889 490 congruebat,
2911 423 3230 492 offenderent
3262 444 3312 481 in
3356 429 3533 495 Deum,
3578 436 3695 488 etab

454 518 708 588 notitiam
757 534 849 588 per
892 518 1058 588 ipsam
1087 516 1156 570 ad
1198 517 1219 546 ‘
1258 516 1639 584 deiﬁcationem
1688 516 1851 569 animi
1895 523 2050 583 atque

465 626 650 664 sensus
705 609 1220 663 transmutationem.
1271 606 1360 662 Sic
1399 606 1756 678 accipiendum
1799 607 1862 661 de
1908 607 2051 675 ligno

469 700 621 756 iuxta
652 701 890 755 omnibus
917 699 1167 753 valentem
1200 698 1438 768 cooptari
1480 713 1768 765 anagogen.
1815 694 2047 757 intuere,

472 806 633 861 quam
660 790 908 861 pulchre,
941 805 1101 859 quam
1136 798 1340 860 aperte,
1375 787 1501 856 quid
1533 786 1604 840 sit
1650 786 1849 856 lignum
1877 784 2051 839 scien-

468 884 576 937 tiae
606 882 732 936 boni
763 890 818 937 et
856 881 1013 947 mali,
1036 880 1279 950 exponit.
1308 880 1403 933 Est
1423 877 1588 939 enim,
1615 888 1673 930 ut
1704 876 1816 946 ipse
1844 876 1936 939 ait,
1971 874 2053 928 vi-

472 971 709 1027 sibilium
733 985 913 1025 rerum
945 978 1165 1034 natura,
1186 984 1325 1038 quae
1352 966 1710 1037 spiritualiter
1734 967 1787 1019 in
1822 964 2049 1019 rationi-

471 1064 576 1119 bus
617 1063 741 1117 suis'
760 1060 1056 1127 intellecta,
1099 1060 1379 1115 scientiam
1433 1058 1560 1113 boni
1613 1066 1666 1112 et
1718 1056 2049 1128 Spiritualcm

465 1153 707 1208 fructum
753 1150 1174 1222 intelligentibus
1234 1163 1356 1202 eum
1407 1156 1644 1217 praestat
1690 1162 1704 1200 :
1761 1146 2055 1201 carnaliter

471 1258 604 1298 vero
639 1250 695 1297 et
727 1241 1011 1296 libidinose
1039 1239 1432 1310 appetentibus.
1476 1247 1530 1292 et
1573 1238 1951 1307 intemperate,
1996 1246 2053 1292 ct

469 1344 659 1391 contra
703 1332 850 1404 leges
895 1330 1112 1385 divinas
1134 1326 1479 1384 abutentiluts
1524 1327 1857 1383 mortiferam
1889 1327 2052 1381 infert

470 1425 776 1481 scientiam.
808 1424 884 1477 Ac
912 1437 1009 1494 per
1036 1423 1139 1476 hoc
1161 1437 1263 1475 non
1294 1421 1345 1473 in
1378 1422 1489 1490 ipsa
1518 1430 1705 1474 natura
1732 1436 1891 1474 causa
1925 1420 2049 1472 mali

469 1528 554 1572 est
583 1516 898 1577 constituta,
932 1514 1025 1569 sed
1070 1513 1122 1567 iu
1152 1512 1483 1566 abutentium
1519 1511 1957 1579 intemperantia.
1989 1510 2053 1563 Et

470 1613 604 1664 lzaec
626 1618 709 1663 est
731 1608 849 1678 ipsa
879 1606 1094 1669 mulier,
1122 1605 1231 1670 vel,
1263 1614 1321 1658 ut
1352 1605 1424 1658 ita
1458 1605 1655 1669 dicam,
1697 1606 1796 1660 hoc
1818 1612 1897 1657 est
1924 1603 2051 1657 illud

468 1699 698 1772 lignum.
728 1699 794 1753 de
822 1713 927 1769 quo
970 1697 1229 1752 Dominus
1263 1696 1393 1751 dicit
1426 1713 1441 1749 :
1485 1694 1587 1760 Qui
1633 1696 1816 1749 viderit
1861 1694 2048 1747 mulie-

468 1805 578 1844 rem
615 1789 685 1843 ad
711 1786 1175 1857 concupiscendum
1220 1803 1357 1849 eam,
1398 1786 1514 1855 jam
1551 1787 1846 1839 moechatus
1876 1795 1950 1839 est
2000 1786 2053 1838 in
2086 1760 2128 1817 Β

470 1881 628 1934 corde
652 1896 771 1934 suo.
803 1878 1159 1934 Materialium
1193 1878 1457 1947 siquidem
1496 1877 1807 1947 superficies
1851 1892 2054 1939 rerum,

469 1973 597 2027 dum
640 1972 712 2027 sit
757 1971 1083 2026 naturaliter
1124 1971 1370 2041 pulchra,
1417 1970 1631 2024 incaute
1675 1981 1728 2025 et
1773 1970 2057 2025 libidinose

471 2062 729 2118 sensibus
759 2077 878 2117 eam
911 2061 1372 2116 considerantium
1400 2061 1592 2115 mortis
1629 2060 1786 2114 infert
1808 2060 2052 2114 occasio-

469 2167 617 2206 nem.
647 2150 924 2206 Visibilem
951 2166 1183 2220 namque
1206 2161 1511 2205 creaturam
1544 2151 1609 2203 ad
1641 2151 1742 2204 hoc
1769 2150 1907 2203 Deus
1934 2165 2058 2205 con-

476 2243 632 2307 didit,
657 2250 711 2296 ut
748 2257 846 2312 per
893 2256 1035 2306 eam,
1067 2240 1210 2295 sicut
1253 2256 1350 2311 per
1393 2240 1738 2303 invisibilem,
1802 2239 1917 2292 laus
1944 2239 2058 2306 eius

472 2334 861 2398 cumularetur,
892 2344 947 2388 et
976 2341 1393 2402 cognosceretur
1442 2333 1555 2403 ipse
1602 2333 1622 2364 ³
1668 2350 1772 2387 111111
1800 2333 1928 2402 quid
1951 2341 2053 2396 est,

472 2424 567 2478 sed
593 2424 722 2493 quia
746 2432 830 2478 est
856 2439 993 2478 unus
1032 2424 1054 2454 ’⁵
1088 2424 1253 2479 totius
1294 2433 1579 2479 creaturae
1613 2423 1841 2479 visibilis
1876 2433 1931 2479 et
1969 2424 2054 2478 in-

472 2514 703 2570 visibilis
728 2514 993 2570 conditor.
1024 2515 1258 2585 Ideoque
1288 2515 1571 2571 interdixit
1615 2514 1757 2569 Deus
1787 2515 2055 2569 humanae

470 2614 733 2671 naturae,
786 2604 981 2660 visibili
1033 2606 1054 2636 ⁸
1092 2615 1340 2661 creatura
1386 2606 1686 2671 delectari,
1737 2605 2052 2674 priusquam

468 2696 678 2750 veniret
705 2695 771 2750 ad
816 2695 1202 2766 perfectionem
1251 2698 1571 2765 sapientiae,
1616 2697 1670 2752 in
1718 2712 1821 2766 qua
1871 2702 2056 2765 posset

467 2785 719 2841 deiﬁcata
765 2786 834 2840 de
884 2786 1182 2841 rationibus
1228 2802 1407 2841 rerum
1438 2787 1729 2841 visibilium
1776 2801 1898 2841 cum
1944 2787 2054 2841 Deo

473 2878 766 2948 disputare.
797 2877 906 2933 Nec
937 2877 1022 2931 illa
1053 2878 1264 2942 mulier,
1299 2878 1533 2933 carnalis
1561 2877 1811 2931 videlicet
1836 2892 2049 2940 sensus,

471 2972 538 3024 ad
585 2969 997 3028 delcctationem
1047 2971 1340 3027 materialis
1384 2980 1668 3027 creaturae
1712 2970 2051 3024 extrinsecus

466 3061 841 3119 consideratae
884 3062 1090 3117 valeret
1134 3062 1330 3123 virum,
1361 3060 1603 3116 animum
1633 3061 1753 3116 dico
1793 3060 1835 3127 ‘,
1883 3070 2051 3115 attra-

2151 510 2264 577 ejus
2308 510 2385 561 rei
2424 506 2649 562 utilitate
2691 509 3262 568 alienarenturexclusi
3283 528 3428 587 atque
3463 520 3696 588 damnati,

2151 606 2220 657 at!
2247 622 2421 676 quant,
2460 605 2507 658 si
2542 622 2635 658 suo
2677 615 2920 677 tempore,
2976 611 3106 663 sicut
3138 609 3276 664 Deus
3325 612 3535 677 valebat,
3575 634 3700 671 acce-

2150 697 2348 757 derent,
2391 707 2598 766 possent
2637 715 2698 752 ea
2735 698 3017 755 salubriter
3060 704 3282 773 perfrui.
3339 702 3452 760 Hoc
3498 710 3698 766 diximus

2150 798 2360 856 propter
2388 786 2617 857 aliquos,
2650 800 2705 842 ut
2747 790 2815 857 τί,
2860 792 2907 845 si
2946 793 3080 862 forte
3119 795 3318 864 lignum
3356 798 3486 853 illud
3526 817 3616 856 non
3642 805 3700 857 ad

2151 877 2539 945 proprietatem,
2570 889 2624 931 ut
2665 897 2838 934 rerum
2885 882 3081 951 lignum
3128 886 3176 939 et
3220 904 3339 941 vera
3396 907 3544 959 poma
3586 894 3698 962 ejus,

2151 966 2242 1019 sed
2288 967 2358 1020 ad
2385 968 2612 1038 ﬁguram
2656 971 2808 1024 uelint
2848 974 3098 1042 accipere,
3152 976 3375 1031 habeant
3408 981 3593 1034 exitum
3624 982 3701 1035 ali-

2151 1074 2301 1127 quem
2335 1073 2472 1113 recta
2521 1060 2626 1128 [ide
2689 1062 3003 1133 reritateque
3039 1066 3379 1133 probabilem.
3430 1069 3532 1125 Sed
3566 1089 3699 1141 prae-

2153 1149 2296 1204 fatus
2340 1151 2594 1221 magister
2628 1152 2959 1223 Augustinus
3003 1157 3049 1195 ’³
3089 1157 3300 1211 videtur
3334 1159 3478 1214 hunc
3517 1177 3700 1217 sensmn

2154 1239 2221 1294 de
2279 1240 2545 1308 spirituali
2598 1242 2854 1310 paradiso
2892 1259 2992 1299 nec
3049 1245 3314 1311 refellere,
3358 1264 3456 1303 nec
3499 1249 3701 1318 laudare,

2155 1346 2304 1385 more
2345 1347 2443 1385 suo
2489 1332 2669 1398 solito,
2717 1351 2825 1404 quo
2856 1335 2990 1391 duos
3034 1340 3313 1407 paradisos
3364 1344 3556 1397 astruit
3586 1359 3701 1408 esse,

2154 1439 2319 1477 unum
2350 1424 2565 1492 quidem
2598 1434 2870 1481 terrenum
2912 1428 3246 1500 localemque
3292 1435 3579 1487 secundum
3607 1451 3703 1505 pro«

2154 1513 2439 1581 prietatem
2482 1532 2663 1570 rerum
2706 1518 3060 1584 sensibilium,
3094 1520 3321 1575 alterunt
3366 1539 3494 1577 vero
3520 1525 3704 1578 omnino
3793 1508 3801 1516 ’

2155 1603 2516 1672 spiritualem,
2562 1596 2633 1660 ad
2684 1608 2838 1678 cujus
2890 1608 3114 1679 ﬁguram
3166 1623 3421 1667 terrenus
3461 1614 3544 1668 ille
3572 1625 3705 1683 atque

2156 1695 2425 1750 sensibilis
2456 1696 2628 1751 factus
2657 1706 2760 1752 est.
2800 1699 2947 1754 Dtsc.
2981 1699 3079 1767 Qui
3110 1701 3189 1755 sic
3210 1703 3274 1755 de
3304 1702 3450 1773 ligno
3476 1704 3705 1773 prohibito

2158 1797 2400 1847 sensere,
2441 1799 2545 1838 non
2600 1786 2730 1839 mihi
2788 1787 3038 1841 videntur
3087 1790 3317 1845 veritate
3369 1791 3417 1822 ⁸³
3468 1794 3703 1846 recedere.

2161 1873 2286 1928 Veri
2312 1876 2576 1944 siquidem
2613 1876 2788 1932 simile
2818 1886 2918 1944 est,
2952 1878 3211 1949 valdeque
3249 1891 3433 1936 rectae
3456 1884 3707 1937 ratiocina-

2160 1964 2292 2017 tioni
2324 1980 2643 2035 congruum,
2669 1975 2728 2020 ut
2754 1967 3012 2032 arbitror,
3054 1969 3326 2024 hominem
3360 1973 3527 2025 vetito
3554 1971 3703 2026 fructu

2159 2056 2303 2110 vesci
2363 2056 2733 2123 int-boantem,
2799 2060 3109 2131 cognitione
3168 2062 3419 2117 videlicet
3468 2064 3703 2118 sensibilis

2159 2146 2421 2201 materiae
2458 2162 2557 2216 per
2607 2164 2900 2218 corporeus
2956 2165 3148 2204 sensus
3197 2152 3345 2205 abuti
3393 2166 3706 2222 praesumen-

2158 2245 2289 2302 tem,
2320 2252 2383 2291 ex
2412 2238 2538 2309 ligni
2562 2239 2703 2293 vitae
2734 2239 3037 2305 dulcedine,
3092 2242 3193 2297 hoc
3224 2253 3325 2305 est,
3380 2246 3453 2299 ab
3497 2245 3704 2298 internae

2158 2329 2647 2398 contemplationis,
2696 2330 2745 2383 in
2796 2346 2900 2399 qua
2942 2340 2995 2386 et
3038 2333 3103 2385 ad
3146 2348 3305 2402 quam
3350 2336 3588 2388 conditus
3622 2344 3701 2393 est,

2158 2417 2369 2472 deliciis
2388 2418 2693 2487 iustissimo
2721 2421 3239 2492 conditorisjudicio
3260 2426 3539 2495 expulsum
3569 2425 3702 2479 fuisse
3754 2474 3769 2489 ,

2158 2509 2479 2563 existimari.
2511 2509 2645 2563 Nam
2698 2511 2744 2565 si
2800 2513 3109 2567 rationabili
3157 2514 3502 2584 naturalique
3546 2514 3704 2569 ordine

2156 2600 2550 2671 ingrederetur,
2601 2602 2651 2658 id
2689 2612 2794 2668 est,
2847 2604 2892 2658 si
2940 2620 3135 2659 causae
3175 2605 3219 2637 ¹⁴
3264 2609 3506 2661 omnium
3554 2621 3703 2660 rerum

2158 2693 2398 2747 theoriae
2431 2694 2663 2763 primum
2710 2696 2949 2765 quidem,
2990 2698 3184 2752 deinde
3218 2701 3512 2764 rationum,
3549 2715 3707 2753 secun-

2158 2782 2281 2836 dtnn
2306 2798 2440 2851 quas
2465 2792 2517 2837 ct
2559 2784 2610 2836 in
2657 2784 2850 2853 quibus
2895 2787 3074 2840 omnia
3122 2786 3263 2841 facta
3310 2799 3461 2855 sunt,
3504 2788 3708 2859 perfecta

2157 2872 2458 2926 intentione
2508 2872 2817 2927 frueretur:
2851 2891 3025 2944 neque
3076 2877 3398 2947 intelligibili
3454 2895 3566 2934 esca
3602 2878 3709 2948 ligni

2156 2964 2315 3026 vitae,
2351 2966 2562 3020 interno
2584 2967 2889 3022 "videlicet
2919 2969 3128 3024 divinae
3158 2971 3708 3039 sapicntiaecontnitu,

2160 3057 2547 3122 recluderctur,
2600 3074 2774 3129 neque
2816 3059 2883 3114 ab
2922 3061 2967 3091 “
2998 3076 3090 3115 esu
3138 3062 3309 3116 illiciti
3349 3065 3519 3133 pomi,
3553 3060 3710 3130 regni.

471 3153 624 3219 bere,
660 3151 710 3210 sl
750 3153 901 3225 prius
927 3152 1202 3209 Creatoris
1229 3153 1611 3220 cognitionem,
1641 3166 1801 3222 quam
1843 3159 2053 3205 ereatu-
2080 3128 2124 3188 (ἶ
2159 3149 2302 3202 tione
2330 3149 2536 3203 scilicet
2572 3150 2798 3204 visibilis
2829 3152 3108 3216 materiae,
3154 3168 3395 3222 congruo
3428 3162 3709 3220 matureque

468 3258 583 3308 rae,
615 3243 774 3299 vellet
815 3243 1033 3299 habere.
1079 3242 1222 3298 Ordo
1271 3243 1451 3312 itaque
1494 3242 1707 3297 divinae
1750 3241 1885 3310 legis
1909 3249 2046 3306 erat,

468 3334 704 3402 primum
734 3332 1044 3388 Creatorem
1088 3346 1408 3402 cognoscere
1455 3329 1678 3400 ejusque
1724 3328 2047 3383 ineffabilem

469 3423 945 3493 pulchritudinem,
985 3423 1178 3477 deinde
1204 3433 1508 3478 creaturam
1553 3421 1854 3476 rationabili
1884 3436 2048 3475 sensu

468 3516 673 3572 mentis
698 3515 915 3571 nutibus
941 3516 1345 3586 obtemperante
1377 3515 1739 3579 considerare,
1774 3523 2049 3584 totamque

469 3606 639 3677 ipsius
666 3605 1140 3676 pulcltrittnlinem,
1174 3605 1287 3659 sive
1334 3604 1562 3660 interius
1615 3606 1668 3659 in
1722 3604 2046 3668 rationibus,

466 3699 582 3754 sive
603 3700 843 3754 exterius
879 3700 931 3753 in
958 3697 1145 3754 formis
1171 3696 1533 3760 sensibilibus,
1557 3697 1623 3751 ad
1649 3696 1860 3750 laudem
1886 3696 2050 3750 Crea-

473 3789 609 3844 toris
666 3787 888 3844 rel'errc.
940 3788 1093 3843 llunc
1148 3796 1328 3842 autem
1368 3786 1579 3841 divinae
1625 3786 1759 3859 legis
1801 3787 2044 3841 ordinem

469 3883 631 3938 homo
663 3883 1021 3953 superbiendo
1062 3898 1343 3956 spernens,
1378 3880 1650 3936 Creatoris
1685 3880 1766 3935 sui
1807 3895 2044 3934 amorem

469 3981 525 4026 et
553 3966 932 4043 cognitionem
957 3972 1251 4027 materialis
1297 3980 1580 4026 creaturae
1630 3969 1882 4025 exteriori
1925 3968 2043 4037 pul-

467 4062 756 4119 chritudini
786 4064 1108 4132 postposnil,
1135 4080 1198 4118 ac
1245 4077 1342 4132 per
1369 4062 1472 4117 hoc
1510 4060 1804 4131 periculum
1832 4059 2047 4113 divinae

439 4140 856 4230 indignationis
901 4152 1145 4215 incurrit,
1175 4161 1511 4220 mortemque
1535 4151 1554 4180 ⁷
1578 4149 1821 4219 corporis
1848 4159 1898 4201 et
1931 4147 2047 4202 ani-

470 4257 590 4297 mae
646 4242 917 4313 totiusque
975 4251 1200 4296 naturae
1263 4242 1617 4312 perditionem
1668 4240 1874 4308 incidit,
1918 4242 2044 4311 quia

465 4332 680 4387 divinae
726 4331 857 4402 legis
892 4330 1247 4401 justissimam
1292 4330 1814 4402 pulcherrimumque
1850 4332 2045 4385 seriem

464 4434 684 4476 servare
699 4419 1000 4491 “neglexit.
1029 4418 1171 4474 llaec
1188 4420 1252 4474 de
1275 4418 1418 4491 ligno
1439 4420 1708 4491 prohibito
1731 4435 1921 4475 sensus
1950 4420 2045 4475 ho-

468 4510 791 4566 norabllium
824 4489 1047 4566 divinae
1087 4489 1401 4581 Scripturae
1440 4489 1807 4582 expositorum
1840 4513 2046 4583 perspi-
2079 4489 2126 4546 θ

464 4605 669 4660 cientes
696 4604 947 4658 diximus.
978 4602 1132 4659 llunc
1170 4604 1333 4659 etiam
1365 4620 1581 4660 sensum
1624 4616 1845 4660 sanctus
1885 4605 2045 4661 Pater

464 4694 797 4761 Augustinus
842 4695 896 4749 in
942 4695 1227 4750 undecimo
1267 4693 1517 4749 Evemeri
1564 4696 1648 4749 sui
1699 4696 2042 4751 introduxit:

475 4785 591 4840 Non
619 4794 813 4847 (tatem,
844 4785 1066 4854 iuquit’,
1093 4786 1294 4857 ignoro,
1327 4786 1634 4857 quibusdam
1658 4787 1821 4840 risum
1842 4804 1951 4841 esse
1977 4789 2042 4853 ¹⁰,

463 4876 793 4945 [esinatione
818 4877 1157 4945 praeuertisse
1182 4876 1300 4930 illos
1324 4877 1554 4931 homines
1579 4880 1860 4948 appetitum
1883 4880 2045 4933 scien-

464 4969 569 5022 tiae
597 4968 717 5023 boni
765 4977 814 5021 et
864 4968 1010 5033 mali,
1070 4980 1116 5023 et
1158 4971 1439 5023 immaturo
1494 4982 1724 5040 tempore
1779 4972 2039 5040 percipere

466 5059 714 5127 roluisse,
762 5061 901 5129 quod
923 5060 996 5114 eis
1042 5060 1265 5113 dilatum
1319 5064 1658 5131 opportunius
1696 5064 2036 5125 serrabatnr;

458 5151 616 5221 idque
654 5151 817 5222 egisse
855 5160 1182 5216 tentatorem,
1235 5163 1287 5204 ut
1312 5154 1707 5223 prm‘cerpendo,
1739 5154 1877 5223 quod
1909 5170 2037 5207 non-

2157 3248 2396 3309 tempore
2422 3239 2689 3308 perfectae
2728 3255 2856 3295 suae
2912 3242 3227 3312 sapientiae,
3294 3259 3401 3314 qua
3465 3245 3615 3298 Deum
3659 3249 3706 3293 et

2153 3340 2550 3402 consequenter
2591 3343 2895 3388 creaturam
2939 3333 3141 3404 absque
3166 3335 3275 3389 ullo
3299 3353 3489 3390 errore
3515 3335 3707 3401 ullispte

2154 3423 2387 3477 carnalis
2424 3424 2897 3493 concupiscentiae
2946 3423 3398 3478 delccuttionilars
3446 3438 3707 3495 cognosce-

2153 3523 2254 3578 ret,
2283 3514 2678 3582 probiberctur.
2725 3513 3060 3583 lmpossibile
3103 3516 3301 3584 quippe
3345 3526 3452 3580 est,
3482 3512 3708 3584 cognitio-

2153 3623 2273 3660 nem
2306 3614 2587 3661 creaturae
2611 3606 2868 3676 iinpedire
2893 3605 2933 3635 ¹⁷
2965 3606 3270 3659 rationabili
3290 3607 3524 3672 animae,
3552 3606 3597 3658 in
3620 3616 3704 3672 qua

2153 3697 2388 3767 perfecla
2420 3696 2799 3767 contemplatio
2825 3695 3097 3752 Creatoris
3144 3695 3331 3765 incipit
3378 3696 3573 3750 lucere.
3624 3690 3707 3747 Ubi

2154 3804 2280 3841 vero
2307 3786 2602 3855 speculatio
2647 3794 2875 3841 naturae
2920 3787 3169 3841 conditae
3212 3786 3511 3839 conditoris
3552 3781 3712 3851 cogni-

2154 3879 2350 3931 tionem
2382 3876 2674 3945 praecedit,
2724 3876 2977 3944 quoniam
3027 3874 3328 3945 pbantasiis
3376 3883 3431 3927 et
3472 3867 3710 3926 illecebris

2153 3986 2208 4021 re
2220 3984 2333 4021 1-11111
2361 3966 2695 4022 sensibilium
2718 3981 2907 4021 carere
2932 3983 3035 4021 non
3060 3975 3256 4036 potest,
3288 3978 3553 4033 nunquam
3571 3974 3710 4015 error

2150 4060 2343 4121 deerit,
2396 4058 2501 4111 nisi
2549 4057 2600 4110 iu
2652 4056 2759 4122 bis,
2801 4056 2892 4126 qui
2946 4056 3114 4110 divini
3162 4055 3295 4109 radii
3331 4053 3607 4124 splendore
3633 4064 3712 4102 su-

2151 4149 2351 4219 perfusi
2384 4157 2627 4228 ,.t‘CClae
2680 4146 3153 4217 contemplationis
3193 4145 3417 4199 semitas
3462 4145 3705 4209 carpunt,

2149 4241 2356 4309 scipsos
2382 4227 2435 4295 et
2468 4237 2635 4294 Deum
2676 4254 2833 4293 suum
2861 4246 3204 4307 quaerentes,
3232 4235 3284 4289 in
3317 4235 3510 4304 quibus
3551 4227 3711 4300 pro'e-

2150 4342 2237 4387 cto
2273 4332 2546 4387 Creatoris
2593 4330 2830 4398 cognitio
2868 4336 3150 4383 creaturae
3185 4326 3548 4395 cognitionem
3575 4332 3711 4391 prae-

2150 4425 2314 4479 cedit.
2354 4422 2467 4477 Non
2501 4437 2629 4492 ergo
2657 4430 2904 4476 creatura
2943 4420 3083 4473 mala
3124 4427 3226 4484 est,
3280 4432 3453 4486 neque
3494 4414 3603 4483 eius
3626 4423 3708 4464 c0-

2150 4515 2319 4587 gnitio
2356 4515 2431 4578 ",
2458 4514 2549 4567 sed
2580 4528 2865 4582 perversos
2896 4511 3232 4565 rationabilis
3276 4510 3489 4563 animae
3530 4512 3705 4563 motus,

2150 4624 2256 4678 quo
2302 4607 2599 4663 conditoris
2654 4604 3078 4674 speculationem
3129 4603 3350 4666 deserit,
3399 4610 3453 4655 et
3497 4599 3706 4667 seipsaut

2150 4700 2433 4755 libidinoso
2464 4698 2755 4767 illicitoque
2802 4695 3039 4766 appetitu
3073 4695 3126 4748 in
3182 4708 3421 4747 amorem
3460 4684 3708 4746 sensibilis

2149 4792 2409 4848 materiae
2464 4789 2755 4845 mortiferis
2788 4788 2829 4820 "
2869 4786 3142 4859 gressibus
3190 4784 3377 4849 ﬂectit,
3434 4784 3589 4842 unde,
3620 4778 3707 4831 nisi

2147 4885 2295 4952 prius
2321 4881 2499 4937 divina
2534 4879 2704 4949 gratia
2737 4877 2982 4943 liberata,
3014 4877 3189 4931 redire
3232 4892 3337 4929 non
3378 4875 3589 4943 poterit.
3614 4867 3712 4921 llu-

2147 4988 2305 5026 mana
2350 4970 2611 5040 siquidem
2656 4978 2868 5033 natura,
2903 4978 2959 5021 ut
2997 4969 3073 5021 ait
3113 4979 3335 5021 sanctus
3377 4963 3706 5034 Augustinaes,

2148 5062 2335 5114 idonea
2366 5060 2465 5113 fuit
2493 5073 2590 5127 per
2611 5058 2839 5112 liberum
2871 5058 3154 5111 arbitrium
3189 5055 3467 5109 vulnerare
3496 5068 3552 5106 se
3576 5049 3708 5115 πίνη

2146 5169 2275 5207 vero
2308 5152 2587 5206 vulnerata
2617 5159 2669 5204 et
2695 5150 2957 5215 sauciata,
3004 5150 3193 5204 idonea
3223 5164 3329 5202 non
3358 5158 3439 5201 est
3468 5161 3563 5216 per
3592 5142 3706 5195 libe-

1732 5289 1985 5342 \'ARIAE
2024 5286 2424 5344 LECTIONES.

524 5435 540 5464 ⁶
576 5437 670 5491 Sic
698 5434 781 5491 CF
807 5452 820 5499 ;
849 5435 890 5491 Δ
921 5452 1038 5489 cum
1066 5435 1196 5489 Deo.
1274 5434 1295 5464 ¹
1320 5432 1410 5488 Sic
1444 5430 1563 5491 (2F;
1593 5431 1631 5484 A
1659 5440 1725 5483 et.

458 5497 571 5564 CF;
605 5505 647 5559 Α
682 5497 881 5560 valeret
905 5522 1023 5560 eum
1049 5503 1366 5558 attralterct.

461 5573 950 5644 tliximusiyropter
1003 5574 1205 5644 aliquos
1260 5583 1312 5625 ut
1364 5588 1473 5626 11111.
1521 5571 1604 5625 CF

460 5640 504 5670 ³⁸
538 5644 626 5699 Sic
671 5641 797 5708 Cl";
839 5640 879 5697 Α
906 5647 955 5699 in
985 5640 1213 5699 aeterno.
1296 5644 1337 5675 ¹¹⁶
1379 5644 1441 5695 ub
1469 5658 1552 5695 om
1585 5641 1687 5694 (EF.

463 5712 746 5784 tifrrisque,

1443 5503 1462 5533 '
1494 5502 1533 5554 Α
1561 5502 1715 5569 inque
1734 5511 1968 5554 mortem.

1804 5431 1825 5461 ³
1853 5431 1958 5497 ipse
1984 5446 2093 5483 (1111.
2125 5430 2189 5483 Δ.

1705 5572 1744 5601 ¹²
1794 5570 2106 5635 .ingnstinus
2152 5587 2260 5622 11111.
2313 5569 2377 5621 Λ.

2269 5427 2289 5459 ³
2320 5428 2410 5482 Sic
2434 5428 2551 5491 CF;
2583 5427 2626 5481 A
2654 5427 2826 5480 unius.
2906 5427 2927 5456 ³
2965 5424 3053 5477 Sic
3076 5423 3139 5485 A;
3165 5422 3249 5475 (ΣΡ
3277 5420 3502 5475 risibilis.
3538 5415 3708 5491 rr'fic

2046 5504 2066 5529 "
2096 5499 2135 5552 Α
2162 5516 2409 5554 servasse.
2488 5502 2507 5531 ⁹
2533 5486 2568 5552 Α
2598 5500 2853 5567 inquiens.
2882 5566 2887 5567 ί
2949 5495 2992 5525 ¹⁰
3020 5494 3104 5547 (ξιτ
3138 5510 3249 5567 esse
3276 5493 3470 5567 risu-tn:
3532 5490 3572 5519 "
3607 5486 3708 5540 Hoc

2475 5569 2519 5599 ¹³
2557 5560 2814 5624 Βὶιῖαῐθζ
2865 5566 2903 5619 Α
2960 5583 2990 5617 α
3042 5566 3273 5616 raritate.
3352 5560 3396 5593 “
3448 5560 3480 5611 Λ
3534 5575 3705 5610 causa.

1779 5643 1816 5672 ¹⁷
1852 5631 1939 5691 Sir
1979 5639 2093 5703 (LF;
2126 5641 2163 5692 Α
2199 5640 2457 5708 impediri.
2539 5640 2577 5669 "
2622 5638 2845 5701 Sieiil';
2894 5639 2929 5689 .\
2962 5634 3341 5707 cogniziorjns.
3422 5631 3460 5662 "
3507 5631 3537 5681 ἃ
3584 5642 3710 5679 inc-r-
