3898 6154
226 232 357 298 8ιὸ

1108 232 1197 289 DE
1237 230 1574 289 DIVISIONE
1612 229 1966 286 NATUR’AE.
2006 259 2076 269 —
2117 227 2312 281 unca
2353 229 2441 295 Ql}
2465 226 2703 282 \ilTL‘S.

3432 218 3550 274 Sitiw

225 365 370 404 rum
398 346 683 409 arbitrium
710 360 907 403 sanare
947 359 1029 402 se.
1061 346 1170 401 Sed
1201 347 1270 401 ad
1309 362 1396 414 ea,
1426 360 1566 417 quae
1607 352 1837 407 restant,
1869 352 1913 409 Α
1943 343 2124 413 imago
2163 340 2306 395 enim
2353 340 2468 405 De:
2516 341 2582 395 ad
2620 357 2780 410 quam
2818 340 2979 396 homo
3022 338 3195 394 factus
3238 345 3340 402 est,
3390 338 3535 392 omni

222 438 682 494 ratiocinationis
717 438 824 491 iter
861 445 947 492 est
988 437 1342 506 carpendum.

300 530 407 584 23.
448 529 590 585 Mm.
628 527 766 596 Quid
794 529 999 584 restat?
1037 527 1156 583 Non
1181 529 1247 585 de
1276 529 1527 600 paradiso
1574 528 1707 584 satis
1753 537 1837 583 est

220 618 449 674 dictum
475 620 501 673 ?
549 619 685 673 Nam
732 619 860 673 dum
899 619 1107 674 crimen
1143 619 1198 673 in
1237 619 1518 674 mulierem
1547 658 1562 684 ,
1603 627 1663 672 ut
1698 626 1836 672 atte-

220 717 439 763 nuaret
466 708 707 763 mulieris
727 722 948 763 causam
981 719 1038 762 et
1060 722 1238 774 suam,
1273 706 1523 771 removit,
1555 704 1623 759 de
1663 719 1841 761 remo-

222 800 392 853 tione
421 797 685 863 criminis,
735 811 844 867 qua
889 794 1206 867 obiurgatus
1237 796 1419 851 divina
1448 808 1578 850 voce
1608 794 1781 849 Adam
1815 795 1830 824 ¹

221 886 459 958 culpam
482 887 534 943 in
559 902 705 953 eum,
735 890 830 957 qui
852 886 953 941 sibi
977 885 1259 941 mulierem
1279 884 1445 949 dedit,
1474 884 1647 953 deque
1674 883 1844 952 ipsius

224 977 490 1030 mulieris
526 976 846 1040 remotione,
880 990 987 1045 qua
1018 989 1237 1030 causam
1273 973 1749 1044 praevaricationis
1786 972 1842 1026 in

223 1076 554 1134 serpentem
588 1063 787 1131 refert,
827 1065 1081 1135 quoniam
1112 1066 1181 1120 ab
1212 1064 1610 1135 expositoribus
1634 1077 1845 1118 {sacrae

225 1156 563 1227 Scripturae
576 1156 711 1211 satis
722 1165 804 1211 est
822 1155 1148 1221 discussum,
1177 1168 1286 1210 non
1312 1146 1675 1210 necessarium
1698 1152 1845 1208 arbi-

225 1257 356 1302 tror
373 1249 577 1304 dicere.
606 1248 751 1303 Disc.
766 1246 1139 1303 Necessarium
1155 1248 1393 1318 quidem,
1418 1246 1674 1317 valdeque
1696 1246 1845 1300 utile.

224 1335 435 1392 Potest
457 1337 602 1392 enim
618 1336 842 1403 fieri,-ut
865 1336 1111 1392 fortassis
1137 1337 1259 1407 quis
1278 1336 1569 1402 existimet,
1600 1335 1848 1390 remotio-

224 1443 343 1483 nes
363 1427 531 1498 ipsas,
557 1427 752 1497 quibus
771 1436 826 1481 et
846 1426 929 1481 vir
949 1426 1003 1481 in
1030 1426 1310 1481 mulierem
1335 1426 1437 1482 sibi
1458 1427 1622 1481 a.Deo
1645 1426 1863 1492 datam,

224 1535 298 1574 ac
316 1534 425 1590 per
434 1519 542 1574 hoc
559 1518 612 1572 in
631 1517 870 1572 mulieris
882 1518 1142 1580 datorem,
1164 1516 1356 1572 mulier
1368 1526 1548 1573 autem
1564 1517 1617 1571 in
1634 1531 1854 1586 serpen-

227 1619 352 1663 tem
366 1608 709 1665 occasionem
724 1608 931 1679 peccati
949 1623 1121 1663 remov
1135 1608 1197 1674 it,
1219 1617 1363 1664 ratas
1375 1608 1658 1679 justasque
1670 1606 1854 1678 apolo-

1938 448 2067 487 sexu
2112 431 2279 486 libera
2329 440 2411 485 est
2462 441 2517 485 et
2564 431 2829 486 absoluta.
2885 432 3082 495 Aliam,
3140 431 3294 492 dicis,
3354 430 3537 500 ignore

1938 538 2153 594 praeter
2180 539 2322 589 eam,
2360 539 2521 593 quam
2572 524 2872 590 introduxi,
2926 534 2981 578 et
3031 539 3061 577 a
3116 533 3167 577 te
3212 523 3551 576 infirmatam

1940 616 2115 671 video.
2158 616 2345 681 Miror,
2376 632 2474 671 cur
2505 625 2555 672 te
2581 617 2718 672 dicis
2742 617 2993 688 ignorare
3016 632 3080 671 ea
3102 656 3116 680 ,
3147 630 3284 684 quae
3316 622 3536 683 propter

1942 717 2091 761 tuam
2119 706 2537 761 inobedicntiam
2569 716 2732 776 atque
2753 707 3057 777 superbiam
3084 704 3223 759 facta
3247 713 3390 757 sunt.
3429 702 3539 771 ligo

1943 805 2145 862 autem,
2174 797 2265 866 qui
2296 797 2348 851 in
2387 804 2439 850 te
2468 798 2707 867 peccavi,
2740 806 2794 853 et
2821 797 3094 869 peccando
3126 804 3371 850 mortuus
3398 808 3536 854 sum,

1944 901 2050 940 non
2074 886 2284 957 ignoro.
2324 884 2540 958 Clamat
2568 886 2713 941 enim
2747 887 2800 940 in
2831 902 2918 941 me
2954 887 3273 941 inconcussa
3300 894 3352 939 et
3378 898 3538 953 aper-

1948 979 2151 1033 tissima
2179 981 2335 1044 ratio,
2360 980 2504 1050 quod
2526 981 2689 1034 etiam
2715 979 2975 1050 approbat
3003 978 3290 1032 multorum
3315 976 3536 1031 Patrum

1946 1069 2259 1134 auctoritas,
2286 1070 2429 1138 quod
2456 1070 2502 1124 si
2535 1051 2769 1123 humana
2800 1078 2992 1123 natura
3023 1069 3077 1122 in
3111 1068 3222 1138 ipsa
3254 1067 3536 1136 simplicis-

1949 1159 2085 1214 sima
2125 1162 2599 1232 sinccrissimaque
2645 1161 2857 1218 divinae
2904 1162 3152 1233 imaginis
3206 1162 3541 1229 beatitudine

1949 1260 2309 1318 permaneret,
2338 1250 2467 1304 nulli
2497 1251 2648 1306 sexui
2680 1249 3078 1316 succumberet,
3110 1250 3309 1305 nullam
3350 1259 3539 1306 contui

1950 1338 2225 1394 meliosam
2259 1340 2697 1411 propagationem
2725 1341 2865 1396 sicut
2910 1341 3217 1411 insipientia
3246 1340 3268 1371 ‘
3298 1341 3541 1396 animan-

1952 1432 2026 1486 tia
2052 1432 2276 1488 subiret.
2316 1432 2579 1500 Quoniam
2626 1449 2751 1489 vero
2792 1433 3139 1504 indignitate
3173 1433 3293 1498 illa,
3334 1433 3387 1487 in
3431 1447 3538 1503 qua

1953 1524 2167 1579 condita
2208 1523 2232 1556 ⁸
2274 1533 2394 1590 εει,
2459 1539 2808 1595 perseverare
2850 1524 3056 1591 noluit,
3103 1525 3198 1580 sed
3240 1524 3545 1595 ignobiliter

1956 1615 2101 1670 inter
2124 1625 2303 1672 cetera
2340 1617 2595 1672 animalia
2634 1617 2978 1689 multiplicari
3021 1617 3203 1685 elegit,
3251 1617 3390 1672 idem
3429 1616 3543 1685 ipse

224 1707 357 1777 glas
393 1705 585 1769 fuisse.
612 1702 1201 1775 υιιὶοηειιιιοὶιιάἰεηθε,
1220 1702 1465 1758 ιιὶεἱνεηι
1479 1702 1690 1757 “Ilione
1715 1716 1844 1756 COII-
1878 1691 1925 1751 Β
1950 1709 2220 1774 conditor,
2260 1709 2516 1780 quiequid
2549 1708 2793 1766 facturus
2823 1718 2878 1765 et
2908 1709 3123 1766 futurus
3152 1709 3173 1740 ⁶
3194 1716 3337 1764 esset
3381 1709 3544 1764 homo

227 1805 565 1866 vincantur,
576 1814 640 1855 ac
656 1814 781 1854 mox
801 1798 1034 1870 injustae
1054 1806 1110 1853 et
1133 1795 1580 1868 reprehensihiles
1605 1794 1852 1850 refellan-

227 1899 352 1955 tur,
375 1890 767 1960 meritoquead
790 1890 1064 1945 cumulum
1082 1888 1421 1958 justissimae
1450 1900 1656 1959 poenae
1670 1888 1850 1942 delicti

226 1980 851 2053 pgrtinerejndicentur.
870 1980 1007 2036 Mss.
1032 1980 1302 2036 Pouamus
1326 1964 1505 2050 itaque
1520 1980 1687 2051 ipsius
1699 1980 1851 2035 Scri-

227 2082 436 2143 pturae
450 2073 632 2127 verba.
656 2073 823 2135 Dixit,
839 2073 1037 2143 inquit,
1055 2074 1244 2137 Adam,
1261 2072 1471 2138 mulier,
1486 2088 1643 2143 quam
1663 2072 1851 2126 dedisti

226 2165 441 2218 nciam
458 2165 607 2232 mihi,
626 2166 767 2219 dedit
785 2166 909 2221 mihi
928 2166 991 2220 de
1010 2165 1238 2236 ligno,‘et
1256 2165 1475 2219 comedi.
1494 2164 1613 2230 Dic,
1626 2178 1848 2234 quaeso,

230 2253 441 2319 Adam,
460 2255 582 2323 quis
602 2254 695 2309 tibi
721 2254 999 2327 mulierem
1015 2255 1203 2310 dedit?
1231 2254 1509 2319 Dominus,
1535 2254 1734 2323 inquis,
1757 2252 1850 2322 qui

233 2360 367 2399 eam
402 2344 680 2400 formavit.
723 2345 937 2414 Quaero
967 2361 999 2400 a
1028 2354 1100 2411 te,
1132 2362 1231 2400 cur
1253 2345 1395 2400 Deus
1426 2360 1547 2399 eam
1574 2343 1849 2408 formavit,

233 2435 456 2505 tibique
468 2435 612 2490 dedit
629 2436 775 2491 ?Cur
788 2446 842 2491 te
858 2437 1175 2501 dormiente,
1193 2436 1296 2491 hoc
1310 2445 1415 2503 est,
1430 2435 1623 2490 mentis
1642 2437 1848 2491 contui-

234 2534 358 2579 tmn
384 2542 417 2580 a
448 2529 902 2598 contemplatione
951 2529 1201 2584 veritatis
1244 2530 1298 2583 in
1336 2543 1575 2583 amorem
1611 2527 1845 2582 carnalis

232 2617 484 2691 coajugii
517 2621 841 2675 connivente
892 2622 935 2686 ’,
977 2629 1185 2676 costam
1228 2622 1293 2676 de
1326 2620 1495 2675 latere
1527 2628 1620 2674 tuo
1660 2618 1846 2684 traxit,

234 2710 307 2763 de
331 2724 448 2780 qua
477 2709 756 2765 mulierem
786 2711 943 2777 fecit,
971 2727 1133 2782 quam
1164 2712 1257 2766 tibi
1284 2711 1530 2781 peccanti
1560 2724 1726 2780 seque
1755 2710 1849 2764 de-

234 2800 454 2856 screnti
492 2801 680 2856 dedit?
717 2800 828 2857 Cur
852 2818 959 2857 non
1000 2802 1193 2857 eodem
1224 2802 1402 2867 modo,
1447 2815 1554 2870 quo
1602 2809 1652 2855 te
1695 2798 1844 2865 fecit,

236 2891 562 2957 mulierem,
604 2906 767 2962 quam
806 2893 899 2949 tibi
930 2894 1099 2959 daret,
1133 2892 1366 2947 fecerit?
1404 2890 1482 2945 Tu
1507 2890 1622 2961 ipse
1640 2889 1707 2945 de
1738 2898 1848 2943 ter-

236 2998 381 3039 rena
408 2983 576 3039 humo
619 2983 641 3015 ³
666 2985 880 3050 merito,
919 2986 1007 3056 qui
1038 2984 1290 3040 caelestia
1332 2984 1590 3038 deserens
1631 2992 1846 3038 terrena

237 3075 489 3147 elegisti,
516 3075 689 3131 factus
714 3090 793 3131 es.
835 3055 1026 3132 Mulier
1057 3086 1146 3131 tua
1182 3092 1249 3131 ex
1282 3075 1450 3130 latere
1498 3083 1591 3130 tuo
1630 3082 1840 3144 sumpta
1871 3055 1919 3118 (ἶ

237 3177 347 3222 est'
394 3179 793 3239 congruenter,
848 3169 1105 3239 quoniam
1156 3184 1317 3224 causa
1369 3169 1846 3237 praevaricationis

239 3270 379 3317 tuae
425 3277 500 3318 εκ·
539 3262 707 3333 teipso
747 3271 867 3318 orta
904 3271 1004 3317 est.
1037 3261 1456 3332 Respondebis,
1501 3262 1683 3327 credo,
1713 3262 1869 3319 haec

238 3352 434 3407 omnia
487 3352 630 3408 Deus
681 3352 831 3417 fecit,
877 3352 1002 3423 quia
1050 3351 1251 3417 voluit;
1302 3361 1357 3406 et
1408 3351 1531 3405 ideo
1574 3351 1652 3405 sic
1693 3350 1843 3417 fecit,

239 3441 377 3512 quia
405 3440 488 3497 sic
507 3440 808 3497 faciendum
839 3442 1125 3511 praevidit,
1153 3441 1245 3511 qui
1285 3441 1486 3508 omnia,
1510 3457 1848 3511 quaecunque

239 3532 438 3597 coluit,
472 3532 612 3603 fecit.
653 3533 759 3589 Sed
780 3537 955 3589 adhuc
985 3550 1016 3589 a
1049 3541 1100 3588 te
1128 3549 1355 3604 quaero,
1383 3548 1551 3604 quare
1576 3535 1654 3590 sic
1679 3535 1847 3589 voluit

242 3622 538 3678 mulierem
571 3623 665 3679 tibi
691 3623 914 3680 facere?
951 3624 1106 3691 Quis,
1138 3624 1370 3693 inquies,
1400 3624 1613 3680 divinae
1650 3625 1845 3680 volun—

244 3716 384 3770 tatis
406 3729 600 3770 causas
640 3724 818 3791 potest
847 3716 1215 3785 investigare?
1257 3715 1387 3781 Quis
1432 3717 1568 3770 enim
1612 3717 1846 3786 cognovit

197 3840 203 3851 ι
242 3821 463 3860 sensum
492 3804 755 3861 Domini?
788 3807 1008 3878 Ignoras
1058 3808 1242 3878 igitur,
1292 3822 1396 3878 qua
1447 3808 1658 3863 ratione
1702 3808 1845 3865 Deus

242 3892 384 3949 fecit
421 3894 725 3962 mulierem,
758 3911 917 3967 quam
948 3895 1042 3952 tibi
1070 3896 1256 3951 dedit?
1293 3896 1505 3964 Ignoro,
1552 3898 1751 3967 inquis,
1800 3900 1855 3953 si

245 4001 365 4041 nou
400 3986 457 4040 in
498 3986 821 4057 adjutorium
858 3988 1268 4059 propagationis-
1296 3998 1351 4044 et
1390 3989 1861 4059 multiplicationis

244 4080 529 4137 humanae
565 4091 790 4137 naturae
817 4122 832 4148 ,
870 4096 1010 4151 quae
1046 4083 1101 4137 in
1138 4097 1224 4138 me
1259 4082 1512 4152 primitus
1560 4084 1707 4138 facta
1740 4092 1845 4150 est,

244 4179 313 4225 et'
343 4186 416 4225 ex
454 4172 871 4241 meauspicium
906 4171 1298 4242 procreationis
1342 4171 1568 4241 accepit.
1604 4171 1703 4225 Hic
1750 4170 1860 4227 tibi

245 4278 508 4328 occurro,
548 4279 782 4334 veraque
810 4266 1020 4320 ratione
1050 4264 1212 4319 talem
1241 4265 1591 4320 intentionem
1626 4264 1845 4335 repello.

1953 1814 2212 1870 perverso
2241 1808 2389 1855 motu
2418 1799 2624 1856 liberae
2649 1800 2940 1856 voluntatis
2963 1800 3224 1869 perditus,
3257 1797 3541 1869 praevidit,

1953 1892 2039 1946 et"
2068 1890 2335 1960 duplicem
2363 1908 2576 1958 sexum,
2606 1908 2704 1964 per
2732 1909 2891 1964 quem
2919 1901 3310 1964 propagaretur
3337 1891 3540 1947 bestia-

1952 1997 2072 2036 rum
2096 1981 2285 2047 instar,
2318 1984 2706 2053 super-addidit.
2746 1984 2885 2053 Quid
2909 2000 3037 2056 ergo
3065 1999 3313 2039 removes
3339 1984 3391 2038 in
3418 1999 3545 2037 mu-

1952 2071 2140 2127 lierem
2198 2074 2679 2144 praevaricationis
2727 2083 2852 2129 tuae
2890 2074 3253 2139 occasionem,
3311 2089 3434 2129 cum
3486 2074 3545 2127 in

1954 2165 2126 2235 teipso
2173 2166 2535 2236 superbiente,
2595 2165 2873 2237 Deumque
2919 2175 3068 2220 tuum
3115 2174 3426 2235 spernente,
3478 2180 3545 2218 ac

1951 2270 2049 2325 per
2073 2256 2175 2311 hoc
2195 2256 2498 2322 deserente,
2530 2255 2808 2311 faciendae
2831 2256 3072 2310 mulieris
3100 2270 3262 2310 causa
3292 2268 3545 2325 praeces-

1951 2348 2113 2403 serit?
2135 2348 2287 2414 Quod
2309 2348 2470 2403 etiam
2493 2348 2669 2403 divina
2695 2348 2869 2403 ironia
2889 2348 3226 2418 apertissime
3241 2348 3261 2380 ⁸
3278 2346 3543 2412 declarat,

1950 2455 2090 2510 quae
2137 2439 2306 2494 dicit:
2339 2438 2463 2494 Non
2505 2450 2579 2493 est
2610 2440 2798 2492 bonum
2830 2439 3089 2493 hominem
3135 2454 3244 2491 esse
3290 2437 3461 2491 solum
3494 2437 3546 2493 θ»

1950 2528 2211 2599 faciamus
2243 2530 2289 2583 ei
2316 2528 2640 2598 adjutorium
2668 2528 2856 2582 simile.
2900 2528 2979 2582 Ac
3012 2528 3056 2581 si
3086 2534 3271 2597 aperte
3299 2526 3535 2581 diceret:

1950 2635 2058 2675 non
2085 2619 2299 2676 videtur
2320 2619 2547 2684 homini,
2577 2633 2739 2690 quem
2783 2620 2851 2673 ad
2888 2617 3180 2687 imaginem
3208 2627 3263 2671 et
3290 2600 3545 2671 similitu-

1951 2708 2131 2765 dinem
2164 2718 2403 2764 nostram
2434 2708 2681 2774 fecimus,
2714 2709 2916 2765 bonum
2947 2721 3067 2763 esse
3096 2706 3289 2771 solum,
3324 2707 3425 2760 hoc
3454 2715 3540 2759 est

1951 2802 2246 2871 simplicem
2292 2811 2455 2873 atque
2486 2801 2817 2874 perfectum,
2849 2802 3329 2872 universaliterque
3352 2801 3468 2856 sine
3498 2800 3542 2833 ⁸⁸

1950 2894 2214 2950 divisione
2242 2904 2467 2950 naturae
2497 2895 2550 2949 in
2594 2910 2756 2950 sexus
2803 2896 2868 2950 ad
2918 2894 3326 2949 similitudinem
3372 2908 3535 2964 ange-

1951 2983 2085 3039 licae
2108 2992 2341 3039 naturae
2355 2984 2655 3040 absolutum
2678 2999 3017 3055 permanere,
3043 2985 3134 3039 sed
3167 2999 3391 3055 pronum
3414 2999 3541 3053 pro-

1949 3075 2255 3146 clivumque
2295 3076 2335 3105 “
2375 3076 2442 3130 ad
2482 3083 2727 3130 terrenos
2761 3076 2936 3130 coitus
2963 3077 3163 3145 pariter
3187 3092 3307 3131 cum
3350 3077 3538 3131 hostiis

1948 3182 2123 3233 ruere,
2149 3182 2217 3222 ac
2240 3166 2319 3222 sic
2347 3167 2389 3197 "
2419 3167 2677 3221 unitatem
2702 3172 2927 3221 naturae
2949 3182 3044 3235 per
3069 3165 3340 3221 carnalem
3376 3180 3539 3235 gene-

1948 3261 2221 3313 rationem
2241 3273 2508 3327 sexusque
2539 3272 2829 3328 corporeos
2855 3258 3190 3314 seminaliter
3213 3258 3538 3327 multiplica-

1947 3364 2026 3414 re,
2061 3349 2369 3404 caelestium
2411 3364 2759 3404 numerorum
2791 3348 3250 3418 multiplicationis
3276 3348 3535 3418 dignitate

1946 3449 2269 3516 contempta.
2288 3440 2570 3495 Faciamus
2583 3455 2713 3511 ergo
2725 3440 2772 3495 ei
2788 3441 3110 3510 adjutorium
3126 3440 3320 3503 simile,
3337 3454 3444 3508 quo
3462 3438 3538 3501 id,

1946 3533 2088 3602 quod
2105 3532 2326 3602 appetit,
2344 3547 2601 3603 peragere
2622 3532 2813 3601 possit,
2838 3530 3094 3587 feminam
3112 3530 3377 3594 videlicet,
3396 3544 3538 3598 quae

1947 3623 2218 3688 similiter,
2250 3633 2310 3677 ut
2336 3623 2627 3687 masculus,
2667 3622 2873 3692 fragilis
2907 3637 2971 3677 ac
3001 3621 3240 3687 lubrica,
3291 3630 3553 3674 terrenas-

1949 3722 2165 3784 appetat
2202 3713 2688 3782 concupiscentias.
2721 3712 2789 3767 Et
2827 3712 2929 3767 hoc
2959 3721 3064 3777 est,
3093 3711 3237 3781 quod
3266 3725 3364 3780 per
3390 3710 3535 3763 anti-

1949 3805 2277 3875 cipationem
2321 3804 2601 3874 Scriptura
2632 3802 2841 3875 profert
2884 3803 3071 3858 dicens
3102 3821 3113 3856 :
3146 3801 3441 3855 Masculum
3481 3809 3529 3854 et

1948 3896 2196 3965 feminam
2222 3894 2343 3964 fecit
2367 3911 2477 3960 eos,
2510 3908 2636 3948 vasa
2667 3893 2913 3948 videlicet
2942 3892 3308 3963 procreandae
3330 3906 3525 3944 carna-

1948 3988 2074 4044 liter
2096 3988 2141 4021 ¹³
2170 3988 2357 4058 prolis,
2384 3996 2567 4058 spreta
2594 3985 2853 4056 dignitate
2899 3984 3112 4038 divinae
3139 3980 3387 4050 imaginis
3412 3980 3532 4047 spi-

1948 4078 2263 4148 ritualisque
2312 4076 2736 4132 numerositatis.
2787 4073 2898 4129 Cur
2954 4073 3136 4141 itaque
3192 4068 3535 4140 praevarica-

1950 4172 2110 4227 tionis
2141 4181 2265 4227 tuae
2304 4184 2545 4233 causam,
2576 4183 2714 4238 quae
2759 4167 2813 4221 in
2858 4165 3086 4236 teipsum
3116 4163 3438 4226 refunditur,
3475 4161 3526 4213 in

1949 4261 2252 4326 mulierem,
2280 4275 2442 4331 quam
2474 4259 2570 4313 tibi
2600 4258 2825 4314 Creator
2852 4258 2974 4311 tuus
2996 4257 3160 4319 dedit,
3190 4253 3273 4308 vel
3299 4260 3446 4306 certe
3468 4252 3523 4305 in

247 4351 371 4407 Non
406 4353 553 4407 enim
581 4353 815 4408 humana
846 4365 1039 4410 natura
1068 4355 1847 4427 ignominiosaegenerationis
1871 4394 1924 4456 Β
1950 4352 2124 4423 ipsum
2174 4350 2487 4408 Creatorem
2538 4362 2817 4403 removere
2855 4345 3106 4402 conaris?
3160 4343 3305 4398 Talis
3349 4341 3530 4410 itaque

549 4445 561 4456 ι
721 4447 742 4456 -
829 4448 842 4456 .
946 4448 959 4456 .
1056 4449 1069 4456 .
1132 4448 1184 4456 -..
1269 4449 1302 4456 .-
1396 4450 1409 4456 -
1533 4450 1544 4456 -
1616 4442 1623 4447 ο
1656 4449 1669 4456 -
1694 4448 1746 4456 ...
2111 4445 2141 4456 ,1
2281 4443 2292 4456 ο
2357 4443 2368 4455 ι
2415 4442 2426 4454 ι
2535 4441 2567 4456 οι
2627 4441 2641 4456 ι
2682 4439 2717 4456 n,
2800 4439 2931 4456 -_,,-A
3011 4436 3190 4456 ,διηιξι
3255 4433 3519 4456 --.-.--.1.-...

247 4459 323 4498 ex
358 4445 600 4501 masculo
634 4456 690 4501 et
716 4447 916 4503 femina
944 4448 997 4503 in
1025 4448 1373 4504 similitudine
1396 4442 1845 4504 irrationabilium
1871 4433 2181 4535 "’remotio
2217 4442 2473 4499 criminis
2495 4441 2570 4496 nil
2609 4439 2938 4496 defensionis
2970 4436 3219 4499 contulit,
3250 4433 3522 4489 cumulum

247 4537 573 4592 animalium
594 4538 897 4611 indigeret,
919 4540 965 4597 si
1000 4540 1380 4611 superbiendo,
1434 4555 1672 4611 suaeque
1712 4541 1845 4595 sim-

248 4625 533 4695 plicitatis,
575 4627 629 4681 in
658 4642 764 4698 qua
800 4629 869 4684 ad
895 4629 1184 4701 imaginem
1214 4629 1309 4685 Dei
1352 4631 1567 4686 condita
1593 4639 1699 4696 est,
1729 4629 1846 4701 pul-

250 4717 620 4774 chritudinem
648 4722 975 4791 spernendo,
1012 4723 1229 4777 modum
1281 4723 1554 4793 angelicae
1588 4722 1845 4792 multipli-

250 4807 504 4872 catiouis,
538 4810 628 4878 qui
657 4812 900 4876 omnino,
930 4821 989 4865 ut
1018 4826 1178 4881 saepe
1198 4813 1311 4883 jam
1358 4812 1560 4867 dictum
1606 4822 1709 4878 est,
1754 4826 1840 4867 se-

252 4912 430 4952 xtuun
469 4901 659 4970 copula
705 4911 878 4969 caret,
920 4918 1027 4959 non
1068 4904 1362 4960 desereret.
1411 4903 1624 4970 Quaere
1661 4906 1842 4977 itaque

251 4989 415 5043 etiam
444 4993 728 5057 rationem,
760 5009 866 5063 qua
895 4994 1068 5063 possis
1096 5008 1368 5059 asserere,
1397 5010 1495 5048 cur
1524 4996 1619 5050 tibi
1652 4998 1846 5054 mulier

253 5072 389 5134 data
425 5088 549 5136 est:
579 5081 680 5136 ista
724 5082 1013 5152 siquidem,
1055 5098 1214 5153 quam
1262 5085 1514 5155 posuisti,
1565 5086 1696 5141 falsa
1739 5098 1841 5143 est.

1950 4552 2080 4594 vero
2120 4537 2484 4591 damnationis
2529 4533 2890 4604 exaggeravit.
2953 4530 3059 4585 Sed
3113 4527 3362 4583 fortassis
3407 4526 3531 4597 quis

1945 4632 2109 4694 dicat,
2133 4630 2275 4701 quod
2295 4644 2394 4684 nos
2417 4628 2461 4661 “
2483 4626 2785 4698 coniugium
2808 4624 3079 4697 prolisque
3099 4622 3532 4694 procreationem

1901 4759 1912 4774 .
1946 4720 2408 4790 reprehendimus,
2433 4718 2559 4773 dum
2583 4717 2900 4772 divisionem
2938 4725 3163 4769 naturae
3189 4714 3452 4768 humanae
3477 4711 3529 4764 in

1946 4813 2244 4868 masculum
2273 4819 2328 4866 et
2353 4810 2627 4875 feminam,
2659 4824 2885 4877 quorum
2914 4806 3099 4876 copula
3128 4815 3197 4860 et.
3219 4804 3524 4874 conjugium

1946 4917 2001 4963 et
2027 4907 2256 4962 ﬁliorum
2283 4904 2597 4976 propagatio
2634 4910 2968 4971 naturaeque
3011 4897 3378 4968 augtneulatio
3406 4910 3527 4965 per-

1948 4999 2149 5063 ficitur,
2175 4998 2366 5052 merito
2390 4995 2595 5065 peccati
2620 4992 2783 5047 fuisse
2812 4991 3163 5045 allii-mantus.
3184 4990 3279 5044 Cui
3301 5002 3533 5056 respon-

1948 5090 2194 5146 debimus
2222 5102 2237 5142 :
2265 5086 2521 5158 Coniugia
2555 5100 2659 5140 non
2697 5085 3163 5153 reprelwndimus,
3210 5081 3261 5135 si
3286 5080 3531 5150 legitima

1562 5221 1813 5279 VAlllAE
1838 5222 2242 5294 ‘LECTIONES.

327 5356 347 5389 ί
382 5351 477 5408 Sic
511 5352 627 5419 CF;
680 5354 726 5409 A
781 5372 902 5409 nam
951 5356 1016 5410 de
1067 5356 1346 5426 remotione
1388 5356 1622 5408 criminis
1663 5373 1767 5426 qua
1831 5354 2141 5426 obiurgetur
2183 5354 2358 5426 divina
2384 5353 2729 5426 _tfoce_.ddant
2785 5353 2990 5421 culpam
3048 5349 3347 5426 remoritdin
3398 5362 3522 5426 tiru-

257 5417 463 5494 lierem,
502 5436 579 5488 et,
600 5417 657 5480 ut
704 5435 997 5480 attenuaret
1052 5425 1287 5479 mulieris
1335 5442 1570 5485 causam,
1615 5417 1823 5479 removit
1852 5417 2202 5494 cuipam-eet.

924 5496 945 5526 δ
994 5497 1084 5550 Sic
1136 5495 1253 5560 CF;
1296 5495 1592 5564 insipientia
1643 5513 1749 5549 om.
1806 5496 1871 5549 Α.

262 5555 414 5634 [ῥὶς
443 5564 527 5618 CF
547 5582 561 5631 ;
593 5565 638 5619 A
663 5566 946 5634 aptissime.
1022 5567 1042 5597 ⁹
1081 5565 1164 5620 (ΣΕ
1202 5555 1367 5619 solum
1395 5555 1654 5618 Ϊιυιηὲηιιιη
1693 5582 1837 5621 esse.

1971 5567 2080 5621 sine
2115 5583 2219 5622 om.
2254 5565 2357 5619 (LF.
2435 5565 2471 5595 ¹³
2515 5555 2611 5619 Sic.
2641 5563 2759 5627 Cl“;
2808 5563 2843 5614 λ
2873 5563 3265 5629 ίρνίίτίὲιιιτηιιμιιί.

258 5488 306 5544 Δ
357 5494 422 5547 de
450 5505 651 5550 terreno
681 5496 827 5550 (into.

1331 5652 1421 5688 nos
1462 5652 1567 5689 om.
1612 5636 1674 5689 Λ.

264 5625 379 5699 CF;
421 5637 462 5688 Δ
506 5625 707 5693 ac.si.'
749 5638 792 5669 ”
835 5637 874 5690 Α
918 5636 1166 5691 curuatis.
1249 5638 1286 5667 ”

3183 5418 3203 5449 ³
3260 5420 3348 5471 Sic
3391 5416 3519 5479 (2F;

3125 5491 3145 5521 τ
3181 5499 3225 5541 et
3270 5505 3356 5542 om
3411 5486 3517 5539 Cl“.

3345 5562 3387 5594 Η

2307 5425 2327 5454 ¹
2378 5424 2467 5479 Sic
2504 5424 2620 5488 CF;
2668 5425 2711 5477 A
2751 5432 3087 5479 convertente.

1951 5490 1970 5526 δ
2020 5496 2060 5547 Α
2114 5497 2252 5549 edita
2294 5503 2393 5548 est.
2475 5490 2495 5525 ⁸
2528 5506 2573 5547 e!
2602 5494 2811 5563 [εγω-ηε
2851 5508 2955 5543 oin.
2985 5492 3025 5543 Α
