3898 6154
443 227 543 290 837

1796 223 1914 283 1οᾹ
1923 226 2083 282 N’NIS
2116 224 2320 282 SCOTE

3560 226 3657 288 είς

444 340 574 410 sint,
624 341 901 415 prolisque
941 345 1326 414 procreamlae,
1386 358 1491 400 non
1537 341 1777 398 libidinis
1827 357 2016 413 perpe-
2047 350 2092 408 Α
2122 358 2226 397 non
2257 342 2633 412 praecederet.
2659 338 2921 411 Superbia
2949 340 3129 411 itaque
3150 342 3333 407 animi,
3357 344 3655 416 carnalisque

445 432 672 487 trandae
727 433 964 502 appetitu
1017 432 1304 501 c0pulata,
1357 434 1640 503 utriusque
1702 447 1867 488 sextus
1923 433 2025 487 ﬁde

444 530 705 591 castaque
741 522 999 590 pudicitia
1045 531 1257 577 servata
1290 526 1305 555 ¹
1342 541 1354 577 :
1390 524 1498 579 imo
1532 524 1693 579 etiam
1723 524 2024 587 laudamus,

446 613 573 681 quia
600 622 656 666 et
680 627 709 665 a
738 611 847 666 Deo
874 628 1133 669 concessa
1165 624 1290 670 sunt
1324 626 1379 671 et
1400 616 1584 687 jussu;
1620 618 1839 672 crescit:
1857 618 2029 682 enim,

444 701 716 770 inquitpet
745 702 1188 773 multiplicamini,
1215 714 1263 760 et
1293 706 1499 777 implete
1524 719 1737 762 terram.
1787 707 2026 778 Uterque

442 806 655 861 quoque
680 807 859 857 sexus,
891 794 1010 849 sine
1038 811 1151 865 quo
1169 797 1385 853 carnale
1415 799 1738 854 connubium
1766 799 1879 856 ﬁeri
1920 816 2025 855 non

442 889 638 949 potest,
687 881 831 950 quod
860 896 888 936 a
919 883 1029 939 Dco
1072 884 1246 940 factus
1290 887 1381 950 sit,
1429 887 1609 943 nullus
1635 888 2024 943 catholicorum

445 971 691 1043 ambigit,
720 972 809 1026 Ait
843 974 986 1029 enim
1025 974 1302 1047 Scriptura
1330 994 1343 1032 :
1374 978 1670 1034 Muscarium
1701 989 1747 1035 et
1777 980 2029 1050 feminam

443 1062 562 1128 fecit
613 1078 720 1115 eos.
766 1058 898 1118 Item
935 1063 1062 1120 alibi
1103 1083 1115 1120 :
1157 1064 1311 1132 Quod
1341 1068 1480 1123 Deus
1534 1070 1825 1139 conjunxit,
1873 1069 2026 1124 homo

444 1169 546 1205 non
593 1154 615 1184 ¹
646 1163 868 1222 separet.
900 1152 1150 1210 Carnalia
1191 1172 1320 1213 vero
1348 1154 1615 1230 eoujugia,
1656 1161 1757 1216 etsi
1788 1160 2033 1237 legitima

440 1241 553 1295 sint
608 1250 663 1296 et
703 1242 968 1313 religiosis
1009 1245 1035 1276 ³
1070 1246 1378 1303 hominibus
1409 1249 1715 1319 conjuncta,
1748 1251 2035 1307 libidinoso

441 1335 621 1387 tunen
667 1334 688 1363 ⁸
737 1333 1028 1403 illicitoque
1076 1345 1223 1392 motu
1253 1328 1501 1396 carnalis
1546 1341 1786 1410 pruritus
1841 1356 2029 1397 carere

442 1435 550 1474 non
618 1435 778 1491 posse
843 1423 1221 1482 incunctanter
1287 1426 1638 1485 allii-manuus.
1705 1429 1820 1484 Non
1881 1431 2025 1484 enim

443 1510 659 1565 aliunde
679 1514 1034 1568 nascentesin
1053 1529 1215 1571 came
1238 1518 1465 1586 parvuli,
1483 1520 1584 1574 nisi
1612 1520 1755 1585 inde,
1775 1530 2029 1576 aeternae

442 1601 635 1656 mortis
664 1611 872 1658 reatum
904 1604 1184 1660 attrahunt
1207 1620 1258 1673 υ,
1302 1620 1438 1678 quos
1463 1609 1636 1664 solum
1685 1610 1707 1642 ⁵
1733 1611 2029 1669 catholicne

2128 450 2320 490 sensus
2376 434 2561 489 illicita
2609 433 2922 497 delectatio,
2976 433 3076 488 sibi
3124 433 3348 489 invicem
3390 435 3654 504 copulatae,

2126 533 2375 577 naturam
2416 524 2707 577 humanam
2737 522 2930 577 mortis
2960 522 3286 577 damnationi
3314 524 3652 583 tradiderunt:

2125 615 2190 670 de
2219 628 2325 684 qua
2356 613 2466 669 sola
2491 614 2695 669 Christi
2718 613 3018 680 humilitas,
3054 622 3109 671 et
3135 615 3480 685 spiritualium
3503 634 3652 674 rerum

2126 706 2177 759 in
2221 704 2508 760 animabus
2554 703 2790 759 fidelium
2843 702 3164 766 delectatio.
3212 706 3434 759 eandem
3475 716 3656 763 revocat

2125 796 2424 865 lihcmtque
2455 805 2729 850 naturam.
2781 794 2897 849 Non
2931 794 3100 850 babes
3149 796 3351 865 itaque,
3398 796 3585 862 mulier,
3609 800 3653 854 in

2125 888 2252 958 quid
2301 890 2323 922 '
2352 887 2439 942 vel
2462 887 2516 942 in
2549 902 2709 957 quem
2737 885 2950 957 culpam
2987 897 3132 942 tuam
3158 903 3464 955 removeas,
3499 891 3586 945 nisi
3610 891 3653 946 in

2126 987 2178 1032 te
2201 977 2393 1046 ipsam,
2435 976 2562 1031 dum
2603 974 2823 1031 illicitae
2857 976 3235 1032 delectationis
3264 986 3408 1043 tuae,
3441 979 3490 1033 in
3524 995 3653 1049 quam

2126 1066 2338 1135 culpam
2387 1065 2431 1096 ¹⁰
2462 1064 2677 1121 conaris
2717 1078 2995 1120 removere
3043 1065 3106 1130 “,
3151 1067 3481 1121 convinceris
3504 1078 3657 1121 auctor

2125 1172 2266 1213 esse.
2299 1154 2401 1213 Ubi
2444 1142 3003 1228 pulchre'divinorum
3029 1158 3316 1213 verborum
3356 1167 3541 1213 textum
3566 1160 3657 1214 aui-

2127 1248 2469 1303 madvertere
2509 1247 2797 1303 debemus.
2817 1247 2896 1302 Ea
2918 1247 3211 1317 siquidem,
3236 1263 3372 1318 quae
3386 1249 3529 1304 shual
3546 1249 3657 1305 facta

2127 1344 2272 1398 sunt,
2327 1334 2534 1406 absque
2573 1336 2949 1406 temporalium
2993 1336 3324 1394 morularum
3368 1340 3656 1403 interstitiis,

2127 1437 2349 1498 propter
2407 1435 2650 1481 nostram
2719 1426 3030 1483 tarditatem
3083 1427 3434 1498 earnalesque
3487 1444 3656 1491 sensus,

2128 1516 2324 1589 quibus
2352 1517 2597 1589 originali
2627 1526 2848 1587 peccato
2872 1520 3109 1590 corrupti
3135 1520 3178 1551 ¹²
3202 1519 3334 1576 locis
3356 1521 3661 1589 temporibus-

2129 1623 2234 1677 que
2256 1606 2301 1641 ³³
2321 1608 2741 1670 succumbimus,
2767 1609 2965 1664 ordine
2978 1610 3211 1678 quodam
3252 1610 3661 1680 mirabili,tuysti-

443 1688 721 1746 Ecclesiae
752 1692 1017 1762 baptisma
1055 1694 1123 1750 ab
1153 1697 1276 1766 ipsa
1301 1710 1451 1753 reatu
1477 1699 1689 1754 liberat.
1720 1700 2029 1756 A-sserimus
2062 1690 2106 1749 Β
2133 1713 2321 1754 corum
2349 1712 2607 1753 sensuum
2631 1697 2971 1767 plenissimo,
3003 1697 3171 1754 veluti
3194 1699 3329 1756 locis
3353 1699 3659 1770 temporibus-

442 1796 679 1852 quoque,
706 1783 926 1852 copulas
957 1784 1076 1840 illas
1099 1787 1369 1853 carnales,
1396 1789 1593 1859 quibus
1623 1790 1857 1845 humana
1889 1791 2031 1846 loca.

445 1868 570 1925 liter
593 1878 648 1926 et
679 1874 1050 1942 temporaliter
1078 1884 1271 1931 natura
1314 1887 1658 1951 propagatur,
1694 1896 1800 1935 non
1837 1895 2026 1936 neces-

445 1960 625 2016 sarias
644 1961 779 2028 fore,
798 1964 841 2019 si
859 1964 1019 2020 homo
1041 1981 1169 2020 suae
1190 1977 1416 2023 naturae
1439 1969 1730 2039 inultiplica
1740 1971 1935 2026 tionem
1960 1972 2028 2026 ad

443 2051 849 2110 similitudinem
894 2070 1149 2125 pecorum
1192 2057 1332 2123 fieri,
1371 2059 1682 2115 caelestium
1724 2061 2027 2117 numerosi-

445 2151 555 2197 tate
596 2145 832 2212 deserta,
861 2162 971 2202 non
1018 2148 1259 2218 eligeret.
1308 2149 1460 2205 Sicut
1500 2151 1575 2207 ait
1600 2151 1768 2206 David
1805 2167 1820 2205 :
1855 2151 2027 2207 Homo

444 2249 564 2287 cum
594 2235 648 2289 in
682 2235 877 2291 honore
910 2248 1061 2304 esset,
1094 2256 1201 2294 non
1237 2241 1488 2295 intellexit
1513 2284 1526 2307 ,
1575 2252 1905 2312 comparatus
1951 2253 2025 2297 est

440 2320 699 2391 iumentis
721 2327 1103 2397 ias'pieutibus,
1144 2341 1191 2385 et
1217 2331 1406 2385 similis
1441 2332 1611 2401 factus
1638 2342 1711 2386 est
1760 2332 1885 2388 illis.
1920 2333 2025 2389 Sed

450 2417 733 2483 redeamus
757 2421 822 2474 ad
849 2432 1165 2491 responsum
1204 2423 1464 2489 mulieris,
1491 2425 1678 2495 culpae
1706 2440 1836 2481 suae
1862 2442 2025 2481 occa-

446 2512 653 2567 sionem
703 2513 756 2567 in
822 2523 1125 2584 serpentem
1171 2517 1517 2572 removeutis.
1574 2517 1718 2572 Dixit
1772 2515 2027 2573 Dominus

448 2603 589 2658 Deus
617 2605 684 2658 ad
714 2606 983 2661 mulierem
1006 2621 1025 2658 :
1057 2606 1233 2672 Quare
1256 2609 1354 2662 hoc
1379 2609 1546 2678 fecisti
1568 2610 1595 2664 ?
1623 2610 1773 2676 Quae
1815 2627 2026 2681 respon-

445 2695 522 2747 dit
560 2709 583 2748 .'
619 2693 843 2764 Serpens
876 2694 1070 2767 decepit
1110 2714 1218 2762 me,
1259 2709 1306 2752 et
1347 2700 1566 2753 comedi.
1614 2700 1680 2754 Et
1712 2709 1766 2755 tu
1807 2702 2024 2767 mulier,

447 2798 621 2852 quare
658 2799 905 2840 removes
947 2787 1153 2842 crimen
1200 2797 1346 2842 tuum
1398 2790 1451 2843 in
1497 2798 1800 2861 serpentem
1829 2832 1843 2855 ,
1903 2807 2025 2847 cum

449 2884 504 2930 tu
521 2876 643 2947 ipsa
686 2877 763 2943 sis
789 2886 911 2934 tuae
937 2880 1126 2950 culpae
1154 2880 1176 2912 °
1219 2880 1494 2936 creatrix?
1531 2880 1767 2952 Serpens
1794 2881 1928 2952 ipse,
1970 2883 2025 2937 in

448 2981 606 3037 quem
637 2969 848 3041 culpam
874 2971 1132 3036 refundis,
1163 2973 1217 3028 in
1239 2980 1291 3028 te
1311 2973 1426 3043 ipsa
1459 2973 1635 3043 repit:
1660 2987 1880 3043 serpens
1904 2981 2027 3028 tuus

449 3066 544 3113 tua
588 3060 822 3115 carnalis
868 3063 1304 3132 concupiscentia
1362 3071 1446 3118 est
1509 3052 1671 3133 atque
1718 3061 2021 3128 delectatio,
2053 3044 2101 3105 Ο

446 3164 592 3219 quae
614 3166 677 3206 ex
709 3153 1100 3209 irrationabilis
1126 3154 1341 3208 animae
1378 3162 1526 3208 motu
1553 3152 1607 3207 in
1640 3168 1802 3209 sensu
1834 3168 2026 3223 corpo-

448 3243 818 3313 reogignitur.
849 3241 1069 3298 Frustra
1116 3244 1280 3314 igitur
1303 3243 1516 3308 mulier,
1549 3257 1743 3299 sensus
1777 3243 2028 3298 videlicet

449 3332 707 3396 carnalis,
737 3332 950 3402 culpam
976 3348 1128 3388 suam
1163 3333 1217 3388 in
1254 3341 1585 3403 serpentem,
1616 3332 1719 3389 hoc
1742 3333 1901 3387 estin
1928 3334 2024 3388 de-

447 3416 789 3477 lectationem
839 3423 1295 3488 irrationabilem,
1341 3423 1496 3493 cujus
1549 3423 1660 3495 ipsa
1689 3431 1878 3478 auctor
1921 3432 2027 3488 est,

451 3521 712 3567 removet.
744 3510 860 3567 Non
899 3513 1053 3567 enim
1088 3513 1449 3568 materialium
1492 3528 1673 3567 rerum
1708 3513 1895 3568 illicita
1931 3514 2026 3567 dc-

449 3597 666 3655 lectutio
709 3609 891 3655 ortum
920 3602 1072 3657 duxit
1109 3618 1176 3657 ex
1205 3611 1427 3665 natura,
1472 3603 1568 3658 sed
1609 3618 1674 3658 ex
1711 3604 2028 3673 peccatricis

451 3693 664 3749 animae
701 3692 1035 3763 imperfectis
1059 3695 1624 3766 irrationabilibusqne
1652 3697 1909 3762 motibus,
1934 3711 2029 3767 per

450 3781 739 3854 eurp'oreos
761 3800 951 3840 sensus
976 3787 1027 3839 in
1050 3799 1288 3840 amorem
1315 3785 1646 3840 sensibilium
1670 3802 1850 3842 rerum
1880 3777 2028 3841 mor-

451 3873 615 3931 tifero
653 3876 891 3946 appetitu
935 3874 1300 3946 irrumpentis.
1348 3870 1533 3945 Neque
1575 3876 1828 3946 antiquus
1860 3875 2031 3931 hostis

451 3964 516 4017 ad
550 3964 723 4018 virum
776 3965 1010 4030 animae,
1052 3966 1292 4019 animum
1333 3966 1455 4022 dico
1495 3966 1562 4020 ad
1605 3965 1891 4037 imaginem
1935 3966 2027 4021 Dei

449 4055 673 4121 factum,
704 4072 983 4112 accessum
1011 4058 1261 4123 haberet,
1298 4058 1400 4112 nisi
1426 4058 1447 4090 ⁷
1501 4057 1649 4128 prius
1679 4072 1777 4128 per
1812 4057 2027 4113 insitam

451 4163 712 4218 corporeo
760 4149 977 4221 sensui,
1021 4150 1115 4219 qui
1164 4157 1249 4204 est
1294 4149 1457 4204 veluti
1497 4149 1761 4219 quaedam
1811 4148 2027 4212 mulier,

449 4239 620 4293 animi
647 4239 1081 4305 delectationem,
1112 4240 1266 4309 quasi
1314 4254 1410 4309 per
1447 4241 1714 4305 quendam
1750 4238 2027 4294 colubrum

446 4332 627 4401 ipsum
652 4348 968 4403 corporeum
992 4348 1209 4388 sensum
1230 4333 1514 4388 seducerct
1542 4351 1554 4386 :
1578 4331 2028 4401 quemadmodum

2132 1802 2236 1857 que
2262 1795 2479 1857 peracta
2510 1788 2813 1843 contexuit.
2842 1786 3025 1843 Primo
3053 1789 3240 1860 itaque
3282 1790 3609 1859 interrogatur
3628 1790 3661 1819 “

2129 1879 2235 1943 vir,
2275 1877 2377 1932 hoc
2395 1885 2480 1932 est
2503 1877 2735 1933 animus.
2769 1876 2880 1933 Nec
2904 1878 3201 1945 immerito,
3230 1880 3356 1934 dum
3383 1880 3513 1935 omni
3539 1894 3661 1949 para.

2129 1967 2247 2023 diso
2278 1968 2547 2022 humanae
2577 1976 2806 2023 naturae
2831 1969 3057 2038 praesit,
3074 1983 3310 2039 eumque
3333 1970 3591 2032 custodire,
3609 1984 3661 2023 ne

2130 2063 2184 2115 in
2212 2075 2278 2116 eo
2306 2061 2545 2115 divinum
2574 2069 2921 2132 praeceptum
2965 2061 3010 2094 ³⁸
3049 2062 3365 2125 violaretur,
3400 2060 3578 2117 debuit.
3598 2060 3659 2113 Ac

2129 2151 2208 2205 sic
2240 2151 2638 2220 interrogatur:
2668 2150 2865 2218 Adam,
2902 2152 2990 2206 ubi
3021 2152 3124 2207 es?
3171 2154 3251 2208 Ac
3297 2154 3344 2207 si
3386 2152 3565 2207 diceret
3597 2150 3659 2201 “z'

2128 2242 2321 2307 Adam,
2353 2241 2468 2310 qui,
2499 2241 2812 2312 priusquam
2843 2256 3159 2310 peccasses,
3208 2242 3345 2296 ultra
3387 2241 3546 2296 omnia
3569 2239 3659 2293 loca

2128 2342 2183 2388 et
2213 2343 2452 2403 tempora
2489 2333 2814 2389 constitutus
2843 2332 3028 2397 fueris,
3057 2334 3323 2402 responde
3363 2348 3513 2397 nunc,
3538 2343 3660 2401 prae-

2128 2428 2419 2492 varicator,
2447 2425 2654 2489 abies?
2682 2425 2819 2480 Eras
2843 2426 2897 2480 in
2922 2424 3090 2488 caelo,
3123 2426 3268 2480 sicut
3298 2424 3521 2495 angelica
3540 2436 3662 2477 crea-

2130 2527 2272 2582 tura,
2300 2516 2522 2583 beatus;
2567 2531 2712 2572 nunc
2739 2516 2791 2572 in
2823 2515 2985 2570 terris
3012 2531 3073 2570 es
3092 2556 3107 2580 ,
3148 2516 3292 2571 sicut
3316 2517 3465 2570 bruta
3493 2513 3659 2567 anima-

2130 2607 2222 2671 lia,
2251 2606 2537 2676 saperbus.
2577 2604 2773 2662 Sermo
2813 2605 3148 2660 convertitur
3193 2605 3266 2658 ad
3307 2604 3579 2665 mulierem,
3617 2610 3661 2653 et

2129 2697 2197 2751 ab
2243 2710 2305 2750 ea
2342 2695 2642 2766 quaeritur,
2691 2711 2790 2751 cur
2838 2695 2920 2749 sic
2967 2693 3193 2749 fecerit?
3246 2691 3347 2748 Ubi
3393 2689 3665 2751 nomadum,

2130 2785 2273 2857 quod
2299 2801 2405 2841 non
2443 2784 2732 2841 confestim
2757 2784 2874 2839 viro
2907 2792 2962 2839 et
2994 2783 3204 2839 mulieri
3243 2782 3495 2839 sententia
3521 2776 3662 2847 inqui-

2129 2882 2298 2937 rentis
2317 2879 2515 2950 iudicis
2547 2876 2836 2949 profertur,
2860 2877 2953 2933 sed
2978 2876 3142 2932 veluti
3167 2876 3402 2947 spatium
3434 2870 3663 2942 improbae

2127 2972 2494 3029 excusationis
2541 2970 2894 3041 corrigendae
2942 2969 3288 3036 conceditur,
3335 2967 3567 3048 locusque
3598 2962 3663 3046 inf

2131 3062 2435 3134 dulgeutiae
2484 3069 2852 3132 praeparatur.
2911 3061 3193 3116 Postremo
3251 3074 3410 3124 vero,
3465 3056 3572 3112 dum
3611 3048 3669 3103 ad

2130 3162 2440 3225 serpentem
2493 3152 2825 3223 pervenitur,
2874 3166 2981 3207 non
3034 3151 3124 3206 ille
3170 3151 3538 3219 interrogatur.
3585 3154 3664 3195 nec

2129 3245 2179 3300 ei
2205 3242 2437 3313 spatium
2471 3241 2784 3297 remotionis
2826 3240 3017 3311 culpae
3055 3241 3108 3295 in
3133 3239 3283 3295 aliud
3307 3238 3388 3294 vel
3413 3228 3661 3305 aliquem"

2129 3335 2441 3405 praebetur,
2477 3333 2603 3402 quia
2650 3346 2756 3385 non
2806 3331 3000 3400 potuit,
3051 3331 3313 3400 quoniam
3357 3320 3664 3398 primordialis

2131 3438 2295 3477 causa
2324 3421 2488 3476 totius
2523 3420 2764 3476 malitiae
2796 3419 2930 3483 fuit;
2963 3420 3056 3474 sed
3101 3421 3364 3475 continuo
3393 3412 3666 3473 sententiam

2126 3511 2257 3582 justi
2305 3510 2507 3582 judicis
2560 3509 2836 3565 sustinuit.
2906 3509 2996 3563 Ait
3059 3508 3205 3563 enim
3270 3508 3408 3562 Deus
3464 3503 3523 3557 ad
3570 3513 3664 3554 ser-

2133 3610 2346 3674 pentem
2395 3619 2407 3655 :
2471 3600 2610 3666 Quia
2675 3599 2844 3669 fecisti
2907 3598 3041 3662 hoc,
3105 3596 3415 3650 maledictus
3467 3608 3514 3645 es
3562 3590 3667 3641 inter

2133 3695 2308 3750 omnia
2385 3692 2717 3757 animantia,
2793 3700 2840 3745 et
2912 3690 3101 3745 bestias
3174 3699 3365 3742 terrae.
3449 3678 3667 3739 Animad-

2132 3796 2306 3852 verte,
2337 3786 2479 3855 quod
2505 3799 2677 3855 neque
2698 3784 2837 3849 viro,
2865 3796 3040 3853 neque
3069 3780 3311 3846 mulieri,
3336 3777 3425 3835 sed
3450 3775 3551 3832 solo
3574 3783 3667 3825 ser-

2133 3878 2278 3949 penti
2304 3877 2665 3933 maledicitur.
2695 3873 2813 3931 Non
2835 3875 2978 3930 enim
3008 3875 3149 3929 Deus
3171 3871 3443 3927 maledicit
3465 3881 3539 3930 ea,
3558 3874 3669 3933 quae

2132 3955 2280 4034 fecit,
2313 3969 2407 4022 sed
2437 3965 2741 4030 benedicit;
2783 3964 2999 4019 animus
3037 3973 3217 4017 autem
3263 3970 3317 4016 et
3356 3970 3529 4016 sensus
3546 3965 3670 4007 area.

2135 4070 2254 4114 tura
2284 4059 2377 4113 Dei
2422 4066 2565 4113 sunt.
2597 4054 2844 4112 Carnalis
2886 4068 3019 4108 vero
3055 4051 3347 4108 delectatio
3385 4059 3524 4106 extra
3557 4041 3670 4097 divi-

2133 4165 2259 4205 nam
2288 4148 2676 4212 conditionem,
2707 4144 3171 4201 irrationabilibus
3210 4144 3471 4198 humanae
3496 4134 3671 4191 animae

2134 4242 2476 4313 passionibus
2499 4249 2619 4296 orta
2649 4247 2749 4301 est,
2784 4238 3013 4308 ideoque
3037 4236 3257 4290 divinae
3288 4231 3565 4290 sententiae
3599 4239 3672 4278 sc-

2135 4333 2352 4388 veritati
2381 4332 2710 4397 succumbit,
2745 4330 2871 4400 quia
2898 4336 3050 4385 extra
3088 4338 3319 4382 naturae
3349 4342 3377 4380 a
3403 4323 3505 4378 Deo
3529 4320 3672 4373 factae

451 4438 628 4494 neque
656 4423 869 4478 animus
900 4422 953 4478 in
978 4437 1158 4478 rerum
1193 4423 1553 4478 materialium
1594 4420 1892 4492 perniciosa
1929 4422 2025 4477 de-
2055 4413 2107 4472 D
2133 4425 2444 4495 supervenit
2468 4425 2531 4478 ⁸⁸.
2559 4422 2698 4490 Quid
2720 4422 2863 4477 enim
2895 4420 3035 4475 aliud
3075 4428 3158 4475 est
3182 4418 3363 4473 divina
3393 4406 3671 4470 maledictio,

449 4515 738 4570 luctatione
777 4524 831 4570 et
858 4515 1177 4585 perahusiva
1224 4516 1249 4548 ⁸
1276 4515 1528 4570 fruitione
1555 4528 1818 4584 corporeo
1844 4513 2026 4568 sensui

448 4604 815 4670 consentiret,
857 4606 903 4660 si
949 4606 1100 4676 prius
1146 4606 1200 4662 in
1248 4607 1363 4677 ipso
1402 4606 1632 4677 superba
1666 4606 2032 4676 praesumptio

2136 4517 2240 4573 nisi
2268 4530 2479 4581 eorum,
2507 4514 2600 4585 qui
2632 4522 2786 4568 extra
2817 4522 3066 4566 naturam
3107 4517 3251 4572 sunt,
3281 4519 3497 4576 eamque
3519 4504 3673 4555 conta-

2138 4608 2373 4673 minant,
2410 4604 2712 4674 justissima
2741 4612 2796 4660 et
2832 4599 3208 4660 irrevocabilis
3234 4592 3531 4654 damnatio?
3554 4586 3676 4655 Quae

1723 4783 1972 4841 VARIAE
2009 4781 2406 4841 LECTIONES.

470 4898 491 4939 λ
525 4921 536 4950 ¹
578 4918 668 4973 Sic
697 4917 812 4983 CF;
855 4919 895 4972 Α
941 4920 1175 4973 serratis.
1254 4922 1277 4952 ³
1312 4922 1402 4975 Sic
1433 4919 1549 4984 (1F;
1596 4923 1635 4975 A
1679 4938 1761 4976 ne.
1837 4922 1976 4977 'Sic
2003 4922 2124 4987 CF;
2162 4923 2206 4975 Α
2243 4930 2297 4976 et
2345 4922 2401 4974 in
2448 4918 2734 4987 religiosis.
2811 4914 3315 4987 ‘tamett#0tn.VCF.
3382 4910 3488 4987 _'_A
3513 4919 3675 4987 secuta.

448 4990 469 5019 "
507 4990 599 5045 Sic
638 4987 755 5054 CF;
795 4990 837 5043 Α
877 4989 1061 5053 culpae
1095 5000 1235 5044 tuae.

448 5076 569 5130 llillll
598 5070 763 5114 tuam.

446 5129 772 5201 praeceptum
803 5129 1054 5201 divinum.

446 5212 596 5256 extra
628 5200 872 5256 naturam
915 5214 945 5254 εὶ
991 5200 1098 5256 Deo
1122 5200 1261 5270 facta
1308 5203 1576 5270 reperitur.

1326 4993 1344 5023 ⁷
1382 4992 1427 5045 Α
1467 4993 1540 5046 ni.
1615 4992 1640 5025 ⁸
1676 4992 1768 5048 Sic
1800 4992 1918 5057 CF;
1962 4994 2176 5046 abusira
2224 5008 2334 5046 om.
2390 4991 2456 5043 A.

842 5062 905 5131 "A
925 5058 1015 5114 Sic
1039 5058 1156 5117 CF;
1189 5062 1230 5113 A
1265 5078 1519 5116 removere
1551 5064 1778 5117 conaris.
1859 5065 1900 5095 ¹²
1933 5065 1972 5115 Α
1999 5073 2265 5131 corrupta.

1136 5132 1178 5164 ¹⁶
1218 5131 1385 5185 Adam
1411 5132 1498 5185 ubi
1524 5133 1617 5186 es?
1654 5136 1726 5187 Ac
1755 5134 1800 5188 si
1831 5134 2021 5187 diceret
2052 5147 2162 5187 om.
2190 5132 2253 5185 Α.

2539 4972 2797 5042 θίᾖσιὶέά
2833 5004 2942 5042 om.
2976 4985 3079 5042 CF.
3160 4986 3203 5018 ιθ
3242 4986 3331 5039 Sic
3371 4980 3482 5041 CF;
3519 4980 3557 5033 Α
3584 4972 3682 5026 «νυι.

2598 5007 2653 5042 m
2671 5006 2797 5059 quia
2833 5006 2942 5042 om.
2976 5006 3079 5042 ωε.
3160 5006 3201 5018 ·-
3242 5006 3331 5039 an:
3371 5006 3442 5037 ω·
3466 5021 3482 5041 ,
3519 5006 3557 5033 η
3584 5006 3679 5026 ιιι--

2598 5058 2908 5120 emporibus.
2989 5056 3030 5087 “
3069 5055 3113 5109 A
3148 5056 3506 5120 interrogatus.
3531 5044 3615 5120 __‘_'

2345 5060 2389 5093 "
2428 5059 2471 5114 A
2496 5067 2542 5114 et
2574 5058 2908 5128 temporibus.
2989 5058 3030 5087 "
3069 5058 3113 5109 A
3148 5058 3506 5129 interrogatus.
3578 5058 3615 5075 "
3645 5058 3679 5093 ,ιι

2358 5130 2400 5163 ιτ
2448 5131 2501 5178 in
2529 5128 2676 5178 aliud
2704 5126 2780 5178 vel
2809 5126 3032 5178 aliauem
3061 5141 3170 5178 om.
3202 5125 3266 5178 Α.
3345 5121 3388 5154 ¹⁶
3419 5120 3500 5175 Sic
3522 5112 3624 5178 CF;
3646 5110 3680 5164 Δ

2358 5130 2400 5163 ’⁷
2448 5131 2501 5185 in
2529 5125 2684 5183 aliud
2704 5126 2780 5182 vel
2809 5126 3032 5197 aliquem
3061 5141 3170 5180 out.
3202 5125 3266 5178 Α.

1978 5334 2227 5395 NOTAE.

539 5462 557 5487 “
592 5453 882 5511 Pessimum
909 5450 960 5508 J.
992 5452 1139 5509 Scoti
1166 5452 1234 5508 de
1264 5459 1405 5506 statu
1449 5452 1931 5522 primoparcntum,
1962 5453 2029 5508 dc

452 5539 579 5592 mu
620 5525 847 5592 «lupum,
879 5533 934 5579 ct
989 5521 1056 5579 de
1112 5521 1828 5592 generationedoctrinam,
1870 5539 2031 5591 quam
2080 5566 2085 5571 .

452 5588 535 5647 bis
567 5588 715 5649 libris
742 5588 958 5651 uberius
990 5593 1219 5664 explicat
1239 5632 1254 5660 ,
1286 5591 1571 5648 identidem
1609 5588 2029 5660 percensuimus.

2134 5448 2880 5518 AcceditsacracScripturae
2911 5454 3094 5518 aperta
3150 5442 3435 5518 ludificatio
3478 5448 3527 5491 et
3571 5430 3682 5518 falsa

2134 5502 3103 5590 umentioriginalis'interprc'tatio.
3157 5515 3235 5572 Cf.
3293 5514 3580 5568 Comment.
3631 5502 3687 5556 de

2140 5590 2186 5645 .l.
2223 5592 2384 5647 Scuto
2415 5588 2546 5645 P.‘ll
2575 5588 2601 5661 §
2635 5590 2702 5644 Η)
2732 5603 2849 5658 sqq.
