3898 6154
228 251 339 309 sta

1076 246 1165 306 DE
1204 246 1540 306 DlV’lSlONE
1581 240 1926 301 NATL'R.\E.
1968 271 2037 280 -—
2064 241 2267 297 LIBER
2304 238 2654 309 QUARTUS.

3376 242 3495 308 850‘

230 365 338 417 sint
380 373 560 418 autem
605 363 901 418 animantia
951 363 1040 417 illa
1087 371 1142 417 et
1180 361 1388 417 bestiae
1428 370 1625 423 terrae,
1670 359 1812 412 inter
1839 356 1887 415 Α
1919 355 2087 426 llujus
2108 358 2376 427 serpentis
2403 366 2591 425 pectus
2620 364 2702 412 est
2743 358 3025 426 prudentia
3054 358 3252 419 carnis,
3290 360 3340 413 in
3380 377 3487 428 qua

228 469 371 522 quae
409 453 646 508 carnalis
676 453 981 517 delectatio,
1016 468 1111 522 per
1140 467 1302 522 quam
1331 452 1575 507 diabolus
1602 450 1810 505 seducit.

230 546 495 608 animam,
539 557 596 599 et
643 545 694 599 in
731 561 834 614 qua
873 544 1032 598 veluti
1074 542 1357 613 principali
1404 542 1532 596 sede
1580 541 1807 603 habitat,

228 637 597 707 pulcherrime
642 648 697 690 et
737 637 1107 705 copiosissime
1152 645 1372 692 sanctus
1409 636 1725 690 Ambrosius
1753 635 1808 688 in

227 728 371 785 libro
397 729 462 783 de
488 728 746 783 Paradiso
766 729 1033 798 exposuit.
1062 727 1199 783 Sunt
1221 728 1363 784 enim
1387 743 1576 784 omnes
1599 728 1810 782 irratio-

226 818 443 872 nabiles
506 819 783 887 passiones
855 819 1190 873 rationabilis
1246 827 1465 873 nostrae
1538 827 1806 885 naturae,

224 922 392 976 quam
421 919 592 962 terrae
619 909 878 964 vocabulo
895 910 1073 964 divina
1086 921 1475 965 commemorat
1506 910 1805 979 Scriptura.

225 995 294 1049 Et
324 1009 393 1048 ne
437 996 674 1061 mireris,
701 997 841 1066 quod
872 998 1082 1053 mixtim
1123 1014 1186 1053 ac
1216 999 1378 1053 veluti
1412 999 1700 1054 indiscrete
1753 1006 1808 1053 et

222 1086 466 1141 carnalis
491 1087 776 1142 delectatio
801 1097 856 1142 et
878 1090 1078 1143 astutia
1107 1090 1370 1144 diabolica
1404 1091 1455 1143 in
1490 1091 1658 1161 ﬁgura
1688 1105 1807 1144 ser-

222 1176 408 1243 pentis
434 1176 803 1247 signiﬁcatur;
840 1177 1130 1247 aliquando
1150 1180 1294 1234 enim
1327 1180 1500 1249 ipsum
1530 1179 1803 1235 diabolum

221 1264 471 1320 absolute
500 1265 719 1321 coluber
752 1260 838 1323 ille
873 1267 1199 1331 conformat,
1226 1270 1517 1340 aliquando
1556 1270 1807 1325 libidino-

221 1370 344 1408 sum
369 1355 626 1423 deceptae
648 1357 716 1411 ab
741 1371 804 1410 eo
824 1359 1061 1413 carnalis
1100 1361 1334 1426 animae,
1370 1360 1473 1414 hoc
1500 1368 1583 1416 est
1607 1375 1803 1416 carna-

218 1445 347 1498 liter
378 1446 610 1501 viventis
639 1448 958 1517 appetitum,
992 1449 1281 1518 aliquando
1313 1451 1533 1507 confuse
1559 1459 1614 1507 et
1641 1452 1806 1507 indis-

218 1535 390 1590 tincte
433 1546 741 1607 utrumque,
767 1547 820 1592 et
867 1539 1094 1594 alterum
1151 1541 1205 1594 in
1266 1541 1438 1597 altero
1486 1551 1805 1598 concatena-

1914 449 2212 504 diabolicae
2250 449 2457 503 fraudis
2484 450 2749 505 calliditas
2792 451 3117 506 dominatur.
3161 454 3338 507 Inanis
3362 470 3489 523 quo—

1912 556 2015 608 que
2040 549 2090 595 et
2122 539 2406 608 falsiloqua
2431 541 2716 609 sapientia,
2740 556 2878 610 quae
2907 543 3144 596 animum
3174 559 3277 599 non
3302 543 3493 599 aediﬁ-

1911 640 2020 695 cat,
2054 632 2147 686 sed
2178 630 2347 695 inflat,
2380 642 2568 700 pectus
2609 633 2727 703 ejus
2749 643 2850 689 cst.
2882 634 3127 689 Carualis
3159 636 3341 705 itaque
3367 652 3492 706 pru-

1912 723 2191 787 dentia,ct
2230 722 2404 775 inanis
2443 722 2708 792 fallaxque
2748 726 2959 794 sepliia,
2990 734 3178 795 pectus
3221 730 3490 797 serpentis

1910 822 2014 878 est,
2054 828 2189 882 quas
2216 812 2359 868 Deus
2386 814 2645 868 destruet.
2677 813 2929 881 Perdant,
2963 816 3158 886 inquit,
3176 819 3488 887 sapientiam

1909 906 2243 973 sapientium,
2272 914 2318 958 et
2344 904 3010 974 prudentiam'prudentum
3042 907 3346 976 reprobabo.
3380 906 3489 962 Sed

1911 996 1954 1050 si
1983 996 2226 1065 quaeris,
2257 996 2432 1065 qualis
2462 995 2761 1051 differentia
2792 997 2863 1052 sit
2894 998 3033 1053 inter
3055 1000 3235 1055 carnis
3258 1000 3493 1069 pruden-

1912 1086 2041 1140 tiam
2069 1093 2124 1141 et
2154 1087 2368 1141 inanem
2397 1086 2788 1156 philosolihiam
2808 1128 2822 1150 ,
2853 1089 2995 1143 hanc
3024 1089 3366 1146 discretionis
3388 1104 3484 1144 ac-

1909 1177 2028 1245 cipe
2072 1158 2377 1230 formulam.
2423 1176 2714 1230 Prudentia
2758 1178 2939 1233 carnis
2986 1187 3071 1234 est
3108 1178 3245 1234 falsa
3288 1180 3482 1245 virtus,

1910 1280 2048 1334 quae
2080 1264 2219 1319 vitia
2243 1265 2503 1319 virtutum
2535 1265 2805 1321 coloribus
2847 1267 3021 1336 tingit,
3054 1284 3195 1337 quae
3218 1267 3483 1323 malitiam

1908 1354 2136 1409 bonitati
2185 1353 2504 1409 similatorie
2558 1354 2885 1421 conformat,
2918 1371 3057 1425 quae
3097 1358 3486 1427 turpitudinem

1908 1441 2207 1497 honestatis
2244 1443 2431 1498 habitu
2469 1452 2718 1510 exornat,
2764 1444 2908 1515 ipsas
2936 1461 3064 1501 vero
3091 1446 3366 1515 simplices
3391 1461 3485 1502 ve-

1908 1549 2103 1604 rasque
2130 1535 2360 1590 virtutes
2386 1536 2712 1603 dissimulat,
2746 1553 2813 1592 ac
2851 1538 3050 1594 mentis
3088 1538 3385 1605 obtutibus,
3418 1556 3489 1596 ne

216 1627 317 1678 tim
373 1631 391 1661 ¹
432 1627 689 1683 insinuat.
734 1628 846 1684 Nec
886 1630 1188 1697 immerito;
1234 1631 1463 1686 alterum
1503 1633 1645 1687 enim
1685 1633 1802 1689 sine

1908 1625 2117 1680 illarum
2153 1625 2421 1705 sinceram
2466 1625 2656 1682 faciem
2693 1630 2859 1698 possit
2888 1645 3217 1701 agnoscere,
3267 1632 3488 1687 subtra—

214 1716 393 1771 altero
423 1718 797 1788 separabiliter
818 1734 935 1775 esse
958 1735 1061 1776 non
1090 1730 1285 1792 potest.
1312 1720 1629 1792 Ubicunque
1652 1723 1797 1777 enim

214 1806 384 1860 fuerit
413 1805 733 1862 libidinosus
753 1809 967 1863 animae
995 1812 1286 1874 contuitus,
1318 1812 1390 1865 ibi
1412 1812 1615 1880 absque
1645 1827 1796 1866 mora

214 1895 395 1950 aderit
425 1896 685 1951 immundi
709 1897 928 1966 spiritus
966 1914 1253 1955 accessus:
1287 1900 1590 1971 ubicunque
1612 1910 1795 1955 autem

214 1987 361 2042 adsit
406 1988 708 2044 diabolicae
747 1991 978 2046 astutiae
1028 1991 1297 2056 introitus,
1344 1991 1415 2045 ibi
1471 2007 1578 2046 non
1623 1992 1797 2047 deerit

210 2078 542 2135 universalis
570 2080 811 2135 malitiae
845 2082 1100 2151 pruritus.
1152 2081 1208 2135 in
1256 2097 1578 2153 quocunque
1617 2092 1796 2137 autem

210 2187 480 2241 corporeo
519 2188 702 2237 sensu,
732 2175 823 2244 qui
848 2175 901 2228 in
929 2174 1095 2246 ﬁgura
1124 2174 1365 2230 mulieris
1392 2174 1631 2245 ponitur,
1663 2174 1795 2229 haec

210 2263 320 2318 duo
349 2264 726 2329 convenerint,
770 2265 1074 2320 necessario
1116 2265 1334 2319 illicitos
1378 2281 1529 2331 esus,
1580 2265 1797 2323 illicitae

210 2367 395 2418 escae,
435 2353 537 2408 hoc
586 2362 686 2416 est,
729 2354 1091 2410 materialium
1145 2369 1325 2409 rerum
1378 2355 1794 2425 pulchritudinis

208 2452 474 2513 sequetur
506 2443 725 2509 abusio;
750 2459 888 2514 quae
917 2453 1144 2500 mortem
1183 2445 1395 2499 animae
1421 2443 1606 2506 infert,
1638 2444 1793 2515 cujus

208 2536 406 2590 mortis
440 2551 587 2591 mors
632 2536 876 2606 corporis
920 2535 1112 2591 umbra
1152 2545 1256 2592 est.
1298 2536 1375 2590 De
1417 2536 1793 2592 maledictione

208 2640 420 2691 autem,
450 2642 556 2697 qua
584 2641 807 2696 serpens
833 2629 1118 2682 damnatus
1144 2636 1247 2692 est,
1280 2628 1451 2696 deque
1484 2628 1791 2694 sententiis,

204 2731 349 2785 quae
379 2718 434 2770 in
462 2716 740 2771 mulierem
764 2757 778 2782 ,
812 2718 971 2787 inque
1013 2718 1187 2773 virum
1226 2733 1381 2774 suum
1417 2718 1584 2773 Adam
1613 2718 1794 2788 prola-

205 2814 297 2861 tae
350 2808 373 2839 ⁸
405 2816 550 2873 sunt,
589 2808 643 2861 in
673 2807 868 2877 quibus
894 2806 1013 2877 plus
1040 2807 1444 2864 misericordiae
1474 2808 1792 2880 intelligitur

204 2914 371 2971 quam
403 2899 690 2965 vindictae,
722 2898 1048 2969 superfluum
1088 2902 1300 2957 videtur
1329 2901 1461 2956 mihi
1493 2901 1515 2933 ³
1544 2917 1685 2957 nunc
1705 2902 1788 2957 di-

1903 1715 2080 1770 hendo
2103 1716 2357 1783 occultat,
2394 1732 2460 1774 ac
2500 1720 2581 1774 sic
2607 1719 2857 1776 carnales
2886 1736 3080 1777 sensus
3108 1722 3327 1791 decipit,
3356 1724 3478 1778 aui-

1901 1821 2124 1875 masque
2166 1806 2389 1872 deludit,
2440 1808 2826 1878 fallacibusque
2881 1811 2924 1841 ¹⁰
2972 1811 3277 1881 phantasiis
3319 1810 3482 1868 falsa-

1900 1910 2021 1949 rum
2059 1894 2317 1950 virtutum
2362 1896 2564 1963 obruit,
2615 1900 2911 1970 mortisque
2944 1911 3200 1956 aeternae
3248 1902 3486 1959 tenebris

1899 1989 2174 2059 opprimit.
2213 1989 2395 2045 inanis
2412 2006 2543 2045 vero
2573 1991 2885 2062 inutilisque
2914 1994 3181 2064 sapientia
3201 2004 3304 2061 est,
3331 1994 3485 2063 cujus

1899 2082 2203 2149 exemplum
2253 2080 2487 2135 maxime
2527 2082 2580 2135 in
2622 2081 2840 2138 Iudaeis
2887 2084 3128 2154 perfidis,
3171 2085 3487 2139 venenosis-

1899 2181 2005 2235 que
2026 2168 2314 2224 haereticis
2335 2169 2376 2200 “
2411 2170 2571 2240 viget,
2597 2185 2736 2239 quae
2758 2170 2969 2226 literam
2986 2172 3200 2228 divinae
3219 2172 3481 2228 historiae

1897 2258 2235 2313 solummodo
2264 2261 2530 2329 sequitur,
2562 2262 2810 2331 spiritum
2841 2279 3003 2329 vero,
3034 2265 3136 2320 hoc
3176 2275 3279 2331 est,
3303 2276 3484 2336 mysti-

1898 2364 2020 2405 cum
2042 2350 2371 2405 intellectum
2397 2351 2535 2419 odit,
2563 2353 2791 2421 spernit,
2814 2353 3055 2424 negligit,
3089 2355 3321 2425 ignorat,
3339 2370 3479 2424 quae

1896 2440 1964 2494 de
2005 2450 2197 2494 natura
2239 2456 2421 2496 rerum
2466 2441 2632 2496 falsas
2676 2441 2975 2514 inanesque
3017 2443 3223 2499 fabulas
3270 2445 3475 2515 absque

1897 2530 2003 2584 ulla
2024 2529 2491 2585 verisimilitudine
2514 2532 2580 2585 ad
2619 2531 2918 2588 illudendas
2943 2534 3242 2588 carnalium
3285 2535 3327 2572 ¹²
3362 2535 3474 2588 ani-

1896 2637 2012 2677 mas
2042 2623 2405 2689 machinatur,
2460 2624 2786 2679 naturalium
2829 2626 3135 2693 rationum,
3179 2628 3474 2682 secundum

1894 2728 2030 2783 quas
2052 2714 2307 2770 universa
2329 2725 2579 2771 creatura
2604 2715 2746 2773 facta
2768 2727 2870 2784 est,
2903 2720 3131 2775 veritate
3147 2729 3475 2790 contempta,

1896 2804 2280 2860 inusitatorum
2324 2806 2610 2861 verborum
2668 2823 2985 2878 pomposum
3037 2809 3476 2881 grandiloquum-

1894 2908 1999 2963 que
2029 2894 2265 2964 leporem
2294 2895 2581 2962 ventilatis,
2617 2913 2713 2952 seu
2744 2896 3016 2954 fallaciam
3044 2901 3472 2971 propositiomuu

205 2998 355 3047 cere.
384 2991 537 3058 Quod
563 2992 706 3046 enim
746 3007 775 3045 a
805 2993 1008 3048 sanctis
1033 2992 1281 3050 Patr-ibus
1315 2994 1449 3050 satis
1490 3003 1573 3049 est
1601 2994 1785 3063 cxpla-
1811 2994 1859 3057 ς,
1889 2987 2430 3059 syllogismorumque
2468 2990 2728 3045 contortis
2776 2992 3016 3048 crinibus
3066 2993 3309 3048 veritatis
3353 2992 3466 3047 fore

204 3092 419 3148 natum,
461 3083 749 3154 explanare
792 3083 1037 3140 fortassis
1083 3086 1352 3141 videbitur
1385 3102 1491 3142 non
1536 3100 1787 3142 accessa-

207 3176 372 3240 rium,
398 3184 455 3230 et
476 3176 614 3245 quod
648 3176 699 3229 in
726 3176 935 3231 illorum
959 3177 1175 3247 scriptis
1200 3178 1509 3248 plenissime
1540 3177 1787 3248 planissi-

204 3281 403 3334 meque
429 3265 718 3328 invenitur,
745 3281 843 3320 cur
871 3282 898 3320 a
929 3266 1100 3330 nobis,
1129 3267 1267 3323 forte
1289 3269 1412 3338 quis
1439 3267 1600 3333 dicet,
1629 3267 1785 3337 quasi

205 3356 401 3410 melius
432 3354 794 3425 explanaturis
816 3353 838 3388 ⁵
869 3358 1181 3426 repetatur?
1205 3358 1358 3425 Quod
1379 3358 1519 3445 a/bsit
1544 3358 1610 3412 de
1635 3358 1656 3389 '
1685 3372 1786 3412 no-

205 3446 289 3501 bis
317 3447 642 3513 existimari,
672 3464 792 3501 cum
843 3447 1053 3503 illorqu
1084 3448 1105 3479 ⁸
1131 3449 1358 3517 vestigia
1389 3449 1479 3503 vix
1512 3449 1786 3505 valeamus

206 3535 487 3604 consequi.
526 3535 675 3590 DISC.
725 3535 838 3590 Non
886 3537 1252 3592 necessarium
1298 3536 1455 3606 plane
1488 3537 1782 3602 videretur,

207 3624 250 3679 si
286 3624 393 3679 hoc
434 3624 607 3679 solum
643 3639 746 3679 non
778 3625 1039 3680 obstaret.
1092 3625 1282 3679 Mirum
1320 3639 1553 3695 namque
1580 3625 1785 3680 videbi-

208 3724 295 3769 tur
325 3723 380 3770 et
414 3717 609 3771 rationi
657 3717 934 3786 textuique
962 3717 1340 3786 disputationis
1377 3717 1781 3782 inconveniens,

207 3822 322 3869 cur,
356 3822 480 3861 cum
507 3822 676 3877 paene
703 3808 880 3862 omnia
909 3849 924 3872 ,
977 3823 1115 3877 quae
1160 3808 1228 3864 de
1290 3815 1483 3862 natura
1545 3808 1783 3878 paradisi

206 3895 526 3965 spiritualis,
556 3897 727 3966 deque
752 3897 858 3963 his,
885 3912 1025 3967 quae
1050 3898 1105 3953 in
1134 3913 1198 3954 eo
1229 3898 1372 3953 facta
1405 3897 1571 3954 fuisse
1598 3898 1784 3970 Scrip-

208 3995 326 4040 tura
379 3996 790 4053 commemorat,
844 3988 1479 4072 dicendayidebantur,
1538 3991 1783 4060 quamvis

204 4077 409 4132 cursim
460 4077 801 4148 breviterque
847 4088 1156 4135 sanctorum
1215 4080 1432 4135 Patrum
1486 4080 1783 4136 sententias

204 4182 438 4237 sequens
468 4169 729 4238 tetigeris,
766 4169 908 4225 hunc
937 4171 1109 4227 solum
1157 4171 1332 4226 locum
1362 4172 1583 4226 omnino
1612 4171 1783 4226 intac-

206 4266 316 4310 tum
348 4272 413 4312 ac
440 4258 750 4314 transitorie
775 4262 1212 4329 praetermissum
1241 4261 1456 4317 silentio
1482 4261 1779 4318 veneraba-

1888 3094 2055 3143 mam,
2074 3094 2180 3148 qua
2195 3078 2440 3135 incautos
2461 3080 2713 3151 decipiat,
2730 3081 3009 3137 simulans.
3029 3082 3123 3137 llis
3145 3083 3326 3152 itaque
3341 3083 3474 3137 dua«

1887 3171 1988 3226 bus
2014 3180 2205 3241 pectus
2225 3171 2515 3241 serpentis,
2532 3172 2634 3227 hoc
2654 3179 2756 3237 est,
2783 3172 3045 3227 diabolica
3068 3174 3264 3227 astutia
3281 3188 3473 3227 carna-

1887 3261 2128 3332 liumque
2156 3261 2575 3316 delectationnm
2618 3260 2867 3317 illecebra
2889 3262 3231 3330 componitur
3260 3282 3271 3315 :
3308 3275 3473 3330 super

1886 3352 2047 3422 quod,
2076 3360 2264 3422 pectus
2284 3352 2427 3416 dico,
2452 3336 2673 3443 serpeps
2698 3352 2784 3408 ille
2816 3352 3091 3423 graditur,
3116 3353 3216 3407 hoc
3230 3352 3472 3407 estexal-

1888 3451 2053 3507 tatur,
2081 3450 2135 3497 et
2164 3443 2231 3497 de
2247 3457 2352 3511 quo
2365 3441 2905 3512 gloriﬁcatur,totmn
2918 3443 3189 3496 hominem
3219 3442 3471 3510 supplan-

1887 3540 2026 3587 tans.
2056 3532 2123 3587 Et
2157 3534 2262 3588 hoc
2310 3549 2377 3588 ex
2432 3532 2615 3587 verbis
2652 3533 2983 3602 pr0pheticis
3024 3533 3181 3587 datur
3221 3532 3465 3603 intelligi.

1886 3622 2001 3679 Non
2021 3624 2165 3678 enim
2186 3623 2506 3693 simpliciter
2524 3624 2680 3689 dixit,
2711 3639 2873 3692 super
2900 3632 3085 3693 pectus
3131 3631 3278 3676 tuum
3313 3638 3467 3691 rrpes

1885 3716 1970 3771 vel
1984 3730 2189 3786 serpes,
2205 3717 2297 3771 sed
2320 3716 2567 3786 ﬁgurate,
2591 3732 2751 3786 super
2767 3726 2954 3786 pectus
2995 3725 3142 3770 tuum
3182 3714 3469 3785 gradieris.

1884 3806 2052 3862 Nemo
2078 3808 2274 3877 quippe
2301 3808 2344 3838 ¹⁸
2369 3810 2586 3878 proprie
2613 3810 2889 3877 praedicat
2916 3808 2957 3840 ίδ
2997 3809 3062 3863 de
3085 3817 3334 3878 serpente
3354 3809 3468 3861 ani-
3554 3851 3559 3855 .

1887 3899 1991 3952 mal
2011 3898 2291 3967 gressibile
2308 3939 2321 3964 ,
2352 3900 2445 3954 sed
2464 3901 2671 3969 reptile.
2689 3900 2860 3955 Omne
2875 3909 3051 3954 autem
3070 3899 3268 3954 animal
3286 3940 3300 3963 ,
3324 3898 3465 3967 quod

1884 3990 2054 4059 repit,
2082 4004 2112 4043 a
2145 3998 2288 4044 terra
2329 4006 2433 4043 non
2479 3991 2726 4059 erigitur,
2772 3991 2867 4044 sed
2910 4006 3005 4059 per
3051 4000 3251 4043 terram
3297 3990 3467 4042 trahi-

1885 4089 2008 4146 tur;
2063 4096 2224 4136 omne
2263 4094 2426 4144 vero,
2479 4080 2619 4148 quod
2662 4080 2926 4151 graditur,
2974 4080 3286 4149 priusquam
3332 4094 3460 4148 gra-

1884 4168 2082 4234 diatur,
2112 4170 2179 4223 de
2209 4177 2351 4223 terra
2379 4168 2625 4239 erigitur.
2679 4169 2823 4236 Ergo
2873 4185 3027 4238 super
3072 4178 3249 4239 pectus
3307 4178 3455 4220 tuum

1882 4259 2173 4329 gradieris,
2223 4259 2323 4313 hoc
2359 4267 2474 4323 est,
2516 4274 2678 4327 super
2714 4259 2968 4313 astutiam
3006 4268 3062 4313 et
3110 4257 3456 4312 calliditatem

203 4345 278 4399 ris
318 4346 362 4399 τ.
394 4345 472 4401 Ac
497 4362 594 4416 per
623 4348 728 4403 hoc
757 4365 862 4403 non
889 4350 1110 4405 omnino
1138 4359 1352 4421 oportet
1379 4361 1429 4407 te
1469 4351 1595 4406 talia
1626 4367 1780 4423 prae-
1810 4343 1856 4403 D
1885 4359 2061 4413 tuam,
2119 4364 2258 4418 quae
2308 4349 2453 4402 inani
2510 4349 2769 4418 sapientia
2814 4348 3124 4418 carnalique
3180 4347 3460 4416 prudentia

207 4436 490 4502 tervolare,
522 4438 616 4492 sed
648 4438 807 4508 plane
830 4449 885 4495 et
914 4443 1294 4511 compendiose
1326 4458 1663 4513 percurrere.

267 4526 360 4581 24.
392 4527 532 4584 MAG.
563 4529 861 4585 Audiamus
887 4545 1014 4603 ergo
1043 4532 1256 4591 divinae
1302 4534 1683 4605 indignationis
1720 4536 1773 4590 in

203 4616 483 4671 colubrum
513 4632 762 4672 examen.
809 4617 977 4688 Super
1015 4632 1193 4690 pectus
1232 4630 1401 4688 tuum,
1437 4624 1632 4693 inquit,
1655 4640 1774 4694 gra-

159 4711 166 4717 '
202 4705 380 4770 diaria,
424 4716 472 4760 et
507 4717 702 4761 terram
729 4708 753 4741 ⁸
779 4711 1013 4764 comede:
1045 4711 1243 4766 cunctis
1272 4712 1451 4766 diebus
1479 4714 1611 4768 vitae
1631 4724 1774 4770 tuac.

204 4794 520 4865 Serpentem
547 4797 599 4851 in
628 4797 732 4853 hoc
759 4799 878 4854 loco
922 4801 974 4854 in
1023 4800 1191 4872 ﬁgura
1221 4812 1275 4856 et
1302 4802 1600 4859 diabolicae
1628 4815 1776 4858 astu-

206 4885 329 4951 tiae,
360 4894 414 4941 et
440 4888 674 4943 carnalis
698 4889 1091 4956 delectationis,
1118 4904 1173 4947 et
1204 4894 1484 4949 ambarum
1530 4894 1581 4948 in
1605 4909 1664 4949 se
1700 4895 1777 4948 in-

205 4973 371 5029 vicem
419 4977 709 5033 indiscrete
747 4989 803 5034 et
847 4980 1280 5050 inseparabiliter
1323 4984 1686 5053 amplexarum
1728 4984 1774 5048 9,

204 5065 433 5121 divinam
481 5067 821 5137 Scripturam
868 5072 1110 5141 posuisse
1146 5074 1399 5128 diximus.
1454 5075 1599 5130 Disc.
1652 5076 1774 5129 Pul-

206 5154 351 5223 chre,
381 5166 437 5212 et
465 5157 783 5227 luculenter,
811 5171 867 5217 et
891 5179 920 5216 a
946 5164 1171 5219 veritate
1202 5180 1307 5219 non
1335 5164 1590 5221 alienum.
1629 5166 1770 5222 MAG.

1887 4441 2185 4510 composita
2226 4448 2342 4505 est,
2393 4456 2497 4510 qua
2545 4442 2819 4496 hominem
2867 4441 3146 4510 deceptum
3194 4438 3465 4504 fefellisti,

1885 4531 2049 4600 inque
2099 4540 2245 4584 tuam
2290 4539 2617 4599 potestatem
2666 4531 2954 4601 redegisti,
3008 4540 3465 4600 peccatorumque

1884 4623 2137 4678 funiculis
2183 4623 2437 4695 alligasti,
2471 4633 2831 4694 aeternaeque
2880 4625 3070 4680 mortis
3106 4623 3360 4695 voragine
3416 4622 3469 4655 ¹⁸

1884 4714 2141 4780 mersisti,
2170 4714 2224 4768 in
2249 4714 2555 4784 superbiam
2581 4715 2824 4786 erigeris,
2854 4724 2910 4770 et
2933 4716 2999 4770 ad
3029 4716 3355 4771 incrementa
3381 4715 3462 4770 vi-

1882 4809 2078 4864 tiorum
2098 4848 2113 4873 ,
2164 4809 2327 4879 inque
2358 4818 2482 4864 tuae
2524 4809 2888 4864 damnationis
2916 4809 3186 4865 cumulum
3206 4852 3221 4876 ,
3258 4809 3311 4864 in
3339 4825 3468 4864 cor-
3552 4790 3561 4805 ’

1883 4898 2041 4954 dibus
2082 4897 2381 4953 inﬁdelium
2417 4908 2543 4954 tuae
2578 4898 2818 4953 malitiae
2847 4898 3179 4968 profectibus
3204 4899 3373 4953 elatus
3403 4905 3463 4951 ct

1880 4991 2190 5047 cenodoxus
2230 4991 2625 5046 deambulabis.
2675 4990 2743 5044 Et
2799 5002 2995 5045 terram
3038 4999 3304 5053 comedas,
3356 4990 3463 5043 hoc

1879 5088 1996 5143 est,
2045 5089 2258 5133 terrena
2307 5081 2680 5148 appetentium
2737 5083 2965 5137 terrenis
3009 5080 3459 5153 cogitationibus.

1881 5170 2295 5240 carualibusque
2342 5171 2661 5238 desideriis,
2704 5173 3105 5241 mortiferisque
3154 5174 3459 5226 actionibus

1489 5277 1744 5334 VARIAE
1781 5280 2175 5337 LECTIONES.

277 5374 292 5401 ι
320 5364 360 5417 Α
392 5374 811 5435 concatenatum.
886 5368 906 5397 ¹
938 5364 981 5419 Α
1010 5365 1260 5435 perlatae.
1338 5367 1359 5400 ³
1390 5370 1517 5423 milii
1546 5386 1655 5425 om.
1694 5371 1759 5425 A.

202 5430 490 5497 planctum.
567 5433 591 5467 ⁸
610 5436 705 5489 Sic
729 5433 813 5489 CF
836 5452 851 5498 ;
880 5438 924 5490 Α
949 5455 980 5490 a
1008 5430 1183 5492 nobis.

205 5503 581 5573 perplexarum.
658 5504 702 5540 ι’
731 5505 772 5558 Α
802 5504 1100 5573 fallacibus.

209 5570 346 5625 ticis.
421 5573 463 5603 ¹²
494 5573 585 5629 Sic
632 5572 752 5638 CF;
793 5570 838 5628 Ᾱ
875 5578 1113 5632 carnales
1143 5579 1370 5633 animas.

209 5648 451 5697 aeternae
504 5643 693 5700 mortis
734 5646 1051 5717 voraginem.

1838 5370 1859 5402 ⁸
1884 5372 1923 5426 F
1953 5371 2305 5444 ea'plaaqturi,
2335 5375 2426 5429 sed
2454 5390 2505 5429 a.
2538 5391 2608 5429 m.
2641 5391 2782 5432 corr.
2819 5373 3210 5444 explanaturis;
3248 5372 3339 5444 AC
3362 5388 3451 5426 ex-

1260 5438 1280 5469 “
1305 5436 1397 5492 Sic
1422 5438 1540 5503 CF;
1579 5441 1624 5494 A
1652 5457 1851 5495 eorum.

1928 5444 1946 5473 "
1990 5442 2080 5495 Sic
2105 5442 2224 5509 CF;
2264 5445 2305 5497 A
2336 5447 2616 5500 veneraris.
2694 5446 2714 5476 ⁸
2747 5448 2785 5498 Α
2814 5442 3000 5497 terras.
3078 5443 3098 5472 ’
3129 5445 3217 5497 Sic
3258 5442 3375 5507 CF;
3408 5443 3453 5497 Α

1178 5508 1218 5539 ⁸⁸
1239 5508 1329 5563 Sic
1360 5508 1442 5563 CF
1462 5526 1476 5571 ;
1506 5512 1868 5579 veneuosisque
1890 5512 2161 5566 haereticis
2195 5529 2304 5568 om.
2340 5513 2403 5578 A,
2437 5514 2529 5569 sed
2553 5514 2682 5570 Cale
2704 5530 2843 5567 corr.
2874 5515 3233 5579 t-encnatisque
3266 5514 3457 5568 haere-

1452 5581 1494 5611 ”
1523 5581 1611 5635 Sic
1648 5580 1751 5647 Cl“;
1783 5582 1825 5636 A
1857 5581 1977 5637 Non
2009 5582 2165 5636 enim.

2246 5584 2287 5615 ιδ
2314 5585 2354 5636 A
2383 5575 2735 5653 praedicatur.
2858 5582 2899 5611 ¹⁵
2928 5575 3042 5632 Sic‘
3062 5575 3156 5640 (ῚΡ
3182 5583 3263 5646 5A
3297 5584 3453 5652 inque
