3884 6156
1412 186 1499 213 ’θ’

398 268 503 338 854'

1774 257 2056 318 mANNlS
2091 259 2297 319 SCOTT

3534 251 3633 308 85}

399 382 655 443 vesceris.
692 380 907 437 Cunrtis
935 381 1116 436 diebus
1144 381 1277 435 vitae
1304 388 1452 446 tuae,
1485 379 1591 436 hoc
1622 385 1739 444 est,
1777 383 1980 447 quanto
2007 378 2055 434 Α
2087 386 2192 441 tur,
2230 376 2324 446 qui
2363 381 2492 430 ante
2525 374 2815 428 adventum
2841 368 2963 426 veri
2982 366 3232 432 luminis,
3258 364 3400 436 quod
3434 374 3514 422 est
3546 366 3631 421 Dei

398 486 648 543 tempore
692 472 748 527 in
790 472 1026 526 humana
1069 473 1263 524 natura
1305 483 1531 541 regnum
1582 475 1769 533 tuutn,
1808 463 1977 520 veluti

402 566 670 636 quaedam
705 562 836 617 falsa
872 562 991 627 lux,
1028 561 1278 617 arriserit
1318 572 1376 616 et
1420 559 1806 631 praevaluerit.
1858 557 1977 613 Non

398 658 544 713 enim
587 654 941 712 aeternaliter
994 654 1284 725 imaginem
1321 655 1414 708 Dei
1470 653 1723 724 regnabis
1773 664 1829 707 et
1861 652 1980 706 vin-

399 766 526 814 ces,
561 747 655 804 sed
688 755 784 802 aut
817 746 1127 816 specialiter
1170 747 1225 801 in
1267 747 1485 802 Christo
1531 746 1876 816 redemptore
1911 744 1980 801 de

399 851 669 915 potestate
704 850 795 895 tua
823 840 1142 896 liberabitur
1171 840 1346 896 adhuc
1374 840 1430 895 in
1461 840 1562 895 hac
1586 839 1695 894 vita
1724 839 1939 894 detenta
1958 877 1976 904 ,

394 943 489 991 aut
538 931 864 1003 generaliter
909 931 963 986 in
1014 931 1122 986 tlne
1171 931 1390 996 mundi,
1421 930 1638 1000 quando
1684 928 1978 985 novissima

400 1023 618 1078 inimica
659 1037 808 1079 tnors
841 1037 942 1092 per
976 1021 1209 1076 eundem
1263 1021 1537 1076 Christum
1589 1020 1683 1076 Dei
1744 1019 1978 1076 Verbum

402 1113 737 1176 destruetur,
766 1118 822 1165 et
847 1110 1230 1167 universaliter
1256 1112 1492 1165 humana
1525 1117 1716 1165 natura
1752 1109 1806 1164 in
1838 1108 1985 1180 pris-

406 1203 575 1257 tinum
606 1209 807 1259 statum
839 1202 1178 1258 restituetur.
1210 1200 1528 1256 Inimicitias
1553 1217 1745 1270 ponant
1772 1200 1909 1255 inter
1932 1208 1982 1254 te

400 1303 447 1347 et
477 1292 780 1358 mulierem,
823 1302 872 1347 et
899 1309 1072 1347 semen
1107 1302 1258 1346 tuum
1291 1301 1341 1345 et
1377 1307 1549 1345 semen
1587 1289 1751 1345 illius.
1789 1288 1984 1346 Mulier

401 1391 486 1434 cst
521 1396 715 1437 sensus
754 1377 1070 1452 corporeus,
1092 1380 1415 1435 naturaliter
1446 1381 1721 1436 humanae
1756 1390 1984 1437 naturae

401 1470 629 1538 insitus,
679 1485 778 1540 per
808 1486 971 1541 quam
1028 1472 1081 1526 in
1130 1471 1217 1527 his
1270 1469 1553 1535 videlicet,
1610 1470 1704 1542 qui
1758 1469 1982 1541 perfecti

402 1572 562 1627 sunt,
623 1561 854 1618 visibilis
911 1573 1197 1619 creaturae
1252 1563 1599 1635 pulchritudo
1648 1562 1715 1617 ad
1770 1562 1983 1618 laudem

402 1653 678 1710 Creatoris
725 1654 974 1710 refertur.
1012 1655 1157 1711 Inter
1187 1669 1371 1726 quam,
1419 1653 1700 1708 mulierem
1740 1653 1892 1717 ἀίω,
1927 1661 1984 1708 et

2082 467 2340 533 Verbum,
2390 465 2662 521 tenebrosi
2706 472 2864 519 erant
2889 502 2905 528 ,
2943 459 3173 530 caligine
3211 458 3454 514 videlicet
3491 459 3634 528 igne-

2080 558 2293 614 rantiae
2316 557 2619 625 mortisque
2634 564 2894 610 aeternae
2912 549 3235 607 densissima
3263 547 3453 604 nebula
3477 549 3634 618 st‘pti;

2079 655 2176 709 sed
2223 668 2344 708 mox
2395 650 2702 715 humiliati,
2751 648 2910 703 ﬁdem
2961 644 3324 715 accipientes,
3374 642 3637 697 illuminati

2079 752 2238 809 sunt,
2294 751 2350 798 et
2390 740 2760 812 spiritualibus
2806 737 2981 810 epulis
3027 734 3367 800 reﬁciuntur,
3416 748 3544 803 quas
3581 733 3639 787 de

2080 833 2350 904 capitibus
2377 832 2629 888 draconis
2652 829 2924 891 contritis,
2954 829 3060 884 hoc
3088 835 3190 887 est.
3236 825 3403 880 totius
3426 823 3640 879 malitiae

2079 922 2563 982 numerositatibus
2590 921 2818 976 devictis
2843 918 3024 973 divina
3054 924 3347 986 praeparat
3373 913 3619 982 sapientia

2082 1014 2160 1071 De
2190 1017 2288 1070 hoc
2315 1015 2551 1069 dracone
2576 1012 2717 1066 idem
2746 1008 3030 1066 Psalmista
3054 1005 3327 1075 loquitur:
3348 1001 3519 1056 Draco
3543 1001 3636 1064 iste.

2078 1122 2235 1177 quem
2261 1106 2500 1175 formasti
2527 1104 2596 1159 ad
2625 1102 2953 1158 “ludendum
2982 1101 3053 1154 ei.
3083 1098 3259 1153 Draco
3286 1096 3423 1160 iste,
3454 1095 3640 1165 inquit,

2085 1194 2330 1250 diabolus
2360 1192 2601 1266 profecto
2621 1233 2638 1259 ,
2668 1205 2974 1262 corpusque
3004 1189 3149 1244 illius
3185 1183 3520 1248 universale,
3554 1184 3641 1238 hoc

2081 1293 2169 1340 est
2209 1284 2374 1338 totius
2415 1282 2661 1337 malitiae
2699 1279 3008 1351 plenitudo,
3047 1278 3161 1347 ipse
3197 1284 3317 1338 est,
3360 1288 3517 1345 quem
3550 1271 3643 1327 for-

2082 1376 2280 1440 litasti,
2334 1382 2394 1429 ut
2442 1373 2701 1428 illudatur
2744 1371 2797 1426 ei
2837 1386 2868 1424 a
2912 1370 3117 1426 sanctis
3158 1368 3302 1432 tuis,
3357 1364 3452 1437 qui
3499 1363 3644 1434 ipsius

2082 1464 2403 1537 perniciosis
2432 1463 2817 1531 fallacibusque
2847 1460 3057 1516 insidiis
3105 1457 3371 1520 illudunt,
3413 1455 3534 1509 dum
3568 1468 3643 1507 ar-

2085 1566 2168 1613 tes
2189 1556 2428 1612 malitiae
2447 1596 2462 1621 ,
2490 1555 2689 1625 quibus
2713 1551 2972 1609 bonitatis
2995 1548 3295 1605 munimina
3328 1545 3645 1600 machinatur

2084 1647 2394 1712 destruere,
2423 1644 2723 1716 patefactas
2755 1639 3117 1714 exploduut',
3143 1638 3465 1705 malleis-que
3501 1635 3645 1689 virtu-

404 1752 712 1814 serpentem
733 1784 747 1809 ,
779 1744 883 1799 hoc
910 1753 1026 1809 est,
1055 1743 1398 1799 libidinosam
1428 1742 1838 1798 delectationem
1869 1756 1984 1797 ma-
2014 1745 2058 1804 Β
2090 1749 2200 1796 tum
2226 1739 2498 1812 principia
2527 1737 2829 1807 nequitiae,
2854 1748 2995 1805 quae
3019 1734 3088 1789 ab
3114 1746 3181 1787 eo
3209 1727 3513 1800 pullulant.
3538 1739 3646 1780 cou-

409 1833 613 1890 terialis
631 1834 1065 1906 pulchritudinis,
1092 1834 1521 1905 diabolicamque
1545 1834 1896 1891 calliditatem
1930 1835 1984 1890 in

405 1940 471 1980 ea
501 1926 898 1997 possidentem,
941 1941 1134 1998 magna
1176 1926 1456 1982 inimicitia
1499 1941 1528 1980 a
1559 1926 1670 1980 Deo
1691 1926 1999 1980 constituta»

403 2029 524 2074 est:
560 2019 755 2073 mulier
790 2019 1023 2089 quippe,
1062 2020 1165 2073 hoc
1201 2028 1284 2075 est
1316 2017 1590 2088 perfectus
1621 2017 1987 2088 perfecturum

407 2126 629 2176 sensus,
661 2111 776 2167 odit
823 2111 1181 2166 materialium
1224 2126 1405 2166 rerum
1455 2110 1728 2167 carnalem
1778 2109 1989 2180 appeti-

408 2209 521 2258 tum
540 2242 554 2265 ,
587 2216 812 2272 serpens
836 2217 966 2257 vero
993 2200 1351 2272 spiritualium
1379 2199 1793 2269 divinarumque
1822 2199 1991 2254 virtu-

410 2300 521 2345 tum
555 2292 829 2348 inimicum
859 2292 1021 2347 habet
1048 2291 1395 2347 desiderium.
1439 2290 1506 2345 Et
1545 2306 1718 2345 semen
1755 2299 1903 2343 tuum
1941 2299 1990 2344 et

405 2403 580 2441 semen
610 2391 626 2421 ί
678 2387 846 2442 illius.
889 2385 1084 2442 Semen
1111 2385 1355 2441 mulieris
1383 2392 1467 2440 est
1490 2398 1670 2438 rerum
1696 2381 1988 2437 visibilium

406 2476 648 2547 perfecta
698 2478 1072 2547 naturalisque
1119 2492 1184 2532 ac
1214 2475 1491 2545 multiplex
1533 2473 1805 2545 cognitio,
1838 2474 1987 2528 omni

403 2580 592 2621 errore
625 2566 859 2622 sublato.
904 2567 982 2622 Ad
1021 2568 1123 2622 hoc
1155 2568 1298 2622 enim
1333 2566 1386 2621 in
1429 2565 1647 2620 homine
1695 2578 1990 2634 corporeus

407 2671 601 2712 sensus
632 2659 959 2712 constitutus
991 2666 1072 2714 est
1091 2698 1107 2724 ,
1137 2666 1198 2712 ut
1233 2656 1567 2711 sensibilium
1596 2663 1653 2710 et
1684 2654 1992 2725 intelligibi-

404 2747 537 2803 lium
572 2765 665 2820 per
689 2749 1029 2805 medietatem
1062 2748 1468 2819 phantasiarum
1501 2746 1863 2801 internuntius
1892 2745 1990 2801 fie«

409 2849 536 2907 ret;
575 2856 764 2897 semen
816 2856 944 2896 vero
1005 2840 1274 2910 serpentis
1325 2837 1796 2894 innumerabilium
1859 2835 1994 2890 deli-

406 2940 614 2987 ctorum
649 2930 985 2986 mortiferum
1017 2932 1411 2986 incrementum
1442 2943 1596 2993 esse,
1638 2942 1799 2984 nemo
1838 2935 1991 2983 recte

404 3024 896 3096 philosophantium
933 3026 1163 3096 ignorat.
1202 3023 1325 3095 Ipsa
1359 3032 1587 3079 conteret
1618 3030 1776 3093 caput
1817 3031 1986 3075 tuum.

2085 1830 2326 1903 fringunt
2354 1829 2399 1883 '.
2425 1827 2523 1884 Cui
2555 1827 2600 1860 "
2626 1825 2928 1882 sententiae
2957 1822 3228 1893 congruit,
3258 1818 3409 1889 quod
3442 1817 3517 1871 ait
3537 1830 3644 1870 san-

2085 1930 2206 1979 ctus
2233 1920 2336 1977 Job
2363 1936 2380 1975 :
2414 1917 2529 1974 Hoc
2555 1927 2635 1973 est
2668 1916 2881 1971 initium
2912 1910 3302 1985 figmenti-Dei.
3336 1906 3481 1980 quod
3512 1904 3646 1975 fecit,

2087 2024 2143 2068 nt
2173 2012 2435 2068 illudatur
2466 2010 2531 2064 ab
2557 2007 2774 2079 angelis’
2794 2008 2930 2079 ejus.
2989 2005 3100 2062 Cur
3146 2014 3328 2057 autem
3367 2000 3532 2057 draco
3563 1998 3647 2051 iste

2087 2101 2383 2174 spiritualis
2415 2115 2540 2156 cum
2580 2097 2830 2153 omnibus
2872 2095 3129 2150 membris
3160 2092 3273 2147 suis
3299 2092 3364 2154 “,
3395 2104 3535 2159 quae
3552 2085 3650 2154 eius

2087 2193 2352 2251 malitiam
2384 2199 2707 2261 sequuntur,
2735 2187 2984 2243 formatio
3008 2182 3209 2240 Deivel
3238 2184 3552 2255 figmentum
3577 2177 3647 2232 di—

2088 2287 2253 2351 citur,
2276 2283 2487 2339 duobus
2508 2282 2685 2338 modis
2702 2279 2923 2350 intelligi
2945 2286 3141 2349 potest.
3163 2274 3407 2331 Primum
3433 2273 3644 2343 quidem,

2089 2376 2215 2446 quia
2240 2388 2432 2430 omnes
2462 2379 2745 2442 apostatae
2786 2368 2959 2438 angeli
2988 2407 3005 2433 ,
3044 2379 3346 2435 omnesque
3388 2362 3644 2424 homines,

2094 2480 2286 2523 eorum
2323 2478 2622 2534 sequaces,
2662 2468 2924 2532 quantum
2969 2455 3293 2513 naturaliter
3333 2453 3645 2513 Sttbsistttnl,

2090 2572 2119 2612 a
2150 2556 2265 2611 Deo
2294 2553 2495 2611 conditi
2525 2559 2652 2608 sunt
2670 2584 2695 2617 ,ε
2713 2551 3028 2622 figmentum
3067 2545 3186 2615 ejus
3226 2561 3335 2600 non
3374 2545 3649 2612 incongrue

2089 2646 2452 2715 formatioque
2476 2657 2600 2699 esse
2624 2640 2942 2696 creduntur.
2968 2637 3197 2701 Deinde,
3223 2635 3367 2706 quod
3383 2634 3653 2702 taliasym-

2092 2736 2281 2793 bolica.
2299 2734 2475 2790 verba.
2494 2732 2547 2786 in
2580 2729 2778 2786 talibus
2797 2728 3014 2783 divinae
3040 2723 3357 2795 Scripturae
3386 2717 3649 2778 sententiis

2092 2842 2201 2885 non
2228 2841 2447 2897 semper
2474 2833 2726 2878 naturam
2753 2821 3070 2875 daemonum
3098 2815 3478 2882 malorumque
3502 2808 3661 2867 homi'o

2090 2934 2244 2983 num,
2274 2918 2328 2974 in
2358 2931 2463 2986 qua
2485 2929 2581 2970 eos
2609 2913 2857 2969 conditor
2893 2909 3133 2965 omnimn
3170 2908 3434 2963 bonorum
3473 2899 3649 2959 substi-

2095 3012 2197 3066 tuit
2215 3049 2231 3077 ,
2263 3008 2361 3064 sed
2388 3022 2475 3072 ea,
2508 3020 2646 3077 quae
2676 3004 2872 3059 merito
2891 3002 3193 3069 utriusque,
3228 2995 3501 3069 angelicae
3528 2991 3654 3045 vide-

405 3080 579 3185 Caput
609 3080 765 3185 hujus
796 3080 1064 3185 serpentis
1085 3156 1099 3181 ,
1129 3080 1242 3170 hoc,
1262 3122 1347 3170 est
1376 3114 1586 3168 initium
1609 3154 1623 3178 ,
1656 3080 1867 3168 duabus
1897 3126 1988 3166 ve.
2015 3089 2060 3152 C
2091 3101 2565 3158 licctetlmmanae
2584 3101 2883 3156 creaturae,
2911 3088 3309 3147 iuobediemiae
3330 3080 3655 3155 superaddita

406 3202 507 3258 luti
533 3206 779 3274 partibus
807 3206 1113 3272 conﬂatur;
1143 3206 1319 3262 omnis
1343 3204 1487 3259 enim
1513 3202 1715 3258 malitia
1742 3219 1809 3259 ex
1842 3210 1990 3258 motu

407 3295 763 3352 irrationabili
813 3297 1151 3353 rationabilis
1197 3307 1461 3362 naturae,
1508 3305 1564 3351 et
1605 3311 1672 3350 ex
1728 3293 2000 3351 invidiosa

409 3386 610 3442 diaboli
650 3389 848 3443 astutia
883 3400 1060 3441 ortum
1097 3387 1471 3465 originqmque
1530 3385 1795 3456 sumpsit,
1847 3382 1993 3454 quod

414 3487 581 3548 caput
632 3479 686 3532 in
740 3494 901 3533 sensu
953 3477 1315 3549 perfector-um
1372 3476 1607 3532 fidelium
1668 3475 1993 3531 conteritur.

411 3568 530 3625 Non
562 3571 705 3625 enim
734 3585 826 3625 eos
856 3569 1119 3625 diabolica
1149 3569 1285 3623 i'aliit
1319 3571 1515 3624 astutia
1537 3609 1552 3633 ,
1586 3581 1759 3637 neque
1783 3566 1996 3637 primae

412 3660 743 3731 suggestioni
777 3659 1009 3715 latenter
1037 3660 1347 3728 subrepenti
1375 3666 1654 3729 praestant
1678 3656 1990 3723 introitum,

416 3767 510 3807 seu
574 3750 932 3807 irrationabili
997 3751 1179 3805 motui-
1225 3749 1639 3806 accommodant
1686 3761 1993 3803 accessum.

415 3839 592 3910 Caput
619 3840 748 3895 illud
779 3840 905 3894 dmn
934 3856 1099 3894 unum
1131 3847 1375 3910 putatur,
1410 3837 1462 3891 in
1503 3837 1771 3892 infinitum
1806 3849 1999 3891 nume-

421 3948 542 3989 rum
588 3932 867 3997 dividitur,
900 3931 1026 4003 quia
1070 3928 1389 3986 universalis
1431 3928 1637 3983 malitia
1688 3928 1741 3983 iu
1789 3936 1995 3984 tantum

419 4019 699 4090 multiplex
734 4028 852 4085 est,
883 4027 941 4074 ut
968 4017 1110 4073 nulla
1140 4032 1269 4088 pars
1299 4017 1468 4087 ipsius
1508 4017 1611 4078 sit,
1649 4032 1716 4070 ex
1754 4031 1860 4086 qua
1900 4030 1997 4073 ve-

420 4128 622 4168 nenosa
668 4112 924 4168 vitiorum
974 4112 1246 4183 genimina
1298 4112 1320 4144 ’
1368 4124 1472 4165 non
1531 4117 1796 4164 crescant.
1850 4107 2008 4175 Quae-

419 4203 603 4258 omuia
641 4201 835 4258 mulier
869 4201 989 4268 illa,
1028 4202 1094 4257 de
1129 4214 1235 4271 qua
1272 4198 1527 4256 Salomon
1575 4199 1689 4254 ait:
1722 4196 1999 4253 Mulierem

420 4299 606 4369 fortem
636 4298 752 4369 quis
780 4297 1005 4351 inveniet
1030 4295 1056 4350 ?
1082 4295 1256 4349 virtus
1286 4293 1538 4349 videlicet
1561 4300 1617 4347 et
1645 4291 1905 4361 sapientia
1934 4291 1998 4346 in

415 4391 666 4449 sensibus
721 4389 960 4445 fidelium
1011 4385 1375 4459 perfectorum
1424 4384 1766 4441 comminuit.
1797 4381 1998 4461 Quam

2095 3204 2253 3260 sunt,
2280 3192 2552 3249 cssentiae
2597 3190 2654 3246 in
2680 3190 2763 3245 eis
2809 3186 3061 3243 conditae
3099 3181 3409 3255 signiﬁcant
3445 3186 3501 3234 ut
3542 3182 3651 3232 sunt

2095 3302 2321 3357 corpora
2361 3286 2522 3340 aérea
2549 3283 2869 3338 daemonum
2892 3319 2908 3343 ,
2932 3287 3147 3334 terrena
3171 3288 3386 3345 quoque
3406 3268 3655 3326 mortalia-

2095 3392 2202 3449 que
2221 3376 2498 3431 hominum
2521 3372 2786 3436 ntembra,
2805 3383 2945 3439 quae
2971 3368 3346 3423 incunctanter
3369 3365 3419 3418 in
3440 3373 3651 3433 poenam

2096 3464 2305 3536 peccati
2331 3460 2662 3534 simplicitati
2691 3467 2916 3514 naturae
2938 3473 2969 3513 a
2998 3455 3108 3511 Deo
3132 3455 3459 3510 constitutae
3482 3450 3652 3518 adjun-

2095 3568 2184 3616 cta
2227 3570 2348 3613 esse
2387 3553 2657 3612 credenda
2697 3560 2753 3608 et
2797 3549 3141 3621 intelligenda
3172 3554 3319 3603 sunt.
3362 3544 3465 3600 Sed
3491 3552 3652 3598 utrum

2096 3655 2291 3703 natura
2321 3645 2644 3700 daemonum
2674 3656 2705 3696 a
2731 3639 3051 3711 corporibus
3071 3638 3140 3692 ab
3165 3637 3272 3692 isto
3292 3636 3418 3691 aére
3445 3633 3540 3688 sibi
3569 3630 3649 3686 adv

2089 3738 2293 3809 junctis
2321 3735 2656 3801 liberabitur,
2688 3733 2829 3789 sicut
2854 3732 3089 3786 humana
3118 3737 3312 3783 natura
3336 3726 3416 3781 sui
3443 3723 3655 3779 Redem-

2096 3829 2269 3901 ptoris
2295 3826 2467 3899 gratia
2499 3825 2703 3895 adiuta,
2734 3817 3150 3878 resurrectionis
3173 3823 3444 3871 momento
3467 3812 3655 3865 anima-

2097 3898 2239 3975 libus
2258 3898 2806 3987 corruptibilibusqne
2838 3909 3159 3981 corporibus
3187 3904 3508 3967 absolvetar,
3533 3898 3663 3954 alios

2079 4011 2399 4070 disserendi
2440 4009 2588 4064 locus
2623 4014 2735 4062 est.

2170 4108 2239 4163 Et
2284 4120 2428 4162 nunc
2480 4102 2716 4158 breviter
2773 4096 3169 4170 colligendum,
3233 4091 3379 4163 quod
3451 4097 3655 4154 corpora

2099 4200 2188 4256 illa
2240 4194 2550 4259 naturalia,
2609 4204 2748 4262 quae
2798 4190 2854 4244 in
2901 4186 3208 4244 conditione
3262 4180 3526 4253 angelicae
3572 4189 3667 4229 nar

2102 4300 2256 4347 turae
2314 4289 2458 4344 facta
2512 4293 2640 4342 sunt
2666 4324 2680 4348 ,
2735 4277 3191 4353 quemadmodum
3257 4272 3511 4330 caelestes
3559 4264 3656 4320 vir—

2104 4391 2268 4448 tutes,
2316 4395 2456 4452 quae
2489 4358 2764 4447 nunquam
2813 4372 3125 4427 Creatorem
3168 4380 3326 4421 suum
3375 4363 3659 4418 deseruere,

422 4483 702 4539 mulierem
751 4447 1028 4552 Propheta
1050 4479 1521 4550 psalmographus
1572 4447 1866 4546 alloquitur
1920 4475 2001 4529 di-
2028 4447 2078 4506 D
2108 4477 2181 4531 ita
2213 4447 2377 4528 etiam
2405 4477 2683 4540 apostatae
2712 4465 2944 4519 virtutes
2968 4455 3402 4552 inseparabiliter
3420 4462 3473 4552 et
3497 4455 3653 4504 aeter-

425 4591 555 4630 ccns
601 4593 615 4628 :
648 4572 728 4627 Tu
763 4572 1064 4643 confregisti
1103 4572 1275 4643 capita
1303 4570 1581 4634 draconis,
1614 4568 1804 4623 dediin
1832 4583 1948 4622 eum
1979 4568 2005 4602 ⁸

422 4680 597 4719 escam
638 4664 845 4734 populis
891 4664 1222 4734 Aethiopum.
1265 4660 1454 4732 Populi
1502 4660 1827 4732 Aethiopum
1875 4668 2006 4716 sunt

421 4752 795 4809 multitudines
843 4754 1112 4824 gentium,
1165 4766 1307 4823 quae
1358 4752 1411 4805 in
1461 4749 1735 4807 Christum
1787 4750 2004 4820 praefa-

420 4852 512 4898 tae
562 4844 584 4874 ⁸
625 4842 866 4899 mulieris
893 4851 1017 4914 typo
1063 4843 1482 4915 praeﬁgurative
1513 4842 1535 4874 ⁸
1571 4842 1918 4899 crediderunt
1957 4844 2002 4899 ⁸.

425 4934 504 4990 De
532 4933 728 5002 quibus
757 4933 922 4989 tsaias
938 4934 1013 4988 ait
1036 4953 1049 4988 :
1073 4931 1329 5002 Papulas,
1342 4933 1433 5002 qui
1450 4932 1658 4987 sedebat
1688 4933 2006 4999 intenebris,

424 5025 553 5079 vidit
578 5034 744 5077 mrem
770 5039 1034 5091 magnam.
1061 5024 1355 5095 Aethiopes
1379 5024 1525 5078 enim
1554 5023 1821 5078 tenebrosi
1850 5032 1944 5079 aut
1981 5025 2003 5057 ⁷

431 5119 700 5170 humiliatt
752 5110 1121 5168 translationis
1167 5113 1499 5183 proprietate
1538 5112 1809 5168 dicuntur.
1859 5111 2002 5178 Quo-

425 5220 546 5264 rum
587 5205 794 5261 theoria
826 5202 1104 5274 gentilium
1133 5204 1344 5274 populis
1372 5204 1758 5259 convenienter
1786 5211 2006 5272 coapta-

2106 4564 2308 4621 naliter
2330 4559 2703 4635 possidebunt,
2733 4553 2990 4626 quoniam
3016 4546 3316 4621 spiritualia
3344 4556 3401 4600 et
3436 4543 3653 4635 incorru-

2107 4627 2518 4728 ptibilia‘sunt:
2565 4644 2908 4719 superaddita
2949 4655 3081 4698 vero
3113 4638 3196 4695 eis
3231 4652 3299 4728 es
3335 4627 3654 4728 qualitatibus

2110 4717 2270 4817 huius
2309 4740 2499 4799 mundi
2524 4717 2720 4795 meﬁto
2747 4733 3024 4804 nequitiae
3056 4743 3190 4786 suae
3221 4726 3387 4782 veluti
3421 4717 3655 4793 quaedam

2110 4815 2424 4892 indumenta
2455 4826 2853 4886 veteraseentia
2885 4837 3008 4879 eum
3051 4820 3201 4891 ipso,
3233 4817 3303 4873 de
3326 4829 3434 4886 quo
3472 4815 3657 4878 sumpta

2111 4934 2267 4991 sunt,
2315 4922 2519 4980 mundo
2559 4919 2840 4993 peritura,
2878 4912 3137 4972 credibile
3173 4919 3283 4966 est.
3329 4904 3479 4975 Quod
3521 4901 3659 4993 igitur

2108 5020 2375 5089 Propheta
2406 5016 2482 5070 ait
2515 5032 2531 5068 :
2564 4991 2740 5068 Draco
2769 5010 2886 5073 iste,
2915 5021 3066 5078 quem
3091 5000 3331 5074 formasti
3360 4998 3428 5054 ad
3445 4991 3657 5089 illuden-

2107 5086 2230 5167 duni
2258 5112 2341 5174 ei,
2362 5118 2652 5179 possumus
2694 5101 2774 5156 sic
2802 5098 3080 5167 accipere,
3111 5093 3243 5164 quia
3267 5105 3373 5146 non
3410 5086 3655 5179 videtur}

2106 5201 2336 5257 veritate
2360 5177 2582 5259 distare,
2623 5199 2683 5247 ut
2708 5192 2769 5245 in
2791 5185 3039 5244 draconis
3073 5180 3465 5254 signiﬁcatione
3491 5177 3651 5228 mortl-

1714 5359 1967 5415 vsuua
2004 5353 2406 5413 LECTIONES.
2472 5320 2483 5337 ’

521 5500 730 5553 'semen
759 5511 872 5554 om.
907 5498 971 5553 Α.
1046 5500 1068 5533 ¹
1105 5498 1194 5554 Sic
1231 5495 1316 5551 Cl“
1342 5514 1356 5562 ;
1386 5496 1423 5550 Δ
1450 5497 1703 5566 germina.
1782 5497 1804 5528 ³
1832 5496 1870 5550 Α
1904 5495 2061 5549 enim.
2138 5494 2281 5566 [Sic
2314 5491 2439 5566 (ZF‘;
2473 5491 2511 5544 Α
2548 5488 2698 5566 fortis
2730 5484 3025 5555 praefatae.
3067 5562 3076 5566 _
3104 5480 3240 5566 'ﬂSi-e
3265 5478 3350 5533 Cl"
3373 5497 3387 5541 ;

430 5579 559 5623 tum.
635 5570 654 5601 °
693 5570 782 5623 Sir
812 5570 895 5623 CF
925 5587 938 5631 ;
975 5572 1013 5623 Α
1046 5568 1378 5625 (redidcrint.
1455 5570 1473 5600 "
1518 5567 1608 5621 Sic
1637 5566 1753 5629 (1F;
1780 5566 1815 5618 Α
1851 5578 2024 5635 atque.
2099 5568 2120 5598 ⁸

430 5654 539 5692 om.
590 5640 649 5693 C.
731 5640 771 5673 ’⁸³
806 5642 893 5693 Sic
925 5640 1006 5693 Cl“
1035 5659 1047 5693 z
1082 5642 1121 5693 A
1178 5640 1359 5693 Cuius.
1440 5640 1481 5674 η
1514 5637 1603 5693 Sit:
1628 5637 1755 5693 AC:
1794 5637 1831 5691 Ρ
1862 5640 1970 5690 suis
1999 5636 2150 5691 mcml

1466 5644 1481 5674 ’
1514 5637 1603 5693 Sic
1628 5637 1717 5691 AC
1743 5655 1755 5699 ;
1794 5637 1831 5691 Ρ
1862 5640 1970 5690 suis
1999 5636 2258 5711 ntgrnhris.

430 5654 539 5692 om.
590 5640 649 5693 C.
731 5640 771 5673 "’
806 5642 893 5695 Sic
925 5640 1006 5696 CI“
1035 5659 1048 5707 ;
1082 5642 1121 5695 A
1178 5640 1359 5710 Cujus.

2099 5568 2120 5598 "
2152 5564 2189 5618 Ρ
2221 5548 2558 5634 ρλτρνοίιέιηι.’
2607 5558 2627 5590 ⁹
2661 5548 2959 5619 instruere,
2989 5548 3652 5624 patefactus—(orthiqu
