3898 6154
187 315 297 376 3:53

1009 308 1097 364 DE
1138 304 1476 364 DlVlSlONE
1515 294 1861 356 NATUltAE.
1903 270 1973 334 L—
2010 289 2210 345 LIBER
2248 283 2594 355 QUARTL‘S.

3337 273 3455 331 επ

189 432 358 484 feram
390 424 639 481 astutiant
679 420 877 478 diaboli
916 420 1386 487 membrorumque
1425 415 1541 485 ejus
1568 413 1678 467 sive
1708 411 1759 464 in
1792 418 1837 473 Α
1868 407 2105 472 Quorum
2136 400 2397 472 quaedam
2445 396 2660 464 quidem
2687 394 2706 423 ’
2741 392 2896 463 longe
2927 399 3078 447 extra
3105 388 3295 443 molem
3319 402 3441 442 cor-

190 519 423 591 angelis,
454 518 567 571 sive
605 516 658 571 in
691 514 998 569 hominibus
1032 511 1208 575 malis,
1238 509 1474 579 ﬁgmenti
1503 518 1635 560 vero
1672 517 1764 556 seu

190 612 521 683 {ornationis
544 608 824 674 vocabulo,
847 608 973 677 quia
1003 607 1081 661 sic
1102 605 1387 658 diversitas
1414 602 1768 666 interpretum

190 705 466 760 Ecclesiae
498 705 681 757 usibus
708 717 775 756 ex
815 700 1070 755 hebraico
1101 695 1376 751 transtulit
1396 691 1638 760 eloquio,
1680 696 1773 742 aut

192 806 445 849 naturam
475 808 693 858 eorum,
741 791 1033 847 secundum
1064 803 1226 860 quam
1264 803 1293 841 a
1334 787 1445 839 Deo
1483 782 1771 837 substituta

190 892 347 950 sunt,
388 884 699 954 priusquam
741 887 1063 951 peccarent,
1105 886 1198 932 aut
1233 892 1329 939 ea,
1369 888 1509 944 quae
1560 879 1778 940 propter

191 976 502 1045 superbiam
547 989 698 1029 suam
743 973 824 1026 eis
859 969 1205 1041 superaddita
1260 976 1385 1022 sunt
1422 965 1475 1029 ⁸,
1514 961 1779 1030 intelliga-

194 1085 335 1123 mus.
376 1067 482 1122 Sed
510 1066 869 1135 qualicunque
895 1062 1056 1118 modo
1094 1061 1424 1129 accipiamus
1462 1057 1778 1125 figmentum

193 1174 286 1213 seu
318 1157 719 1220 formationem,
743 1155 845 1209 hoc
872 1162 953 1208 est
981 1152 1093 1208 sive
1120 1152 1185 1205 de
1211 1158 1423 1213 natura,
1448 1147 1562 1201 sive
1590 1145 1658 1198 de
1687 1157 1782 1196 na-

197 1262 350 1304 turae
378 1247 762 1318 superadditis,
792 1245 857 1300 ad
892 1243 1218 1298 illudendum
1247 1240 1297 1294 ei
1324 1255 1354 1293 a
1385 1236 1586 1291 sanctis
1611 1233 1784 1288 homi-

196 1341 354 1394 nibus
388 1339 699 1406 sanctisque
729 1326 931 1406 angelis
967 1332 1213 1388 diabolus
1240 1344 1362 1385 cum
1390 1341 1489 1381 suo
1517 1334 1630 1379 toto
1665 1337 1786 1376 cor-

197 1446 328 1502 pore
368 1428 636 1483 formatus
670 1438 790 1492 est,
836 1442 944 1481 non
979 1424 1133 1494 juxta
1173 1422 1315 1492 quod
1355 1417 1673 1474 naturaliter
1707 1413 1785 1468 fa-

201 1534 351 1588 ctus,
385 1524 479 1579 sed
514 1521 673 1591 juxta
717 1520 857 1591 quod
900 1504 1259 1589 superbiendo
1296 1526 1532 1582 suaeque
1563 1502 1823 1563 naturae‘

202 1614 520 1684 dignitatem
551 1611 850 1667 deserendo
880 1608 1108 1663 futurus.
1138 1605 1395 1660 llludetur
1422 1602 1567 1657 enim
1598 1615 1628 1653 a
1658 1612 1788 1652 san-

200 1707 309 1760 czis
339 1704 456 1772 ejus
483 1703 728 1773 angelis'
761 1742 775 1765 ,
828 1698 1232 1754 remanentibus
1268 1695 1464 1764 quippe
1509 1691 1616 1746 illis
1650 1689 1789 1742 liena

1870 511 2090 567 porcam
2127 490 2408 547 sentientis
2443 486 2837 549 extenduntur,
2879 493 2937 536 ut
2967 481 3111 535 visus
3134 489 3187 534 et
3214 478 3440 535 auditus.

1871 588 2049 643 Salem
2092 594 2324 651 namque
2370 588 2424 634 et
2453 578 2633 632 lunam
2674 575 2739 639 ”,
2781 582 3064 640 ceteraque
3092 571 3265 624 sidera
3295 567 3450 637 longe

1873 678 1940 732 ab
1967 691 2032 732 eo
2071 674 2211 738 loco,
2241 685 2349 741 quo
2388 666 2692 737 corpusculi
2728 665 2832 719 mei
2879 662 3045 717 moles
3076 660 3328 722 ambitur,
3363 671 3451 727 po-

1874 772 1976 827 sita
2016 767 2213 823 sentio.
2246 761 2346 839 ilbi
2392 761 2708 822 enimsunt,
2763 756 2833 811 ibi
2862 770 2925 810 ea
2966 751 3139 808 sentio
3184 750 3236 803 in
3289 746 3455 801 radiis

1876 861 2155 916 oculorum
2185 869 2452 918 meorum,
2490 852 2580 922 qui
2611 850 2735 904 illuc
2763 847 2905 902 nulla
2946 860 3093 900 mora
3138 842 3457 895 interstante

1877 952 2179 1022 eriguntur,
2209 948 2262 1001 in
2288 946 2484 1015 quibus
2518 940 2835 1011 phantasiae
2877 934 3272 1006 praedictorum
3317 928 3459 983 side-

1880 1057 1998 1097 rum
2028 1038 2350 1095 formantur.
2386 1034 2616 1089 Videsne
2637 1030 2821 1100 igitur,
2845 1041 3006 1096 quatn
3041 1024 3194 1092 longe
3220 1015 3459 1089 praefata

1880 1134 2083 1189 femina
2120 1129 2428 1185 caleaneum
2463 1141 2619 1182 suum
2643 1126 2697 1179 in
2727 1136 2929 1193 organo
2957 1120 2997 1151 ¹¹
3031 1115 3240 1172 videndi
3269 1120 3460 1168 exten-

1882 1227 1979 1281 dit.
2013 1222 2273 1278 Similiter
2292 1218 2481 1282 dehis,
2511 1230 2649 1286 quae
2675 1229 2840 1283 prope
2867 1211 2947 1264 vel
2983 1211 3026 1241 ¹³
3055 1209 3108 1262 in
3137 1204 3324 1260 mediis
3350 1216 3465 1271 spa-

1885 1316 1975 1369 tiis
2012 1312 2285 1373 videntur,
2328 1305 2752 1376 intelligendum.
2801 1301 2917 1355 Non
2958 1298 3061 1351 alio
3090 1294 3246 1350 modo
3285 1293 3351 1346 de
3377 1306 3470 1344 au-

1886 1405 2063 1462 diendi
2095 1402 2271 1459 ollicio
2319 1398 2578 1454 naturalis
2623 1395 2808 1466 organi
2850 1388 3213 1446 consideratio
3255 1384 3464 1438 edocet.

1889 1497 2122 1551 Auditus
2152 1492 2416 1562 siquidem
2453 1499 2605 1545 extra
2636 1485 2879 1555 corporis
2906 1480 3077 1552 spatia
3119 1477 3263 1532 foras
3291 1488 3472 1530 erunt-

1887 1590 1988 1660 pit,
2018 1596 2363 1643 tit-sonorum
2394 1597 2488 1637 seu
2534 1594 2724 1636 vocum
2776 1573 3033 1631 formulas
3077 1571 3130 1623 iu
3177 1568 3352 1637 seipse
3386 1580 3477 1618 ex-

1888 1694 2105 1751 pressas
2144 1676 2385 1746 recipiat,
2415 1674 2528 1728 sive
2564 1672 2739 1741 longe,
2778 1668 2892 1723 sive
2926 1677 3092 1735 prope
3133 1661 3242 1713 ictu
3272 1654 3479 1711 13aéris

201 1743 309 1760 ωδ
340 1743 456 1772 ψη
483 1743 689 1773 ..ποιμα
761 1743 775 1765 ,
830 1743 1231 1754 .υ.......ν.....,--
1271 1743 1458 1764 τητ-
1509 1743 1541 1746 ,ἡ
1893 1743 1906 1751 ,
2259 1743 2274 1746 _

201 1796 487 1850 voluntate
514 1802 568 1848 et
596 1791 888 1848 conditoris
928 1787 1103 1860 gratia
1132 1786 1253 1840 fixis
1291 1784 1311 1816 ⁸
1342 1784 1396 1838 in
1422 1797 1483 1837 ea
1518 1778 1789 1837 felicitate,
1825 1769 1872 1828 Β
1897 1768 2138 1824 cll‘ectas.
2166 1764 2394 1833 Quidam
2422 1776 2552 1815 vero
2578 1760 2719 1814 intra
2750 1754 3009 1811 terminos
3039 1747 3278 1818 corporis
3308 1743 3479 1800 conti-

2364 1851 2407 1860 .-
2620 1857 2628 1860 Α
2764 1856 2772 1860 .
2935 1853 2945 1860 .
2998 1859 3019 1860 η
3072 1840 3154 1860 ..εμ
3205 1839 3250 1860 1,.
3284 1844 3474 1860 _-..._..

203 1888 258 1943 in
289 1902 399 1956 qua
445 1884 612 1940 creati
645 1893 786 1938 sunt.
825 1880 916 1934 Ille
955 1878 1185 1948 superba
1223 1872 1559 1944 ignorantia,
1598 1883 1705 1940 qua
1737 1883 1797 1922 se

207 1991 467 2032 casurum
490 1990 596 2029 non
626 1971 1006 2043 praeseiverat,
1030 1982 1155 2023 nam
1186 1966 1230 2020 si
1259 1963 1576 2035 praesciret,
1603 1959 1798 2014 fortas-

208 2075 285 2129 sis
326 2072 429 2127 sibi
458 2068 801 2140 praevideret
839 2079 907 2119 ne
936 2063 1175 2126 caderet,
1212 2059 1470 2128 deceptus
1491 2096 1505 2118 ,
1536 2053 1799 2109 invidiae-

211 2180 319 2233 que
349 2163 519 2216 livore
546 2158 784 2220 inflatus,
815 2156 866 2209 in
896 2169 1049 2210 suam
1080 2158 1273 2221 sponte
1300 2148 1553 2218 delapsus
1586 2152 1670 2200 est
1694 2143 1799 2197 mi-

213 2256 438 2312 seriam.
468 2251 605 2306 Justi
633 2264 760 2304 vero
792 2246 1037 2302 homines
1070 2240 1344 2298 Creatoris
1370 2239 1451 2293 sui
1483 2252 1547 2291 ac
1572 2235 1805 2289 Redem-

214 2347 395 2418 ptoris
421 2346 624 2415 pietate
652 2339 863 2396 liberati
888 2347 940 2392 et
969 2334 1281 2399 illuminati,
1314 2331 1541 2386 illudunt
1573 2329 1641 2390 ei,
1677 2327 1803 2381 dum

216 2439 395 2507 ipsum
435 2435 664 2489 latenter
703 2434 874 2487 forma
916 2429 1044 2484 boui
1084 2426 1415 2487 coloratum,
1441 2422 1808 2487 virtutumque

218 2529 577 2586 similitudine
604 2526 732 2580 vitia
780 2523 1226 2589 mortiferumque
1268 2516 1506 2572 malitiae
1543 2523 1808 2566 venenum

220 2628 602 2693 Suggerentcm
641 2616 967 2675 sentientes,
998 2627 1122 2666 mox
1156 2618 1316 2677 caput
1352 2605 1468 2674 ejus
1504 2606 1809 2657 conterunt,

220 2726 517 2780 escamque
539 2706 893 2778 spiritualem,
919 2703 1154 2756 divinam
1178 2696 1425 2752 videlicet
1452 2688 1811 2762 prudentiam,

219 2822 365 2878 quae
392 2803 526 2857 vitia
553 2817 581 2854 a
614 2798 901 2853 virtutibus
929 2792 1185 2856 secernit,
1217 2805 1285 2844 ne
1323 2785 1545 2842 subdola
1578 2779 1815 2836 versutia

225 2915 321 2954 eos
368 2895 562 2951 fallere
608 2893 827 2954 valeat,
877 2890 1119 2943 internae
1167 2879 1511 2938 discretionis
1567 2873 1819 2930 dentibus

224 2990 634 3048 comminuunt,
679 2984 899 3051 verique
950 2977 1074 3033 boui
1122 2973 1348 3030 sinceris
1399 2968 1621 3039 dapibus
1672 2961 1817 3017 omni

228 3084 472 3137 mixtura
531 3076 655 3132 mali
705 3073 946 3145 purgatis
1012 3076 1321 3125 vescuntur.
1371 3063 1555 3131 Neque
1604 3057 1815 3111 illorum

230 3171 520 3226 mulierem
575 3169 618 3230 ⁵,
648 3166 751 3220 hoc
786 3172 869 3218 est
904 3175 1119 3216 sensum
1158 3158 1197 3222 ',
1240 3151 1597 3210 materialinm
1635 3158 1817 3200 rerum

232 3260 586 3334 pulchritudo
616 3257 842 3326 decipit,
881 3270 980 3324 per
1005 3267 1164 3323 quam
1198 3247 1451 3317 antiquus
1490 3240 1728 3301 coluber,
1760 3235 1821 3290 li-

232 3354 486 3408 bidinosa
526 3349 882 3406 delectatione
920 3344 1195 3399 mediante
1220 3382 1235 3406 ,
1263 3334 1543 3392 mortifera
1571 3331 1822 3384 vitiorum

233 3460 446 3501 venena
489 3444 545 3498 in
592 3438 1009 3511 imprudentium
1043 3434 1251 3489 animos
1287 3428 1307 3460 ⁶
1339 3423 1604 3483 diffundit.
1633 3422 1828 3475 Conte-

238 3537 309 3593 rit
345 3550 480 3607 ergo
523 3533 754 3595 mulier,
782 3532 883 3585 hoc
912 3536 996 3583 est
1029 3539 1246 3583 sensus,
1285 3517 1544 3574 malitiam
1588 3512 1829 3568 bonitate

239 3627 563 3683 discernens
627 3623 683 3686 ν,
731 3619 972 3675 fortioris
1017 3612 1289 3676 mulieris,
1331 3608 1425 3663 Dei
1474 3603 1637 3661 Verbi
1688 3601 1827 3665 dico,

240 3716 543 3772 virtutibus
588 3712 836 3774 incitata,
874 3715 1042 3770 mota,
1090 3704 1294 3771 adjuta,
1350 3698 1621 3756 roborata,
1671 3700 1727 3746 et
1763 3690 1832 3744 ad

241 3806 635 3878 perfectionem
683 3801 910 3857 actionis
948 3804 1002 3853 et
1041 3788 1509 3861 contemplationis
1552 3783 1833 3854 perducta,

245 3875 411 3963 caput
441 3893 706 3963 serpentis
733 3899 786 3946 et
817 3889 992 3958 capita
1023 3883 1320 3941 diabolicae
1361 3875 1611 3931 videlicet
1638 3884 1832 3941 sugge-

247 3986 443 4041 stionis
472 3983 925 4049 illecebrosaeque
955 3970 1327 4032 delectationis
1351 3964 1662 4039 primordia,
1694 3961 1836 4015 unde

248 4081 330 4136 eis
359 4079 561 4133 laetitia
591 4076 873 4143 divinaque
896 4069 1122 4127 ellieitur
1151 4062 1372 4120 refectio
1413 4059 1455 4112 ⁸.
1479 4055 1666 4124 Qualis
1693 4052 1838 4107 enim

249 4169 428 4240 major
473 4165 689 4233 laetitia~
715 4141 803 4219 est
840 4157 1192 4231 spiritualiter
1229 4155 1281 4207 in
1321 4152 1425 4205 hac
1452 4148 1561 4202 vita
1601 4141 1841 4214 degenti-

250 4236 379 4324 bus,
408 4272 572 4329 quant
602 4253 939 4325 serpentinas
963 4248 1385 4311 libidinosasque
1418 4236 1614 4293 diaboli
1651 4248 1841 4287 versu-

254 4355 365 4408 tias
410 4352 462 4405 in
494 4350 684 4419 seipsis
716 4347 890 4416 primo
919 4342 1266 4397 convincere,
1299 4350 1364 4389 ac
1406 4330 1596 4385 deinde
1635 4324 1841 4395 simpli-

256 4444 498 4499 cioriluts
525 4457 583 4495 se
608 4441 658 4495 in
687 4438 898 4492 actione
926 4442 979 4487 et
1007 4426 1362 4499 intelligentia
1390 4420 1654 4483 fidelibus,
1695 4431 1761 4470 ne
1788 4424 1844 4467 et

260 4537 363 4607 ipsi
396 4536 599 4589 eisdem
629 4529 931 4599 deceptoris
969 4523 1180 4579 insidiis
1206 4520 1507 4589 capiantur,
1540 4510 1841 4584 propalare.

260 4624 330 4679 Et
362 4636 417 4679 tu
449 4621 777 4677 iusidiaberis
800 4618 1045 4672 calcaneo
1069 4613 1201 4682 ejus.
1226 4609 1552 4665 Calcaueum
1578 4598 1847 4662 mulieris,

261 4733 404 4787 quae
424 4724 507 4772 est
529 4714 790 4775 αἴσθησις,
810 4724 986 4764 rerum
1010 4702 1342 4759 sensibilium
1362 4695 1681 4769 phantasiae
1701 4698 1848 4753 sunt,

266 4815 368 4867 llOt'
398 4818 481 4866 est
511 4808 805 4875 imagines,
838 4816 978 4872 quae
1007 4799 1072 4853 de
1105 4791 1476 4864 corporalibus
1516 4784 1757 4840 numeris
1798 4782 1850 4834 in

267 4899 704 4970 quinqnepertito
753 4870 912 4950 sensu
942 4889 1336 4957 exprimuntur.
1367 4882 1445 4934 Ac
1480 4892 1577 4948 per
1609 4876 1711 4929 hoc
1744 4870 1854 4927 cal-

270 4965 653 5049 rattet—tttt—illtttl
683 4983 1176 5058 quinquepertitum
1208 4989 1328 5032 esse
1382 4984 1604 5027 necesse
1629 4975 1731 5022 est.
1762 4965 1855 5019 Di-

270 5086 474 5139 vi-litur
504 5084 646 5138 enim
678 5083 730 5135 in
762 5080 998 5150 quinque
1027 5071 1308 5128 notissima
1338 5062 1600 5121 sentiendi
1627 5074 1854 5130 organa,

271 5179 449 5233 visum
473 5178 613 5238 dico,
651 5174 917 5235 auditum,
946 5166 1226 5225 olfactnm,
1257 5166 1490 5232 gustum,
1527 5161 1857 5221 tactumque.

902 5446 922 5476 ²
954 5434 1046 5488 Sic
1088 5430 1208 5489 CF;
1246 5426 1287 5480 Α
1334 5420 1534 5496 angelis
1573 5418 1721 5496 eius:

986 5505 1007 5533 °
1051 5503 1141 5557 Sic
1167 5498 1283 5557 CF;
1337 5495 1375 5546 A
1406 5489 1719 5560 imprudenti

1256 5567 1297 5599 ‘°
1328 5563 1411 5618 CF
1442 5561 1739 5623 lunamque.

353 5451 369 5484 ¹
409 5457 527 5503 sunt
555 5459 666 5500 om.
700 5440 808 5496 CF.

288 5521 310 5552 ⁸
344 5522 435 5574 Sic
470 5516 589 5579 CF;
620 5514 660 5567 Α
688 5526 888 5564 sensus.

288 5590 327 5667 ᾼ
361 5572 621 5667 perfectio.
659 5579 946 5667 “"quidr't‘n
972 5590 1089 5667 orn:
1113 5572 1177 5624 A.

290 5642 581 5714 in'mediis.
659 5653 704 5686 "
728 5642 818 5705 Sic
846 5646 963 5707 CF:
998 5647 1037 5697 Δ
1063 5642 1231 5712 jactu.

294 5729 336 5787 Δ
365 5733 430 5785 ab
460 5729 653 5781 animo.
732 5723 772 5753 ’⁷
803 5721 848 5775 Α
878 5718 974 5770 illi.

1728 5499 1813 5536 nm
1840 5475 2026 5532 animis
2054 5466 2323 5521 diffundit.

1822 5552 1857 5587 "
1893 5548 1983 5601 Sic
2011 5540 2126 5601 Cl“;
2153 5537 2195 5592 Δ
2224 5538 2277 5587 itt
2308 5546 2584 5601 organum.

1311 5612 1478 5686 ‘l'HSic
1498 5628 1610 5693 ur;
1637 5612 1687 5679 Ἀ
1714 5612 2170 5691 disputationibus.

1899 1868 2118 1923 nentur,
2145 1862 2205 1910 ut
2225 1862 2308 1909 est
2328 1851 2557 1906 olfactus
2581 1857 2635 1904 et
2656 1856 2866 1918 gustus,
2894 1853 2952 1897 ut
2978 1840 3159 1896 multis
3188 1839 3253 1892 de
3284 1844 3479 1890 natura

1898 1963 2150 2007 sensuum
2175 1944 2571 2017 disputantibus
2602 1942 2645 1974 ιδ
2670 1940 2899 1994 videtur.
2922 1936 3036 1989 Non
3061 1935 3252 1987 desunt
3279 1938 3480 1989 tamen,

1901 2040 1992 2110 qui
2025 2028 2245 2093 sensum
2268 2031 2553 2089 olfaciendi
2584 2028 2729 2083 foras
2752 2030 3032 2079 autumant
3059 2019 3324 2091 prosilire,
3352 2030 3482 2086 quo-

1903 2148 2024 2188 rum
2050 2131 2358 2202 opinionem
2382 2142 2488 2180 non
2517 2134 2806 2194 possumus
2831 2130 3085 2188 spernere
3109 2130 3124 2178 ;
3155 2107 3486 2182 longiuscule

1905 2226 2048 2281 enim
2100 2239 2131 2277 a
2179 2217 2498 2288 corporibus
2544 2212 2743 2268 nostris
2777 2211 2915 2264 bene
2951 2223 3046 2262 seu
3095 2205 3253 2258 aliter
3288 2199 3486 2255 olentia

1908 2317 2192 2371 sentimus.
2242 2313 2317 2366 De
2363 2317 2509 2362 tactu
2556 2314 2732 2359 autent
2773 2317 2933 2357 nemo
2959 2299 3309 2370 physicorum
3340 2292 3488 2347 dubi-

1911 2419 2011 2473 tat,
2051 2406 2194 2478 quod
2223 2412 2277 2459 et
2298 2404 2440 2458 intra
2468 2414 2663 2469 corpus
2687 2406 2741 2451 et
2763 2404 2917 2450 extra
2950 2408 3105 2447 suum
3131 2395 3352 2460 peragat
3383 2384 3490 2439 olli-

1912 2500 2075 2555 cimn.
2111 2496 2270 2551 Solus
2312 2492 2454 2547 enim
2497 2497 2550 2543 et
2602 2487 2719 2542 sine
2758 2485 2877 2538 aliis
2913 2481 3157 2537 sensibus
3186 2479 3291 2530 vim
3336 2490 3490 2529 suam

1913 2596 2178 2644 execrcct.
2204 2583 2391 2639 Nullus
2419 2595 2546 2635 vero
2577 2576 2802 2631 aliorum
2832 2580 3085 2642 quattuor
3122 2569 3323 2634 absque
3353 2562 3495 2616 illius

1916 2676 2294 2747 cooperatione
2309 2670 2664 2727 ministerium
2688 2681 2845 2721 suum
2866 2662 3011 2717 valet
3032 2657 3341 2726 adimplere.
3357 2653 3494 2707 Nam

1916 2778 1973 2823 et
1998 2769 2147 2823 visus
2173 2780 2278 2820 non
2305 2771 2480 2833 potest
2507 2759 2710 2821 videre,
2739 2754 2839 2809 nisi
2871 2750 3126 2822 tetigerit,
3155 2746 3295 2817 quod
3318 2743 3492 2805 videt;

1918 2877 2021 2917 nec
2051 2860 2267 2914 auditus
2301 2854 2519 2918 audire,
2562 2850 2663 2904 nisi
2702 2846 2967 2917 tetigerit,
3000 2841 3141 2913 quod
3182 2838 3357 2901 audit;
3402 2849 3501 2888 nec

1921 2951 2152 3008 olfactus
2179 2948 2444 3009 olfacere,
2478 2943 2522 2996 si
2551 2958 2657 2996 non
2692 2937 2963 3006 tetigerit,
2991 2932 3130 3003 quod
3157 2930 3296 2992 olet;
3328 2938 3502 2993 neque

1923 3052 2111 3114 gustus
2139 3049 2376 3110 gustare,
2401 3035 2445 3089 si
2469 3048 2571 3087 non
2597 3024 3007 3099 tetigerit,quod
3031 3029 3227 3094 gustat.
3254 3014 3507 3071 Animad-

1848 3118 1893 3179 (ἶ
1926 3144 2077 3191 verte
2112 3136 2293 3201 itaque
2330 3125 2572 3182 mulieris
2611 3122 2924 3176 calcaneum
2968 3114 3012 3146 ³⁵
3047 3154 3062 3178 ,
3104 3105 3508 3181 quinqucperti-

1929 3233 2039 3279 tum
2069 3234 2283 3277 sensum
2305 3213 2636 3271 sensibilium
2670 3223 2849 3264 rerum
2880 3202 3175 3274 phantasiis
3197 3199 3506 3257 formatunt,

1928 3317 2014 3372 cui
2047 3327 2270 3382 serpens
2303 3307 2528 3364 callidus
2565 3302 2867 3359 insidiatur.
2898 3294 3188 3350 lnsidiatur
3215 3290 3356 3343 enim
3382 3300 3507 3339 sen-

1928 3410 2008 3465 sui
2033 3404 2269 3468 vi:lendi,
2296 3403 2421 3456 dum
2444 3393 2893 3469 pulchritudinem
2924 3388 3216 3443 formarum
3243 3377 3512 3435 colorum-

1928 3515 2034 3570 que
2062 3495 2292 3553 incautis
2332 3489 2616 3546 animabus
2661 3482 2965 3554 perniciose
3010 3475 3197 3533 suadet
3224 3468 3509 3537 concupis-

1933 3603 2075 3644 cere.
2097 3584 2297 3640 Eadem
2321 3581 2530 3634 ratione
2552 3576 2620 3630 de
2636 3570 2916 3629 harmonia
2938 3581 3151 3625 vocum,
3170 3562 3235 3615 de
3248 3557 3516 3613 suavitate

1934 3683 2190 3742 odorum,
2231 3678 2298 3730 de
2336 3686 2587 3743 saporum
2619 3679 2946 3733 eorumque,
2974 3672 3113 3731 quae
3151 3663 3328 3710 tactus
3354 3649 3517 3704 altiu-

1934 3775 2030 3845 git,
2054 3767 2504 3825 delectationibus
2525 3758 2928 3830 intelligendum
2952 3753 3206 3808 arbitror.
3230 3746 3379 3814 Quae
3401 3756 3516 3796 om-

1938 3868 2049 3929 nia,
2077 3865 2203 3917 dum
2234 3857 2532 3929 improvide
2551 3896 2566 3921 ,
2599 3856 2701 3909 hoc
2725 3859 2809 3906 est
2834 3846 3036 3904 carnali
3073 3841 3365 3912 cupiditate
3390 3848 3521 3890 con-

1939 3957 2150 4028 cupita,
2188 3969 2284 4024 per
2320 3961 2640 4020 corporeum
2679 3955 2896 3998 sensum
2934 3936 3002 3990 ab
3042 3934 3222 3988 anima
3261 3929 3304 3960 ¹⁶
3341 3923 3519 3995 perci-

1938 4051 2190 4122 piuntur,
2222 4042 2562 4099 mortiferum
2597 4034 2901 4091 divinorum
2935 4025 3306 4081 mandatorum
3339 4026 3521 4069 trans-

1940 4136 2233 4213 gressionis
2251 4131 2488 4187 elliciunt
2511 4138 2799 4186 venenum,
2824 4116 3174 4181 omniumque
3202 4107 3520 4161 delictorum

1943 4231 2148 4286 semina
2180 4225 2445 4282 nutriunt.
2474 4221 2541 4275 Et
2570 4219 2672 4273 hoc
2702 4224 2784 4269 est
2803 4254 2818 4278 ,
2844 4208 2984 4280 quod
3016 4203 3262 4274 superius
3287 4196 3525 4252 insinuat

1944 4322 2248 4390 Scriptura,
2276 4315 2362 4369 ubi
2394 4314 2469 4367 ait
2499 4329 2513 4364 :
2556 4307 2693 4363 Vidit
2723 4305 2883 4375 igitur
2915 4296 3133 4357 mulier,
3160 4290 3297 4362 quod
3335 4287 3525 4340 bonum

1944 4420 2071 4465 esset
2100 4409 2297 4477 lignum
2320 4403 2387 4456 ad
2416 4397 2742 4459 vescendum,
2769 4402 2815 4445 et
2844 4386 3116 4458 pulchrum
3150 4378 3335 4440 oculis,
3372 4388 3525 4442 aspc-

1875 4475 1919 4533 υ
1948 4466 2503 4571 οιηᾳιιευάειεειαὺὶιε,
2541 4498 2588 4543 et
2623 4485 2742 4539 tulit
2781 4481 2845 4534 de
2888 4477 3062 4547 fructu
3099 4470 3240 4525 illius
3285 4466 3326 4498 ¹⁷
3360 4474 3406 4518 et
3445 4478 3530 4515 co-

1950 4559 2126 4657 medit,
2157 4590 2401 4659 deditque
2426 4586 2535 4640 viro
2558 4597 2652 4635 suo
2677 4592 2694 4629 :
2720 4573 2995 4629 mulierem
3028 4564 3273 4620 videlicet
3302 4559 3535 4628 figurate

1954 4683 2279 4741 exteriorem
2329 4688 2544 4730 sensum
2594 4665 2905 4738 appellans,
2964 4670 3143 4713 rerum
3197 4646 3531 4706 sensibilium

1958 4773 2257 4849 phantaslis
2290 4768 2611 4825 delectatum
2653 4769 2814 4827 atque
2853 4755 3165 4820 deceptum,
3209 4742 3308 4797 viri
3352 4746 3535 4794 autem

1960 4871 2318 4945 appellatione
2346 4864 2584 4919 animum
2615 4852 2954 4924 significans,
2996 4844 3086 4915 qui
3126 4837 3304 4897 sensui
3341 4848 3533 4902 corpo—

1962 4984 2057 5022 reo
2098 4964 2283 5019 illicite
2319 4953 2664 5013 consentiens
2703 4940 3097 5010 corrumpitur,
3136 4935 3239 4988 hoc
3273 4938 3383 4991 est,
3412 4938 3536 4979 (ξοην

1964 5054 2311 5126 templatione
2340 5048 2563 5102 intimae
2588 5035 2831 5091 veritatis
2860 5035 3195 5101 segregatur.

2162 5139 2371 5198 Mulieri
2410 5146 2612 5206 quoque
2651 5126 2783 5182 dixit
2824 5138 2839 5176 :
2871 5116 3231 5188 Multiplicabo
3262 5117 3541 5163 aerumnas

2466 5390 2487 5420 ⁸
2527 5386 2617 5442 Sic
2655 5383 2729 5447 F;
2781 5379 2820 5431 A
2874 5373 3131 5428 mulieres,
3171 5358 3545 5447 (Σαιηὲιζίρισιξιὲι.

2530 5424 2617 5442 υ.»
2661 5424 2675 5437 .
2781 5424 2820 5431 .-
3123 5424 3131 5428 _

2424 5463 2445 5494 ⁷
2475 5460 2567 5514 Sic
2601 5426 2729 5514 CF;
2764 5450 2804 5504 Α
2840 5448 3149 5504 discernens.
3226 5434 3247 5463 ⁸
3287 5424 3544 5514 μία-εῖίῇ

2663 5497 2715 5555 ¹¹’
2736 5494 2823 5575 Sic
2993 5494 3032 5563 Ᾰ
3066 5522 3199 5576 quae
3224 5494 3549 5576 uropricj-iln

2253 5563 2277 5587 ll
2308 5563 2382 5585 mc
2405 5563 2584 5585 "nunc.
2738 5563 2823 5575 ,μυ
2849 5563 2906 5573 ν-
2947 5563 2957 5576 ,
3086 5563 3095 5576 ,

2253 5606 2296 5635 ’⁸
2325 5563 2555 5657 uiitlicuis
2595 5592 2895 5648 calcaueuut
2935 5597 3041 5637 om.
3079 5580 3141 5629 Α.
3220 5572 3262 5605 ¹⁶
3306 5569 3396 5623 Sic
3432 5563 3548 5628 Cl";
