3898 6154
452 285 567 350 835
796 262 845 270 ”’
964 261 976 272 ’
1005 258 1012 265 ’
1834 283 1991 342 πω

2157 282 2369 341 soon
3102 268 3121 273 “
3144 270 3183 276 ”’
3582 285 3666 347 sai

455 418 572 461 tuas
618 416 669 462 et
703 418 977 477 conceptus
1016 416 1174 471 tuos;
1226 406 1277 461 in
1324 405 1500 459 labore
1543 404 1713 476 paries
1746 404 1905 473 ft’ios.
1940 403 2040 459 Ubi
2071 407 2118 464 Α
2148 402 2213 457 Ει
2241 402 2399 458 alibi:
2448 399 2605 458 Video
2633 404 2796 459 aliam
2836 405 2997 477 legem
3028 406 3081 461 in
3123 405 3354 461 membris
3400 407 3513 461 meis
3537 425 3657 473 repu.

456 505 646 567 aperte
681 498 841 553 datur
866 498 1111 568 intelligi,
1141 497 1304 567 quod,
1355 496 1399 552 si
1428 497 1590 551 homo
1633 511 1736 549 non
1765 503 2037 566 peccaret,
2139 505 2382 564 gnantem
2416 496 2519 567 legi
2557 496 2742 553 mentis
2771 515 2935 563 meae,
2967 509 3014 554 et
3043 501 3375 571 captivantem
3418 502 3555 555 mein
3578 501 3666 572 legs

457 599 566 638 non
592 584 762 639 solum
794 585 1034 640 interiori
1062 586 1358 648 intellectu.
1383 601 1566 640 verum
1588 585 1755 640 etiam
1782 584 2041 641 exteriori
2138 585 2356 652 peccati.
2400 584 2782 643 Animadverte
2807 588 3088 644 dissidiqu
3119 587 3247 660 legis
3283 589 3465 644 mentis
3490 598 3538 645 et
3559 590 3667 662 legis

457 690 619 730 sensu
646 682 866 731 naturas
911 691 1093 731 rerum
1137 685 1192 732 et
1234 679 1470 733 rationes
1518 693 1728 733 summa
1758 676 2039 743 facilitate,
2142 676 2375 733 carnalis
2394 693 2606 743 sensus,
2635 693 2773 749 quae
2805 680 3116 735 dominatur
3144 679 3197 734 iu
3232 680 3475 735 membris
3512 696 3666 737 carna—

454 765 600 820 omni
632 766 1059 822 ratiocinationis
1081 769 1407 825 necessitate
1429 768 1725 835 absolutus,
1754 769 2042 840 purissime
2142 756 2265 825 liter
2310 771 2628 837 viventium,
2658 780 2924 843 repugnat
2955 773 3223 829 mentibus
3267 772 3592 845 spiritualium
3623 774 3665 829 in

453 856 926 926 contemplaretur.
959 857 1248 928 Postquam
1275 875 1409 915 vero
1429 861 1693 932 peccavit,
1715 876 1814 930 per
1835 876 2040 932 organa
2142 860 2459 915 mortalibus
2480 862 2738 919 membris
2761 864 2828 918 ad
2850 864 3291 920 exercitationem
3314 865 3526 930 virtutis,
3553 866 3667 919 ideo-

454 946 738 1001 exterioris
763 961 958 1002 sensus
984 962 1090 1003 non
1117 949 1216 1004 nisi
1246 949 1390 1005 solas
1436 950 1770 1006 sensibilium
1816 950 2044 1021 superli-
2141 964 2247 1020 que
2288 950 2374 1005 lex
2403 951 2634 1021 peccati,
2664 951 2715 1006 id
2755 961 2861 1020 est,
2886 953 3123 1010 carnalis
3151 969 3340 1009 sensus
3373 954 3437 1010 ab
3460 953 3667 1023 Apostolo

453 1038 584 1100 cies,
618 1048 673 1094 et
717 1040 1066 1109 quantitates,
1098 1049 1150 1095 et
1172 1042 1484 1111 qualitates,
1529 1043 1664 1099 situs
1705 1058 1940 1114 quoque,
1986 1051 2043 1099 et
2141 1042 2453 1097 nominatus
2480 1053 2584 1097 est.
2618 1041 2727 1098 Sed
2754 1044 2859 1099 hoc
2885 1043 3163 1099 dissidium
3189 1044 3561 1114 divortiumqne
3578 1045 3668 1098 ani-

452 1130 820 1197 habitudines,
869 1142 1188 1203 ceteraque,
1224 1150 1363 1204 quae
1391 1150 1650 1206 corporeo
1697 1136 1878 1191 sensui
1920 1151 2044 1192 suc-
2144 1132 2216 1186 mi
2266 1141 2321 1188 et
2367 1147 2576 1198 sensus,
2613 1134 2830 1203 quando
2875 1135 3267 1189 restaurabitur
3317 1142 3496 1189 natura
3534 1142 3580 1188 et
3618 1133 3670 1187 ad

451 1223 737 1289 cumhunt,
768 1226 981 1280 animus
1020 1227 1269 1297 percipit.
1303 1228 1370 1283 Et
1407 1230 1538 1284 haec
1570 1229 1759 1284 omnia
1795 1244 1902 1284 non
1945 1245 2045 1299 per
2144 1225 2443 1282 naturalem
2468 1226 2712 1283 ordinem
2738 1227 3100 1294 revocabitur,
3132 1228 3185 1283 in
3215 1242 3400 1297 pacem
3424 1226 3669 1297 spiritualis

452 1312 629 1383 scipsa
679 1314 722 1379 ³,
767 1314 861 1368 sed
909 1329 1006 1385 per
1039 1330 1226 1370 eorum
1269 1317 1583 1385 phantasias
1632 1317 1870 1389 attingit,
1907 1332 2043 1387 quas
2144 1317 2512 1387 naturalisque
2545 1316 2776 1389 coniugii
2803 1317 2825 1349 ⁹
2848 1327 3108 1385 vertetur,
3134 1319 3347 1389 quando
3373 1333 3549 1388 corpus
3571 1332 3669 1372 sen-

452 1419 637 1459 secum
670 1412 907 1459 tractans
959 1420 1115 1459 suum
1139 1404 1397 1474 judicium
1424 1407 1738 1477 saepissime
1771 1407 1973 1461 fallitur
1996 1407 2040 1474 ⁸,
2143 1410 2246 1473 sui,
2274 1423 2465 1464 sensus
2485 1409 2685 1475 animo,
2710 1409 2924 1465 animus
2946 1410 3056 1465 Deo
3093 1409 3339 1465 subditus
3364 1418 3417 1466 et
3461 1408 3671 1464 obediens

452 1510 515 1549 ac
540 1509 637 1564 per
681 1494 783 1548 hoc
825 1509 932 1549 non
966 1495 1082 1550 sine
1124 1496 1509 1566 multiplicibus
1557 1498 1857 1552 studiorum
1894 1496 2044 1552 labo-
2143 1503 2264 1558 erit.
2318 1501 2433 1558 lloc
2483 1502 2646 1558 etiam
2693 1502 2933 1573 apertius
2980 1503 3140 1558 datur
3182 1502 3339 1558 nobis
3380 1500 3593 1571 intelligi,
3636 1500 3672 1554 si

450 1587 622 1649 ribus,
663 1600 800 1655 quos
839 1600 1128 1641 aerumnas
1173 1588 1414 1643 mulieris
1442 1587 1723 1659 Scriptura
1774 1588 2038 1656 nominat,
2145 1591 2495 1663 Septuaginta
2545 1593 2835 1649 editionem
2890 1594 3262 1649 intendamus:
3317 1591 3385 1647 Et
3434 1591 3496 1644 ad
3540 1592 3673 1644 virttut

449 1678 515 1730 ad
560 1676 885 1745 multiplices
932 1687 1243 1748 conceptus,
1289 1680 1340 1733 id
1388 1688 1491 1746 est,
1540 1681 1607 1735 ad
1670 1681 2042 1737 inchoatioues
2144 1694 2293 1737 tuum
2325 1684 2587 1739 conversio
2635 1693 2822 1749 tua,et
2847 1684 2954 1753 ipse
2997 1684 3074 1738 tui
3114 1683 3483 1737 dominabitur.
3508 1679 3673 1747 Quibus

449 1765 865 1837 iutelligibilium
898 1783 1076 1823 rerqu
1108 1769 1518 1839 intelligentiae,
1561 1779 1721 1841 atque
1749 1770 1908 1836 ﬁlios,
1939 1772 2040 1826 hoc
2071 1783 2114 1841 Β
2143 1772 2326 1827 verbis
2355 1772 2693 1842 apertissime
2737 1773 3049 1844 intelligitur
3076 1773 3286 1829 reditus
3325 1772 3569 1827 humanae
3600 1783 3674 1822 na.

434 1864 531 1912 ‘cst
579 1867 753 1913 rectas
789 1859 1047 1925 rationes,
1097 1861 1164 1916 de
1217 1871 1408 1917 natura
1451 1878 1630 1917 rerum
1677 1864 2041 1933 procreandos
2130 1871 2303 1918 -turae
2331 1863 2385 1918 in
2415 1864 2699 1933 pristinum
2724 1863 2989 1920 ordinem.

448 1960 545 2014 per
572 1948 801 2002 eundem
834 1964 1049 2004 sensum
1077 1960 1255 2020 potest
1284 1953 1583 2021 pervenire.
1617 1953 1910 2023 Propterea
1942 1969 2038 2008 au-
2210 1951 2302 2008 26.
2333 1953 2485 2019 Quod
2530 1962 2710 2009 autem
2738 1954 2859 2009 viro
2902 1954 3102 2009 dictum
3131 1962 3251 2009 est:
3283 1952 3545 2008 Maledicta
3564 1959 3681 2005 terra

449 2042 557 2090 tem
603 2052 929 2104 aerumnas,
975 2048 1028 2093 et
1075 2049 1403 2110 conceptus,
1474 2042 1721 2113 ﬁliosque
1776 2043 2037 2099 exteriori
2142 2042 2203 2096 in
2230 2057 2382 2112 apere
2411 2051 2526 2107 tuo,
2570 2052 2625 2098 et
2654 2052 2867 2107 cetera,
2897 2057 3038 2112 quae
3065 2043 3165 2098 sub
3194 2042 3372 2098 forma
3395 2039 3675 2096 maledictio-

446 2128 626 2181 sensui
680 2129 859 2183 divina
916 2130 1138 2200 deputat
1186 2133 1506 2196 auctoritas,
1573 2135 1828 2203 quoniam
1873 2151 2037 2193 omne
2141 2133 2228 2186 nis
2253 2133 2503 2187 videntur
2541 2147 2665 2189 esse
2704 2133 2926 2203 scripta,
2959 2147 3065 2187 non
3093 2132 3256 2189 facile
3305 2140 3499 2204 patent,
3536 2127 3673 2198 qualis

445 2221 681 2275 studium
709 2222 1024 2290 sapientiae,
1054 2210 1338 2295 omnisque
1374 2226 1570 2281 mentis
1599 2227 1902 2297 conceptio,
1931 2243 2035 2297 pu-
2142 2220 2213 2275 Si!
2242 2221 2329 2276 illa
2353 2229 2515 2287 lena.
2547 2222 2633 2276 ουὶ
2676 2222 2872 2277 ῐηθΐίιο
2918 2222 3401 2292 ρτειθνιπὶωιίουίε
3421 2215 3672 2286 animio'l'li

444 2330 613 2385 raque
652 2315 896 2371 veritatis
925 2317 1161 2387 cognitio
1209 2332 1239 2371 a
1288 2318 1535 2374 sensibus
1562 2319 1808 2388 corporis
1851 2319 2039 2389 auspi-
2140 2321 2226 2368 est
2253 2313 2333 2366 vir
2354 2313 2624 2369 humanae
2667 2322 2914 2380 naturae,
2963 2314 3328 2380 maledicitur,
3359 2320 3409 2368 et
3456 2310 3604 2382 qualis
3621 2309 3675 2363 sit

442 2407 585 2461 cium
633 2417 872 2473 sumunt,
911 2409 979 2464 ab
1025 2408 1369 2466 inferioribus
1397 2412 1463 2465 ad
1509 2412 1809 2481 superiora,
1841 2421 1894 2467 et
1921 2412 1988 2467 ab
2013 2413 2037 2444 ³
2141 2407 2228 2461 illa
2251 2406 2577 2474 maledictio,
2614 2417 2796 2463 utrum
2837 2408 3225 2480 indignationis
3248 2407 3496 2464 severitas
3514 2405 3591 2468 sit,
3622 2417 3673 2455 an

441 2498 800 2555 exterioribus
845 2501 912 2555 ad
965 2501 1219 2557 interiora
1273 2505 1483 2559 ratione
1527 2505 1795 2575 gradatim
1847 2520 2035 2560 aseeu-
2141 2497 2405 2566 quaedam
2430 2498 2656 2568 mystica
2675 2498 3193 2569 objurgatiotelcur
3216 2499 3463 2566 nonipsc
3484 2495 3674 2557 θηὶῐιὶυει

441 2588 621 2642 ιιθξῖῑθ.
655 2585 723 2639 Et
763 2589 857 2642 sub
891 2590 989 2643 viri
1006 2601 1258 2660 potestate
1292 2592 1413 2655 eris,
1456 2604 1506 2646 et
1528 2595 1638 2663 ipse
1676 2594 2036 2648 dominabitur
2138 2588 2230 2659 qui
2281 2602 2469 2643 Vocem
2522 2589 2765 2646 mulieris
2812 2591 3059 2657 audiens,
3112 2591 3447 2659 vetitumque
3487 2588 3676 2642 fruclum

442 2678 543 2731 tui.
574 2677 632 2731 lu
674 2677 777 2732 hoc
802 2678 921 2734 loco
957 2680 1219 2735 naturalis
1258 2682 1463 2737 ordinis
1509 2683 1777 2738 humanae
1807 2691 2035 2740 naturae
2138 2679 2429 2736 comedens
2459 2682 2721 2751 peccavit,
2760 2680 3106 2737 maledictum
3137 2681 3416 2746 sustinuit,
3445 2678 3561 2734 etin
3583 2674 3678 2746 qui.

440 2769 712 2823 restitutio
756 2769 938 2824 divina
980 2786 1110 2826 voce
1159 2773 1517 2841 promittitur,
1565 2765 1702 2829 etin
1749 2776 2032 2846 antiquum
2136 2771 2239 2826 bus
2283 2771 2562 2827 laboribus
2609 2772 2845 2828 comedit
2886 2773 3227 2829 rualedictam
3280 2783 3493 2845 terram,
3534 2778 3579 2825 et
3605 2765 3678 2837 qui

443 2867 643 2913 statum
662 2860 987 2916 conditionis
1014 2863 1273 2919 reversio.
1304 2863 1450 2921 Ordo
1478 2865 1742 2936 siquidem
1769 2868 2035 2924 naturalis
2138 2871 2263 2917 sum
2290 2861 2408 2918 dies
2452 2862 2594 2918 Vitae
2623 2864 2809 2931 animi.
2847 2864 3142 2935 qualesque
3188 2866 3377 2935 spinas
3417 2871 3469 2919 el
3496 2858 3678 2915 "illum

441 2958 614 3015 esset,
664 2952 708 3006 si
757 2952 971 3008 animus
1022 2954 1104 3009 sui
1159 2954 1433 3012 Creatoris
1488 2958 1738 3027 potestati
1790 2959 2037 3016 subditus
2137 2952 2571 3020 Βενηὶίηθῑῑεπθ
2602 2944 2693 3007 illi
2719 2953 2782 3018 ¹⁶›
2815 2970 3061 3025 quasque
3097 2954 3305 3010 herbas
3334 2955 3444 3025 eius
3466 2949 3676 3009 οοιηθάίίο

445 3049 609 3110 atque
633 3042 893 3099 obediens
920 3060 1133 3116 semper
1161 3046 1210 3101 ei
1253 3045 1276 3079 ⁸
1302 3047 1651 3104 adhaereret:
1693 3049 1886 3106 deinde
1911 3066 2033 3106 seu-
2138 3043 2260 3113 quis
2281 3044 2466 3108 ﬁndor.
2492 3043 2615 3113 quis
2642 3043 2842 3109 "nilus.
2873 3045 3049 3115 qualis
3083 3044 3295 3101 reditus
3345 3042 3495 3098 animi
3521 3042 3565 3095 in
3593 3049 3681 3094 ιθτ·

444 3148 539 3189 sus
562 3144 884 3204 pmestatem
916 3145 1213 3207 nutumque
1252 3139 1416 3193 animi
1443 3139 1673 3194 libenter
1692 3150 2032 3210 sequeretur,
2062 3125 2107 3188 C
2140 3149 2278 3202 ram,
2306 3137 2372 3190 de
2401 3149 2504 3204 qua
2529 3143 2776 3204 sumptus
2799 3143 2906 3198 est,
2930 3135 3050 3205 quis
3083 3134 3285 3204 pulvis.
3310 3132 3449 3188 llaec
3471 3129 3623 3187 omnia
3643 3125 3679 3181 si

445 3240 644 3294 corpus
685 3234 865 3281 autem
904 3228 1084 3283 sensui
1118 3231 1513 3284 succumberet.
1547 3229 1637 3285 Sic
1676 3246 1910 3301 namque
1930 3246 2035 3301 pax
2139 3225 2433 3281 secundum
2459 3224 2762 3291 historiam,
2800 3226 2903 3281 hoc
2930 3234 3036 3289 est,
3064 3227 3365 3281 secundum
3402 3232 3682 3279 rerumsen-

444 3324 500 3369 et
547 3314 830 3370 harmonia
881 3318 1050 3386 ipsius
1089 3328 1372 3375 creaturae
1419 3329 1475 3375 et
1514 3321 1566 3375 in
1599 3321 1774 3390 seipsa
1822 3330 1877 3377 et
1912 3338 2034 3377 cum
2137 3318 2396 3385 sibilium,
2444 3334 2584 3389 quae
2611 3319 2664 3373 in
2692 3319 2796 3374 hac
2826 3333 2888 3374 ac
2917 3319 2959 3351 “
3002 3319 3068 3375 de
3109 3317 3213 3373 bac
3248 3327 3389 3372 terra
3422 3312 3689 3372 hominibus

444 3404 703 3460 Creatore
737 3421 834 3461 suo
865 3406 1036 3462 licrel.
1066 3407 1184 3462 Jam
1213 3425 1346 3465 vero
1375 3419 1497 3481 post
1545 3411 2035 3481 transgressionem
2137 3410 2414 3467 habitabili
2450 3412 2607 3475 liunt,
2646 3410 2999 3481 accipiantur,
3029 3409 3170 3464 sicut
3199 3408 3391 3491 multis
3417 3401 3689 3461 auctoribus

443 3500 610 3553 divini
656 3500 894 3554 mandati
940 3501 1060 3556 talis
1107 3503 1261 3566 ordo,
1310 3502 1376 3557 ad
1417 3519 1575 3573 quem
1606 3505 2033 3559 conservandum
2137 3501 2357 3572 placuit,
2389 3511 2485 3557 aut
2506 3501 2731 3566 nullam,
2762 3510 2855 3557 aut
2882 3501 3208 3557 levissimam
3247 3500 3592 3572 quaestionem
3619 3492 3682 3562 gi.

445 3597 662 3644 creatus
684 3598 765 3644 est
790 3589 974 3653 homo,
1007 3589 1232 3660 talisque
1257 3608 1356 3659 pax
1384 3601 1439 3646 et
1464 3593 1644 3647 unitas
1669 3591 1945 3648 Creatoris
1977 3600 2035 3648 et
2137 3601 2338 3665 guunt;
2357 3594 2440 3648 sin
2456 3594 2653 3648 veroiu
2681 3592 2795 3664 ipsa
2808 3593 3043 3647 humana
3065 3599 3285 3656 natura,
3307 3592 3688 3646 sicutetceteras

447 3688 730 3733 creaturae
760 3682 1110 3750 perturbatus
1137 3692 1221 3737 est
1255 3682 1277 3714 '
1304 3697 1318 3735 :
1352 3683 1512 3737 homo
1534 3683 1798 3753 siquidem
1846 3693 2038 3755 sponte
2135 3702 2275 3758 quae
2297 3687 2364 3742 de
2386 3688 2637 3757 paradiso
2659 3687 2935 3759 praedicta
2960 3695 3110 3752 sunt,
3133 3685 3495 3757 intelligantur
3516 3681 3571 3745 ¹⁸,
3594 3690 3680 3731 non

446 3782 565 3830 sua,
622 3767 768 3821 nulla
824 3768 1107 3823 occasione
1157 3778 1401 3840 cogente,
1466 3787 1644 3825 rerum
1696 3772 2032 3829 sensibilium
2135 3792 2298 3847 parva
2322 3776 2566 3848 indigent
2591 3777 2950 3848 indagatione.
2983 3776 3137 3844 Quod
3158 3785 3341 3832 autem
3364 3769 3681 3830 etsecundum

447 3874 634 3914 amore
665 3869 978 3941 corruptus,
1019 3861 1188 3915 Deum
1237 3877 1391 3917 suum
1420 3862 1658 3919 deseruit
1679 3880 1694 3930 ;
1719 3866 1803 3920 cui
1836 3867 2040 3922 adhae-
2136 3884 2317 3924 rerum
2344 3868 2613 3925 factarum
2646 3870 3039 3941 proprietatem
3073 3869 3436 3939 accipiuntur,
3459 3873 3510 3920 et
3531 3870 3681 3917 tamen

443 3969 565 4010 rere
594 3954 765 4010 solum
792 3956 989 4009 bonum
1018 3964 1104 4010 est
1143 3966 1362 4012 nostrae
1400 3958 1740 4014 substitiouis
1764 3959 1787 3989 "
1832 3968 1888 4014 et
1925 3975 2033 4015 non
2135 3960 2507 4033 propheticum
2535 3960 2781 4034 ﬂagitant
2816 3961 3196 4026 intentionem,
3230 3966 3449 4015 sanctus
3468 3946 3683 4021 Augusti-

444 4048 610 4103 aliud.
677 4048 908 4120 Ideoque
956 4049 1098 4104 Deus
1148 4050 1457 4120 superbiam
1505 4050 1772 4106 humanae
1807 4059 2035 4107 naturae
2136 4068 2239 4108 nus
2280 4053 2333 4107 in
2359 4052 2645 4109 undecimo
2675 4052 2926 4108 Exemeri
2982 4052 3066 4108 sui.
3106 4059 3341 4108 testatur
3378 4050 3459 4105 bis
3498 4040 3682 4099 verbis:

443 4156 702 4209 spernere
747 4142 769 4174 "
810 4142 1009 4206 volens,
1062 4143 1293 4212 propriis
1333 4145 1443 4198 suis
1476 4143 1936 4201 irrationabilibus
1966 4146 2032 4201 li-
2135 4144 2275 4211 Quia
2308 4144 2506 4199 audisti
2540 4160 2712 4199 vocem
2749 4145 2987 4200 mulieris
3021 4153 3162 4210 tuae,
3194 4154 3244 4200 et
3278 4143 3428 4198 edisti
3447 4141 3507 4194 de
3537 4137 3685 4205 ligna.

443 4229 678 4300 bitisque
731 4231 968 4286 motibus
1020 4232 1291 4285 hominem
1344 4233 1592 4301 permisit
1636 4234 1817 4300 abuti,
1865 4243 1925 4289 ut
1978 4236 2034 4291 in
2135 4235 2683 4305 dequopraeceperam
2706 4234 2819 4299 tibi,
2837 4234 2974 4288 deeo
2995 4231 3228 4288 solonon
3247 4231 3419 4296 edere,
3445 4222 3687 4282 maledic"!

442 4319 620 4389 seipso
664 4320 936 4390 probaret,
988 4321 1115 4391 quid
1154 4321 1236 4376 sui
1294 4322 1603 4379 Conditoris
1650 4325 1824 4394 gratia
1872 4327 2035 4381 meri-
2135 4337 2275 4381 terra
2297 4326 2350 4381 in
2373 4325 2611 4396 operibus
2634 4327 2757 4380 tuis.
2782 4324 2850 4380 In
2870 4324 3226 4379 tristitiisedes
3249 4322 3397 4377 illam
3420 4332 3581 4373 omnes
3597 4312 3687 4366 dies

445 4419 664 4481 tumque
712 4412 1069 4478 obedientiae,
1101 4420 1155 4468 et
1191 4413 1319 4483 quid
1365 4414 1752 4471 irrationabilis
1800 4427 1979 4473 motus
2007 4420 2030 4451 ⁸
2062 4473 2108 4487 _
2134 4419 2269 4473 vitae
2294 4428 2414 4473 tuae
2441 4433 2459 4471 :
2488 4420 2666 4487 spinas
2688 4416 2762 4473 vel
2781 4416 3056 4471 "tribulos
3087 4415 3203 4469 edet
3237 4414 3351 4469 tibi.
3383 4411 3449 4466 Et
3474 4409 3581 4464 edes
3602 4403 3689 4472 {ot-

440 4502 777 4571 snperbaque
820 4503 1055 4557 mandati
1096 4505 1451 4576 transgressio
1478 4506 1581 4561 sibi
1631 4506 1921 4563 conferret.
1952 4509 2033 4564 Ac
2061 4473 2112 4532 Β
2137 4526 2262 4563 num
2285 4511 2423 4580 agri,
2450 4473 2722 4563 in'sudore
2756 4508 2912 4577 faciei
2941 4517 3063 4561 tuae
3085 4504 3206 4560 edes
3230 4519 3419 4573 panem
3441 4512 3596 4560 tuum,
3616 4493 3691 4546 do-

445 4592 673 4659 per.hoc
700 4592 861 4647 veluti
892 4594 1179 4649 divortium
1220 4597 1488 4666 quoddam
1513 4598 1679 4654 maris
1715 4607 1771 4655 et
1797 4599 2032 4657 feminae
2136 4615 2228 4653 nec
2256 4599 2573 4653 converteris
2616 4600 2672 4651 in
2717 4607 2933 4661 terram,
2970 4611 3035 4650 ex
3058 4611 3166 4666 qua
3193 4603 3429 4664 sumptus
3452 4598 3519 4644 est
3548 4600 3566 4637 :
3587 4582 3690 4654 quid

442 4681 829 4749 subsequutum
856 4692 938 4738 est
966 4684 1107 4739 inter
1131 4686 1371 4741 animum
1393 4699 1444 4743 et
1471 4703 1719 4756 sensum;
1750 4706 1853 4746 non
1874 4671 2029 4748 enim
2137 4700 2279 4745 terra
2300 4705 2354 4744 es
2379 4698 2428 4743 et
2453 4689 2509 4743 in
2529 4698 2721 4744 terram
2748 4687 2869 4741 ibis.
2918 4684 3068 4750 Hoc,
3098 4686 3269 4755 inquit
3296 4724 3314 4748 ,
3336 4697 3446 4736 esse
3497 4679 3548 4730 in
3572 4685 3689 4727 terra

441 4766 782 4837 obtemperat
804 4786 995 4827 sensus
1021 4788 1313 4843 corporeus
1333 4775 1667 4847 jussionibus
1698 4780 2029 4850 auimijuxta
2134 4782 2338 4837 labores
2363 4783 2581 4838 humani
2604 4782 2829 4853 generis,
2847 4781 2965 4851 quis
2986 4778 3234 4850 ignorat?
3274 4776 3343 4831 Et
3368 4774 3487 4846 quia
3513 4786 3605 4824 non
3627 4781 3693 4818 cs-

443 4858 589 4925 legcs
647 4869 887 4917 naturae.
950 4863 1105 4932 Quod
1169 4866 1455 4924 divortium
1504 4870 1791 4940 Apostolus
1845 4883 2031 4944 aperte
2134 4884 2267 4940 sent,
2293 4874 2338 4929 si
2360 4873 2607 4943 felicitas,
2652 4888 2785 4944 quae
2824 4873 2880 4927 in
2915 4872 3164 4943 paradiso
3203 4871 3401 4942 fuerat,
3445 4871 3691 4922 teneretur.

446 4952 773 5023 pulchreque
798 4957 1084 5026 expressit,
1116 4957 1335 5013 dicens:
1376 4958 1552 5016 Mente
1574 4963 1741 5017 servio
1770 4963 1870 5035 legi
1908 4965 2030 5031 Dei,
2138 4984 2239 5022 non
2259 4975 2337 5021 est
2357 4966 2534 5036 utique
2561 4964 2926 5020 dubitandum.
2969 4965 3043 5020 Ac
3085 4980 3179 5035 per
3212 4964 3312 5016 hoc
3335 4962 3492 5017 etiam
3514 4949 3694 5026 ριὀρνὶε

444 5063 604 5101 carne
638 5057 810 5101 autem
840 5048 941 5118 legi
972 5051 1190 5120 peccati,
1229 5067 1448 5107 carnem
1474 5052 1724 5111 videlicet
1750 5058 2028 5112 carnalem
2134 5055 2288 5111 verba
2309 5056 2436 5109 haec
2460 5055 2702 5126 primitus
2731 5054 2965 5125 accipere
2993 5070 3096 5109 non
3118 5054 3327 5125 pigeat;
3368 5044 3609 5105 servanda
3632 5049 3697 5092 ω’

444 5150 662 5191 sensum
693 5137 987 5208 appellans,
1039 5140 1128 5208 qui
1162 5141 1567 5199 rationabilibus
1593 5144 1757 5199 animi
1799 5146 2034 5202 motibus
2132 5163 2251 5201 men
2292 5155 2367 5201 est
2413 5157 2461 5201 et
2503 5146 2825 5216 expectanda
2856 5146 3175 5217 signiﬁcatio
3217 5142 3696 5215 propheliaeoqm“

441 5225 605 5281 etiam
651 5226 705 5281 in
752 5228 851 5291 his,
889 5229 979 5299 qui
1008 5228 1228 5299 perfecti
1278 5241 1420 5298 sunt,
1454 5234 1765 5293 iuobcdiens
1803 5238 2030 5294 resistit.
2134 5237 2361 5290 maxime
2386 5237 2468 5291 hic
2510 5238 2743 5292 intuetur
2772 5236 2865 5291 Dei
2904 5236 3159 5307 loquentis
3200 5234 3439 5288 intentio.
3469 5228 3696 5287 Videsne.

1758 5414 2014 5470 VARIAE
2051 5416 2453 5475 LECTIONES.

518 5547 799 5626 f_Sig§F;
924 5567 1022 5619 per
1071 5553 1317 5626 scipsum.
1396 5554 1414 5583 ⁸
1448 5556 1486 5626 ._\
1544 5551 1702 5620 fallit.
1783 5554 2031 5626 'abgout.
2089 5556 2193 5610 CF.
2270 5558 2291 5589 δ
2340 5573 2539 5626 semper
2558 5558 2604 5611 ei
2633 5571 2742 5611 om.
2779 5557 2839 5610 Α.
2888 5557 2942 5626 7⁸
2982 5555 3073 5612 Sic
3120 5550 3237 5618 CF;
3271 5553 3317 5607 Δ
3361 5549 3698 5626 perturbant?

442 5614 471 5691 ‘_
500 5616 594 5672 Sic
620 5618 739 5691 CF;
846 5614 1043 5674 bonum
1072 5614 1155 5676 est
1185 5624 1469 5676 Ituntanae’
1491 5614 1730 5676 naturae.
1834 5626 1855 5656 ⁷
1886 5624 1976 5679 Sic
2021 5626 2140 5689 CF;
2181 5628 2218 5679 Λ
2252 5614 2597 5681 substernere.
2699 5629 2723 5661 ⁸
2751 5627 2841 5680 Sic
2870 5625 2987 5691 CF;
3019 5628 3061 5680 Α
3093 5614 3541 5691 irrationabilibns
3567 5615 3699 5691 mefi-

451 5682 567 5739 ους.
641 5686 662 5717 ³
699 5686 744 5741 A
770 5687 821 5741 in
848 5705 973 5757 pace
999 5706 1044 5745 s.
1088 5708 1140 5745 n.
1179 5692 1498 5762 conjugium.
1582 5694 1623 5725 ¹⁰
1657 5693 1746 5747 illa
1779 5709 1887 5748 om.
1918 5695 1982 5750 A.
2063 5698 2105 5734 ¹³
2129 5682 2244 5751 ἐἰς
2270 5696 2389 5760 (Ἐς
2436 5697 2474 5751 Α
2513 5708 2581 5753 et.
2658 5698 2700 5729 "
2732 5696 2823 5752 Sic
2845 5682 3038 5762 CF;'A
3069 5695 3424 5765 intelligenda.
3500 5689 3543 5721 ⁸³
3579 5688 3697 5751 A”.
3766 5764 3774 5773 θ
