3898 6154
248 304 366 366 ’85Ἲ

1067 298 1174 352 ’ΒΕ
1218 296 1552 353 ικιγξδιοκε
1592 295 1940 352 ΝᾸΤΙΙΠΧΕ.
1984 296 2284 350 -ῚᾸΒΙΞῐὶ
2322 293 2674 363 QUARTUS.

3406 295 3524 349 ﬁliis

266 412 704 481 quemadmodum
747 410 761 441 ί
806 410 989 480 jubet,
1035 409 1180 463 hunc
1228 407 1401 462 locum
1452 422 1641 462 sacrae
1674 409 1834 466 ‘Scrt-
1864 421 1906 469 Α
1937 417 2190 460 taeanam
2217 424 2417 473 eorum,
2441 424 2574 478 quae
2596 407 2736 476 facta
2766 415 2905 470 sunt,
2924 406 3326 475 scientia,panis
3350 418 3523 462 autem

261 514 434 575 pturre
481 496 772 572 etpmprie
813 513 868 554 et
911 499 1137 569 figurate
1180 496 1386 565 accipi?
1419 495 1523 550 Sed
1569 494 1694 565 quid
1727 499 1840 553 vult

261 595 349 648 illa
395 590 565 663 tigura
595 588 930 660 prophetica,
964 587 1019 640 in
1048 585 1297 651 praefato
1319 600 1423 641 suo
1442 584 1580 640 libro
1606 600 1711 639 non
1743 600 1839 640 cx-

258 695 458 758 pranat.
489 681 598 739 Sed
629 682 675 737 si
706 678 1317 751 explanaret,‘fortassis
1354 676 1510 732 nobis
1549 674 1836 741 sulliceret,

257 792 359 833 nec
401 775 562 829 aliam
602 771 992 843 expositionem
1042 782 1448 839 quaereremus.
1499 765 1612 821 Non
1654 774 1835 820 autem

253 864 525 936 explanat.
550 862 889 930 Quaeramus
915 859 1079 931 igitur
1106 858 1366 922 breviter,
1395 857 1507 913 Deo
1528 857 1683 920 duce,
1705 857 1837 925 quid

254 958 357 1013 sibi
385 956 570 1011 volunt
613 954 739 1009 talia
775 952 940 1007 divini
975 950 1175 1021 eloquii
1205 950 1387 1005 verba.
1421 949 1565 1004 DISC.
1594 947 1834 1033 Quaera-

252 1064 399 1113 mus;
435 1062 541 1103 non
573 1046 719 1100 enim
749 1045 951 1099 intacta
976 1042 1456 1113 praetermittenda
1496 1050 1647 1098 sunt.
1691 1042 1833 1097 hinc.

252 1138 463 1195 Sullicit
486 1139 529 1203 ',
564 1147 625 1191 ut
654 1135 907 1199 arbitror,
941 1134 1009 1189 de
1037 1134 1232 1189 talibus
1258 1133 1660 1203 responsionem
1691 1132 1835 1188 beati

249 1230 466 1285 Maximi
493 1226 742 1283 monachi
766 1240 984 1297 ponere.
1010 1225 1116 1280 Sed
1142 1234 1202 1281 ut
1224 1226 1462 1296 apertius
1484 1226 1596 1296 ipsa
1618 1241 1837 1296 respon-

245 1322 327 1377 sio
361 1319 602 1390 pateﬁat,
645 1317 888 1388 ejusdem
928 1316 1228 1372 sciscitatio
1255 1317 1631 1386 praeponenda
1680 1316 1702 1347 ³
1727 1326 1830 1372 est.

246 1414 393 1468 Dtsc.
439 1410 610 1466 Aliter
653 1408 767 1464 ﬁeri
820 1421 929 1462 non
970 1415 1203 1477 oportet.
1244 1407 1383 1463 Meo.
1427 1408 1686 1477 Proponit
1729 1408 1832 1462 ita-

243 1518 348 1573 que
391 1501 444 1555 in
497 1500 686 1569 quinto
744 1497 1084 1553 Scholiorum
1125 1496 1148 1528 ⁸
1194 1496 1430 1566 capitulo
1478 1497 1579 1551 boc
1618 1506 1774 1566 pacto
1814 1514 1829 1550 :

244 1591 397 1657 Quae
448 1590 517 1643 sit
566 1587 845 1642 maledicta
894 1596 1035 1639 terra
1078 1586 1134 1639 in
1175 1586 1414 1655 Operibus
1445 1586 1614 1638 Adam
1646 1601 1833 1639 secun-

242 1684 368 1738 dum
401 1696 689 1751 anagogeu,
728 1687 777 1733 et
808 1677 936 1749 quid
967 1677 1024 1730 in
1064 1676 1287 1731 tristitiis
1319 1692 1434 1729 eam
1475 1675 1760 1741 comedere,
1783 1685 1833 1730 et

1940 514 2059 551 rem
2089 502 2133 532 το
2156 499 2442 552 scrupulum
2491 498 2802 567 theologiam
2839 500 3205 567 mysteriorum
3261 498 3521 552 doctrina.

1938 585 2208 641 Hactenus
2253 586 2517 641 Maximus
2562 588 2623 639 ¹¹.
2672 586 2923 641 Arbitror
2970 595 3174 650 autem,
3225 585 3340 639 dics
3381 586 3526 639 vitae

1939 677 2124 740 animi,
2156 677 2351 747 quibus
2380 686 2579 732 terram
2611 677 2790 733 cordis
2833 677 2913 731 sui
2963 676 3243 746 purgando
3284 677 3518 739 laborat,

1936 782 2043 823 non
2074 769 2173 824 hos
2198 768 2557 833 solummodo,
2577 768 2770 839 quibus
2794 768 3095 838 praesentis
3117 768 3258 821 vitae
3282 776 3476 837 tcmpo:
3492 782 3525 824 τι

1934 860 2245 926 volvuntur,
2292 876 2596 931 corpusque
2642 862 2710 916 ab
2761 863 2941 915 anima
2980 869 3287 931 vegetatur,
3330 878 3518 922 verum

1936 950 2099 1004 etiam
2130 960 2186 1005 et
2215 949 2345 1006 illud
2370 952 2603 1022 spatium
2651 952 2970 1021 temporale,
3001 952 3350 1023 quiranimae
3380 953 3522 1021 regi-

1936 1057 2060 1097 men
2088 1044 2333 1114 corporis
2362 1044 2677 1099 deserentes
2712 1044 2764 1098 in
2788 1044 2890 1098 alia
2938 1045 3065 1109 vita,
3097 1043 3270 1099 donec
3296 1058 3521 1113 corpora

1936 1148 2031 1187 sua
2062 1134 2346 1203 recipiant,
2391 1144 2695 1201 morantur,
2734 1135 3061 1206 signiﬁcare.
3090 1133 3224 1189 Nam
3258 1142 3312 1189 et
3338 1135 3389 1189 in
3420 1134 3521 1190 bac

1936 1224 2064 1289 vita,
2090 1239 2195 1294 qua
2220 1223 2378 1279 simul
2403 1239 2600 1294 corpus
2630 1234 2686 1280 et
2714 1227 2893 1279 anima
2921 1225 3157 1294 degunt,
3187 1233 3241 1280 et
3268 1225 3319 1279 in
3347 1224 3521 1280 altera

1934 1324 2057 1386 post
2084 1324 2312 1370 mortem
2336 1317 2599 1385 corporis,
2630 1317 2731 1371 boc
2754 1328 2835 1371 est
2856 1318 3178 1373 solutionem
3225 1317 3366 1388 ejus,
3398 1321 3522 1373 red-

1936 1406 2177 1475 itumque
2216 1407 2268 1461 in
2298 1416 2556 1476 quattuor
2584 1408 2767 1461 mundi
2798 1408 3081 1472 elementa,
3113 1424 3179 1463 ex
3224 1408 3416 1478 quibus
3439 1421 3523 1465 est

1935 1494 2222 1549 collectum
2249 1504 2413 1564 atque
2432 1496 2804 1565 compositum,
2834 1512 3005 1565 usque
3034 1498 3099 1551 ad
3125 1497 3284 1552 ﬁnem
3312 1500 3521 1565 mundi,

1934 1599 2328 1655 corporumque
2376 1588 2850 1649 resurrectionem,
2885 1588 3138 1657 diemque
3169 1586 3355 1656 judicii
3387 1604 3520 1659 pur-

1935 1677 2049 1746 gari
2089 1677 2297 1732 animas
2341 1692 2498 1747 posse
2537 1678 2832 1734 credimus.
2880 1678 2941 1733 lli
2990 1687 3117 1734 sunt
3164 1680 3327 1750 igitur
3378 1680 3518 1745 dies,

236 1773 368 1844 quid
390 1780 504 1841 post
532 1768 960 1841 germinationem
983 1767 1255 1837 spinarum
1279 1764 1692 1836 tribularumque
1716 1766 1830 1820 hcr—
1858 1762 1902 1821 Β
1926 1758 2366 1836 quibusanimus
2386 1777 2598 1823 terram
2641 1769 2821 1823 cordis
2850 1771 2930 1824 sui
2975 1770 3232 1835 comedit,
3283 1771 3386 1826 hoc
3414 1780 3521 1837 est,

241 1868 359 1921 bam
385 1865 670 1931 comedere,
691 1870 739 1917 et
778 1870 1037 1933 postremo
1074 1861 1201 1931 quid
1236 1861 1294 1914 in
1325 1860 1520 1915 sudore
1549 1860 1720 1915 vultus
1745 1860 1831 1915 sui

237 1970 432 2023 panem
456 1951 722 2007 comedere
739 1953 764 2005 ?
782 1948 852 2005 Et
878 1950 1090 2021 quidem
1119 1966 1388 2021 nunquam
1412 1951 1554 2004 visus
1574 1960 1649 2006 est
1674 1952 1830 2004 homo

240 2051 437 2096 terram
463 2041 736 2096 comedens
756 2055 917 2110 neque
933 2038 1148 2094 herbam
1165 2056 1184 2104 ;
1207 2054 1369 2109 neque
1388 2055 1575 2109 panem
1600 2040 1831 2094 mandu-

240 2140 419 2186 cantes
436 2130 596 2200 juxta
622 2128 884 2199 judicium
904 2129 1155 2183 historiae
1173 2128 1228 2182 in
1254 2120 1445 2183 sudore
1464 2130 1637 2184 vultus
1662 2146 1833 2185 come-

239 2223 394 2276 dunt.
430 2219 758 2291 Responsio:
785 2218 900 2290 ipsa
955 2228 1097 2273 terra
1149 2217 1429 2272 maledicta
1484 2220 1541 2273 in
1590 2219 1830 2289 operibus

237 2312 414 2366 Adam
436 2326 559 2365 caro
588 2317 664 2364 est
687 2308 879 2373 Adam,
914 2322 1122 2377 semper
1151 2306 1293 2376 [acta
1322 2323 1416 2377 per
1454 2323 1609 2377 opera
1634 2306 1826 2361 Adam.

239 2402 373 2456 Dico
415 2410 589 2455 autent
626 2398 890 2469 passiones
934 2396 1289 2467 cognoscentis
1334 2397 1498 2450 animi
1523 2395 1827 2462 maledicta,

239 2492 493 2547 virtutum
535 2489 691 2545 veluti
749 2489 1044 2543 divinorum
1107 2502 1321 2557 operum
1372 2486 1825 2555 infructuositate,

236 2598 400 2652 quam
422 2596 540 2635 cum
565 2578 824 2633 anxietate
854 2576 1022 2631 multa
1049 2576 1365 2646 tristitiaque
1392 2576 1615 2630 comedit
1640 2616 1656 2642 ,
1690 2576 1828 2632 brevi

237 2673 529 2728 secundum
568 2672 735 2742 ipsam
775 2669 1035 2739 voluptate
1061 2668 1354 2739 perfruens.
1400 2666 1550 2733 Quae
1580 2686 1704 2724 caro
1731 2686 1826 2739 pro

237 2765 349 2834 ipsa
374 2761 701 2833 corruptibili
726 2759 1049 2830 perfruentia
1066 2760 1321 2829 germinat
1346 2760 1394 2812 ei
1420 2760 1757 2829 cogitationes
1777 2770 1825 2814 et

238 2872 420 2921 curas,
442 2855 600 2909 veluti
622 2852 824 2922 spinas,
846 2866 1164 2922 magnasque
1185 2850 1493 2905 tentationes
1517 2860 1670 2923 atque
1695 2852 1828 2921 peri-

219 2948 555 3011 clitationes,
574 2946 726 3002 veluti
749 2944 989 3007 tribulos,
1011 2952 1058 2998 et
1084 2953 1264 2998 contra
1285 2944 1540 2997 rationem
1554 2983 1568 3006 ,
1592 2943 1824 3013 furorem

226 3051 283 3095 et
312 3038 783 3109 concupiscentiam
803 3036 1049 3107 languide
1077 3052 1195 3090 eum
1221 3035 1448 3106 undique
1476 3052 1823 3107 compungen-

1932 1859 2145 1913 actione
2174 1860 2511 1931 purgationis
2554 1861 2742 1915 utitur.
2788 1859 2925 1927 Nam
2970 1871 3094 1931 post
3125 1862 3287 1917 linem
3334 1879 3514 1918 rerum

1929 1950 2271 2006 sensibilium
2301 1951 2507 2005 nullum
2551 1953 2892 2022 purgationis
2928 1962 3109 2007 actum
3145 1953 3371 2025 legimus
3404 1952 3520 2009 fore

1915 2048 2052 2109 post
2098 2040 2332 2096 reditum
2381 2049 2608 2095 naturae
2659 2042 2711 2095 in
2758 2043 3044 2111 pristinam
3094 2044 3407 2112 puritatem.
3452 2044 3521 2099 Et

1931 2130 2180 2187 fortassis
2228 2131 2332 2186 hoc
2376 2131 2664 2202 signiﬁcat,
2708 2132 2851 2202 quod
2901 2133 3103 2188 dictum
3150 2142 3233 2189 est
3270 2149 3296 2187 .:
3343 2134 3518 2189 Donec

1929 2224 2245 2278 convertaris
2264 2225 2320 2278 in
2342 2225 2637 2289 terram,de
2661 2241 2764 2294 qua
2789 2236 3027 2296 sumptus
3050 2243 3123 2280 es.
3147 2226 3227 2284 Ac
3256 2227 3300 2281 si
3332 2238 3519 2298 aperte

1928 2308 2134 2369 diceret
2175 2331 2189 2368 :
2234 2312 2408 2369 Tanto
2460 2322 2701 2384 tempore
2752 2314 2806 2368 in
2856 2317 3192 2385 purgationis
3233 2326 3367 2372 tuae
3421 2333 3520 2388 per

1928 2403 2199 2458 actionem
2225 2412 2280 2458 et
2309 2403 2591 2459 scientiam
2627 2403 2902 2459 laboribus
2929 2405 3143 2458 sudabit
3166 2405 3345 2461 vultus
3369 2415 3514 2471 tuus,

1928 2491 2032 2546 hoc
2059 2501 2162 2558 est,
2188 2492 2530 2547 rationabilis
2558 2492 2845 2562 inquisitio
2889 2493 3154 2557 veritatis,
3183 2495 3358 2550 donec
3386 2511 3515 2552 cono

1926 2583 2158 2638 vertaris
2187 2583 2239 2637 in
2275 2592 2473 2638 terram
2500 2624 2515 2649 ,
2555 2583 2621 2638 de
2646 2598 2753 2653 qua
2782 2592 3030 2653 sumptus
3056 2598 3149 2651 es,
3184 2585 3288 2641 hoc
3326 2593 3427 2650 est,
3460 2588 3514 2642 in

1926 2672 2251 2727 soliditatem
2299 2672 2795 2728 incommutabilem
2849 2672 3274 2741 primordiatium
3319 2689 3515 2730 causa-

1927 2780 2067 2831 rum,
2091 2780 2157 2820 ex
2172 2765 2368 2835 quibus
2388 2766 2653 2837 originem
2676 2766 2847 2820 ducis.
2865 2765 2980 2840 Non
3009 2766 3154 2820 enim
3177 2765 3404 2822 ulterius
3428 2782 3514 2821 su-

1926 2855 2099 2920 dabis,
2122 2857 2248 2911 dum
2263 2856 2388 2911 illuc
2412 2858 2743 2926 perveneris.
2768 2855 2920 2923 Quod
2950 2867 3131 2912 autem
3161 2858 3376 2912 nomine
3399 2867 3510 2914 ter-

1925 2961 2020 3001 rae
2070 2945 2298 3002 felicitas
2350 2957 2608 3003 aeternae
2646 2949 2791 3003 vitae
2846 2949 3223 3021 stabilitasque
3278 2953 3511 3021 primor-

1925 3037 2145 3093 dialium
2179 3053 2506 3104 causarum,
2547 3055 2613 3095 ex
2658 3040 2858 3109 quibus
2897 3042 3077 3096 omnia
3102 3082 3118 3105 ,
3161 3058 3299 3112 quae
3339 3053 3505 3109 sunt,

220 3142 347 3197 .tes;
380 3140 440 3185 ut
464 3106 548 3183 via:
565 3129 726 3198 possit
766 3106 909 3197 ejus,
943 3128 1119 3180 carnis
1144 3125 1395 3189 videlicet,
1428 3128 1706 3181 sanitatem
1733 3128 1820 3182 in-
1849 3106 1893 3169 Ο
1922 3129 2190 3194 oriuntur,
2215 3130 2576 3201 signiﬁcetur,
2605 3106 2795 3186 multis
2816 3131 3034 3186 divinae
3081 3106 3394 3203 Scripturae
3431 3106 3510 3190 lo;

237 3222 713 3289 columitatemque,
756 3218 909 3274 veluti
948 3217 1159 3287 foenum
1201 3218 1515 3283 marcidum,
1547 3218 1823 3290 adquirere

237 3326 393 3386 atque
419 3314 755 3379 manducare,
778 3313 874 3368 hoc
896 3321 970 3367 est
994 3312 1238 3381 consequi
1268 3326 1288 3365 :
1319 3321 1367 3366 et
1393 3322 1516 3367 tunc
1535 3321 1649 3382 post
1687 3312 1824 3367 mul-

234 3416 341 3462 tam
385 3407 723 3462 atrocitatum
759 3408 1125 3464 revolutionem
1170 3412 1226 3466 in
1263 3411 1455 3466 sudore
1494 3411 1682 3477 vultus,
1724 3412 1822 3466 hoc

234 3506 329 3563 est,
356 3496 419 3551 in
442 3496 556 3567 ipsa
574 3497 858 3551 secundum
880 3514 1092 3554 sensum
1125 3500 1420 3555 humilitate
1447 3510 1602 3573 atque
1644 3501 1823 3556 labore

236 3587 289 3640 in
341 3587 365 3619 ⁸
397 3593 645 3657 operosae
664 3587 1096 3645 considerationis
1123 3591 1446 3646 sensibilium
1474 3593 1610 3647 velut
1633 3610 1820 3664 panem

236 3681 303 3735 ad
333 3680 759 3735 constitutionem
806 3680 1042 3735 habendo
1072 3685 1360 3753 praesentis
1411 3685 1547 3738 vitae
1587 3685 1821 3739 occasio-

237 3787 373 3835 nem,
412 3770 522 3824 sive
556 3786 651 3839 per
691 3779 878 3837 artem,
906 3772 1011 3826 sive
1056 3788 1149 3841 per
1189 3772 1351 3827 aliam
1394 3774 1661 3844 quandam
1697 3776 1820 3829 huic

236 3863 370 3916 vitae
417 3860 748 3915 distributum
790 3862 1244 3918 machinationem.
1280 3863 1361 3916 An
1391 3865 1555 3934 magis
1582 3877 1723 3919 terra
1744 3876 1819 3921 est

236 3952 410 4005 Adam
433 3967 524 4006 cor
548 3950 902 4017 maledictum,
938 3969 1030 4023 per
1045 3954 1539 4023 praevaricationem
1561 3955 1821 4024 accipiens

237 4041 539 4096 caelestium
580 4044 831 4096 bonorum
875 4041 1232 4105 ablutionem?
1261 4043 1435 4109 Quam
1488 4054 1679 4098 terram
1729 4062 1823 4116 per

232 4134 527 4203 practicam
569 4132 945 4203 philosophiam
969 4134 1147 4187 multis
1194 4135 1412 4189 comedit
1468 4135 1821 4190 tribulationi-

237 4224 330 4279 bus
360 4224 408 4286 ⁸,
433 4234 708 4295 purgatam
727 4241 819 4295 per
835 4226 1200 4279 conscientiam
1226 4226 1587 4282 maledictione
1608 4245 1819 4299 operum

235 4313 601 4385 turpitudinis,
648 4320 697 4366 et
736 4314 924 4366 iterum
964 4314 1281 4384 germinatas
1314 4317 1336 4348 "
1390 4318 1445 4370 in
1489 4334 1551 4371 ea
1600 4318 1622 4349 ⁸
1653 4319 1822 4372 instar

234 4405 513 4464 spinarum
553 4401 889 4471 cogitationes
922 4404 1063 4474 circa
1091 4422 1367 4475 corporum
1411 4411 1814 4478 generationem,

237 4511 298 4548 ac
338 4494 497 4548 veluti
538 4491 776 4557 tribulos,
818 4494 961 4547 circa
1003 4494 1409 4565 incorporalium
1439 4499 1820 4569 providentiam

231 4584 599 4654 jndiciumque
619 4624 634 4645 ,
671 4591 925 4638 scatentes
957 4586 1227 4654 opiniones
1276 4590 1476 4643 ratione
1519 4606 1751 4660 purgans
1778 4593 1820 4655 ’,

236 4676 510 4745 physicam
536 4673 689 4728 veluti
726 4674 936 4745 foenum
965 4676 1130 4746 carpit
1169 4680 1518 4747 spiritualiter
1542 4683 1820 4736 theoriam.

242 4765 309 4819 Et
336 4766 416 4820 sic
447 4766 601 4836 quasi
633 4765 688 4819 in
725 4765 916 4820 sudore
955 4766 1126 4824 vultus
1150 4768 1319 4823 scibili
1348 4770 1719 4842 intelligentiae
1744 4789 1823 4827 se-

240 4858 474 4912 cundum
493 4858 762 4913 scientiam
787 4858 931 4913 vultu
956 4860 1394 4931 incorruptibilem
1418 4864 1705 4935 theologiae
1733 4882 1823 4919 co-

242 4949 404 5001 medit
438 4964 647 5018 panem,
689 4948 857 5003 solum
893 4966 1006 5004 vere
1028 4951 1232 5006 vitalem
1273 4964 1336 5029 et.
1361 4956 1740 5009 comedentium
1766 4973 1820 5011 se

244 5048 634 5092 conservantem
691 5039 760 5092 ad
821 5040 1359 5110 incorruptibilitatem
1416 5046 1818 5113 generationem.

250 5126 412 5180 Terra
432 5128 607 5198 itaque
640 5137 714 5181 est
743 5128 867 5183 bene
892 5146 1095 5184 comesa
1119 5132 1230 5202 ipsa
1253 5150 1346 5201 per
1364 5135 1618 5189 actionem
1649 5137 1822 5191 cordis

246 5218 524 5287 purgatio,
574 5218 783 5287 foenum
841 5235 958 5274 vero
1022 5221 1136 5291 ipsa
1187 5225 1471 5277 secundant
1530 5225 1823 5281 naturalem

1923 3218 2003 3273 cis
2024 3226 2208 3287 aperte
2232 3220 2489 3274 innuitur.
2548 3219 2704 3275 Verbi
2737 3221 2908 3290 gratia
2928 3262 2943 3285 ,
2977 3222 3251 3277 Abraham
3302 3225 3507 3280 dictum

1910 3313 2042 3362 est:
2084 3306 2347 3378 Egredere
2373 3307 2436 3362 de
2471 3317 2609 3362 terra
2636 3319 2748 3376 tua,
2777 3322 2823 3364 et
2868 3311 2931 3365 de
2956 3311 3258 3382 cognatione
3284 3323 3375 3367 tua
3394 3354 3409 3380 ,
3459 3326 3509 3370 et

1910 3398 1986 3451 .de
2006 3397 2159 3454 domo
2192 3400 2357 3469 patris
2383 3400 2481 3465 tui,
2512 3409 2560 3454 et
2584 3401 2699 3455 veni
2725 3402 2780 3455 in
2806 3411 3020 3469 terram,
3057 3420 3215 3474 quant
3245 3415 3506 3460 monstra-

1914 3507 2038 3546 ‘vero
2067 3490 2178 3545 tibi.
2206 3490 2271 3545 Et
2293 3500 2416 3561 post
2440 3491 2713 3562 aliquanta
2740 3509 2753 3545 ε
2786 3493 3059 3565 Profectus
3085 3495 3206 3549 inde
3240 3496 3507 3551 Abraham

1912 3582 1976 3636 in
2006 3592 2199 3636 terram
2213 3582 2518 3648 australem,
2545 3593 2592 3637 et
2614 3585 2864 3639 habitavit
2895 3587 3030 3640 inter
3052 3584 3220 3642 Cades
3243 3598 3290 3642 et
3315 3588 3503 3653 Assur,

1922 3672 2065 3727 inter
2092 3673 2572 3729 sanctiﬁcationcm
2603 3674 2849 3731 videlicet
2873 3684 2928 3730 et
2957 3676 3410 3733 beatiﬁcationem
3442 3681 3507 3743 η,

1923 3765 2064 3820 inter
2092 3778 2228 3833 quas
2256 3764 2310 3819 in
2338 3774 2559 3820 aeterna
2588 3766 2772 3836 requie
2799 3767 2977 3822 omnis
2996 3778 3306 3823 sanctorum
3335 3769 3511 3825 felici-

1923 3863 2007 3909 tas
2038 3855 2330 3909 constituta
2353 3864 2456 3910 cst.
2490 3855 2825 3911 Sanctilicati
2872 3859 3041 3923 enim,
3075 3860 3177 3914 hoc
3229 3869 3333 3927 est,
3363 3863 3510 3916 omni

1921 3946 2240 4015 contagione
2261 3946 2504 4017 corporis
2527 3956 2581 4001 et
2603 3947 2817 4001 animae
2843 3949 3086 4016 purgati,
3121 3950 3278 4005 beate
3311 3953 3357 3985 “
3386 3950 3512 4018 jux-

1923 4047 1976 4093 ta
2005 4038 2151 4108 leges
2178 4045 2405 4092 naturae
2433 4037 2623 4091 victuri
2648 4044 2789 4091 sunt.
2831 4037 2895 4091 Et
2922 4038 2965 4092 si
2999 4039 3119 4107 quis
3143 4040 3303 4094 aliam
3340 4041 3513 4098 Assur

1922 4128 2441 4199 interpretationem,
2471 4141 2608 4196 quae
2648 4136 2733 4182 est
2763 4126 3169 4198 Mesopotamia,
3200 4131 3511 4187 considera-

1918 4219 2099 4285 verit,
2140 4217 2561 4287 pulcherrimam
2608 4217 2989 4287 praesentique
3043 4220 3259 4289 negotio
3310 4234 3512 4275 conve-

1923 4307 2314 4364 nientissimam
2355 4306 2595 4362 theoriae
2616 4307 2955 4362 occasionem
2984 4306 3242 4366 inveniet.
3272 4308 3511 4379 Mesopo-

1929 4396 2315 4470 tamiaiquippe
2342 4398 2516 4453 media
2543 4399 2684 4453 inter
2713 4397 2933 4453 llununa
2958 4407 3013 4454 et
3052 4407 3138 4454 est
3185 4409 3241 4455 et
3287 4400 3509 4455 dicitur.

1924 4489 2176 4561 Nunquid
2206 4498 2382 4545 autem
2412 4488 2669 4545 credibile
2714 4498 2827 4554 est,
2863 4489 3250 4546 habitationem
3296 4502 3513 4549 sancta.

1927 4602 2048 4641 rum
2102 4585 2404 4639 animarum
2446 4584 2716 4653 totiusque
2746 4584 3018 4639 humanae
3047 4593 3273 4641 naturae
3301 4595 3513 4642 restau-

1927 4686 2076 4732 ratae
2106 4675 2230 4731 alibi
2277 4674 2536 4741 futuram,
2580 4676 2686 4731 nisi
2740 4675 2881 4731 inter
2920 4677 3096 4732 media
3146 4678 3507 4747 spiritualium

1928 4768 2184 4822 virtutum
2206 4765 2447 4832 ﬂumina,
2476 4783 2541 4822 ex
2563 4765 2711 4823 fonte
2738 4767 2980 4823 omnium
3004 4768 3267 4826 bonorum
3285 4787 3509 4827 manan-

1928 4860 2037 4914 tia?
2067 4858 2133 4913 Et
2164 4859 2292 4929 quid
2322 4858 2466 4914 aliud
2496 4869 2712 4929 praeter
2738 4858 2790 4914 id
2815 4862 2987 4931 ipsum
3020 4876 3118 4931 per
3140 4864 3511 4934 repromissio-

1927 4951 2011 5006 nis
2040 4961 2259 5015 tcrram,
2283 4951 2350 5005 ad
2376 4966 2537 5022 quam
2588 4950 2682 5006 Dei
2728 4951 2955 5021 pupillus
2990 4954 3184 5009 ductus
3212 4965 3296 5010 cst
3331 4955 3509 5025 Acgy-

1932 5042 2111 5112 ptiaca
2142 5043 2454 5111 captivitate
2480 5045 2854 5116 servituteque
2873 5044 3159 5111 liberatus,
3181 5043 3406 5117 mystice
3430 5044 3507 5099 si-

1934 5132 2332 5200 gniliebatur?
2355 5134 2496 5193 llaec
2512 5148 2595 5192 est
2628 5146 2768 5193 terra
2788 5139 3109 5200 viventium,
3127 5138 3181 5190 in
3204 5151 3308 5205 qua
3332 5134 3504 5188 sancti

1933 5222 2163 5294 duplicia
2188 5221 2561 5291 possidebunt,
2584 5224 2686 5280 hoc
2710 5235 2815 5291 est,
2848 5228 3089 5298 corporis
3123 5236 3175 5282 et
3196 5228 3409 5282 animae
3435 5225 3512 5282 fe-

1527 5336 1719 5390 VAlllA
1732 5336 1770 5389 Ε
1814 5333 2217 5390 LECTIONES.

326 5444 343 5473 ¹
371 5441 456 5496 Sic
473 5441 602 5520 _CF;
636 5440 675 5492 Δ
718 5442 1027 5520 qu_ontoz_lo._
1078 5446 1102 5520 ’_
1129 5446 1219 5502 Sic
1242 5448 1355 5511 CF;
1386 5450 1425 5520 Α
1467 5451 1707 5520 stt/ficiat.

242 5529 345 5576 per
378 5512 566 5566 multas
608 5510 841 5563 comedit
868 5513 1245 5572 tribulationes.

1786 5450 1806 5479 ⁸
1842 5450 1884 5502 Λ
1927 5448 2284 5518 proponenda.

1348 5522 1367 5551 ⁷
1406 5519 1494 5574 Sic
1522 5519 1604 5574 CF
1633 5537 1646 5581 ;
1681 5521 1720 5571 Α
1761 5520 2079 5585 germinans.

2958 5453 2979 5482 ⁸
3017 5453 3069 5505 in
3108 5464 3217 5504 0m.
3244 5450 3307 5503 Α.
3415 5449 3440 5485 ε
3467 5453 3512 5507 Α

2565 5526 2585 5555 ⁹
2626 5521 2714 5574 Sir.
2737 5522 2857 5585 Cl“;
2892 5523 2932 5574 Λ
2981 5522 3202 5574 rationes
3237 5533 3511 5590 purgatas.

2364 5450 2385 5480 ⁸
2423 5449 2506 5504 CF
2552 5453 2732 5504 scox’ia'
2748 5469 2854 5504 um.

2185 5518 2205 5549 ⁸
2229 5521 2266 5570 Λ
2304 5520 2353 5571 in
2385 5537 2465 5573 eo.

327 5583 612 5661 secundum
640 5581 961 5661 naturale—5
983 5600 1153 5661 mvera
1180 5603 1289 5642 om.
1341 5590 1403 5642 A.
1485 5592 1524 5621 ¹¹
1570 5576 1652 5644 CF
1689 5576 1813 5642 ut}:
1838 5590 1926 5641 mi.
2003 5582 2044 5611 ¹²
2083 5588 2172 5643 Sic
2198 5588 2315 5650 CF;
2360 5592 2401 5643 Α
2434 5591 2529 5643 hoc
2577 5602 2650 5643 est
2685 5592 2821 5642 iutcr
2846 5576 2907 5643 ys.
2941 5607 2989 5646 c.
3026 5576 3512 5661 aequanimitatem.

258 5653 302 5683 "
332 5651 425 5706 Sic
473 5651 589 5713 tl“;
636 5652 677 5703 A
719 5652 1108 5719 aequanimiter;

3628 537 3714 667 a
