3898 6154
406 264 521 325 Σΐίἷὶ

1766 251 2060 311 JOANNIS
2101 248 2297 309 S'CO'!‘I

2862 178 2885 191 ρ

3571 248 3668 308 δί’έὶ

424 374 704 431 liritutem.
738 371 833 433 ,De
878 368 978 423 hac
1015 365 1178 422 etiam
1224 362 1489 418 Dominus
1548 362 1660 433 ipse
1710 364 1825 419 ait:
1862 365 2011 418 L’eali
2040 371 2088 428 Α
2117 371 2258 426 tant,
2286 359 2429 430 quod.
2451 360 2506 414 in
2537 357 2621 415 bis
2645 357 2825 413 verbis
2848 355 2970 427 plus
2996 356 3263 410 restitutio
3284 366 3527 414 corporis
3570 378 3682 422 μίὀ.

410 468 590 528 mites,
619 462 862 535 quoniam
911 459 1008 528 ipsi
1035 455 1365 527 possidebunt
1397 465 1615 509 (errant.
1639 454 1792 522 Quod
1824 464 2007 509 autem

420 554 666 626 sequitur
695 571 706 604 ε
742 550 876 615 Quia
905 558 1044 601 terra
1070 563 1123 599 es
1142 587 1155 610 ,
1184 546 1307 599 etin
1331 555 1523 599 (errant
1549 542 1924 608 ibis,vel»sicut
1956 544 2008 596 in

425 648 528 703 alia
577 641 1020 711 interpretatione
1057 638 1407 693 continetur:
1448 635 1586 701 Quia
1629 634 1799 705 pulvis
1844 651 1919 697 es,
1963 643 2009 687 et

424 736 479 791 in
507 733 763 804 pulverem
813 728 1106 790 reverteris,
1150 733 1328 797 potest
1360 726 1439 780 sic
1471 726 1692 795 intelligi
1722 743 1735 778 :
1766 736 1844 789 ut,
1878 739 2010 792 quo-

430 824 571 877 niam
604 829 793 873 natura
825 816 1011 881 animi,
1040 831 1180 883 quae
1214 814 1283 867 ad
1313 815 1599 885 imaginem
1627 824 1681 868 et
1706 813 2015 867 similitudi-

429 927 552 965 nem
579 910 669 964 Dei
696 907 834 963 facta
864 915 969 969 est,
1000 921 1067 959 ex
1090 904 1251 959 fertili
1284 913 1427 957 terra
1459 903 1855 972 primitivarnm
1883 917 2015 956 rau-

429 1017 610 1058 sarum
632 999 862 1069 sumpsit
886 997 1189 1059 exordium,
1210 995 1260 1047 in
1289 1009 1407 1047 eam
1432 994 1594 1063 igitur
1617 992 1900 1047 credamus
1923 1007 2017 1045 ne-

431 1092 668 1148 cessario
710 1090 1026 1144 redituram.
1060 1085 1117 1140 Si
1146 1094 1326 1139 autem
1351 1084 1655 1153 quaeritur,
1682 1098 1778 1137 cur
1807 1080 2019 1152 praefa-

434 1196 486 1241 ta
519 1198 660 1242 terra
694 1187 748 1239 in
789 1185 892 1238 alia
927 1179 1369 1251 interpretatione
1400 1177 1642 1247 pulveris
1681 1175 1897 1230 nomine
1947 1173 2021 1228 si-

434 1275 742 1348 gniﬁcatur,
769 1290 875 1327 non
900 1271 1000 1325 alia
1020 1270 1156 1325 ratio
1179 1268 1447 1323 reddenda
1469 1276 1573 1329 est,
1594 1266 1698 1321 nisi
1716 1266 1864 1334 quia,
1882 1266 2023 1318 sicut.

436 1385 501 1423 ex
531 1366 749 1439 pulvere
799 1365 953 1419 istius
977 1360 1249 1417 sensibilis
1290 1370 1464 1425 terrae
1490 1360 1507 1390 ¹
1540 1359 1741 1421 omnia,
1789 1372 1928 1429 quae
1959 1358 2025 1411 de

438 1473 500 1512 ea
525 1464 838 1518 nascuntur,
864 1452 1117 1507 nascendi
1146 1466 1365 1505 causam
1380 1449 1672 1519 accipiunt,
1689 1449 1760 1502 ita
1783 1448 2024 1502 omnium

436 1562 621 1600 rerum
652 1543 941 1598 visibilium
969 1549 1022 1596 et
1069 1540 1418 1595 invisibilium
1459 1537 1740 1607 multiplex
1774 1551 2029 1591 numero-

441 1637 575 1690 sitas
606 1650 667 1687 ex
697 1631 1121 1703 primordialium
1154 1645 1441 1685 causarum
1473 1628 1749 1683 fertilitate
1775 1640 2029 1696 procrea-

2116 456 2372 520 mittitur,
2402 469 2564 524 quam
2603 452 2798 507 solutio
2837 450 2921 506 vel
2947 449 3254 519 corruptio?
3284 447 3417 503 Nam
3443 453 3563 504 dum
3582 466 3688 504 cur.

2116 563 2218 617 pus
2238 546 2592 616 corruptibile
2631 554 2795 614 atque
2844 542 3071 597 mortale
3108 542 3429 606 destruitur,
3456 550 3592 598 'tunc
3627 548 3686 600 ad

2118 638 2526 708 incorruptibile
2557 636 2969 704 intmortaleque
2992 643 3311 699 revocatur;
3346 635 3538 689 nullius
3558 639 3683 690 enim

2120 746 2315 800 corpus
2350 730 2402 783 in
2443 729 2842 798 corruptionem
2888 735 2973 781 est
3028 742 3396 782 reversurum.
3444 726 3686 798 Nonergo

2123 821 2257 875 haec
2288 820 2452 875 verba
2482 818 2710 872 reditum
2740 818 2793 870 in
2823 818 2967 871 hanc
2996 827 3219 879 terram,
3246 816 3340 869 sed
3366 816 3539 884 potius
3565 818 3687 869 mii-

2111 921 2235 967 -tum
2272 912 2324 966 in
2366 910 2701 981 spirituaiem
2753 920 3000 964 naturam
3024 909 3398 979 praesagiunt.
3428 908 3529 962 Sed
3551 909 3687 977 eligat

2112 1004 2246 1074 quis
2271 1003 2400 1072 quid
2426 1012 2446 1041 ο
2472 1011 2733 1070 sequatur
2759 1015 2774 1053 :
2801 1015 2902 1069 ego
2916 1008 3113 1061 autent,
3165 998 3312 1066 quod
3344 998 3474 1051 mihi
3526 999 3689 1052 verisi-

2125 1096 2303 1150 milius
2339 1095 2510 1149 visum
2543 1102 2644 1157 est,
2688 1109 2755 1147 ex
2798 1102 3107 1147 sanctorum
3146 1092 3369 1145 Patrum
3414 1090 3687 1151 sententiis.

2126 1184 2398 1239 Ambrosii
2448 1184 2567 1238 dico
2605 1191 2661 1236 et
2698 1181 3001 1252 Augustini,
3041 1195 3254 1235 necnon
3294 1189 3353 1233 et
3398 1179 3690 1234 venerabilis

2126 1274 2371 1345 Gregorii
2400 1272 2747 1335 Nazianzeni,
2777 1273 2868 1342 qui
2890 1281 2945 1325 et
2973 1270 3244 1341 Nyssaeus
3268 1271 3528 1328 diciturl,
3550 1284 3689 1338 expo-

2127 1367 2422 1435 sitorisqne
2457 1363 2595 1432 ejus,
2619 1362 2833 1417 Maximi
2864 1362 3111 1416 videlicet
3130 1362 3410 1422 monachi,
3430 1360 3692 1414 ratiocina-

2132 1456 2293 1512 tionis
2323 1455 2664 1511 occasionem
2705 1467 2944 1518 sumens,
2990 1452 3086 1507 tibi
3108 1452 3471 1522 interroganti
3488 1452 3693 1520 partim-

2131 1562 2240 1618 que
2269 1547 2558 1617 exponenti
2586 1544 2806 1614 protuli.
2850 1544 2917 1597 Et
2954 1543 3208 1612 quoniam
3252 1541 3534 1611 prolixitas
3560 1538 3692 1605 hujus

2132 1636 2420 1692 voluminis
2442 1637 2704 1707 quaedam
2736 1650 2803 1690 ex
2833 1635 2939 1697 his,
2962 1633 3030 1688 de
3053 1632 3251 1702 quibus
3280 1632 3333 1685 in
3357 1630 3474 1697 ejus
3502 1630 3693 1684 exordio

444 1737 554 1791 tur,
593 1727 753 1795 inque
800 1724 1023 1778 eandem
1070 1722 1220 1777 ﬁnito
1250 1722 1449 1777 mundo
1498 1722 1852 1791 regredietur.
1885 1718 2031 1774 Haec
2061 1739 2108 1797 Β
2137 1743 2236 1784 nos
2260 1729 2505 1782 dicturos
2540 1740 2661 1780 esse
2691 1724 3059 1794 promisimus,
3109 1736 3253 1776 nunc
3294 1735 3561 1790 exponere
3607 1735 3693 1771 non

447 1828 624 1871 autem
657 1816 904 1878 dicinms,
937 1830 1039 1868 non
1069 1813 1468 1883 simplicitatem
1482 1827 1669 1866 eorum
1704 1813 1747 1875 ³,
1772 1811 1862 1881 qui
1890 1811 2034 1865 hunc

443 1909 622 1963 lucum
660 1908 873 1961 divinae
902 1906 1215 1975 Scripturae
1245 1906 1538 1959 secundum
1570 1904 1848 1959 historiam
1889 1903 2032 1958 acci-

449 2000 623 2067 piunt,
655 1999 1058 2066 redarguentes,
1089 1996 1179 2065 qui
1204 1994 1525 2050 solutionem
1548 1996 1768 2049 humani
1794 1995 2039 2065 corporis

452 2090 504 2143 in
541 2098 800 2157 quattuor
830 2088 1010 2142 mundi
1056 2085 1215 2155 hujus
1241 2086 1507 2141 elementa
1540 2088 1707 2142 solius
1746 2096 1924 2142 terrae
1950 2103 2041 2141 no-

452 2180 596 2233 mine
617 2177 938 2249 generaliter
966 2177 1287 2246 signilicata,
1324 2192 1420 2247 per
1445 2178 1581 2232 haec
1608 2178 1770 2232 verba
1795 2176 2040 2247 Scriptu-

454 2286 548 2325 rae
594 2270 883 2340 signiﬁcari
933 2280 1199 2324 conantur
1229 2283 1509 2333 asserere,
1548 2284 1653 2323 non
1704 2270 2045 2325 animadver-

454 2369 654 2435 tentrs,
699 2371 897 2429 quanta
945 2377 1042 2414 suo
1071 2360 1252 2415 sensui
1300 2359 1319 2391 ³
1353 2360 1599 2414 videntur
1634 2360 1933 2414 adversari.
1987 2359 2046 2414 Si

457 2456 599 2507 enim
626 2455 690 2507 de
725 2452 989 2506 solutione
1018 2454 1264 2523 corporis
1293 2453 1472 2507 divina
1509 2468 1611 2507 vox
1647 2453 1770 2507 talia
1798 2455 2041 2524 protulit,

465 2560 563 2598 cur
588 2545 705 2597 vim
730 2544 825 2597 soli
858 2545 1166 2612 praedixit?
1200 2543 1309 2600 Cur
1358 2561 1464 2599 non
1509 2546 1670 2599 etiam
1721 2554 1774 2599 et
1812 2545 2046 2610 mulieri,

460 2634 615 2704 cujus
662 2633 683 2663 "
711 2650 906 2703 corpus
955 2650 1057 2687 non
1091 2635 1267 2689 minus
1315 2634 1580 2689 solvitur?
1628 2636 1908 2705 Deinceps,
1953 2651 2051 2689 cur

464 2734 633 2777 totum
667 2725 939 2777 hominem
973 2724 1288 2779 solvendum
1320 2726 1500 2780 divina
1546 2726 1942 2781 animadversio
1970 2728 2052 2780 in-

462 2814 611 2873 (iit'il,
645 2830 766 2868 cum
795 2824 1071 2869 extremae
1099 2816 1215 2885 ejus
1247 2818 1614 2870 tantummodo
1642 2826 1823 2885 partes
1857 2817 2053 2871 vilissi-

460 2919 692 2973 Inaeque
712 2944 726 2966 ,
758 2919 952 2973 corpus
972 2905 1222 2960 videlicet
1260 2922 1662 2976 corporeusque
1707 2923 1917 2973 sensus,
1945 2907 2054 2961 sol-

462 3002 678 3056 vantur,
729 2995 943 3048 animae
989 3004 1169 3049 autem
1221 2998 1484 3051 naturalis
1516 2998 1857 3067 simplicitas,
1908 2999 2053 3052 omni

2125 1818 2387 1882 admittit,
2422 1817 2473 1871 in
2505 1815 2670 1870 alium
2700 1814 2895 1868 librum
2946 1812 3239 1867 dill'erenda
3272 1819 3416 1865 sunt.
3451 1809 3524 1865 De
3551 1807 3694 1862 reditu

2141 1914 2342 1984 quippe
2360 1920 2676 1966 naturarum
2708 1907 2761 1961 in
2784 1904 3158 1975 primordiaics
3184 1918 3378 1958 causas
3420 1904 3576 1971 inque
3596 1913 3695 1952 eam

2138 2014 2415 2067 naturam,
2437 2016 2575 2072 quae
2595 2014 2694 2054 nec
2713 2006 2863 2054 creat
2884 2011 2984 2051 nec
3020 2005 3260 2059 creatur,
3308 2008 3447 2063 quae
3486 1990 3694 2062 profecto

2140 2095 2286 2149 Deus
2313 2101 2416 2160 est,
2450 2091 2611 2145 latius
2644 2090 2784 2143 intra
2821 2086 2980 2155 hujus
3029 2086 3154 2140 libri
3206 2084 3469 2139 terminos
3499 2090 3694 2136 tractare

2144 2186 2540 2255 proposuimus.
2570 2178 2678 2234 Sed
2704 2180 2747 2234 si
2779 2178 3067 2248 impatiens
3107 2192 3187 2242 es,
3214 2176 3386 2230 donec
3432 2176 3499 2228 de
3548 2173 3693 2226 divina

2144 2288 2336 2333 natura
2367 2288 2682 2345 cognoscas,
2706 2288 2810 2342 qua
2838 2271 3049 2337 ratione
3075 2285 3176 2325 nec
3203 2284 3393 2325 creare
3433 2282 3531 2322 nec
3546 2264 3693 2321 creari

2142 2366 2367 2427 dicitur,
2405 2363 2642 2418 breviter
2667 2361 3003 2430 praelihaho.

2218 2456 2306 2509 27.
2348 2455 2538 2508 Divina
2581 2454 2764 2522 itaque
2796 2460 2985 2505 natura
3020 2460 3305 2521 propterea
3349 2449 3581 2504 creditur
3610 2460 3693 2499 non

2146 2544 2344 2609 creari,
2378 2543 2635 2612 quoniam
2690 2540 2965 2611 primitiva
2993 2541 3231 2594 omnium
3263 2555 3424 2595 causa
3450 2550 3551 2601 est,
3582 2536 3695 2589 ultra

2149 2648 2309 2703 quam
2351 2632 2553 2686 nullum
2593 2631 2915 2701 principium
2960 2639 3064 2695 est,
3117 2647 3147 2683 a
3193 2646 3302 2700 quo
3338 2630 3505 2699 possit
3530 2626 3695 2682 creari.

2152 2723 2418 2790 Quoniam
2462 2737 2592 2775 vero
2640 2730 2761 2790 post
2799 2721 3032 2775 reditum
3065 2720 3433 2773 universitatis
3480 2716 3699 2772 conditae

2151 2815 2443 2870 visibilium
2467 2823 2518 2868 et
2536 2812 2881 2867 invisibilium
2900 2813 2953 2865 in
2978 2827 3102 2866 suas
3122 2809 3496 2882 primordiales
3517 2820 3698 2866 causa,

2153 2922 2290 2977 quae
2331 2909 2383 2961 in
2430 2907 2575 2976 ipsa,
2600 2904 2782 2960 divina
2815 2904 3085 2970 videlicet,
3142 2913 3336 2957 natura
3375 2903 3700 2958 continentur,

2156 2997 2301 3053 nulla
2335 2997 2562 3052 ulterius
2594 3005 2785 3049 natura
2810 3010 2877 3050 ex
2906 3011 2970 3050 ea
3001 2996 3387 3065 procrcahitur,
3408 3008 3498 3048 seu
3526 2992 3571 3045 in
3599 3003 3702 3059 spc-

468 3085 849 3153 composiuonc
879 3085 1065 3150 libera,
1100 3102 1438 3157 nequaquam
1484 3088 1800 3143 solutionem
1841 3089 2049 3159 recipit,
2080 3095 2124 3155 (ζ
2155 3091 2268 3145 cies
2304 3089 2589 3145 sensibiles
2635 3087 3065 3158 intelligibilesve
3091 3086 3551 3155 multiplicahitur;
3600 3094 3701 3135 nam

466 3175 561 3227 sed
585 3184 839 3244 perpetuo
866 3175 1165 3231 insolubilis
1195 3186 1392 3241 manet,
1416 3177 1529 3232 sive
1549 3178 1962 3243 rationabiliter,
1981 3179 2052 3233 si-

467 3278 535 3316 ve
563 3264 1004 3319 irrationabiliter
1023 3280 1081 3319 se
1115 3276 1347 3322 moveat.
1382 3266 1495 3322 Nisi
1525 3266 1663 3322 forte
1682 3268 1884 3333 dicant,
1911 3269 2054 3322 hunc

473 3350 649 3404 locum
680 3369 776 3405 usu
810 3353 1243 3423 frequentissimo
1295 3372 1483 3412 sacrae
1527 3358 1839 3429 Scripturae
1879 3381 2060 3416 συνεκ-

471 3438 699 3512 δοχικῶς
749 3442 770 3472 ⁸
805 3443 1192 3512 accipiendum,
1227 3455 1284 3498 ut
1329 3462 1359 3500 a
1409 3454 1523 3502 toto
1546 3464 1674 3518 pars
1707 3449 2054 3519 intelligatur.

473 3530 583 3584 Nec
625 3533 843 3597 mirum,
870 3533 912 3587 si
943 3550 1045 3587 non
1077 3535 1142 3589 de
1184 3536 1298 3606 ipso
1326 3537 1527 3602 animo,
1553 3540 1646 3594 sed
1681 3541 1746 3595 de
1775 3542 1890 3596 solo
1917 3543 2057 3597 virili

474 3637 630 3687 sexu,
664 3625 801 3678 intra
827 3642 985 3693 quem
1012 3627 1175 3681 etiam
1203 3627 1471 3685 feutineus
1488 3632 1942 3699 consigniticatur,
1971 3643 2054 3689 ta-

476 3710 549 3767 lia
578 3714 721 3768 dicta
753 3731 872 3770 esse
897 3717 1250 3772 arbitrantur.
1271 3717 1573 3788 Postremo,
1601 3738 1699 3777 cur
1722 3739 1829 3778 non
1860 3725 2056 3780 adver-

2154 3181 2208 3235 in
2235 3182 2347 3251 ipsa
2371 3196 2532 3235 unum
2555 3188 2734 3243 erunt,
2768 3180 2908 3233 sicut
2942 3193 3086 3231 nunc
3122 3186 3178 3231 et
3199 3192 3414 3247 semper
3440 3176 3462 3206 "
3488 3176 3535 3227 in
3553 3170 3704 3226 causis

2156 3286 2321 3324 unum
2350 3279 2515 3325 sunt:
2544 3284 2650 3324 non
2680 3269 2953 3323 immerito
2978 3269 3112 3323 nihil
3126 3282 3315 3322 creare
3338 3276 3391 3322 et
3419 3265 3638 3320 creditur
3656 3269 3704 3314 et

2163 3362 2504 3432 intelligitur.
2531 3360 2671 3428 Quid
2696 3360 2838 3419 enim
2863 3360 3088 3423 creabit,
3116 3359 3242 3413 dum
3273 3359 3452 3412 omnia
3478 3357 3527 3411 in
3553 3351 3705 3408 omni-

2159 3455 2259 3509 bus
2289 3454 2403 3524 ipsa
2431 3453 2543 3509 sola
2566 3452 2763 3507 fuerit?
2804 3453 2989 3522 Itaque
3016 3453 3062 3507 si
3094 3453 3190 3506 tibi
3218 3452 3449 3514 videtur,
3476 3448 3621 3517 hujus
3648 3444 3704 3496 Ii-

2160 3547 2246 3601 hri
2292 3546 2601 3617 progressio
2640 3547 2828 3615 pedem
2870 3546 3135 3610 retrahat,
3168 3560 3235 3599 ne
3263 3544 3469 3613 longius
3502 3538 3701 3595 incedat.

2164 3638 2307 3693 Disc.
2337 3639 2553 3693 Videtur
2568 3638 2746 3710 plane,
2769 3636 3153 3705 etjamdudum
3180 3636 3340 3690 linem
3364 3626 3706 3706 postulatis.

2158 3729 2307 3796 plicit
2334 3729 2465 3784 liber
2491 3740 2713 3800 quartus
2739 3730 2763 3761 ⁸
2787 3736 2919 3786 nam
2947 3733 3175 3784 ΦΥΣΒΩΝ
3199 3735 3511 3784 MEPIXMOT.

1415 3912 1815 3992 INCIPIT
1883 3916 2181 3992 LIBER
2238 3883 2737 4010 QUINTUSI

549 4060 601 4114 ί.
636 4057 774 4114 MAG.
817 4056 974 4112 Nunc
1001 4075 1121 4129 ergo
1156 4076 1218 4114 ne
1256 4060 1390 4129 forte
1426 4063 1597 4117 mittat
1640 4082 1852 4118 manuni
1892 4083 2065 4132 suam,
2095 4073 2146 4132 D
2175 4067 2322 4124 Fecit
2366 4086 2570 4140 quoque
2599 4068 2853 4123 Dominus
2900 4065 3038 4122 Deus
3090 4066 3236 4120 Adae
3270 4077 3317 4121 et
3362 4065 3506 4119 umori
3541 4063 3711 4116 tunicas

478 4161 529 4208 et
556 4160 727 4205 sumat
760 4150 914 4202 etiam
946 4150 1008 4202 de
1032 4149 1174 4220 ligno
1198 4153 1352 4217 vitae,
1388 4162 1435 4206 et
1464 4155 1721 4220 comedat,
1759 4167 1805 4210 et
1845 4157 1979 4211 vivat
2015 4160 2069 4213 in
2166 4160 2437 4232 pelliceas,
2466 4170 2512 4213 et
2539 4159 2708 4213 induit
2738 4175 2845 4222 eos,
2873 4168 2920 4211 et
2952 4159 3068 4212 ait:
3102 4155 3236 4210 Ecce
3273 4157 3441 4209 Adam
3471 4155 3626 4225 [actus
3650 4160 3711 4205 est

478 4252 769 4296 aeternum.
803 4240 1006 4294 [lorum
1038 4242 1326 4296 verborum
1356 4244 1671 4315 priusquam
1700 4248 2068 4316 propheticum
2172 4253 2321 4321 quasi
2345 4268 2479 4305 unus
2511 4267 2574 4304 ex
2601 4250 2764 4304 nobis.
2794 4247 2859 4301 Et
2888 4248 3060 4302 emisit
3089 4264 3205 4302 eum
3234 4247 3487 4300 Dominus
3518 4246 3637 4299 Deus
3660 4244 3713 4294 de

480 4329 911 4399 contemplemur
938 4324 1225 4394 'virtutem,
1259 4346 1366 4400 qua
1400 4333 1838 4389 manifestissime
1865 4338 2071 4393 reditus
2172 4342 2441 4411 paradiso,
2481 4351 2534 4393 ut
2564 4354 2871 4407 operaretur
2899 4348 3117 4401 terram,
3157 4338 3224 4391 de
3249 4355 3356 4406 qua
3396 4346 3615 4405 sumptus
3634 4340 3711 4386 est.

478 4422 749 4476 humanae
781 4430 1002 4474 naturae
1035 4422 1086 4474 in
1116 4423 1340 4476 eandem
1376 4421 1704 4491 felicitatem,
1757 4443 1918 4497 quam
1945 4445 2070 4498 pee-
2177 4430 2333 4485 Nunc
2362 4448 2509 4501 ergo,
2538 4448 2600 4484 ne
2635 4430 2772 4501 forte
2818 4433 2991 4484 mittat
3033 4445 3247 4484 manum
3280 4446 3455 4493 suam,
3497 4439 3541 4482 et
3574 4432 3713 4481 suntut

483 4511 656 4565 cando
686 4511 1015 4580 perdiderat,
1060 4513 1415 4581 promittitur,
1470 4518 1636 4572 totius
1689 4518 1905 4589 capituli
1937 4522 2069 4575 ordo
2173 4520 2327 4574 etiam
2350 4522 2413 4574 de
2437 4521 2576 4591 ligno
2604 4522 2756 4584 vitae,
2786 4529 2835 4572 et
2859 4519 3117 4582 comedat,
3144 4530 3189 4573 et
3218 4520 3357 4573 vivat
3383 4520 3439 4572 in
3464 4528 3713 4571 aeternam.

483 4603 1001 4670 praemonstraudus
1047 4614 1149 4668 est,
1197 4606 1250 4658 in
1294 4622 1400 4676 quo
1446 4623 1695 4679 magnum
1747 4613 2064 4682 prophetam
2177 4613 2448 4682 Ejecitque
2474 4613 2664 4675 Adam,
2687 4620 2733 4666 et
2761 4611 3033 4665 collocavit
3062 4619 3183 4664 ante
3201 4611 3506 4679 paradisum
3526 4607 3715 4675 volupta-

486 4689 701 4760 Moysen
737 4690 780 4722 ιθ
816 4693 1164 4763 hyperbolice
1196 4696 1453 4763 locutum,
1490 4702 1734 4771 quisquis
1760 4714 1918 4758 acute
1943 4719 2066 4773 prec
2177 4705 2239 4758 tis
2271 4706 2568 4769 Clterubint,
2602 4713 2649 4756 et
2677 4704 2985 4773 ﬂammeum
3021 4702 3256 4772 gladium
3287 4712 3439 4770 atque
3469 4696 3715 4754 versantem

482 4781 741 4851 ευθλονῖῑι
783 4782 1041 4839 ίῐινθῐιῖυιο
1080 4784 1226 4843 Ordo
1268 4790 1450 4860 itaque
1480 4794 1763 4849 verborum
1795 4796 1916 4851 talis
1945 4807 2063 4850 est:
2175 4798 2243 4851 ad
2271 4796 2663 4851 custodiendam
2702 4795 2840 4849 viam
2867 4794 2997 4865 ligni
3040 4796 3187 4849 vitae.
3214 4794 3369 4862 Quod
3397 4795 3570 4864 itaque
3606 4787 3717 4845 scri-

1812 4969 2065 5027 VARHE
2104 4972 2510 5031 LECTIONES.

558 5093 574 5168 ξ
605 5096 694 5144 Sic
735 5087 850 5168 (ξιξ
891 5093 934 5146 Λ
964 5106 1133 5168 terrae
1158 5098 1434 5153 sensibilis.
1513 5102 1532 5131 ³
1554 5102 1843 5157 Adimam.

487 5162 684 5241 impos...
723 5233 734 5241 .
756 5162 776 5194 ⁸
805 5163 845 5215 Α
872 5166 1028 5241 quod.
1100 5167 1121 5198 τ
1269 5169 1386 5241 CF;
1415 5181 1459 5241 et
1489 5188 1689 5240 semper
1714 5189 1822 5228 om.
1847 5174 1911 5228 A.

484 5225 529 5282 ιτ
567 5227 815 5287 Feliciter
839 5225 1067 5304 ei‘phcit.

1921 5105 1941 5136 ³
1966 5106 2211 5180 SieACF;
2256 5110 2300 5161 Α
2339 5112 2513 5163 sensui
2540 5126 2653 5163 suo.
2732 5110 2753 5141 ⁵
2782 5109 2872 5165 Sic
2894 5108 3008 5174 CF;
3038 5109 3081 5162 Α
3105 5110 3207 5164 cui.
3290 5112 3311 5143 ⁸
3336 5109 3462 5166 ACF
3499 5104 3717 5180 synech-

1987 5178 2007 5255 ξ’
2037 5177 2195 5255 ὃλῡᾉ
2216 5196 2244 5255 ;-
2261 5180 2488 5255 Επυίίςίι
2511 5181 2640 5233 liber
2665 5190 2882 5250 quartus
2909 5173 3028 5255 περι
3050 5173 3634 5255 ιξρσδρν-μερισμουδηι,
3652 5173 3718 5234 C;

1144 5236 1165 5269 θ
1192 5237 1381 5307 Incipit
1406 5236 1783 5312 Lilret'rjuintns
1811 5262 1920 5301 om.
1953 5246 2023 5313 C;
2057 5247 2096 5300 F
2129 5236 2320 5319 Incipit
2349 5252 2561 5319 quintus
2613 5236 2732 5328 ﬁt.“
2761 5236 2986 5323 (μηνίων.⁸
3058 5241 3100 5281 ί⁰
3127 5251 3210 5306 CF
3244 5236 3476 5322 tilo‘yre'a.

1980 5386 2233 5443 NOTAE.

491 5509 1077 5638 ιτᾷἐῖ³ξξ¹²⁰ξυξξ⁰ῑ¹ἱδ
1121 5517 1254 5571 (είωδ
1280 5519 1591 5587 (ἶτθίῦθΐῖυε,
1622 5521 2021 5578 Naziauzeuum
2060 5534 2113 5579 et
2152 5524 2472 5596 Nysscnum,
2498 5525 2797 5592 confundit,
2824 5538 3023 5594 eosque
3068 5538 3233 5577 unum
3283 5521 3621 5588 eamdemque
3643 5512 3721 5569 Ρι-

563 5597 573 5613 ³
675 5599 712 5634 ¹.’
735 5600 775 5636 ὐ
808 5603 818 5635 ζ
943 5602 1025 5639 Illa
1060 5626 1071 5638 ι

675 5599 775 5637 ξςδυ
808 5599 1071 5638 autumat.
