3898 6154
289 289 381 357 Μ
1134 294 1221 350 DE
1259 291 1594 352 DiVlSiONE
1634 292 1965 351 NiTURAF.
2023 323 2088 334 -τ
2126 291 2328 347 LIBER
2365 288 2688 360 QUINTUS.

3434 296 3545 351 '86:!

288 418 436 474 ptum
466 414 544 461 est
573 419 589 459 :
623 404 778 461 Nunc
807 420 945 477 ergo.
983 420 1044 459 ue
1065 410 1199 479 fore
1224 408 1400 462 mittat
1427 422 1645 460 manum
1689 422 1861 470 suam,
1892 410 1941 471 Α
1970 407 2136 460 fuisse
2170 404 2235 459 ¹³.
2280 402 2432 473 Quod
2457 406 2501 459 si
2532 405 2636 462 hoc
2666 403 2712 437 ”
2744 417 2848 459 non
2879 405 3133 476 potuerit,
3165 406 3454 461 carnaliter
3481 411 3548 461 de

284 510 336 553 et
373 506 578 568 reliqua
620 512 790 566 usque
826 508 959 550 mat
1002 499 1057 549 in
1085 508 1354 551 aeternum
1385 499 1428 562 ί,
1463 504 1640 567 posset
1680 497 1865 552 venire

286 588 339 643 in
359 589 691 656 ambiguum,
714 586 868 657 cujus
888 602 1149 658 personae
1170 589 1309 643 dicta
1332 588 1463 652 sint,
1488 597 1666 643 utrum
1692 587 1866 642 Theo-

282 679 385 751 logi
409 679 806 751 prophetantis,
831 697 898 734 an
926 681 1132 735 Domini
1166 680 1457 745 loquentis,
1478 680 1652 734 sinon
1678 688 1862 749 aperte

284 770 338 824 in
371 769 723 839 Septuaginta
755 769 989 824 editione
1012 769 1455 839 distingueretur,
1483 769 1534 823 in
1567 783 1670 837 qua
1695 769 1860 837 scrip-

283 867 397 914 tum
423 866 508 912 est
535 877 548 911 :
583 857 647 911 Et
679 875 837 920 mmc,
870 858 1044 927 inquit
1074 858 1234 925 Deus,
1272 875 1334 912 ue
1374 857 1657 928 aliquando
1687 869 1864 912 exten-

278 951 372 1004 dat
400 967 637 1014 manum,
670 961 715 1003 et
741 960 913 1003 sumat
952 950 1016 1003 de
1043 950 1186 1019 ligno
1218 952 1371 1004 vitae.
1421 949 1631 1007 Nemini
1684 960 1862 1006 tamen

277 1040 387 1094 vim
416 1041 702 1094 verborum
731 1039 877 1094 clare
911 1040 1139 1094 intuenti
1162 1050 1182 1080 ι
1229 1040 1284 1094 in
1312 1040 1493 1105 dubio,
1523 1048 1580 1094 ut
1606 1042 1862 1107 arbitror,

276 1131 406 1194 erit,
434 1130 565 1200 quin
615 1131 848 1185 reditum
870 1141 1121 1184 naturae
1162 1131 1429 1184 humanae
1458 1131 1512 1185 in
1543 1147 1695 1186 suam
1725 1133 1865 1187 anti-

276 1220 542 1289 quitatem
576 1220 708 1275 haec
735 1221 924 1284 verba,
969 1235 1185 1290 quoquo
1236 1222 1396 1276 modo
1438 1222 1546 1277 sint
1591 1222 1859 1288 ordinata,

277 1310 681 1380 repromittant.
735 1309 850 1364 Non
902 1311 1044 1366 enim
1096 1312 1227 1366 mihi
1276 1313 1530 1367 videntur
1579 1314 1865 1384 diligenter

274 1402 572 1472 inspicere,
602 1402 694 1473 qui
724 1401 865 1456 illam
892 1402 1236 1471 particulam,
1257 1397 1399 1471 quae
1418 1412 1501 1458 est
1529 1420 1611 1469 ne,
1635 1406 1863 1473 negandi

274 1490 633 1555 intellectum,
679 1506 785 1545 non
831 1499 1009 1545 autem
1053 1491 1445 1563 interrogandi,
1477 1507 1542 1546 ac
1574 1493 1732 1546 veluti
1767 1494 1864 1547 du-

272 1581 485 1637 bitandi
530 1582 584 1636 in
631 1581 735 1636 hoc
764 1581 883 1636 loco
914 1581 1251 1635 arbitrantur
1297 1583 1565 1647 obtinere,
1617 1592 1672 1637 et
1719 1582 1863 1652 quod

268 1672 399 1728 ideo
428 1671 683 1742 expulsus
722 1672 794 1726 sit
824 1670 986 1725 homo
1030 1671 1096 1725 de
1143 1672 1415 1740 paradiso,
1462 1687 1530 1726 ne
1575 1680 1756 1741 posset
1784 1673 1863 1727 .de

259 1762 423 1834 ligno
445 1762 588 1816 vitae
615 1776 834 1816 sumere
853 1760 1142 1830 vivereque
1173 1760 1227 1814 in
1257 1768 1556 1816 aeternum.
1582 1760 1695 1828 Qua
1720 1761 1864 1815 enim

268 1853 637 1923 possibilitate
671 1860 794 1921 post
830 1858 1111 1922 peccatum
1142 1850 1379 1904 humana
1410 1859 1602 1904 natura
1631 1850 1696 1904 de
1720 1849 1864 1919 ligno

267 1945 424 2000 vitae
452 1944 658 2000 valeret
689 1957 923 2009 sumere,
955 1951 1012 1997 et
1043 1941 1065 1973 ³
1092 1944 1397 2005 comedere,
1429 1957 1494 1997 ac
1548 1942 1570 1972 ⁸
1600 1942 1782 1996 vivere
1810 1942 1862 1995 in

262 2046 588 2101 aeternum,
636 2036 876 2090 nondum
929 2034 1160 2090 liberata
1216 2050 1246 2089 a
1296 2043 1521 2105 peccato
1563 2043 1620 2089 ct
1666 2043 1859 2099 morte,

267 2139 418 2197 quae
453 2135 538 2182 est
570 2140 742 2196 poena
769 2124 974 2195 peccati
998 2165 1013 2187 ,
1053 2124 1269 2194 quando
1295 2139 1393 2179 nec
1412 2124 1564 2193 ipse‘
1583 2133 1708 2198 ante
1735 2139 1863 2194 pec-

267 2227 463 2275 catum
507 2218 575 2274 de
617 2219 805 2273 eodem
838 2217 984 2286 ligno
1009 2216 1093 2272 vel
1123 2216 1461 2287 sumpserit‘
1491 2216 1574 2271 vel
1614 2217 1863 2273 comede-

267 2319 350 2366 ret
386 2351 406 2375 ,
459 2317 520 2364 ut
553 2309 780 2380 diligens
807 2308 1020 2364 divinae
1075 2308 1388 2378 Scripturae
1428 2309 1706 2379 inquisitio
1739 2311 1864 2365 sub-

270 2400 511 2458 sinuat?
546 2399 605 2455 Si
636 2400 778 2456 enim
803 2408 1040 2455 sumeret
1068 2408 1123 2454 et
1144 2401 1469 2464 comederct,
1507 2400 1747 2469 profecto
1772 2416 1865 2455 ne-

266 2511 379 2565 que
411 2495 650 2563 peccarit
674 2508 848 2563 neque
879 2493 1069 2557 ruerit,
1108 2494 1202 2548 sed
1231 2494 1282 2547 in
1319 2503 1597 2547 aeternum
1637 2493 1865 2549 feliciter

265 2585 478 2642 vixerit
507 2584 546 2636 '.
582 2584 829 2649 Additur,
873 2584 917 2639 si
958 2585 1238 2655 paradisus
1287 2585 1397 2648 ille,
1445 2587 1510 2638 de
1552 2601 1659 2654 quo
1704 2586 1864 2642 homo

265 2674 539 2744 expulsus
565 2683 669 2739 est,
708 2672 894 2728 localis
923 2682 1043 2727 erat
1079 2685 1460 2744 terrenusquc,
1497 2686 1551 2729 et
1582 2676 1625 2729 si
1659 2676 1862 2746 lignum

267 2764 451 2829 vitae,
478 2764 619 2832 quod
647 2763 700 2818 in
731 2763 908 2818 medio
940 2764 1107 2833 ipsius
1135 2764 1432 2835 plantatum
1461 2776 1563 2830 est,
1593 2774 1862 2821 terrenum

269 2850 373 2907 fuit
427 2862 592 2921 atque
630 2852 908 2917 sensibile,
960 2851 1308 2923 fructumque
1360 2856 1634 2924 corporeis
1678 2856 1867 2910 usibus

267 2950 466 3012 aptum
496 2940 800 3011 protulerit,
848 2955 947 2996 cur
988 2958 1094 2997 non
1146 2943 1215 2997 ab
1258 2944 1374 3011 ipso
1404 2944 1518 2997 solo
1548 2946 1690 2998 vitae
1720 2944 1863 3014 ligno

269 3031 428 3088 Deus
454 3031 728 3087 hominem
759 3032 1052 3102 expulerit,
1081 3041 1135 3088 et
1163 3034 1216 3087 in
1243 3033 1421 3103 aliqua
1453 3043 1603 3104 parte
1624 3035 1858 3103 paradisi

269 3136 403 3177 eum
444 3120 696 3195 sepserit,
732 3137 801 3177 ne
828 3122 1031 3190 lignum
1076 3122 1207 3176 illud
1252 3131 1434 3194 posset
1471 3125 1766 3194 attingere?
1802 3123 1860 3179 Si

269 3211 427 3266 enim
452 3210 599 3265 nulla
626 3211 730 3266 alia
757 3226 917 3267 causa
950 3211 1178 3269 feliciter
1198 3222 1253 3268 et
1281 3214 1627 3269 acternaliter
1653 3215 1863 3270 vivendi

271 3304 325 3356 in
354 3303 615 3373 paradiso
654 3301 814 3357 fuerit
840 3312 1058 3373 praeter
1079 3318 1231 3358 esum
1268 3304 1398 3375 ligni
1429 3304 1593 3369 vitae,
1620 3306 1710 3375 qui
1735 3305 1866 3361 solis

273 3392 699 3448 rationabilibus
744 3396 1015 3450 creaturis
1058 3408 1350 3452 concessus
1397 3404 1502 3462 est,
1556 3413 1655 3452 cur
1704 3399 1864 3453 homo

242 3490 398 3557 post
436 3491 719 3552 peccatum
762 3483 818 3538 in
858 3483 1036 3554 aliqua
1064 3485 1299 3554 paradisi
1332 3495 1485 3556 parte
1532 3487 1554 3519 ⁸
1581 3488 1748 3543 miser
1778 3495 1863 3541 at-

271 3588 382 3644 que
419 3573 665 3630 mortalis
686 3573 884 3646 degere
909 3574 1278 3645 temporaiiter
1306 3592 1412 3631 non
1439 3578 1706 3647 potuerit?
1730 3577 1864 3632 Nam

270 3671 318 3726 si
352 3679 546 3727 cetera
574 3669 851 3736 animalia,
890 3670 1319 3741 praesertimque
1357 3684 1580 3740 serpens
1609 3671 1720 3739 ille,
1759 3687 1866 3742 quo

267 3767 543 3838 antiquus
564 3765 737 3823 hostis
755 3763 1016 3820 malitiam
1046 3779 1200 3820 suam
1228 3766 1491 3831 exercuit,
1533 3765 1585 3820 in
1615 3765 1867 3835 paradiso

270 3856 472 3923 fuisse,
522 3869 622 3910 nec
654 3863 829 3910 tamen
884 3852 1231 3909 aeternaliter
1255 3854 1277 3887 ⁹
1306 3860 1362 3909 et
1402 3852 1634 3908 feliciter
1683 3854 1867 3908 vivere

264 3963 439 4018 posse
484 3946 803 4011 creduntur,
850 3944 1106 4014 quoniam
1151 3958 1257 3999 non
1286 3944 1352 3998 ad
1381 3958 1532 3998 esum
1570 3942 1696 4014 ligni
1724 3944 1868 3999 vitae

270 4046 464 4095 creata
501 4043 648 4099 sunt,
680 4050 778 4090 cur
809 4034 852 4066 ¹⁰
873 4034 1038 4090 etiam
1069 4034 1231 4088 homo
1259 4032 1575 4102 delmquens
1605 4034 1745 4087 inter
1774 4033 1867 4088 illa

268 4132 462 4184 vivere
486 4142 594 4182 non
625 4126 916 4191 sineretur,
947 4138 1070 4179 cum
1093 4137 1222 4178 vera
1252 4123 1388 4177 ratio
1410 4122 1678 4189 docuerit,
1703 4124 1869 4179 ratio-

269 4219 519 4275 nabilem
563 4225 896 4282 creaturam,
938 4215 1039 4270 etsi
1074 4213 1455 4284 peccatricem,
1486 4228 1702 4268 omnem
1733 4214 1869 4268 irra-

270 4307 600 4364 tionabilcm
640 4313 865 4375 peccato
904 4312 1178 4359 carentem
1220 4314 1447 4363 naturae
1481 4303 1743 4372 dignitate
1767 4319 1866 4357 an-

271 4397 577 4456 tecedere?
606 4395 664 4451 Si
703 4411 831 4466 ergo
873 4394 1261 4449 irrationabilia
1319 4392 1594 4458 animalia,
1651 4393 1869 4449 homine

268 4488 530 4560 depulso,
555 4487 608 4542 in
636 4486 887 4557 paradiso
913 4485 1272 4539 remanserint
1297 4484 1363 4548 ",
1387 4484 1513 4539 dum
1541 4484 1611 4538 sit
1638 4486 1868 4539 caeteris

267 4578 667 4650 praestantior,
699 4592 803 4647 qua
828 4576 1035 4631 ratione
1064 4590 1169 4629 non
1194 4586 1249 4629 et
1279 4575 1367 4630 ille
1398 4576 1561 4630 etiam
1604 4586 1863 4647 peccator

270 4672 427 4726 inter
450 4668 546 4724 illa
578 4668 632 4722 in
652 4666 907 4738 paradiso
950 4680 1230 4720 remanere
1266 4666 1561 4735 permissus
1606 4667 1724 4722 est?
1779 4666 1865 4722 An

270 4764 423 4818 forte
469 4775 596 4818 cum
641 4760 733 4814 illo
774 4767 954 4815 cetera
986 4757 1240 4812 animalia
1264 4757 1329 4812 de
1360 4757 1613 4827 paradiso
1640 4758 1866 4828 expulsa

266 4854 568 4913 sunt?Sed
586 4853 628 4885 ι’
641 4853 686 4908 si
701 4852 823 4922 quis
834 4851 937 4907 hoc
951 4850 1167 4915 dixerit,
1186 4860 1409 4920 quaerat
1423 4865 1488 4904 ex
1502 4851 1678 4905 divina
1697 4850 1874 4921 Scrip-

271 4957 428 5011 tura,
483 4951 579 4998 aut
632 4950 943 4997 sanctorum
989 4939 1209 4994 Patrum
1263 4940 1609 5004 auctoritate,
1659 4948 1752 4994 aut
1802 4956 1869 4995 ex

270 5048 540 5106 utroque,
595 5033 737 5087 unde
782 5032 1064 5103 approbet,
1106 5029 1476 5099 expulsionem
1529 5030 1864 5095 animalium,

269 5128 483 5198 quibus
506 5126 667 5180 homo
691 5123 744 5176 in
773 5123 1022 5192 paradiso
1049 5130 1175 5175 ante
1200 5129 1480 5190 peccatum
1510 5120 1725 5174 nomina
1761 5120 1866 5174 im-

270 5215 506 5288 posuit,
564 5210 725 5268 simul
783 5226 911 5271 cum
968 5209 1185 5265 homine
1222 5216 1479 5280 peccante
1514 5208 1579 5262 de
1616 5209 1865 5278 paradiso

1969 495 2220 561 paradiso
2263 493 2487 563 ejusque
2534 496 2856 549 animalibus
2891 507 3091 549 sentire
3135 497 3364 559 desinat.
3397 506 3451 552 et
3476 501 3544 553 ad

1968 584 2285 653 spirituales
2334 585 2657 648 intellectus,
2697 599 2833 654 quos
2867 584 3069 639 veritas
3090 586 3303 650 edocet,
3332 602 3547 659 promp‘

1971 683 2058 729 tus
2087 675 2328 736 accedat,
2356 690 2468 743 qua
2510 691 2613 729 una
2641 685 2697 730 et
2721 675 2835 731 sola
2864 676 2946 729 via
2980 677 3326 747 mysticarum
3359 678 3548 754 litera-

1973 781 2090 819 rum
2136 775 2488 835 penetrantur
2532 769 2695 823 adita.
2747 769 2879 824 Veni
2923 768 3105 839 igitur,
3135 771 3548 841 divinorumque

1971 856 2256 909 verborum
2287 856 2540 911 virtutem
2564 856 2877 927 diligentius
2902 859 3127 913 intuere.
3155 859 3299 915 DISC.
3323 860 3546 916 Praesto

1969 961 2088 1000 sum
2138 954 2489 1015 paratusque,
2530 962 2668 1015 quae
2703 963 2733 1001 a
2776 958 2827 1002 te
2868 950 3135 1015 dicentur,
3179 964 3542 1019 cognoscere;

1967 1036 2122 1091 valde
2164 1037 2363 1106 quippe
2419 1039 2721 1092 necessaria
2772 1048 2917 1103 sunt,
2961 1047 3016 1093 et
3052 1054 3082 1093 a
3113 1042 3317 1110 paucis,
3349 1050 3407 1094 nt
3434 1041 3550 1111 opi-

1967 1140 2089 1191 nor,
2120 1134 2366 1181 tractata.
2399 1125 2674 1196 Siquidem
2709 1128 2774 1181 de
2826 1130 3091 1184 humanae
3134 1139 3357 1185 naturae
3398 1140 3548 1185 cete-

1966 1232 2261 1287 rormnque
2308 1218 2361 1271 in
2407 1233 2468 1271 ea
2516 1226 2573 1272 et
2620 1228 2838 1287 propter
2863 1235 2982 1274 eam
3014 1221 3068 1273 in
3100 1229 3349 1275 aeternas
3383 1222 3549 1275 ratio-

1966 1319 2083 1368 nes,
2116 1320 2180 1359 ex
2214 1305 2412 1375 quibus
2441 1304 2682 1375 profecta
2711 1316 2817 1371 est,
2850 1308 3047 1372 reditu,
3084 1318 3138 1362 ct
3175 1309 3225 1363 in
3265 1309 3547 1378 pristinam

1966 1392 2284 1462 dignitatem
2324 1394 2670 1449 restitutione
2703 1394 2905 1449 nullum
2950 1397 3122 1451 adhuc
3162 1397 3442 1467 scripsisse
3464 1398 3550 1452 vel

1966 1479 2069 1549 legi
2100 1479 2186 1535 vel
2213 1482 2417 1547 audivi,
2459 1485 2708 1553 quamvis
2745 1486 2978 1554 sparsim
3001 1496 3057 1539 et
3092 1487 3143 1539 in
3177 1487 3372 1541 divinis
3398 1487 3549 1542 libris

1965 1581 2020 1625 et
2043 1581 2354 1627 sanctorum
2380 1572 2600 1627 Patrum
2629 1576 2967 1632 documentis
3002 1575 3174 1631 forma
3207 1577 3326 1634 talis
3349 1578 3552 1634 doctri-

1967 1678 2069 1717 nae
2095 1661 2408 1733 frequenter
2429 1665 2688 1719 arrideat.

1898 1746 1941 1805 Β
2038 1754 2090 1807 2.
2124 1752 2266 1810 MAG.
2305 1754 2495 1809 Divina
2533 1756 2713 1826 itaque
2738 1772 2842 1813 vox
2875 1759 3034 1814 talem
3065 1761 3318 1826 reditum,
3349 1763 3414 1817 de
3444 1778 3552 1833 quo

1972 1859 2155 1899 sermo
2184 1854 2290 1910 est,
2335 1845 2421 1901 his
2456 1846 2637 1902 verbis
2682 1848 2940 1914 insinuat,
2971 1850 3157 1906 dicens
3184 1870 3196 1905 :
3229 1853 3386 1908 Nunc
3405 1871 3549 1925 ergo,

1968 1933 2048 1987 vel
2083 1945 2140 1987 ut
2172 1934 2273 1988 alia
2305 1935 2680 2006 interpretatio
2726 1940 2966 2008 apertius
3009 1942 3239 2011 profert,
3292 1954 3341 1998 et
3391 1962 3549 2009 nunc,

1967 2024 2142 2093 inquit
2171 2026 2312 2080 Deus
2345 2026 2409 2079 "’.
2452 2026 2527 2081 Ac
2549 2028 2595 2081 si
2625 2028 2784 2097 plane
2830 2030 3035 2086 diceret
3061 2032 3237 2087 divina
3267 2034 3551 2091 clementia

1965 2116 2289 2186 infinitaque
2309 2118 2542 2181 bonitas,
2573 2120 2640 2173 ad
2674 2120 3054 2192 indulgendum
3083 2124 3552 2198 miscrendumquu

1966 2221 2185 2276 semper
2208 2207 2484 2274 facillima,
2512 2225 2700 2264 casum
2734 2212 2949 2267 divinae
2974 2213 3224 2284 imaginis
3246 2217 3547 2286 suspirans,

1966 2298 2500 2368 misericorditerquc
2536 2300 2993 2365 conchcendens,
3030 2282 3372 2374 lio—minisque
3401 2321 3552 2360 arro-

1963 2388 2200 2457 gantiam
2227 2389 2497 2457 patienter
2518 2390 2812 2444 suil‘erens:
2838 2390 2992 2446 Nunc
3017 2407 3167 2462 ergo,
3194 2395 3296 2448 hoc
3316 2404 3422 2460 est,
3438 2395 3551 2463 jam

1966 2479 2031 2532 de
2056 2478 2305 2548 paradiso
2334 2479 2618 2549 expulsum
2648 2481 2924 2535 hominem
2948 2484 3124 2547 video,
3156 2483 3463 2554 factmnque
3483 2487 3554 2542 de

1964 2568 2123 2623 beato
2155 2571 2436 2634 miserum,
2471 2572 2539 2626 de
2560 2572 2777 2640 copioso
2804 2588 3057 2642 egenum,
3081 2575 3147 2629 de
3172 2584 3394 2631 aeterno
3420 2586 3554 2632 tem-

1964 2662 2228 2732 poralcm,
2273 2664 2339 2717 de
2382 2665 2530 2719 vitali
2578 2664 2881 2730 mortalem,
2919 2667 2983 2719 de
3014 2667 3255 2735 sapiente
3303 2668 3553 2735 stultum,

1965 2753 2032 2807 de
2074 2754 2338 2824 spirituali
2384 2755 2693 2818 animalem,
2750 2757 2815 2810 de
2868 2756 3090 2811 caelesti
3147 2766 3437 2824 terrenum,
3486 2758 3556 2814 de

1966 2861 2106 2899 novo
2122 2846 2499 2907 inveteratum,
2520 2847 2586 2901 de
2608 2847 2748 2902 laeto
2767 2848 2998 2925 tristem,
3017 2849 3081 2902 de
3095 2849 3243 2902 salvo
3265 2851 3552 2919 perditum,

1965 2935 2032 2990 de
2062 2937 2309 3005 prudenti
2337 2936 2447 2991 ﬁlio
2465 2938 2770 3009 prodigum,
2801 2954 2866 2992 ex
2895 2941 3150 2993 virtutum
3176 2941 3491 2995 caelestium
3510 2940 3555 2981 ι’

1966 3041 2128 3097 grege
2149 3036 2443 3093 errantem,
2472 3028 2631 3097 eique
2651 3029 2932 3085 condoleo.
2956 3029 3071 3084 Non
3094 3032 3234 3085 enim
3259 3033 3324 3086 ad
3353 3033 3454 3088 hoc
3478 3032 3556 3087 fa-

1967 3125 2088 3172 ctus
2107 3117 2268 3172 est".
2299 3119 2576 3188 Siquidem
2601 3120 2666 3175 ad
2690 3120 3092 3190 possessionem
3128 3132 3380 3177 aeternae
3416 3124 3558 3177 vitae

1966 3221 2032 3262 ac
2052 3208 2403 3264 beatitudinis
2421 3210 2672 3266 conditus
2692 3219 2779 3266 est
2805 3212 2848 3245 "
2881 3211 2991 3275 ille,
3014 3228 3173 3283 quem
3204 3228 3317 3279 vos,
3334 3228 3367 3267 ο
3393 3214 3558 3271 vicini

1969 3297 2089 3368 ejus
2106 3288 2168 3354 'et
2189 3299 2369 3363 amici,
2405 3300 2460 3353 in
2491 3299 2765 3371 regionem
2808 3301 3001 3355 mortis
3037 3312 3199 3372 atque
3221 3301 3265 3335 “
3307 3303 3557 3359 miseriae

1967 3388 2161 3443 videtis
2182 3404 2327 3444 nunc
2350 3390 2414 3443 de
2434 3390 2686 3458 paradiso
2707 3390 3010 3459 expulsum,
3032 3391 3290 3446 caelestes
3310 3392 3558 3448 videlicet

1966 3478 2188 3534 ordines
2220 3478 2523 3549 alloquens,
2554 3481 2646 3548 qui
2683 3478 3039 3535 adhaerentes
3068 3480 3343 3535 Conditori
3370 3495 3468 3535 suo
3503 3482 3556 3536 in

1965 3568 2299 3623 beatitudine
2322 3577 2579 3638 perpetua
2609 3577 3058 3638 permanserunt,
3101 3583 3332 3638 quorum
3377 3579 3558 3624 tamen

1968 3675 2225 3715 numerus
2243 3660 2296 3713 in
2316 3660 2617 3730 perditione
2634 3661 2868 3715 hominis
2882 3662 3165 3730 ademptus
3179 3669 3282 3716 est.
3304 3659 3558 3726 Videsne,

1966 3758 2169 3818 quanta
2210 3749 2451 3804 divinum
2479 3751 2673 3820 pathos
2699 3751 2994 3816 contineat,
3024 3752 3149 3806 dtnn
3190 3752 3271 3806 sic
3300 3752 3556 3808 brevissi-

1968 3854 2115 3892 mum
2145 3853 2211 3893 ex
2243 3854 2351 3893 uno
2390 3840 2674 3911 temporali
2711 3841 2989 3907 adverbio,
3020 3843 3164 3911 quod
3195 3852 3281 3898 est
3306 3860 3465 3908 nunc,
3503 3852 3560 3898 et

1967 3946 2073 3985 una
2091 3931 2291 3987 causali
2309 3932 2709 4002 conjunctione,
2735 3949 2873 4002 quae
2893 3943 3141 4004 estergo,
3157 3946 3551 4005 comparatum.

1971 4020 2078 4077 Sed
2107 4022 2272 4077 veluti
2300 4032 2420 4091 post
2440 4024 2674 4078 hominis
2697 4023 2972 4093 planctum
3006 4026 3194 4079 eadem
3232 4025 3413 4080 divina
3444 4026 3556 4081 cle-

1971 4113 2174 4169 mentia
2206 4115 2272 4167 ad
2303 4114 2537 4182 seipsam
2558 4113 2929 4184 caelestesque
2950 4113 3176 4169 virtutes
3203 4115 3558 4170 consolandas

1970 4223 2255 4276 conversa,
2304 4211 2804 4266 reditum—hominis
2853 4212 2905 4265 in
2952 4213 3259 4281 paradisum
3291 4213 3391 4268 sub
3424 4229 3559 4282 qua-

1972 4298 2092 4354 dam
2116 4301 2415 4357 dubitativa
2432 4302 2720 4357 locutionis
2743 4293 2912 4356 forma
2936 4302 3424 4370 interrogativaque
3436 4319 3556 4372 pro-

1972 4390 2160 4446 mittit.
2192 4393 2283 4447 Ait
2323 4394 2470 4447 enim
2502 4411 2514 4445 :
2556 4390 2638 4446 Ne
2670 4391 2804 4456 forte
2838 4408 3052 4445 utauum
3089 4408 3242 4445 suam
3272 4392 3466 4457 mittat,
3506 4403 3554 4447 et

1972 4497 2143 4542 sumat
2168 4486 2232 4540 de
2258 4483 2401 4555 ligno
2426 4488 2582 4548 vitae,
2609 4493 2657 4536 et
2681 4482 2941 4546 comedat,
2965 4491 3012 4535 et
3038 4484 3167 4536 vivat
3191 4483 3242 4535 iu
3265 4492 3556 4540 aetertmm.

1973 4577 2254 4646 Tanquam
2285 4575 2490 4630 diceret
2515 4592 2528 4627 :
2559 4573 2675 4627 Non
2703 4574 2837 4628 adeo
2861 4572 2927 4627 de
2954 4572 3170 4626 interitu
3206 4573 3438 4628 hominis
3463 4575 3559 4630 do-

1972 4668 2189 4723 lendum
2215 4666 2475 4735 lapsuque
2505 4664 2674 4733 ipsius
2700 4664 2765 4719 de
2804 4664 3054 4733 paradiso
3086 4662 3413 4734 lugendum;
3450 4680 3558 4721 non

1977 4760 2121 4815 enim
2150 4773 2272 4828 spes
2304 4756 2560 4812 redeundi
2592 4756 2659 4811 ab
2688 4755 2778 4810 illo
2802 4756 3017 4826 penitus
3040 4754 3215 4810 ablata
3250 4764 3352 4812 est.
3398 4757 3559 4812 Forte

1975 4865 2044 4905 ne
2074 4848 2254 4903 mittat
2276 4862 2492 4903 manum
2521 4862 2699 4911 suam,
2729 4846 2830 4901 hoc
2851 4855 2955 4911 est,
2990 4861 3119 4901 suae
3135 4846 3309 4903 bonae
3330 4849 3558 4905 actionis

1975 4940 2027 4995 in
2065 4937 2352 4993 virtutibus
2380 4937 2616 4993 studium
2645 4937 2919 5002 extendat,
2948 4952 3055 5006 quo
3077 4939 3247 5006 possit
3273 4938 3338 4992 de
3364 4937 3555 4994 fructi-

1971 5030 2074 5085 bus
2104 5028 2231 5098 ligni
2264 5027 2406 5081 vitae
2433 5040 2667 5088 sumcre,
2695 5027 2799 5081 hoc
2832 5034 2936 5092 est,
2965 5024 3058 5080 Dei
3089 5025 3247 5081 Verbi
3273 5027 3560 5096 Spirituali-

1972 5120 2072 5175 bus
2103 5119 2279 5183 donis,
2307 5126 2362 5171 et
2383 5116 2632 5172 comedat
2654 5131 2835 5171 escam
2862 5132 3028 5187 purae
3064 5116 3553 5185 contemplationis,

1973 5210 2128 5280 cujus
2168 5212 2367 5265 virtute
2409 5209 2552 5265 vivet
2585 5210 2635 5264 in
2669 5220 2973 5275 aeternum,
3021 5224 3292 5278 nunquam
3327 5209 3392 5263 ad
3427 5224 3553 5280 egc-

1563 5320 1818 5375 VARIAE
1856 5320 2255 5379 LECTIONES.

350 5421 371 5452 ¹
408 5416 504 5471 Sic
545 5413 665 5477 CF;
705 5422 802 5483 pro
824 5423 871 5468 et
909 5410 1560 5483 reliqua—actarum):
1616 5422 1714 5463 etc.

272 5493 297 5523 ⁸
336 5491 385 5544 Α
446 5497 514 5540 et.
614 5487 635 5517 ⁸
658 5485 747 5541 Sic
779 5484 902 5550 CF;
957 5484 998 5535 Α
1031 5486 1165 5551 ipsa.

274 5562 297 5590 "
331 5561 377 5613 Α
416 5567 566 5625 parte
592 5556 871 5627 paradisi.
924 5551 1166 5627 ’“SicACF
1187 5568 1201 5615 ;
1224 5552 1265 5604 Λ
1297 5551 1657 5627 spiritualiter.

275 5632 395 5684 Sed
442 5642 551 5679 om.
606 5629 668 5680 Λ.

1818 5412 1836 5440 ’
1871 5411 1958 5466 Sic
2004 5412 2075 5475 F;
2113 5412 2156 5465 A
2203 5413 2539 5475 intuentium,
2567 5410 2606 5465 C
2644 5411 2968 5464 intuendum.

1267 5482 1287 5512 ⁶
1319 5482 1408 5535 Sic
1458 5480 1569 5545 Cl";
1619 5482 1661 5533 Α
1702 5486 2124 5550 praesumpserit.

1737 5551 1780 5583 ¹⁰
1810 5554 1850 5603 Λ
1878 5567 1976 5606 cur
2003 5570 2103 5605 mm
2127 5553 2310 5607 etiam.

749 5625 789 5655 ¹³
820 5626 910 5679 Sic
938 5624 1011 5685 (ἐς
1063 5625 1104 5675 Α
1156 5624 1373 5689 expulsa
1423 5623 1617 5688 fuisse;
1673 5620 1710 5673 [ε’
1738 5622 1901 5690 fuisse
1946 5623 2163 5689 expulsa
2241 5624 2279 5655 ιλ
2321 5621 2409 5676 Sic
2437 5621 2551 5687 (1F;
2581 5622 2618 5673 Α
2653 5622 2802 5687 Quod
2830 5622 2873 5674 si
2909 5621 3082 5674 homo.

282 5701 329 5738 ι’
364 5699 673 5753 caelestium
710 5712 817 5751 om.
851 5696 919 5752 Α.
1002 5695 1039 5725 ¹⁷
1069 5707 1138 5746 cs:
1166 5710 1272 5746 υιιι.
1305 5691 1408 5745 ωδ.
1487 5693 1528 5721 "‘
1558 5703 1629 5745 ι’δι
1661 5708 1768 5745 οιιι.
1799 5693 1903 5747 (ξιπ.

3048 5408 3067 5439 ³
3110 5407 3201 5462 Sic
3228 5407 3351 5471 CF;
3383 5410 3421 5463 Α
3473 5428 3559 5480 (ιε,

2217 5483 2236 5513 ⁷
2271 5481 2361 5536 Sic
2419 5482 2537 5543 (JF;
2572 5484 2610 5533 Α
2644 5490 2899 5543 peccasset
2931 5509 2999 5518 -—-
3028 5481 3301 5531 ruisset—
3326 5483 3559 5550 vixisset.

2394 5551 2432 5583 ”
2460 5552 2549 5607 Sic
2575 5551 2687 5607 CF:
2725 5552 2762 5602 Α
2795 5559 3173 5602 remanserunt.
3253 5551 3293 5580 ”
3317 5550 3407 5606 Sic
3432 5553 3515 5606 ill“
3543 5571 3558 5618 ;

3166 5621 3206 5649 ⁸³
3232 5622 3272 5674 Α
3309 5621 3557 5678 Dominus

1986 5696 2024 5726 "
2051 5698 2091 5747 Α
2120 5704 2188 5750 el.
