3898 6154
490 300 605 352 ὶῦεὖ

2019 306 2310 362 ἸῡΑΝΝιΞ
2348 305 2540 363 SCOTl

3610 312 3703 367 8’33

512 418 705 460 stitcm
736 406 1350 477 temporalTum-rcrum,
1382 421 1502 475 qua:
1531 408 1754 463 omnino
1784 427 1902 466 cum
1927 430 2079 469 mun-
2108 425 2150 479 Α
2184 413 2384 482 quippe
2411 412 2620 467 ratione
2646 410 2927 482 Seraphim
2959 411 3219 467 scribitur
3252 413 3447 469 isaiam
3471 429 3704 484 purgasse

512 497 586 549 do
605 495 885 565 peribunt,
904 508 1248 561 reversurus,
1266 505 1408 551 totus
1425 497 1478 551 in
1501 498 1668 553 Deum
1689 502 1699 531 ¹
1721 506 2070 567 transiturus,

486 595 555 643 et
586 603 747 644 unum
776 590 825 643 in
846 588 946 644 illo
973 588 1204 644 futurus.
1224 590 1302 644 ’Et
1330 590 1434 647 hoc
1459 595 1810 664 sequentibus
1834 596 2077 669 Scriptu-

500 694 590 734 rae
620 680 797 733 verbis
824 679 968 734 clare
997 679 1156 734 datur
1179 680 1422 753 intelligi.
1468 684 1557 738 Ait
1582 687 1723 740 enim
1752 706 1763 740 :
1808 687 2076 761 Ejecitque

496 770 687 831 Adam,
719 778 764 822 et
797 768 1067 824 collocavit
1097 781 1218 826 ante
1244 774 1551 841 paradisum
1581 776 1860 846 voluptatis
1879 779 2077 834 Cheru-

496 863 618 925 bim,
648 872 696 915 et
716 863 1020 932 ﬂammeum
1050 864 1286 933 gladium
1310 873 1783 938 atqueeersatilem
1813 875 1881 927 ad
1903 885 2078 930 custo-

492 954 737 1009 diendam
768 954 903 1008 viam
946 955 1075 1025 ligni
1120 958 1273 1012 vitae.
1321 959 1434 1013 Non
1479 962 1714 1017 arbitror
1740 972 1790 1017 te
1821 964 2076 1022 oblivioni

491 1047 1009 1115 dedissc,quomodo
1040 1049 1091 1102 in
1119 1059 1313 1119 quarto
1343 1051 1499 1116 libro,
1527 1064 1832 1110 sanctorum
1854 1057 2075 1112 Patrum

490 1138 771 1207 utriusque
800 1139 1015 1207 linguae
1041 1141 1337 1210 peritorum
1363 1143 1427 1197 de
1455 1147 1706 1213 paradiso
1728 1150 2073 1203 tractantium

487 1230 786 1284 sententias
817 1240 1125 1300 sequentes,
1156 1232 1222 1286 ad
1248 1248 1462 1302 purum,
1492 1245 1549 1288 ut
1581 1236 1736 1291 nobis
1765 1240 1937 1292 visum
1966 1248 2073 1305 est,

488 1321 834 1387 deduximus,
867 1336 972 1375 non
998 1322 1140 1375 aliud
1170 1338 1291 1378 esse
1319 1326 1645 1392 paradisum,
1674 1328 1739 1383 de
1768 1344 1874 1398 quo
1914 1331 2075 1386 homo

486 1410 743 1481 expulsus
767 1420 868 1475 est,
902 1420 1116 1480 praeter
1165 1412 1335 1482 ipsam
1371 1416 1656 1470 humanam
1704 1429 1976 1483 naturam,
2007 1420 2074 1473 ad

485 1506 776 1576 imaginem
813 1505 904 1559 Dei
927 1515 1187 1572 creatam,
1216 1523 1280 1561 ex
1318 1509 1491 1578 cujus,
1526 1510 1778 1581 imaginis
1800 1512 2073 1578 videlicet,

486 1597 749 1666 dignitate
798 1598 987 1652 eadem
1035 1598 1149 1667 ipsa
1206 1609 1397 1654 natura
1456 1601 1695 1655 divinum
1726 1614 2074 1674 praeceptum

486 1695 839 1742 contemnens
869 1689 1092 1742 corruit.
1139 1689 1263 1744 Ac’
1313 1705 1411 1760 per
1448 1692 1551 1747 hoc
1590 1692 1896 1759 conﬁcitur,
1940 1695 2073 1749 nihil

2176 507 2519 574 prophetam,
2544 520 2668 560 cum
2696 523 2800 560 non
2826 508 2936 576 ipse
2961 509 3247 576 seraphim,
3277 518 3340 563 ut
3366 517 3573 565 sanctus
3590 512 3702 563 Dio-

2177 601 2366 671 nysius
2396 600 2719 672 Areopagita
2748 604 2994 674 exponit,
3021 620 3115 673 per
3136 608 3362 674 seipsum
3390 611 3601 679 purgarit
3626 630 3728 680 pro.

2175 694 2408 761 phetam,
2440 693 2530 746 sed
2557 709 2650 762 per
2670 709 2830 747 unum
2857 694 3164 764 angelorum
3179 699 3407 750 extremi
3434 700 3614 755 ordinis
3630 718 3728 754 cac-

2178 782 2904 855 lestiumessentiarum,qui
2942 798 3223 856 propterea
3263 788 3546 859 Seraphim
3584 796 3725 862 appeb

2177 872 2378 928 latione
2426 874 2624 928 meruit
2652 875 2854 941 vocari,
2888 878 3145 946 quoniam
3178 879 3243 945 “,
3274 880 3418 935 sicut
3445 882 3493 936 ei
3531 883 3722 952 jusserut

2179 960 2485 1030 Seraphim,
2508 965 2763 1034 purgavit
2792 969 3138 1035 prophetam,
3160 978 3216 1025 et
3240 972 3385 1040 quod
3414 973 3525 1042 ipsa
3564 991 3722 1046 purga-

2180 1054 2255 1108 tio
2286 1068 2390 1107 non
2422 1056 2489 1109 ad
2537 1064 2882 1127 purgatorem
2929 1058 3184 1124 refertur,
3230 1061 3325 1116 sed
3368 1064 3434 1117 ad
3478 1079 3612 1129 eum,
3652 1071 3721 1136 qui

2171 1141 2336 1211 jussit
2399 1145 2718 1213 prophetam
2773 1148 3017 1216 purgari.
3066 1148 3235 1216 Quid,
3287 1153 3336 1206 si
3384 1154 3487 1208 hoc
3529 1156 3721 1221 dixerit,

2177 1246 2358 1285 nonne
2386 1235 2575 1287 eadem
2617 1233 2903 1291 difﬁcultas
2938 1242 3284 1295 remanebit?
3312 1243 3428 1298 Non
3458 1248 3590 1300 enim
3615 1251 3726 1303 veri.

2177 1320 2353 1375 simile
2371 1332 2476 1387 est,
2503 1324 2801 1393 angelicam
2826 1328 3211 1398 substantiam,
3236 1336 3485 1402 quamvis
3505 1337 3551 1392 in
3570 1340 3724 1397 ordine

2176 1416 2488 1471 caelesdum
2536 1420 2798 1475 virtutum
2843 1432 3175 1491 extremam,
3223 1429 3273 1481 in
3324 1429 3501 1500 aliquo
3543 1441 3723 1487 terreno

2176 1506 2296 1561 loco
2324 1521 2488 1576 posse
2513 1509 2797 1565 collocari.
2840 1512 2896 1567 Si
2930 1529 3058 1569 vero
3085 1517 3259 1570 solum
3294 1521 3525 1574 nominis
3550 1522 3722 1577 intelle-

2165 1604 2346 1661 ctum,
2375 1597 2573 1681 nullam
2624 1614 2753 1654 vero
2799 1603 3086 1658 caelestem
3125 1606 3492 1663 substantiam
3540 1610 3589 1666 in
3642 1612 3723 1667 hoc

2177 1686 2296 1743 loco
2343 1690 2690 1759 accipiamus,
2722 1706 3010 1759 possumus
3057 1696 3259 1761 dicere,
3299 1700 3464 1754 Deum
3496 1712 3612 1756 ante
3648 1719 3722 1772 pas

486 1776 631 1830 aliud
660 1791 780 1832 csse
810 1778 1045 1833 hominis
1065 1780 1412 1836 emissionem
1433 1782 1516 1836 vel
1557 1781 1899 1851 ejectionem,
1921 1785 2061 1841 nisi1

2174 1777 2411 1833 radisum
2460 1780 2772 1849 voluptatis,
2825 1783 2929 1838 hoc
2971 1794 3074 1850 est,
3104 1798 3232 1842 ante
3278 1801 3610 1861 conspectum
3657 1809 3724 1847 ra-

484 1868 750 1923 naturalis
770 1868 1067 1936 lelicitatis,
1088 1873 1154 1925 ad
1175 1888 1335 1942 quam
1361 1875 1736 1944 possidendam
1764 1876 1941 1933 factus
1963 1887 2067 1943 est,

482 1959 863 2027 perditionem.
908 1959 1022 2015 Non
1047 1962 1191 2015 enim
1223 1964 1385 2018 homo
1417 1972 1667 2019 naturam
1703 1981 1856 2021 suam
1886 1969 2069 2038 perdi-

483 2046 581 2111 dit,
598 2049 1022 2117 quae,quoniam
1046 2048 1109 2103 ad
1129 2050 1416 2121 imaginem
1438 2061 1492 2107 et
1513 2055 1918 2112 similitudinem
1944 2058 2072 2113 Dei‘

480 2135 624 2192 facta
668 2146 771 2202 est,
831 2140 1137 2195 necessario
1181 2141 1604 2212 incorruptibilis
1649 2155 1781 2202 est:
1834 2150 2087 2220 perdidit‘

480 2235 660 2282 autem
683 2227 1027 2293 felicitatem,
1051 2244 1212 2299 quam
1238 2231 1528 2304 adepturus
1554 2244 1719 2302 esset,
1739 2238 1782 2292 si
1810 2239 2070 2294 obedieus

477 2316 590 2374 Deo
603 2333 723 2374 esse
749 2334 852 2373 non
880 2329 1265 2376 contemneret.
1290 2323 1437 2378 DISC.
1466 2324 1579 2379 Non
1600 2327 1770 2381 solum
1796 2344 1903 2382 non
1935 2330 2070 2385 obli-

476 2409 623 2463 vioni
679 2410 700 2441 '
743 2410 980 2476 tradidi,
1033 2427 1220 2468 verum
1272 2415 1435 2469 etiam
1491 2417 1723 2474 ﬁrmiter
1774 2423 2069 2477 memoriae

477 2501 647 2556 inﬁxi.
680 2501 817 2558 MAG.
853 2504 991 2570 Quid
1023 2519 1153 2574 ergo
1193 2506 1269 2561 ait
1297 2527 1311 2561 :
1348 2505 1416 2560 Et
1437 2508 1711 2565 collocavit
1757 2522 1877 2567 ante
1904 2531 2065 2583 para-

475 2591 648 2645 disum
689 2592 965 2662 voluptatis
1017 2594 1060 2659 ⁸,
1108 2596 1210 2650 hoc
1240 2605 1339 2661 est,
1379 2606 1506 2653 ante
1533 2600 1803 2656 humanae
1844 2612 2068 2659 naturae

475 2682 783 2751 spiritualcs
807 2683 1051 2747 delicias,
1079 2684 1397 2739 Cherubim?
1427 2686 1563 2754 Quid
1586 2689 1699 2744 vult
1723 2691 1824 2745 hoc
1851 2693 2068 2748 nomine

474 2770 815 2839 signiﬁcare?
861 2771 1051 2826 Utrum
1084 2774 1372 2829 caelestem
1417 2776 1561 2830 illam
1607 2778 1878 2845 virtutem,
1926 2796 2068 2852 quae

474 2861 528 2916 in
554 2862 723 2930 prima
753 2863 1114 2933 angelicorum
1140 2867 1390 2921 ordinum
1416 2868 1682 2925 lcrarcbia
1709 2873 1928 2943 ponitur
1960 2884 2067 2931 ter—

476 2951 546 3005 .ia
568 2951 613 3016 ",
645 2953 696 3006 in
723 2968 786 3007 ea
807 2954 948 3007 enim
980 2954 1285 3025 Seraphim,
1316 2956 1606 3014 Cherubim
1638 2961 1680 3027 ⁸,
1711 2962 1960 3019 Thronos
1987 2964 2067 3020 di-

473 3041 601 3097 vina
633 3053 909 3114 computat
940 3045 1178 3111 traditio,
1210 3060 1278 3101 an
1313 3048 1484 3118 ipsum
1518 3051 1855 3107 solummodo
1880 3055 2061 3111 nomi-

2177 1868 2452 1925 tionahilis
2500 1871 2770 1927 humanae
2836 1884 3080 1941 naturae,
3122 1882 3370 1947 quamvis
3400 1884 3464 1937 de
3507 1884 3723 1954 paradiso

2173 1959 2449 2028 expulsae,
2496 1962 2599 2016 hoc
2635 1972 2740 2028 cst,
2789 1978 2858 2018 ex
2901 1966 3165 2038 dignitate
3209 1972 3418 2040 primae
3463 1990 3578 2030 suae
3616 1991 3723 2030 tou-

2173 2048 2398 2105 ditionis
2461 2061 2743 2118 remotae,
2801 2054 3094 2112 Cherubim
3151 2062 3473 2127 collocasse,
3517 2067 3721 2120 multitu-

2172 2137 2353 2194 dinem
2406 2141 2654 2197 videlicet
2692 2143 2974 2212 scientiae,
3002 2158 3096 2203 aut
3138 2149 3406 2207 fusionem
3442 2156 3717 2225 sapientiae.

2171 2246 2277 2301 qua
2323 2233 2554 2302 seipsam
2602 2249 3052 2307 recognosceret,
3114 2242 3277 2313 inque
3329 2246 3599 2315 pristinam
3653 2248 3716 2301 ie-

2172 2322 2432 2377 licitatem
2460 2364 2475 2389 ,
2532 2339 2695 2393 quam
2743 2330 3017 2395 peccando
3060 2331 3398 2400 deseruerat,
3454 2338 3645 2390 actione
3680 2346 3720 2389 et

2170 2412 2397 2467 scientia
2453 2424 2704 2485 purgata,
2752 2417 3162 2489 sapientiaeque
3217 2424 3410 2478 studiis
3458 2426 3720 2479 exercitata

2171 2502 2331 2558 vellet
2364 2514 2418 2558 et
2438 2516 2630 2574 posset
2659 2508 2859 2562 redire.
2904 2508 3003 2564 Ubi
3035 2512 3195 2566 datur
3244 2513 3489 2586 intelligi,
3528 2514 3634 2585 plus
3659 2517 3720 2567 di-

2169 2594 2329 2650 vinae
2373 2597 2798 2664 misericordiae,
2832 2615 2993 2670 quam
3038 2603 3305 2659 vindictae
3349 2607 3402 2660 in
3450 2606 3723 2678 expulsioie

2164 2686 2403 2742 hominis
2429 2690 2495 2744 de
2515 2691 2767 2761 paradiso
2794 2692 2986 2749 fuisse.
3028 2694 3142 2751 Non
3173 2698 3317 2751 enim
3345 2702 3584 2755 conditor
3613 2700 3722 2752 im:-

2167 2781 2347 2850 ginem
2376 2796 2527 2837 suam
2559 2783 2729 2838 voluit
2756 2785 2802 2817 "
2835 2788 3055 2842 omnino
3083 2788 3363 2855 damnare,
3392 2791 3555 2845 voluit
3574 2802 3723 2845 :Itttt‘ttl

2167 2884 2287 2924 eam
2317 2886 2593 2936 renovare,
2626 2874 3077 2946 multitudineque
3122 2879 3385 2935 scientiae
3432 2882 3721 2942 exercitare,

2162 2959 2379 3018 fusione
2406 2964 2532 3018 item
2560 2965 2859 3034 sapientiae
2882 2968 3065 3039 rigare
3092 2978 3147 3024 et
3174 2968 3500 3039 illuminare,
3521 2973 3725 3040 dignane-

2166 3067 2271 3122 que
2291 3052 2521 3121 edicere,
2548 3055 2743 3111 iterum
2784 3057 2988 3129 lignum
3012 3059 3176 3124 vitae,
3203 3075 3234 3114 a
3264 3075 3374 3129 quo
3402 3070 3599 3116 remota
3635 3072 3722 3133 est,

474 3132 561 3186 nis
590 3133 939 3197 intellectum,
971 3151 1038 3190 an
1078 3137 1282 3206 aliquid
1311 3140 1457 3194 aliud
1496 3142 1672 3197 altiori
1706 3143 2061 3216 intelligentia
2090 3120 2134 3180 Ο
2165 3120 2336 3211 adire,
2364 3162 2536 3216 eoque
2563 3148 2684 3213 frui,
2720 3164 2789 3206 ne
2822 3152 3090 3218 interiret,
3124 3155 3217 3208 scd
3244 3154 3452 3210 viveret
3484 3156 3535 3209 in
3566 3165 3724 3210 aeter-

474 3223 579 3281 hoc
607 3227 825 3281 nomine
854 3229 967 3282 vult
991 3230 1259 3285 suadere?
1300 3233 1379 3287 Ac
1428 3232 1449 3264 ’
1479 3249 1577 3303 per
1611 3236 1712 3289 hoc
1734 3236 2062 3309 interpreta-

475 3318 550 3372 tio
578 3319 811 3373 nominis
844 3318 1001 3387 hujus
1031 3320 1181 3390 prius
1217 3330 1303 3376 est
1338 3325 1754 3381 manifestanda.
1783 3328 2063 3400 Interpre-

396 3432 397 3435 η
473 3421 623 3467 tatur
651 3413 832 3484 itaque
873 3413 1165 3469 Cherubim
1200 3418 1478 3475 multitudo
1514 3425 1779 3490 scientiae,
1812 3429 1896 3483 vel
1923 3431 2062 3499 fusio

469 3504 777 3574 sapientiae,
812 3513 871 3559 ut
905 3500 1127 3563 sanctus
1150 3508 1434 3581 Dionysius
1459 3513 1783 3587 Areopagita
1822 3519 1874 3573 in
1923 3522 2061 3578 libro

469 3600 538 3650 de
559 3595 795 3651 Caelesti
839 3596 1111 3653 lerarchia
1138 3601 1346 3656 scribit.
1381 3603 1479 3658 Cui
1524 3606 1685 3660 etiam
1733 3611 2061 3681 astipulatur

466 3685 797 3755 Epiphanius
842 3687 895 3740 in
950 3687 1089 3743 libro
1133 3690 1199 3744 de
1239 3691 1508 3749 hebraieis
1554 3698 1894 3766 nominibus;
1930 3703 2061 3759 dicit

461 3776 630 3839 enim,
667 3777 958 3833 Cherubim
989 3782 1332 3849 cognitionem
1369 3783 1576 3854 plenam
1604 3789 1687 3844 vel
1711 3794 2055 3863 cognitionem

462 3866 751 3920 multorum
804 3868 1172 3940 interpretari.
1218 3871 1323 3928 Sed
1364 3876 1407 3930 si
1437 3878 1724 3935 caelestem
1754 3886 2053 3940 e~sentiain

463 3955 518 4010 in
547 3956 650 4011 hoc
680 3956 799 4011 loco
846 3959 1027 4013 divina
1058 3960 1229 4016 voluit
1265 3963 1559 4036 signiﬁcari
1612 3969 1889 4042 Scriptura
1911 4014 1927 4040 ,
1961 3991 2054 4030 ne-

462 4046 700 4100 cessario
713 4062 968 4116 cogemur
983 4049 1005 4103 f
1005 4067 1032 4104 a
1042 4052 1165 4115 teri,
1183 4056 1492 4122 paradisum
1509 4060 1803 4128 spiritualis
1823 4072 2051 4122 naturae

457 4150 601 4191 esse.
630 4139 742 4193 Non
773 4141 917 4194 enim
946 4142 1086 4196 ratio
1104 4144 1235 4198 sinit
1261 4160 1360 4201 nos
1384 4146 1429 4181 ι’
1456 4151 1698 4216 credere,
1716 4154 2051 4223 spiritualen

2162 3251 2315 3290 num.
2350 3235 2457 3292 Sed
2485 3239 2530 3293 si
2557 3238 2679 3309 quis
2720 3239 2883 3296 altius
2920 3241 3049 3296 velit
3095 3244 3434 3314 conspicere,
3459 3245 3717 3301 Cherubim

2171 3328 2433 3384 vocabulo
2462 3329 2635 3399 ipsum
2663 3330 2760 3385 Dei
2790 3332 3023 3387 Verbum
3066 3334 3384 3404 signiﬁcari,
3414 3352 3518 3393 non
3558 3339 3717 3393 incon.

2152 3433 2286 3489 grue
2312 3418 2591 3491 intelliget.
2620 3421 2710 3476 Dei
2734 3436 2968 3492 namque
2991 3424 3247 3491 Verbum,
3274 3426 3327 3481 in
3355 3444 3463 3498 quo
3488 3437 3606 3484 sunt
3624 3429 3724 3483 the-

2151 3512 2298 3565 sauri
2329 3512 2585 3567 scientiae
2614 3513 3020 3585 sapientiaeque
3044 3516 3370 3584 absconditi,
3394 3535 3606 3591 semper
3623 3521 3717 3574 sine

2152 3603 2257 3658 ulla
2282 3605 2681 3661 intermissione
2703 3608 2974 3664 humanae
2996 3618 3221 3666 naturae
3239 3612 3514 3669 obtutibus
3528 3621 3717 3685 praesto

2155 3704 2259 3761 est,
2286 3710 2515 3765 eamque
2541 3696 2816 3762 admonet,
2846 3706 2902 3752 et
2924 3708 3137 3769 purgat,
3166 3708 3221 3755 et
3264 3700 3550 3767 illuminat,
3577 3704 3719 3757 donec

2149 3788 2216 3842 ad
2247 3787 2637 3858 perfectionem
2662 3804 2815 3844 suam
2843 3790 3220 3847 intemeratum
3252 3790 3491 3849 reducat.
3520 3794 3585 3848 Et
3611 3791 3721 3863 quid

2150 3879 2372 3942 mirum,
2401 3878 2445 3932 si
2479 3877 2573 3933 Dei
2600 3880 2861 3949 sapientia
2893 3881 3186 3937 Cherubim
3235 3885 3497 3941 vocabulo
3540 3883 3710 3955 signiﬁ-

2146 3976 2324 4033 cetur,
2358 3983 2480 4023 cum
2511 3978 2566 4022 et
2591 3970 2829 4039 Angelus
2853 3973 3032 4042 magni
3061 3974 3272 4027 consilii
3301 3984 3356 4028 et
3386 3973 3566 4030 Virtus
3590 3975 3719 4031 dica-

2147 4071 2236 4115 tur
2288 4093 2357 4102 —
2394 4062 2518 4117 audi
2557 4062 2870 4131 Apostolum
2920 4065 2986 4119 de
3014 4064 3173 4120 Patre
3220 4065 3329 4121 Deo
3383 4067 3668 4137 loquentem
3703 4079 3716 4116 :

2144 4150 2440 4207 Invisibilia
2493 4155 2632 4208 enim
2688 4155 2803 4225 ejus
2869 4175 2901 4209 a
2965 4159 3226 4212 creatione
3293 4159 3337 4190 ¹⁶
3405 4159 3582 4212 mundi
3641 4174 3720 4226 per

460 4227 677 4299 Deoqne
723 4231 1026 4300 proximam
1077 4244 1351 4302 naturam,
1389 4253 1455 4293 ac
1501 4240 1643 4296 circa
1685 4258 1806 4299 eum
1837 4262 2050 4317 semper
2081 4258 2238 4318 Dea,
2269 4262 2402 4316 quae
2460 4246 2601 4316 facta
2664 4259 2805 4312 sunt,
2850 4249 3113 4304 intellecta
3168 4252 3581 4322 conspiciuntur,
3606 4267 3719 4304 sem-

457 4328 684 4385 motam,
701 4330 825 4376 ante
848 4322 1069 4377 localem
1089 4330 1469 4397 terrenumque
1492 4329 1534 4365 ¹¹
1559 4334 1868 4401 paradisum
1892 4353 2051 4407 posse

457 4399 732 4477 collocari,
759 4413 921 4468 nisi“
938 4412 1078 4470 forte
1113 4415 1376 4483 dicamus,
1398 4435 1503 4475 non
1531 4399 1705 4491 ipsum
1732 4399 2045 4496 Cherubim,

455 4503 555 4557 sed
591 4519 755 4558 unum
793 4505 860 4559 de
904 4515 1149 4561 extremo
1178 4508 1369 4564 ordine
1413 4512 1728 4569 caelestium
1763 4514 2045 4583 virtutum,

455 4594 548 4661 qui
581 4608 743 4663 prope
774 4596 1050 4665 angelicus
1073 4597 1290 4663 dicitur,
1315 4610 1442 4656 ante
1467 4606 1779 4673 paradisum
1815 4607 2047 4663 locatum
2079 4684 2086 4692 .

455 4679 641 4745 fuisse,
675 4684 765 4752 qui
794 4694 1081 4755 propterea
1111 4686 1404 4746 Cherubim
1437 4694 1738 4764 appellatus
1762 4708 1864 4762 est,
1910 4716 2047 4770 quo-

455 4770 600 4824 niam
650 4774 719 4826 ab
758 4774 876 4842 ipso
925 4776 1213 4834 Cherubim
1272 4792 1399 4838 ante
1438 4787 1745 4854 paradisum
1794 4790 2051 4846 collocari

446 4855 689 4925 jubetnr.
727 4864 989 4934 Quicquid
1005 4869 1147 4922 enim
1167 4869 1236 4924 ab
1252 4872 1596 4931 inferioribus
1618 4879 1932 4935 caelestium
1951 4899 2049 4936 or-

452 4949 672 5005 dinibus
707 4951 759 5005 in
789 4969 966 5008 rerum
993 4967 1181 5014 natura
1218 4963 1601 5033 perﬁcitur,ad
1626 4971 1935 5040 superiores
1962 4991 2047 5031 re-

452 5036 647 5104 iertur,
707 5044 958 5112 quoniam
997 5046 1038 5077 ¹³
1094 5049 1380 5109 inferiores
1440 5056 1514 5110 nil
1574 5036 1771 5129 agunt,
1817 5074 2045 5133 praeter

449 5134 595 5205 quod
644 5151 672 5190 a
723 5138 1088 5207 superioribus
1146 5159 1307 5216 agere
1352 5151 1778 5221 praecipiuntur.
1839 5156 2037 5211 Eadem

2150 4336 2354 4406 piterna
2390 4354 2593 4408 quoque
2626 4337 2742 4408 ejus
2792 4339 2954 4391 virtus
3009 4340 3256 4393 similiter
3316 4351 3364 4395 et
3421 4351 3717 4410 potestas—

2151 4435 2228 4489 et,
2270 4438 2327 4480 ut
2382 4427 2617 4481 breviter
2668 4428 2866 4494 dicam,
2919 4430 3159 4484 omnium
3192 4432 3506 4487 caelestium
3548 4445 3714 4485 essen-

2154 4525 2348 4578 tiaram
2373 4525 2817 4595 appellationibus
2844 4529 3074 4595 quadam
3098 4528 3330 4584 mirabili
3353 4532 3399 4561 ’⁷
3429 4531 3717 4599 metaphora

2155 4615 2207 4669 in
2261 4614 2458 4669 divinis
2515 4613 2812 4687 Scripturis
2867 4618 3037 4673 soleat
3090 4619 3367 4674 intimari?
3405 4620 3716 4676 Flamuteutn

2154 4721 2368 4776 quoque
2393 4706 2629 4777 gladium
2659 4708 2848 4762 eadem
2878 4710 3094 4764 ratione
3124 4710 3299 4780 ipsum
3357 4713 3449 4768 Dei
3504 4714 3713 4768 Verbum

2156 4795 2462 4865 signi.icarc
2493 4812 2598 4851 non
2627 4798 3069 4854 inconvenienter
3097 4802 3412 4872 accipimus.
3444 4802 3713 4859 Uritnam-

2100 4898 2105 4899 '
2151 4899 2257 4953 quc
2292 4893 2348 4938 et
2392 4885 2604 4941 dividit.
2637 4885 2755 4942 Urit
2781 4887 2998 4957 quidem
3030 4898 3217 4945 nostra
3243 4891 3458 4959 delicta,
3487 4904 3563 4947 est
3586 4890 3714 4945 enim

2150 4975 2294 5029 Deus
2362 4976 2501 5047 ignis
2560 4993 2887 5044 consumens,
2941 4994 3289 5052 purgansque
3337 4982 3715 5038 irrationabiles

2147 5074 2363 5121 nostrae
2395 5076 2621 5123 naturae
2646 5070 2873 5123 sordes:
2906 5085 3135 5141 eamque
3160 5073 3350 5128 dividit
3386 5084 3546 5143 atque
3574 5072 3613 5107 "
3644 5072 3716 5126 di-

2145 5156 2347 5209 scernit
2372 5156 2441 5210 ab
2466 5156 2567 5222 bis,
2592 5172 2731 5226 quae
2754 5158 2801 5213 ei
2827 5160 3023 5215 merito
3042 5163 3524 5232 praevaricationis
3545 5176 3713 5232 super-

1716 5333 1982 5391 .VAlllAE
2019 5293 2419 5398 LE'CTIONES.

517 5481 650 5554 δεῖς
672 5480 791 5547 CF;
824 5482 869 5536 Δ
899 5481 1200 5554 Dominum.
1288 5483 1306 5512 '
1339 5484 1379 5536 .-\
1422 5484 1606 5554 Atque.
1684 5487 1701 5517 ³
1732 5488 1772 5540 A
1807 5491 1877 5542 ui.

448 5550 687 5604 allii-iani
723 5569 848 5606 non.
874 5579 886 5592 -
934 5551 956 5582 ⁶
984 5551 1219 5626 δίιχυζῗς
1265 5554 1305 5605 Α
1332 5550 1595 5626 humanae
1639 5558 1948 5626 voluptatis.

1978 5491 1998 5522 ⁸
2033 5491 2274 5573 SicCF:
2325 5495 2364 5549 Α
2397 5497 2464 5548 ad
2494 5498 2772 5567 imaginem
2830 5500 2921 5554 Dei
2972 5513 3018 5556 et
3058 5505 3474 5563 similitudinem.

2050 5564 2068 5592 "
2102 5562 2193 5617 Stc
2234 5563 2351 5620 CF:
2383 5566 2429 5618 Α
2459 5568 2710 5620 secunda.
2798 5570 2819 5600 “
2848 5572 2938 5620 Sic
2981 5572 3098 5620 CF:
3152 5577 3186 5620 Α
3234 5576 3474 5620 (Ihm-ubi.

2145 5579 2193 5617 lC
2234 5579 2308 5616 ω⁴
2336 5581 2351 5625 ξ
2383 5579 2429 5618 Α
2459 5579 2710 5621 secunda.

2830 5504 2921 5554 Dei
2972 5513 3018 5556 et
3058 5505 3474 5563 similitudinem.
3564 5509 3585 5540 ⁸
3627 5504 3706 5563 CF

2798 5570 2819 5600 “
2848 5572 2938 5626 Sic
2981 5572 3098 5637 CF;
3148 5577 3190 5629 Λ
3234 5576 3516 5641 Cherubin,
3561 5579 3706 5633 Scra-

450 5620 598 5713 pliin.‘
660 5623 753 5713 θ’.)
784 5623 979 5713 nArguta.
1054 5622 1098 5658 ιο
1135 5622 1176 5676 Α
1209 5639 1301 5676 nos
1344 5624 1490 5678 sinit.
1566 5627 1607 5657 “
1640 5628 1729 5680 Sic
1755 5620 1872 5691 CF;
1905 5632 1949 5684 Α
1976 5642 2237 5684 terrenum
2269 5620 2608 5707 localemqne.
2685 5641 2726 5676 ³³
2757 5640 2797 5693 Λ
2828 5643 2901 5694 ni.
2984 5644 3028 5674 ⁸⁸
3120 5647 3267 5713 quia.
3290 5620 3386 5680 ’νιδ
3414 5620 3636 5712 εἰς’(ῖΡς
3663 5656 3704 5700 .—\

484 5691 577 5713 1η...
721 5708 727 5713 ,
848 5708 903 5713 ---μ
936 5693 1004 5713 --ἐι
1032 5692 1252 5713 τ.--,..ε---
1275 5710 1303 5713 Α-
1337 5709 1419 5713 Α---
1464 5712 1471 5713 ,
1580 5696 1621 5713 an
1664 5698 1745 5713 ,ηπ
1921 5712 1925 5713 ,
2131 5702 2169 5713 ι·
2196 5701 2249 5713 η.
2323 5704 2401 5713 η,-
2476 5706 2486 5713 .
2734 5708 2762 5713 .-

453 5690 617 5747 Quod.
696 5690 740 5720 ¹⁵
774 5692 816 5741 Λ
848 5691 1305 5758 coluitimagiucm
1330 5709 1499 5747 suam.
1580 5696 1622 5727 ¹⁸
1661 5698 1745 5753 CF
1790 5712 2051 5754 creatura.

2131 5702 2169 5733 ¹⁷
2195 5701 2285 5756 Sic
2318 5704 2432 5771 CF;
2463 5701 2511 5759 A'
2543 5708 2803 5764 mutabili.
2884 5712 2926 5742 ⁸⁸
2966 5714 3006 5765 Α
3041 5730 3121 5768 ac.
