3898 6154
242 232 328 297 865
1008 240 1096 303 nr:
1131 238 1465 302 DlVlSlONE
1502 230 1854 296 annuae.
1894 265 1963 275 --
1997 226 2194 287 Linea
2234 228 2555 300 errares.

3361 200 3463 284 827i!

232 364 494 419 venerant,
562 371 788 427 eamque
848 360 1199 423 decolorant,
1249 368 1411 429 atque
1462 356 1782 415 deformant,
1816 347 2182 415 Avisibilium
2225 361 2406 401 rerum
2430 342 2903 415 corporaliumque
2953 351 3056 408 Cal,
3107 350 3162 394 ut
3207 341 3464 407 arbitror,

229 444 636 513 dissiittilemque
680 447 941 502 conditori
971 463 1067 503 suo
1102 446 1360 503 cilicium.
1402 444 1625 500 Gladius
1664 444 1787 506 iste,

230 532 448 587 Verbum
482 532 732 589 videlicet
756 537 948 601 Patris,
979 537 1287 608 unigenitus
1313 535 1704 600 Filius/vinus
1737 541 1791 585 et

224 624 477 693 sapientia
524 637 628 678 non
672 626 939 682 immerito
984 638 1041 681 et
1093 626 1333 680 creditur
1375 634 1430 679 et
1477 622 1791 691 intelligitur

225 712 500 777 versatilis,
541 713 702 783 quia,
748 714 874 767 dum
938 722 1020 769 est
1071 715 1088 746 ί
1156 723 1346 769 natura
1408 711 1789 775 immutabilis,

224 812 459 859 movetur
488 814 665 858 tamen
694 805 948 859 ineffabili
996 821 1096 860 sua
1144 804 1427 860 clementia
1482 812 1537 858 et
1582 800 1790 883 miseri-

222 895 393 949 cordia
422 905 551 964 erga
574 894 800 948 salutem
826 896 1091 950 humanae
1134 904 1381 949 naturae.
1426 894 1650 963 Semper
1687 890 1794 945 ita-

223 997 319 1052 que
346 982 465 1037 talis
492 982 779 1037 Cherubim
832 982 1220 1053 llamrneusque
1268 980 1476 1054 gladius
1521 979 1791 1035 versatilis

225 1081 337 1126 ante
361 1071 546 1126 oculos
574 1073 785 1127 animae
812 1081 1048 1137 nostrae,
1080 1073 1304 1128 rationis
1337 1073 1458 1127 dico
1492 1081 1546 1125 et
1577 1070 1788 1126 intelle-

227 1173 351 1226 rtus,
378 1162 693 1216 collocatur.
746 1163 885 1231 Quid
926 1164 1035 1218 ita?
1083 1164 1162 1218 Ad
1207 1163 1598 1218 custodiendam
1652 1163 1789 1217 vium

222 1252 342 1322 ligni
370 1253 533 1316 iitae,
561 1253 663 1306 hoc
715 1261 825 1315 est,
857 1267 925 1308 ne
966 1254 1109 1308 viam
1162 1254 1291 1325 ligni
1351 1254 1492 1309 vitae
1534 1252 1789 1308 oblivioni

223 1341 511 1405 tradamus,
542 1341 638 1395 sed
674 1355 887 1412 semper
910 1344 1226 1398 memoriam
1258 1343 1425 1413 ipsius
1464 1344 1596 1415 ligni
1642 1344 1790 1400 viae-

220 1444 335 1499 que,
365 1443 471 1498 qua
497 1431 603 1483 itur
623 1432 689 1485 ad
720 1431 871 1496 illud,
904 1442 1030 1487 ante
1057 1434 1245 1489 oculos
1269 1435 1451 1490 cordis
1494 1436 1662 1491 nostri
1700 1436 1788 1489 in-

219 1520 523 1575 desinenter
565 1522 880 1578 habeamus.
923 1524 991 1579 Et
1025 1540 1093 1580 ne
1155 1525 1390 1591 mireris,
1426 1543 1513 1582 me
1554 1527 1791 1597 singula-

220 1607 344 1662 riter
377 1608 674 1665 Clterubim
722 1612 1032 1680 protulisse,
1060 1630 1180 1668 ettm
1212 1615 1403 1672 beatus
1434 1616 1791 1687 Hieronymus

1891 442 2034 509 quod
2062 455 2168 494 non
2197 437 2533 508 incorporale
2557 438 2685 507 quid
2718 447 2773 493 et
2813 435 3150 503 intelligibile
3177 436 3466 506 signillcet.

1891 534 1997 589 Sed
2029 534 2265 602 ipsorum
2295 546 2636 595 recursuum,
2659 545 2725 585 ex
2773 531 2968 599 quibus
3014 538 3336 598 argumenta
3383 528 3467 583 vis

1889 640 2122 689 sumere,
2155 624 2413 693 quosdam
2444 622 2680 677 breviter
2700 621 2859 675 velim
2891 636 3304 675 commemores.
3323 619 3465 674 Man.

1888 711 2168 775 Omnibus,
2193 719 2250 764 ut
2269 711 2513 777 aestimo,
2534 719 2779 764 naturam
2801 725 2983 764 rerum
3003 710 3466 765 considerantibus

1845 819 1849 823 ·
1888 812 1943 858 ct
1967 803 2129 857 animi
2152 801 2501 872 conceptione
2522 810 2576 856 et
2597 800 2892 871 corporalis
2917 800 3325 870 sensusjudicio
3348 802 3469 857 luce

1888 892 2088 949 clarius
2139 891 2467 962 patefactum
2522 899 2627 955 est,
2688 889 2975 946 caelestem
3037 891 3470 962 astrigeramque

1889 983 2173 1052 Sphaeram
2216 997 2429 1053 semper
2476 982 2766 1038 volubilem
2820 983 2887 1039 ad
2944 984 3176 1040 eundem
3227 983 3470 1039 locorum

1889 1073 2051 1128 situm
2094 1072 2146 1127 in
2193 1073 2383 1143 viginti
2436 1082 2693 1142 quattuor
2717 1073 2971 1128 horarum
3021 1074 3196 1144 spatio
3241 1073 3416 1129 redire
3452 1091 3466 1127 :

1888 1160 2057 1215 solem
2122 1162 2371 1216 similiter
2422 1164 2488 1217 ad
2554 1163 2694 1216 idem
2748 1171 3004 1232 punctum
3059 1162 3469 1232 aequinoctialis

1889 1251 2162 1315 diametri,
2192 1260 2410 1320 peracto
2433 1252 2805 1321 quadriennio,
2830 1253 3019 1307 eodem
3058 1254 3317 1322 temporis
3360 1268 3468 1308 me.

1889 1342 2165 1405 mento,in
2196 1350 2318 1396 ortu
2350 1342 2491 1408 dico,
2532 1343 2813 1412 pervenire
2856 1360 2870 1396 :
2911 1342 3090 1396 lunam
3141 1358 3355 1413 quoque
3395 1341 3463 1397 ad

1890 1432 2121 1487 eundem
2174 1433 2349 1488 locum
2401 1434 2678 1505 signiferi,
2731 1450 2837 1505 quo
2892 1450 3117 1491 accensa
3175 1444 3278 1501 est,
3309 1437 3468 1506 paulo

1890 1519 2172 1591 plusquam
2244 1522 2431 1593 viginti
2490 1534 2693 1592 septem
2754 1524 2963 1579 dierum
3022 1532 3078 1579 et
3134 1532 3255 1580 octo
3308 1527 3470 1580 hora-

1894 1623 2013 1663 rum
2065 1609 2347 1665 intervallo
2399 1626 2699 1667 recurrere.
2751 1612 2827 1667 De
2873 1613 3046 1667 reditu
3107 1623 3285 1668 autem
3336 1615 3470 1667 alia-

217 1706 267 1751 et
291 1696 514 1766 pluralis
542 1701 752 1754 numeri
772 1710 825 1755 et
852 1703 1132 1758 masculini
1161 1706 1376 1775 generis
1411 1706 1538 1762 talia
1567 1708 1785 1762 nomina
1817 1697 1861 1756 B
1891 1715 2009 1755 rum
2048 1700 2408 1770 planetarum,
2432 1703 2555 1772 quia
2579 1703 2624 1745 ι³
2653 1704 2902 1758 omnibus
2927 1703 3249 1774 astrologiae
3281 1705 3473 1774 peritis

218 1789 267 1842 in
294 1790 365 1843 im
397 1790 698 1847 desinentia
726 1794 866 1863 apud
895 1794 1168 1852 Hebraeos
1189 1799 1567 1867 pronuntiarit.
1620 1798 1787 1854 Secu-

218 1891 300 1936 tus
324 1896 559 1951 namqne
597 1896 716 1937 sum
759 1895 1004 1939 sanctum
1047 1887 1356 1958 Dionysium
1379 1889 1785 1960 Areopagitam,

216 1970 559 2042 singulariter
582 1973 746 2028 etiam
785 1977 806 2005 '
850 1974 1133 2044 Seraphim
1182 1987 1236 2033 et
1277 1980 1569 2035 Cherubim
1614 1982 1789 2035 nomi-

218 2071 452 2145 nantem,
478 2065 798 2131 praesertim
829 2081 953 2121 cum
980 2075 1034 2121 et
1064 2067 1430 2126 Hebraeorum
1466 2080 1519 2127 et
1553 2072 1788 2128 Graeco-

216 2165 326 2205 rum
350 2169 487 2208 usus
509 2155 601 2219 sit,
623 2156 919 2226 singularia
952 2166 1008 2212 et
1047 2158 1271 2228 pluralia
1309 2177 1407 2232 pro
1451 2176 1509 2218 se
1554 2162 1786 2220 invicem

215 2256 434 2308 ponere.
458 2241 563 2297 Sed
591 2260 730 2314 quae
759 2255 840 2301 est
874 2247 965 2302 illa
998 2250 1104 2314 via,
1153 2265 1291 2321 quae
1320 2253 1467 2307 ducit
1490 2253 1557 2307 ad
1583 2253 1785 2325 lignum

212 2331 388 2385 vitae?
419 2332 487 2386 Et
522 2334 649 2402 quid
693 2344 715 2376 ³
744 2345 827 2390 est
866 2337 992 2392 illud
1030 2338 1256 2411 lignum,
1280 2342 1344 2395 ad
1384 2344 1525 2412 quod
1556 2345 1702 2400 ducit
1726 2343 1789 2400 “2

214 2421 403 2477 Nonne
431 2424 571 2477 idem
602 2425 715 2495 ipse
738 2425 907 2483 Filius
920 2429 1045 2494 Dei,
1070 2431 1160 2499 qui
1198 2431 1264 2485 de
1292 2433 1470 2502 seipse
1508 2431 1747 2504 loquitur
1771 2451 1784 2487 :

212 2514 322 2585 Ego
347 2533 471 2570 sum
499 2517 604 2583 via,
628 2528 675 2571 et
693 2518 716 2550 ⁸
738 2520 950 2586 veritas,
969 2532 1015 2575 et
1034 2523 1173 2576 vita?
1201 2524 1351 2590 Quod
1380 2534 1557 2579 autem
1576 2526 1688 2594 ipse
1718 2525 1789 2580 sit

215 2603 419 2675 lignum
446 2606 612 2671 vitae,
637 2607 821 2663 multis
845 2610 1057 2664 divinae
1097 2611 1407 2683 Scripturae
1437 2614 1457 2645 ⁸
1485 2615 1616 2670 locis
1642 2631 1789 2671 cem-

211 2698 422 2765 pet-itur
448 2698 468 2730 ⁷
496 2699 834 2766 apertissime
854 2740 868 2767 ,
899 2701 971 2757 ita
1012 2712 1069 2757 ut
1106 2704 1253 2760 nullo
1282 2705 1517 2778 indigeat
1556 2708 1791 2765 testimo-

209 2785 316 2839 nio.
340 2785 712 2857 Multiplieiter
731 2791 913 2861 itaque
937 2792 988 2847 in
1022 2795 1123 2848 hoc
1151 2795 1269 2850 loco
1292 2806 1515 2853 sanctae
1542 2799 1790 2867 Scriptu-

209 2892 299 2933 rae
329 2880 433 2935 Dei
476 2880 637 2935 Verbi
680 2885 971 2954 symbolice
1022 2889 1237 2943 nomina
1279 2904 1599 2964 exaggerata
1642 2904 1787 2949 sunt.

208 2965 339 3022 Nam
376 2978 439 3023 et
459 2968 770 3038 Cherubin),
801 2982 857 3028 et
885 2975 1163 3032 ﬂammeus
1190 2979 1397 3050 gladius
1429 2982 1713 3048 versatilis,
1737 2990 1791 3038 et

1890 1793 2230 1848 notissimum
2266 1802 2379 1859 est,
2421 1808 2815 1866 supervacuum
2865 1795 3138 1851 videbitur
3178 1796 3222 1830 “
3269 1797 3467 1851 dicere.

1891 1882 2103 1939 Sufﬁcit
2141 1886 2283 1940 enim
2326 1886 2552 1940 duorum
2603 1886 2963 1941 maximorum
3010 1886 3194 1942 mundi
3241 1887 3476 1942 lumina-

1891 1971 2030 2026 rium
2060 1972 2335 2028 naturales
2355 1972 2498 2043 leges
2521 1973 2565 2006 ¹⁸
2585 1981 2639 2029 et
2659 1973 3019 2031 revelationes
3035 1976 3101 2031 ad
3121 1989 3204 2043 ea,
3219 1991 3357 2046 quae
3379 1992 3471 2031 co-

1889 2077 2082 2117 namur
2109 2078 2354 2119 asserere
2375 2104 2390 2129 ,
2422 2064 2694 2120 suadenda
2721 2067 2986 2136 posuisse.
3016 2066 3167 2122 Luna
3204 2068 3467 2137 siquidem

1890 2154 1957 2208 ad
1985 2154 2247 2224 principia
2275 2170 2465 2211 cursus
2496 2156 2578 2211 sui
2622 2171 2764 2212 neno
2791 2166 2846 2211 et
2873 2158 3081 2214 decimo
3105 2159 3150 2191 ¹⁹
3173 2174 3316 2215 anno
3341 2174 3468 2229 pcr-

1889 2253 2042 2311 acto,
2080 2244 2161 2300 sol
2210 2260 2337 2301 vero
2378 2245 2565 2314 viginti
2617 2255 2672 2302 et
2713 2255 2836 2303 octo
2882 2247 2926 2282 "
2964 2248 3115 2304 linito
3161 2261 3466 2305 revocatur.

1889 2318 2130 2400 Quidue
2153 2334 2362 2389 numeri
2398 2335 2450 2388 in
2485 2349 2543 2390 se
2576 2335 2802 2391 invicem
2846 2337 3180 2407 multiplicati
3210 2339 3262 2393 in
3308 2340 3468 2408 quin-

1889 2437 2078 2497 gentos
2110 2429 2329 2499 triginta
2360 2430 2492 2485 duos
2510 2444 2680 2486 annos
2704 2441 3079 2489 concrescunt.
3109 2429 3315 2502 Quibus
3340 2450 3464 2505 per-

1890 2517 2026 2572 actis
2093 2519 2160 2573 ad
2208 2519 2425 2575 eosdem
2478 2519 2717 2575 iocorum
2760 2520 3002 2592 signiferi
3055 2528 3110 2577 et
3165 2532 3466 2594 temporum

1889 2611 2066 2682 magni
2097 2611 2221 2665 anni
2253 2627 2508 2668 numeros
2530 2622 2584 2668 et
2612 2599 2776 2680 situs,
2807 2629 3131 2687 omnemque
3158 2615 3239 2673 sui
3281 2633 3472 2673 cursus

1891 2697 2226 2756 harmoniam
2247 2701 2518 2773 praedicta
2541 2702 2645 2756 duo
2667 2701 2712 2736 "
2726 2703 3027 2773 luminaria,
3051 2715 3218 2763 totam
3245 2708 3475 2779 pascha-

1890 2790 1957 2846 lis
1981 2806 2173 2846 cursus
2206 2793 2468 2847 rationem
2500 2796 2841 2865 peragentia,
2876 2795 3054 2850 redire
3093 2798 3466 2867 perhibentur.

1891 2877 2029 2947 Quid
2066 2881 2193 2934 aer?
2222 2880 2408 2936 Nonne
2444 2884 2509 2935 ad
2541 2885 2755 2937 easdem
2794 2884 3083 2952 qualitates
3114 2885 3347 2958 frigoris,
3376 2904 3469 2943 seu

1892 2969 2109 3030 caloris.
2140 2984 2233 3024 seu
2266 2971 2666 3040 temperantiae,
2701 2972 2937 3028 deﬁnitis
2961 2985 3240 3031 revocatur
3270 2986 3474 3048 tempu-

208 3060 314 3125 via,
343 3070 401 3115 et
436 3060 636 3132 lignum
668 3065 811 3120 vitae
837 3067 1158 3137 appellatur,
1190 3077 1244 3121 ut
1273 3086 1369 3140 per
1392 3072 1494 3127 hoc
1526 3074 1789 3144 imelliga-
1818 3066 1861 3128 ς
1896 3061 2076 3115 ribus?
2096 3060 2233 3127 Quid
2262 3062 2436 3116 dicam
2466 3063 2530 3117 de
2556 3062 2809 3118 Oceano?
2830 3063 3021 3119 Nonne
3053 3080 3152 3135 per
3183 3067 3363 3121 omnia
3394 3071 3472 3120 lu-

208 3165 348 3216 mns,
382 3154 531 3220 quod
561 3154 732 3222 ipsum
763 3156 992 3212 Verbum
1016 3174 1288 3228 nunquam
1336 3162 1515 3218 cordis
1558 3167 1729 3220 nostri
1763 3165 1786 3198 ⁸

213 3240 496 3295 obtutibus
525 3244 760 3309 recedat,
786 3254 840 3299 et
863 3247 1005 3315 quod
1035 3262 1249 3317 semper
1292 3250 1360 3304 ad
1407 3251 1788 3311 illuminandos

205 3344 302 3384 nos
358 3333 868 3401 praesentissimum
919 3337 1022 3402 sit,
1073 3348 1129 3393 et
1195 3339 1579 3408 beatitudinis,
1625 3359 1786 3413 quam

203 3423 633 3491 praevaricando
660 3427 1011 3494 perdidimus,
1038 3446 1300 3500 nusquam
1332 3449 1604 3503 nunquam
1628 3434 1649 3464 °
1677 3451 1789 3489 nte-

206 3517 443 3569 moriarn
470 3518 698 3584 perdere
746 3520 895 3584 sinit,
950 3522 1015 3575 ad
1063 3525 1291 3578 eandem
1335 3540 1550 3595 semper
1612 3527 1790 3581 redire

206 3619 302 3658 nos
329 3606 373 3636 ⁸⁸
400 3607 611 3670 volens,
636 3609 896 3673 et,donec
925 3610 977 3663 id
1005 3610 1467 3677 liat,condolendo
1488 3615 1787 3683 suSpirans,

200 3709 407 3766 perque
438 3697 700 3753 scientiae
743 3708 799 3753 et
846 3701 1077 3756 actionis
1124 3702 1394 3771 perfectos
1439 3703 1638 3774 gradus
1662 3704 1788 3770 iter,

201 3789 342 3856 quod
370 3789 505 3843 illuc
542 3788 711 3855 ducit,
743 3806 967 3861 carpere
1015 3794 1054 3824 ”
1104 3809 1202 3850 nos
1252 3795 1537 3864 instigans.
1583 3797 1787 3868 Ignem,

200 3876 396 3946 inquit,
426 3879 544 3931 veni
566 3879 766 3933 mittere
792 3882 845 3933 in
874 3889 1087 3946 terram,
1126 3891 1175 3936 et
1198 3884 1324 3955 quid
1360 3885 1495 3952 volo,
1527 3888 1627 3942 nisi
1663 3888 1707 3919 “
1733 3900 1789 3943 ut

197 3973 570 4026 accendatur?
617 3972 724 4028 sed
767 3975 1078 4044 priusquam
1111 3977 1178 4032 de
1216 3979 1331 4048 ipso
1358 3980 1531 4036 reditu
1569 3992 1791 4046 nostrae

198 4071 440 4116 naturae
471 4070 790 4128 tractemus,
818 4048 1082 4133 quaedam
1111 4080 1178 4121 ex
1204 4069 1547 4126 sensibilibus
1596 4074 1789 4141 proba-

201 4155 417 4208 tissima
466 4162 807 4224 argumenta,
837 4158 1032 4224 quibus
1092 4159 1351 4213 docemur
1414 4161 1791 4219 incunctanter

196 4246 432 4300 credere
451 4287 465 4308 ,
496 4246 673 4315 ipsum
704 4245 940 4299 futurum
971 4261 1114 4312 esse,
1150 4249 1408 4303 sumenda
1439 4251 1708 4315 existimo,
1744 4253 1789 4307 si

197 4337 290 4388 tibi
317 4337 561 4390 videtur.
1240 4352 1241 4361 ‘

1890 3167 2076 3206 narem
2108 3166 2323 3206 cursum
2355 3153 2619 3221 sequitur,
2654 3161 2908 3222 certaque
2932 3156 3106 3223 spatia
3127 3170 3257 3210 suae
3284 3171 3469 3210 recur-

1889 3246 2056 3301 sionis
2100 3246 2141 3280 ¹⁹
2193 3245 2471 3300 observat?
2523 3245 2648 3300 Sive
2690 3246 3032 3316 quotidianos
3083 3255 3303 3312 aestus,
3358 3248 3473 3303 sive

1892 3352 2154 3402 recessus,
2170 3337 2282 3391 sive
2296 3337 2538 3403 inalinas,
2556 3339 2669 3393 sive
2691 3339 2909 3395 ledenes
2933 3333 2976 3374 "
2993 3342 3008 3359 '
3030 3350 3271 3410 peragat,
3295 3342 3495 3395 varios'

1889 3442 2101 3497 semper
2125 3436 2346 3481 naturae
2367 3437 2652 3497 certosque
2693 3443 2944 3485 recursus
2981 3445 3085 3485 non
3120 3431 3469 3500 praetermit-

1891 3519 1976 3572 tit.
2004 3519 2141 3586 Quid
2197 3520 2262 3573 dc
2298 3518 2488 3573 Nereis
2530 3521 2596 3585 ὀ,
2628 3521 2961 3591 terrenisque
2989 3521 3033 3554 "
3078 3522 3473 3587 animantibus,
3556 3570 3561 3578 .

1891 3610 2142 3673 surculis,
2167 3609 2380 3663 herbis?
2402 3609 2537 3664 Nunt
2561 3611 2605 3642 ¹²
2628 3611 2876 3666 similiter
2898 3627 2992 3667 sua
3027 3619 3263 3681 tempora
3292 3615 3476 3667 obscr-
3561 3599 3575 3622 ’

1892 3708 2022 3753 vant
2045 3739 2059 3763 ,
2092 3701 2287 3768 quibus
2322 3700 2375 3753 in
2416 3699 2615 3773 foetus,
2642 3700 2828 3766 flores,
2876 3700 3022 3766 folia,
3058 3701 3264 3756 fructus
3293 3718 3472 3757 erum-

1892 3799 2021 3862 pant
2048 3790 2127 3844 “?
2145 3791 2222 3845 Ae
2243 3789 2291 3822 ’⁵
2316 3791 2632 3861 simpliciter
2673 3792 2954 3847 dicendum
2976 3832 2990 3857 ,
3023 3793 3168 3846 nulla
3210 3808 3471 3863 corporea

1892 3890 2137 3936 creatura
2158 3887 2263 3945 est,
2289 3880 2436 3934 vitali
2469 3890 2616 3934 metu
2644 3889 2909 3951 vegetata,
2941 3892 3079 3950 quae
3103 3896 3208 3935 non
3231 3883 3296 3935 ad
3320 3883 3471 3951 prin-

1893 3970 2090 4040 cipium
2139 3981 2316 4025 motus
2365 3971 2449 4024 sui
2494 3979 2815 4024 revertatur.
2849 3968 2998 4026 Finis
3037 3970 3180 4024 enim
3234 3972 3396 4026 totius
3422 3971 3470 4001 ’³

1891 4070 2069 4117 motus
2097 4070 2179 4116 est
2204 4061 2525 4132 principium
2559 4061 2673 4127 sui;
2709 4074 2812 4116 non
2840 4063 2982 4117 enim
3015 4063 3122 4117 alio
3156 4060 3263 4116 line
3290 4064 3474 4117 termi-

1893 4163 2071 4217 natur,
2104 4154 2205 4207 nisi
2228 4168 2326 4207 suo
2352 4153 2639 4222 principio,
2677 4168 2705 4205 a
2734 4167 2839 4222 quo
2860 4153 3292 4224 incipitmoveri,
3328 4161 3381 4208 et
3402 4156 3469 4208 ad

1893 4246 2034 4315 quod
2063 4244 2236 4299 redire
2264 4258 2479 4313 semper
2505 4243 2727 4312 appetit,
2761 4253 2820 4297 ut
2856 4244 2908 4298 in
2939 4258 3005 4299 eo
3049 4245 3261 4299 desinat
3306 4251 3469 4314 atque

1893 4340 2154 4410 quiescat.
2182 4339 2249 4393 Et
2271 4353 2378 4392 non
2412 4338 2585 4392 solum
2615 4339 2680 4392 de
2703 4337 2945 4407 partibus
2971 4336 3240 4392 sensibilis
3263 4338 3467 4401 mundi,

264 4426 320 4481 5.
370 4427 526 4482 Disc.
570 4427 794 4483 Videtur
842 4426 1020 4497 plane.
1077 4428 1154 4483 Ex
1206 4430 1542 4485 sensibilium
1593 4430 1790 4501 quippe
1818 4414 2080 4489 I)verum
2103 4431 2266 4484 etiam
2297 4430 2363 4483 de
2388 4429 2501 4498 ipso
2527 4436 2638 4484 toto
2665 4430 2716 4483 id
2744 4428 2918 4499 ipsum
2943 4427 3342 4497 intelligendum
3364 4440 3470 4483 est.

194 4519 550 4574 naturalibus
579 4520 910 4588 argumentis
937 4520 1002 4573 ad
1052 4534 1241 4588 puram
1292 4521 1650 4590 spiritualium
1703 4538 1791 4576 re-

198 4632 317 4671 rum
377 4616 750 4685 cognitionem
798 4629 964 4669 verae
1013 4612 1441 4669 ratiocinationis
1488 4614 1793 4684 progressio

196 4715 378 4773 potest
416 4703 728 4773 pervenire.
759 4702 897 4757 MAG.
922 4702 1219 4758 Considera
1261 4703 1470 4772 itaque,
1495 4717 1673 4760 utrum
1703 4705 1789 4761 isti

193 4795 405 4851 locales
445 4794 878 4865 tetnporalesque
912 4794 1069 4862 bujus
1094 4794 1276 4849 mundi
1307 4796 1533 4851 visibilis
1557 4797 1789 4866 partium

193 4902 471 4942 recursus
490 4894 686 4941 vacant
715 4887 943 4955 quodam
973 4888 1249 4957 mysterio,
1278 4904 1326 4941 ης
1348 4903 1464 4942 cnc.
1512 4889 1654 4943 Disc.
1688 4888 1792 4943 Va-

162 4994 323 5037 care
351 4994 461 5036 eos
491 4980 751 5050 mysterio
776 4993 883 5033 non
929 4976 1087 5033 facile
1137 4977 1405 5043 dixerim;
1462 4979 1595 5033 nihil
1646 4983 1789 5036 enim

1895 4521 2046 4578 Finis
2082 4522 2225 4576 enim
2258 4520 2425 4589 ipsius
2453 4519 2771 4589 principium
2802 4534 2958 4574 suum
2988 4526 3099 4583 est,
3138 4519 3280 4587 quod
3311 4534 3473 4590 appe-

1898 4616 1982 4681 tit,
2009 4622 2063 4667 ct
2086 4628 2193 4683 quo
2217 4618 2429 4682 reperto
2457 4611 2711 4675 cessabit,
2748 4625 2853 4665 non
2881 4618 2940 4665 ut
2968 4611 3265 4666 substantia
3303 4612 3472 4682 ipsius

1897 4715 2103 4778 pereat,
2130 4705 2222 4759 scd
2254 4714 2311 4758 ut
2334 4704 2386 4757 in
2423 4718 2549 4757 suas
2578 4704 2812 4758 rationes
2835 4743 2848 4767 ,
2880 4719 2945 4757 ex
2980 4704 3178 4773 quibus
3201 4704 3473 4773 profectus

1897 4808 2000 4863 est,
2049 4807 2351 4852 revertatur
2392 4795 2456 4847 ³⁵.
2505 4794 2765 4848 Praeterit
2807 4795 2974 4860 enim,
3021 4795 3097 4851 ait
3142 4796 3432 4866 Apostolus
3459 4840 3474 4862 ,

1898 4893 2068 4961 ﬁgura
2112 4889 2271 4959 hujus
2315 4888 2517 4941 mundi.
2551 4886 2722 4954 Quam
2768 4888 3116 4957 apostolicam
3151 4894 3474 4945 sententiam

1901 4990 2122 5038 sanctus
2150 4979 2310 5035 Pater
2339 4978 2666 5049 Augustinus
2695 4978 2931 5032 breviter
2950 4979 3219 5049 exposuit,
3247 4981 3471 5034 dicetts':
3522 4990 3531 4995 '

1501 5132 1584 5188 VA
1595 5132 1753 5188 RIAE
1793 5129 2193 5188 LECTlONES.

264 5252 283 5284 ¹
350 5245 448 5303 CF
493 5246 581 5298 sit.
657 5245 680 5277 ⁸
732 5243 1129 5314 ειὶᾳηιηοπι.Α.
1207 5242 1474 5314 'Aquod.

190 5322 213 5355 ⁷
239 5320 332 5376 CF
361 5323 732 5383 comparatur.
805 5312 831 5349 ⁸
851 5313 934 5370 CF
958 5314 1120 5368 nostri
1146 5312 1337 5367 cordis.

192 5394 239 5426 ¹¹
263 5394 303 5444 Λ
336 5391 419 5443 ni.
507 5385 551 5416 ⁸³
573 5386 665 5439 Sic
685 5383 800 5448 CF;
834 5387 879 5438 A
905 5386 1065 5454 quod.

193 5480 341 5515 nono
366 5469 420 5512 et
459 5470 554 5518 3v;
588 5456 625 5508 F
648 5467 788 5508 vnn“
808 5466 854 5507 ct
882 5464 955 5507 κο.

194 5528 481 5583 cnreionis
512 5542 654 5578 suae.

191 5606 239 5634 “
271 5602 373 5655 Sic
407 5595 570 5651 ACI“.
660 5595 704 5626 ³³
736 5595 824 5650 SEc
848 5595 968 5658 (2F;
1007 5595 1046 5647 A
1079 5605 1373 5664 ermnpunt.

540 5676 809 5739 i’ATROI..
853 5676 1097 5748 LXXII.

1452 5596 1496 5624 ²”
1533 5597 1570 5647 Α
1585 5595 1666 5647 Ιεί.

1571 5242 1592 5273 ⁸
1620 5243 1709 5298 Sic
1735 5242 1851 5308 CF;
1892 5243 1938 5296 A
1975 5241 2205 5294 ducitur.

1411 5314 1432 5344 ’
1458 5330 1719 5384 nunqumn
1749 5328 1855 5367 om.
1883 5313 1948 5384 AV.

1143 5384 1188 5418 “
1216 5384 1263 5440 Α
1301 5399 1739 5454 supervacaneum
1765 5392 1839 5436 est
1885 5383 2082 5436 dicere.

1036 5456 1076 5487 ’⁷
1102 5457 1146 5528 ᾼ
1186 5448 1374 5528 (eritne
1404 5464 1620 5518 octavo;
1652 5453 1691 5507 C
1719 5468 1811 5505 χχιι
1829 5463 1875 5506 et
1904 5466 2060 5528 _Vlll°5
2085 5448 2506 5528 l‘i}§181n\lll“..
2566 5451 2610 5481 ιε

733 5528 807 5557 ⁸⁹”
840 5523 930 5578 Sic
955 5525 1067 5589 CF;
1102 5524 1140 5578 ἰ.
1168 5524 1281 5578 sive
1312 5516 1733 5577 nmtminos’sive
1757 5521 2051 5576 seruiium?
2121 5518 2167 5549 ¹⁰
2201 5516 2291 5572 Sic
2322 5516 2443 5580 CF;
2480 5518 2523 5571 Α
2563 5519 2719 5570 neris.

736 5595 824 5640 Sin
848 5595 967 5640 (IF‘:
1008 5595 1043 5640 Α
1079 5605 1372 5640 nrmmnmL
1452 5596 1496 5624 9"
1536 5595 1665 5640 Alt‘l.
1745 5594 1790 5624 ³³
1827 5594 1981 5640 .olins
2006 5603 2113 5640 om.
2143 5584 2206 5640 Α.
2286 5586 2330 5624 ⁸³
2355 5584 2402 5639 Α
2431 5596 2663 5640 ret'ertat.

1827 5603 1981 5647 a0liil3
2006 5603 2113 5645 om.
2143 5603 2206 5640 Λ.

2787 5238 2808 5270 ⁸
2843 5237 2889 5291 Δ
2918 5238 3208 5304 scripturae
3248 5238 3472 5292 (lit'ittm'.

2821 5308 2836 5340 ⁸
2865 5306 2956 5361 Sic
2973 5306 3088 5368 Cl“;
3114 5306 3157 5359 Δ
3181 5318 3471 5374 carpentes.

2165 5378 2208 5410 ¹⁵
2235 5383 2278 5431 Λ
2310 5377 2443 5445 leges
2480 5378 2761 5432 naturales.
2863 5375 2911 5410 ³⁸
2936 5376 2977 5430 Δ
3013 5376 3210 5428 decimo
3253 5392 3408 5437 nono,
3438 5380 3480 5439 t;

2566 5451 2610 5481 ¹⁸
2646 5450 2689 5501 Α
2720 5449 2823 5500 duo
2857 5446 3146 5513 praedicto.
3225 5444 3267 5475 ¹⁹
3304 5446 3345 5498 Α
3392 5446 3479 5499 re:

2819 5517 2861 5549 ¹¹
2898 5515 2987 5570 Sic
3010 5514 3092 5569 CF
3117 5532 3132 5581 ;
3165 5514 3207 5568 Α
3237 5519 3475 5575 lerrenis.

2329 5238 2349 5270 ⁸
2381 5248 2427 5292 et
2467 5254 2575 5293 om.
2612 5240 2680 5294 Α.

2028 5310 2071 5343 ¹⁰
2090 5308 2179 5361 Sic
2199 5307 2316 5370 (2F;
2348 5309 2386 5361 Δ
2417 5326 2507 5363 nos
2532 5311 2718 5363 redire.

2286 5586 2330 5624 ’θ’
2355 5584 2402 5639 Α
2431 5596 2663 5641 rerertat.

3048 5678 3125 5737 9.3
