3898 6154
420 268 532 325 ‘367

1816 268 2093 327 JOANNIS
2135 268 2327 327 SCOTl

3574 278 3683 335 86$

426 384 646 456 Figura,
688 384 849 454 igitur
876 384 892 415 ί
925 400 1027 438 non
1055 391 1265 447 natura,
1315 390 1562 437 naturam
1593 398 1691 452 pro
1736 383 1993 448 essentia,
2024 389 2070 444 Λ
2102 398 2274 452 neque
2318 381 2584 463 quiescit,
2634 382 2803 438 donec
2856 383 3136 454 perveniat
3180 384 3246 440 ad
3290 384 3470 451 linem,
3519 402 3683 458 quem

427 483 484 528 ut
512 477 756 538 aestimo,
782 483 1024 538 mutans,
1058 489 1154 526 usu
1190 472 1625 542 frequentissimo
1668 487 1893 543 graecae
1925 472 2003 525 la-

425 566 675 635 tinaeque
703 566 723 596 ²
746 564 1083 618 elocutionis.
1109 561 1242 617 Nam
1260 562 1448 618 Graeci
1472 564 1617 636 φύσιν
1640 579 1738 633 pro
1760 565 1929 637 οὐσίᾳ,
1950 572 2004 617 ct

422 660 600 713 οὐσίαν
625 670 723 725 pro
748 658 897 727 φύσει
942 654 1255 725 saepissime
1295 663 1648 709 commutant.
1684 654 1884 708 Horum
1934 653 2003 708 si-

423 748 635 817 quidem
662 747 935 800 nominum
962 746 1264 817 proprietas
1286 756 1390 811 est,
1413 749 1609 811 οὐσίαν,
1641 746 1692 800 id
1715 754 1797 800 est
1819 760 2006 800 essen-

424 839 581 900 tiam,
611 837 678 892 de
702 850 797 903 eo,
844 837 987 906 quod
1030 851 1133 892 nec
1156 835 1463 906 corrumpi,
1499 850 1598 889 nec
1638 835 1852 906 augeri,
1902 848 2002 888 nec
2042 880 2047 885 .

421 929 587 985 minui
619 929 672 983 in
713 927 857 983 omni
886 936 1134 985 creatura
1162 926 1273 982 sive
1315 925 1510 982 visibili
1537 925 1649 980 sive
1680 924 2000 995 intelligibili

422 1027 614 1089 potest,
644 1016 978 1089 praedicari;
1001 1018 1155 1090 φύσιν
1178 1029 1307 1070 vero
1326 1055 1340 1080 ,
1383 1016 1486 1071 hoc
1522 1023 1626 1080 est,
1659 1023 1904 1068 naturam
1934 1014 2001 1069 de

414 1113 764 1184 generatione
791 1112 1057 1166 essentiae
1090 1125 1185 1181 per
1219 1110 1335 1165 loca
1367 1117 1424 1164 et
1469 1119 1707 1179 tempora
1740 1108 1793 1162 in
1823 1107 2001 1178 aliqua

421 1204 668 1269 materia,
697 1217 835 1273 quae
864 1212 918 1257 et
936 1202 1212 1272 corrumpi
1232 1243 1247 1267 ,
1277 1210 1333 1255 et
1364 1201 1547 1271 augeri
1572 1240 1587 1263 ,
1612 1208 1665 1254 et
1702 1199 1869 1254 minui
1912 1213 2003 1268 po-

426 1305 549 1359 test,
577 1295 917 1363 diversisque
943 1294 1312 1349 accidentibus
1358 1290 1512 1346 allici.
1563 1293 1731 1348 οὐσία
1769 1304 2001 1360 namque

419 1405 488 1442 ex
519 1389 683 1443 verbo
710 1389 815 1461 εἰμί
841 1387 1133 1451 derivatur,
1166 1387 1309 1461 quod
1339 1393 1423 1440 est
1451 1402 1596 1450 sum,
1641 1382 1795 1452 cujus
1828 1382 2000 1453 parti-

421 1478 620 1547 cipium
673 1475 1031 1533 masculinum
1077 1478 1174 1543 ὧν,
1224 1457 1535 1531 femininum
1594 1468 1763 1539 οὗσας
1818 1472 1943 1526 inde
1979 1469 2000 1502 ³

423 1572 590 1625 οὐσία.
614 1569 770 1629 Φύσις
793 1575 968 1621 autem
1005 1579 1070 1620 ex
1101 1566 1264 1621 verbo
1291 1568 1494 1639 φύομαι,
1524 1563 1576 1618 id
1616 1561 1638 1592 ⁸
1680 1570 1763 1618 est
1789 1576 2000 1626 noscar,

419 1657 501 1711 vel
541 1656 782 1728 planior,
834 1656 918 1711 vel
964 1672 1203 1726 generor.
1256 1655 1444 1713 Omnis
1490 1655 1673 1724 itaque
1712 1662 1997 1717 creatura,

413 1727 674 1815 quantum
703 1744 757 1799 in
797 1744 910 1800 suis
948 1744 1251 1801 rationibus
1291 1743 1557 1807 subsistit,
1586 1744 1735 1799 οὐσία
1779 1748 1892 1807 est;
1940 1740 1996 1795 in
2030 1727 2071 1786 Β

411 1844 670 1905 quantum
703 1849 828 1890 vero
852 1835 902 1890 in
933 1834 1111 1904 aliqua
1136 1833 1367 1889 materia
1394 1840 1735 1902 procreatur,
1769 1832 1923 1904 φύσις
1948 1830 1991 1884 ⁵.

415 1924 802 1988 Veruntamen,
832 1931 893 1977 ut
920 1921 1182 1986 diximus,
1215 1921 1354 1978 sicut
1378 1921 1519 1992 apud
1566 1918 1804 1975 Graecos
1847 1921 1999 1977 οὐσία

417 2031 513 2083 pro
542 2013 689 2090 φύσει
720 2023 774 2070 et
798 2015 951 2089 φύσις
981 2028 1079 2084 pro
1099 2015 1267 2089 οὐσίᾳ,
1295 2013 1370 2066 ita
1398 2012 1538 2082 apud
1563 2012 1786 2067 Latinos
1812 2026 1999 2067 essen-

413 2106 487 2160 tia
525 2120 622 2176 pro
653 2112 848 2159 natura
890 2112 946 2161 et
989 2112 1185 2158 natura
1234 2117 1331 2173 pro
1365 2103 1598 2159 essentia
1629 2102 1998 2158 indifferenter

411 2194 776 2259 constituitur,
804 2193 952 2248 salva
978 2202 1157 2248 tamen
1180 2191 1512 2262 singularum
1538 2191 1996 2263 significationum

409 2284 756 2354 proprietate.
793 2282 1093 2338 Essentiam
1138 2282 1319 2352 itaque
1358 2296 1536 2335 rerum
1564 2280 1895 2337 sensibilium
1929 2282 1955 2313 '
1978 2322 1993 2348 ,

412 2391 575 2446 quam
614 2372 887 2446 praefatus
919 2373 1081 2428 Pater
1123 2383 1351 2428 naturae
1390 2372 1714 2444 significavit
1756 2373 1994 2444 appella-

408 2468 574 2531 tione,
607 2464 993 2536 perpetualiter
1037 2478 1446 2534 permansuram
1473 2476 1592 2518 esse
1632 2476 1762 2517 vera
1803 2461 1824 2495 ⁷
1856 2463 1994 2517 ratio

402 2558 728 2614 ﬁducialiter
757 2556 981 2622 astruit,
1014 2556 1271 2626 quoniam
1303 2555 1354 2608 in
1395 2554 1574 2610 divina
1616 2553 1879 2623 sapientia
1910 2553 1993 2608 in-

410 2648 864 2706 commutabiliter
896 2648 918 2681 ⁸
955 2647 1094 2701 ultra
1132 2646 1312 2701 omnia
1349 2645 1463 2701 loca
1507 2653 1561 2700 et
1607 2653 1848 2715 tempora
1877 2661 1993 2700 om-

407 2754 641 2809 nemque
670 2736 1082 2792 mutabilitatem
1120 2736 1261 2790 facta
1304 2744 1408 2790 est.
1442 2733 1700 2788 Naturam
1737 2748 1867 2788 vero
1897 2750 1994 2805 per

409 2832 527 2890 loca
555 2840 608 2888 et
635 2840 873 2901 tempora
903 2836 1238 2902 generatam,
1272 2828 1576 2898 ceterisque
1621 2827 1992 2883 accidentibus

410 2925 663 2980 ambitam
683 2963 698 2988 ,
738 2920 1019 2977 intervallo
1034 2936 1064 2975 a
1085 2920 1366 2977 conditore
1386 2920 1625 2975 omnium
1641 2918 1993 2990 pracdeiinito

410 3013 727 3084 perituram,
754 3025 913 3066 nemo
942 3010 1240 3081 sapientiae
1272 3008 1464 3065 studiis
1492 3010 1790 3065 instructus
1815 3018 1989 3080 potest

2104 475 2257 543 petit,
2308 474 2438 543 quid
2489 482 2667 543 potest
2719 473 2988 530 humanae
3034 484 3260 539 naturae
3315 480 3683 534 necessarium

2106 574 2308 637 [uotum
2333 564 2378 597 ¹⁶
2408 565 2697 635 prohibere
2717 605 2731 630 ,
2770 580 3136 637 compescere,
3165 567 3357 621 sistere
3376 606 3389 632 ,
3417 582 3487 622 ne
3506 568 3573 621 ad
3603 568 3680 632 id,

2102 655 2244 724 quod
2294 655 2615 710 naturaliter
2653 656 2891 725 appetit,
2940 655 3117 710 valeat
3156 656 3483 725 pervenire?
3530 656 3683 717 Nulla

2102 743 2246 797 enim
2271 752 2517 799 creatura
2537 753 2639 809 est,
2664 758 2804 814 quae
2828 744 2957 799 velit
2977 744 3059 798 vel
3078 754 3295 815 appetat
3317 745 3357 776 "
3378 746 3511 800 nihil
3530 762 3681 814 esse;

2101 834 2239 906 fugit
2264 843 2478 898 autem,
2509 850 2576 890 ne
2621 835 2670 890 ei
2715 835 2995 907 contingat
3037 850 3143 890 non
3188 848 3329 901 esse,
3363 836 3681 907 praesertim

2101 928 2227 983 dum
2257 941 2417 982 omne
2436 967 2451 991 ,
2480 926 2624 997 quod
2651 926 2722 982 ab
2763 941 2861 992 eo,
2889 927 2983 998 qui
3008 942 3135 982 vere
3162 936 3264 992 est,
3292 935 3349 982 et
3374 942 3536 997 super
3559 942 3684 985 esse

2099 1028 2183 1074 est
2205 1019 2273 1085 ",
2306 1018 2509 1074 factum
2543 1028 2649 1085 est,
2677 1019 2744 1074 ad
2774 1019 2998 1075 nihilum
3044 1018 3223 1077 redire
3250 1018 3466 1073 dillieile
3504 1028 3585 1075 est
3616 1021 3680 1074 ι’.

2101 1105 2159 1162 Si
2186 1122 2317 1164 vero
2354 1107 2534 1179 aliqua
2565 1109 2852 1164 occasione
2893 1120 3085 1164 natura
3113 1108 3225 1165 Deo
3259 1108 3457 1164 similis
3484 1125 3513 1164 a
3532 1111 3684 1180 priu~

2100 1200 2241 1271 eipio
2269 1199 2353 1255 sui
2379 1215 2477 1271 per
2501 1199 2993 1255 dissimilitudinem
3021 1208 3226 1254 remota
3258 1198 3440 1263 fuerit,
3467 1214 3685 1269 semper

2100 1290 2166 1344 ad
2193 1305 2349 1345 suum
2379 1289 2704 1360 principium
2734 1288 2784 1322 ¹⁰
2814 1289 2988 1344 redire
3012 1290 3307 1354 contendit,
3348 1298 3407 1343 ut
3436 1289 3686 1344 similitu-

2098 1378 2300 1444 dinem,
2330 1394 2492 1450 quam
2513 1387 2853 1451 corruperat,
2882 1379 3130 1450 recipiat.
3163 1377 3219 1434 Si
3246 1378 3389 1434 enim
3414 1379 3556 1451 ignis
3581 1381 3685 1436 ista

2099 1470 2349 1538 visibilis,
2386 1471 2438 1524 in
2465 1470 2646 1541 aliqua
2687 1469 2915 1526 materia
2955 1468 3153 1525 ardens
3177 1463 3685 1540 ,'ilammarumque

2101 1578 2322 1620 suarum
2345 1577 2529 1619 comas
2551 1562 2786 1632 erigens,
2808 1576 3021 1634 semper
3038 1561 3093 1617 in
3115 1561 3282 1617 altum
3305 1562 3495 1627 tendit,
3511 1562 3687 1618 nullo-

2101 1672 2205 1727 que
2232 1672 2363 1714 suae
2386 1655 2703 1729 ﬂagrantiae
2727 1664 2873 1711 metu
2892 1656 2998 1710 ima
3010 1655 3144 1727 petit
3167 1673 3181 1709 :
3203 1669 3309 1725 qua
3322 1655 3530 1710 ratione
3544 1655 3686 1727 ignis

2102 1748 2191 1803 ille
2205 1747 2557 1819 intelligibilis
2569 1747 2611 1778 ¹¹
2627 1746 2963 1803 substantiae
2977 1747 3042 1802 ad
3054 1745 3341 1816 imaginem
3359 1744 3450 1800 Dei
3466 1754 3685 1802 creatae

2100 1840 2357 1898 credibile
2368 1840 2437 1896 sit
2453 1840 2506 1895 in
2523 1838 2645 1895 imis
2660 1839 2851 1894 mortis
2870 1847 3031 1908 atque
3043 1838 3089 1868 "
3102 1836 3352 1895 miseriae
3365 1851 3521 1905 posse
3541 1852 3681 1893 sem-

2099 1947 2198 2003 per
2235 1930 2490 1998 detineri,
2535 1939 2596 1985 ut
2636 1929 2691 1985 in
2738 1927 2987 1985 sublimia
3037 1928 3183 1983 vitae
3226 1927 3685 1995 beatitudinisque

2099 2024 2332 2080 naturali
2386 2021 2658 2093 appetitu,
2694 2028 2751 2077 et
2797 2020 3095 2076 conditoris
3131 2019 3302 2091 gratia
3332 2020 3399 2077 ad
3427 2021 3596 2075 vitam
3630 2018 3683 2053 "

2100 2131 2206 2172 non
2232 2116 2409 2171 valeat
2456 2113 2628 2185 erigi?
2674 2110 2789 2169 Hoc
2835 2110 2884 2146 “
2908 2120 3090 2168 autem
3116 2112 3365 2175 dicimus,
3396 2127 3504 2171 non
3535 2113 3682 2181 quod

2097 2216 2287 2263 natura
2323 2206 2377 2261 in
2428 2206 2679 2260 omnibus
2707 2202 3003 2274 aequaliter
3039 2201 3221 2257 futura
3273 2201 3348 2256 sit
3372 2201 3548 2263 beata,
3582 2203 3679 2257 sed

2097 2297 2238 2368 quod
2264 2296 2317 2351 in
2348 2295 2596 2352 omnibus
2629 2304 2801 2349 morte
2826 2301 2883 2349 et
2907 2292 3125 2348 miseria
3171 2291 3355 2347 futura
3385 2292 3458 2346 sit
3485 2293 3677 2346 libera.

2096 2388 2231 2444 Esse
2266 2387 2412 2442 enim
2445 2395 2503 2442 et
2545 2384 2732 2440 vivere
2777 2393 2835 2439 et
2857 2382 3207 2439 aeternaliter
3229 2397 3351 2438 esse
3388 2398 3679 2438 commune

2096 2481 2201 2535 erit
2228 2479 2480 2535 omnibus
2500 2488 2555 2534 et
2580 2477 2739 2533 bonis
2765 2487 2821 2532 et
2846 2475 3032 2542 malis;
3060 2476 3198 2531 bene
3223 2482 3405 2530 autem
3435 2484 3492 2529 et
3518 2475 3678 2529 beate

2094 2587 2212 2628 esse
2257 2571 2387 2626 solis
2434 2571 2647 2625 actione
2675 2578 2730 2624 et
2769 2568 2994 2624 scientia
3020 2566 3278 2637 perfectis
3305 2567 3590 2637 proprium
3620 2578 3678 2623 et

2095 2662 2327 2732 speciale
2360 2662 2479 2716 erit.
2508 2661 2617 2716 Aut
2640 2659 2913 2732 quomodo
2943 2656 3236 2713 verisimile
3279 2666 3457 2728 potest
3483 2672 3678 2728 appro-

2094 2750 2235 2817 bari,
2276 2761 2333 2805 ut
2371 2750 2649 2821 piissimus
2678 2746 3021 2804 rationabilis
3050 2755 3278 2802 naturae
3312 2746 3565 2801 conditor
3588 2762 3678 2800 ra-

2096 2837 2406 2895 tionabilem
2447 2839 2614 2909 ipsius
2652 2845 2879 2903 motum,
2931 2850 3000 2890 ne
3033 2849 3157 2890 eum
3192 2833 3444 2903 attingat,
3490 2834 3683 2904 prohi-

2094 2928 2257 2984 beat?
2304 2926 2413 2983 Nec
2441 2927 2615 2982 solum
2643 2926 2709 2981 ad
2744 2925 2879 2981 haec
2914 2922 3218 2995 cogitanda,
3265 2922 3559 2987 credenda,
3591 2923 3679 2977 iu«

2096 3018 2402 3089 telligenda,
2435 3017 2537 3072 hoc
2572 3023 2676 3080 est,
2701 3015 2842 3085 quod
2865 3013 3046 3070 omnia
3073 3013 3141 3067 ad
3191 3011 3515 3082 principium
3563 3027 3681 3067 mo-

413 3079 704 3177 ambigere.
739 3102 836 3159 llis
862 3079 1025 3173 igitur
1060 3110 1117 3157 et
1159 3099 1462 3170 huiusmodi
1506 3100 1775 3156 sensibilis
1804 3079 1989 3156 mundi
2018 3079 2060 3139 (ἶ
2096 3111 2181 3163 tus
2208 3079 2269 3163 et
2312 3079 2505 3162 causas
2553 3079 2877 3175 principales
2915 3102 3148 3159 naturali
3191 3079 3314 3174 lege
3335 3079 3565 3173 cogente
3594 3117 3681 3157 re-

400 3203 465 3251 et
497 3193 872 3250 universaliter
900 3201 955 3248 et
983 3192 1390 3263 particular-iter
1426 3192 1681 3258 motibus,
1724 3192 1989 3247 recursio-

400 3286 566 3341 nibus
591 3284 613 3317 ⁹
644 3325 659 3352 ,
708 3283 1132 3352 certissimisque
1170 3298 1201 3339 a
1250 3282 1514 3354 principio
1554 3290 1801 3339 motuum
1836 3282 1992 3338 resti-

404 3375 706 3431 tutionibus
743 3374 810 3430 ad
857 3373 910 3429 id
936 3374 978 3406 ³ο
1017 3374 1191 3444 ipsum
1232 3374 1552 3444 principium
1599 3373 1818 3428 -—dum
1842 3374 1988 3428 enim

403 3452 587 3521 motus
616 3479 796 3520 rerum
828 3463 894 3520 ab
918 3477 983 3520 eo
1011 3463 1216 3531 incipit,
1246 3462 1590 3534 principium,
1619 3463 1746 3518 dum
1772 3477 1901 3518 vero
1932 3463 1987 3518 in

408 3559 581 3625 ipsum
614 3554 841 3619 desinit,
884 3552 1008 3608 linis
1054 3551 1190 3607 solet
1237 3552 1531 3623 appellari;
1576 3567 1700 3607 nam
1740 3560 1796 3607 et
1846 3553 1988 3625 apud

409 3644 646 3699 Graecos
674 3641 997 3713 principium
1035 3641 1177 3703 τέλος
1197 3681 1212 3708 ,
1259 3643 1312 3696 id
1343 3649 1425 3697 est
1476 3640 1597 3696 linis
1617 3681 1631 3706 ,
1664 3642 1986 3713 appellatur,

410 3734 702 3788 indiscrete
725 3732 940 3804 quidem
966 3731 1204 3787 dicentes
1224 3731 1543 3802 principium
1573 3740 1627 3788 et
1657 3732 1816 3788 (incm
1846 3735 1988 3797 τέλος

407 3854 477 3865 -
501 3824 633 3895 quid
661 3822 806 3880 aliud
833 3822 988 3878 nobis
1020 3822 1248 3893 mystice
1287 3823 1567 3879 intimatur
1604 3825 1672 3891 “,
1713 3825 1817 3880 nisi
1845 3826 1987 3882 redi-

408 3929 496 3973 tus
522 3925 738 3973 nostrae
771 3925 994 3975 naturae
1018 3915 1085 3971 ad
1111 3915 1429 3987 principium
1460 3932 1640 3985 suum,
1664 3934 1693 3973 a
1717 3935 1824 3990 quo
1844 3919 1985 3976 facta

408 4020 510 4074 est,
550 4017 602 4064 et
638 4008 692 4064 in
714 4023 820 4079 quo
844 4014 898 4062 et
923 4022 1021 4078 per
1062 4008 1204 4076 quod
1240 4014 1505 4075 movetur,
1533 4018 1588 4064 et
1616 4009 1682 4064 ad
1709 4011 1853 4080 quod
1894 4026 1985 4066 re-

406 4101 521 4154 dire
549 4113 763 4168 semper
787 4096 955 4152 tendit
980 4095 1064 4151 “‘2
1089 4095 1423 4151 Generaliter
1449 4096 1502 4151 in
1539 4099 1787 4154 omnibus
1814 4099 1987 4154 horni-

407 4191 585 4256 nibus,
617 4191 731 4243 sive
772 4187 995 4258 perfecti
1025 4186 1152 4252 sint,
1184 4186 1296 4240 sive
1331 4186 1661 4258 imperfecti,
1692 4189 1803 4244 sive
1843 4190 1982 4260 puri,

406 4281 523 4335 sive
574 4280 960 4345 contaminati,
1004 4280 1119 4336 sive
1164 4280 1449 4336 veritatem
1497 4293 1883 4352 cognoscentes
1930 4285 1983 4339 in

406 4372 623 4426 Christo
651 4372 914 4439 renovati,
946 4371 1061 4426 sive
1092 4372 1145 4426 in
1174 4373 1413 4429 tenebris
1439 4373 1774 4445 ignorantiae
1806 4376 1864 4432 in
1893 4392 1985 4433 ve-

406 4466 503 4519 teri
544 4465 761 4520 homine
791 4464 1016 4530 detenti,
1049 4480 1187 4519 unus
1226 4475 1389 4535 atque
1431 4465 1573 4521 idem
1605 4467 1868 4523 naturalis
1890 4484 1983 4538 ap-

320 4566 327 4579 *
406 4556 605 4623 petitus
630 4563 714 4610 est
734 4555 971 4621 essendi,
999 4563 1053 4609 et
1080 4556 1216 4611 bene
1252 4556 1462 4611 essendi
1482 4598 1497 4624 ,
1526 4560 1985 4628 etperpetualiter

404 4643 615 4699 essendi
635 4685 651 4708 ,
680 4653 735 4698 et
767 4645 810 4675 ”
833 4685 848 4711 ,
882 4653 941 4699 ut
964 4656 1183 4701 sanctus
1222 4646 1555 4715 Augustinus
1581 4651 1814 4706 breviter
1838 4667 1983 4707 com-

407 4733 713 4802 prehendit,
740 4733 894 4788 beate
920 4733 1133 4788 vivendi
1163 4735 1540 4807 miseriamque
1575 4737 1834 4810 fugiendi.
1866 4741 1981 4797 Mo-

406 4836 491 4879 tns
520 4840 752 4895 namque
795 4826 896 4880 iste
937 4825 1166 4882 feliciter
1203 4828 1416 4883 vivendi
1448 4838 1505 4884 et
1548 4832 1873 4889 snhsisteudi
1913 4836 1982 4892 ab

403 4928 491 4979 eo,
521 4913 609 4983 qui
634 4929 846 4985 semper
870 4924 926 4970 et
954 4917 1090 4971 bene
1115 4925 1198 4972 est
1230 4917 1273 4948 “
1297 4926 1352 4973 et
1385 4918 1428 4949 ¹⁸
1452 4921 1699 4977 omnibus
1728 4923 1886 4979 inest.
1914 4926 1983 4981 Et

403 5005 449 5059 si
500 5004 677 5060 onmis
723 5014 901 5060 motus
943 5007 1204 5063 naturalis
1249 5009 1560 5067 necessario
1611 5028 1719 5069 non
1748 5015 1977 5085 desinit,

2013 4415 2062 4475 D

2092 3199 2279 3264 dcunt,
2302 3196 2549 3268 exempla
2583 3210 2764 3251 rerum
2793 3193 3127 3250 sensibilium
3153 3193 3456 3258 attrahunt,
3481 3205 3677 3247 verum

2093 3288 2277 3355 etiam,
2315 3302 2453 3359 quae
2482 3285 2596 3342 solo
2638 3284 2833 3341 mentis
2855 3283 3101 3339 contuitu
3136 3283 3591 3339 considerantur:
3618 3291 3678 3336 ut

2089 3387 2217 3433 sunt
2241 3376 2579 3447 disciplinae,
2610 3389 2745 3446 quas
2768 3373 3071 3444 philosophi
3102 3371 3354 3428 liberales
3381 3382 3578 3427 vocant
3601 3372 3671 3437 ”,

2088 3481 2156 3523 ex
2207 3468 2404 3538 quibus
2433 3481 2606 3536 pauca
2636 3464 2703 3520 ad
2749 3465 2824 3531 id,
2850 3463 2994 3533 quod
3032 3462 3262 3519 suadere
3288 3461 3560 3526 volumus,
3589 3462 3677 3516 iu-

2092 3557 2375 3612 troducere
2417 3554 2783 3612 necessarium
2824 3552 3005 3618 video,
3036 3551 3083 3608 si
3110 3552 3207 3607 tibi
3231 3565 3509 3607 morosum
3554 3565 3666 3606 nea

2088 3649 2160 3705 sit
2201 3657 2364 3718 atque
2393 3643 2744 3717 superﬂuum.

2157 3741 2213 3795 4.
2263 3739 2410 3794 ῡιεο.
2437 3736 2620 3807 Neque
2647 3734 2779 3790 mihi
2812 3748 3110 3799 morosum,
3136 3745 3313 3802 neque
3335 3729 3669 3802 superﬂuum

2087 3833 2322 3898 videtur,
2354 3830 2448 3887 sed
2483 3829 2637 3884 valde
2661 3828 2791 3883 utile
2828 3836 2884 3883 et
2903 3824 3265 3890 commodum,
3298 3832 3378 3889 ut,
3397 3823 3677 3893 quomodo

2090 3939 2158 3980 ex
2195 3923 2430 3978 motibus
2458 3935 2637 3976 rerum
2658 3917 2995 3974 sensibilium
3019 3914 3288 3987 quaedam
3316 3915 3568 3984 exempla
3598 3916 3673 3970 de

2088 4015 2265 4071 reditu
2307 4021 2535 4069 naturae
2568 4018 2846 4079 assumpta
2875 4017 3023 4073 sunt,
3063 4007 3136 4062 ita
3163 4006 3330 4060 etiam
3363 4021 3429 4060 ex
3470 4005 3680 4061 intelli-

2086 4104 2335 4178 gibilium
2374 4098 2938 4170 contemplationibus,
2970 4112 3109 4168 quae
3158 4096 3275 4152 sola
3318 4096 3514 4152 mentis
3533 4111 3677 4150 con-

2088 4197 2333 4267 ceptione
2379 4192 2774 4265 percipiuntur,
2805 4190 2873 4244 ad
2897 4189 3127 4245 eundem
3160 4188 3390 4243 reditum
3429 4186 3674 4241 suaden-

2088 4288 2214 4343 dum
2269 4285 2699 4348 introducantur,
2754 4279 3072 4349 praesertim
3121 4293 3245 4333 cum
3282 4276 3500 4347 majoris
3548 4277 3675 4332 vir-

2092 4377 2220 4432 tutis
2258 4376 2367 4431 sint
2395 4374 2462 4428 ad
2488 4363 2787 4427 faciendam
2814 4370 2890 4425 rei
2914 4368 3109 4425 dubiae
3145 4367 3305 4422 fidem
3325 4375 3675 4437 argumenta,

2088 4483 2226 4538 quae
2254 4482 2323 4522 ex
2368 4463 2707 4521 inconeussis
2740 4476 2990 4517 verarum
3025 4460 3223 4513 artium
3256 4458 3468 4529 regulis,
3497 4472 3675 4526 quam

2085 4574 2223 4633 quae
2251 4574 2317 4613 ex
2362 4555 2725 4627 corporalium
2771 4567 3027 4609 sensuum
3074 4548 3403 4618 eonjecturis
3443 4562 3676 4617 compa-

2084 4660 2303 4715 rantur;
2329 4648 2456 4705 licet
2480 4656 2534 4702 et
2557 4645 2647 4701 illa
2674 4645 2790 4700 sine
2812 4642 3040 4699 rationis
3068 4650 3123 4695 et
3153 4640 3532 4711 intelligentiae
3565 4641 3681 4695 du—

2087 4754 2213 4801 catu
2246 4758 2345 4797 nec
2397 4739 2626 4795 inveniri
2681 4751 2784 4794 nec
2836 4734 3120 4806 approbari
3176 4736 3408 4803 possint.
3458 4731 3678 4787 Rerum

2089 4849 2326 4906 namque
2347 4830 2680 4888 sensibilium
2711 4843 2894 4884 veram
2932 4823 3441 4894 cognitionemsolo
3469 4837 3678 4892 corpo-

2088 4942 2184 4984 reo
2229 4940 2389 4981 sensu
2442 4919 2772 4992 impossibile
2814 4927 2899 4975 est
2935 4916 3186 4973 inveniri.
3221 4917 3361 4972 Mss.
3392 4914 3527 4982 Quid
3568 4915 3678 4970 tibi

2087 5015 2339 5073 videtur?
2369 5012 2557 5070 Nonne
2584 5025 2675 5066 ars
2693 5008 2806 5076 illa,
2838 5024 2978 5080 quae
3004 5023 3036 5063 a
3064 5007 3290 5065 Graecis
3318 5007 3509 5064 dicitur
3538 5004 3681 5060 Dia-

1681 5165 1769 5224 VA
1778 5167 1936 5225 RIAE
1972 5168 2372 5227 LECTIONES.

474 5300 489 5333 ¹
516 5302 677 5371 igitur
696 5315 806 5355 om.
835 5302 902 5355 Α.
977 5302 997 5334 ³
1024 5299 1071 5355 Α
1098 5298 1389 5371 ιιηὶίιιιευεζ
1449 5299 1475 5371 ³ί
1503 5298 1595 5355 Sic
1624 5299 1708 5355 CF
1732 5317 1747 5367 ;
1779 5298 1821 5354 A
1849 5301 2008 5357 unde.
2082 5301 2104 5333 ⁸
2133 5300 2224 5358 Sic
2249 5299 2336 5356 CF
2360 5315 2376 5365 ;
2408 5298 2452 5352 A
2480 5306 2639 5371 quod.
2716 5293 2738 5327 '
2761 5294 2983 5371 Apim
3010 5303 3115 5371 εει.Δ
3179 5290 3201 5324 ⁸
3224 5288 3680 5371 ΕΡ,κξιδίρῖιῖακ

402 5362 595 5425 rerum.
671 5372 691 5404 ⁷
720 5387 839 5425 uera
859 5387 966 5425 om.
1000 5371 1065 5424 Α.
1138 5368 1162 5439 ε
1190 5368 1280 5423 Sic
1307 5369 1424 5433 CF;
1456 5370 1495 5424 A
1532 5362 1994 5425 incommutabilis.
2069 5371 2091 5403 ⁹
2121 5374 2166 5426 Α
2206 5362 2755 5439 τεειινὲὶοηὶὗαεᾳιιεη
2788 5362 2845 5399 η’
2868 5367 2924 5419 id
2954 5381 3063 5439 out.
3089 5366 3180 5439 AL
3228 5364 3274 5395 η
3304 5363 3349 5416 Δ
3391 5362 3677 5439 inlitum.

405 5441 446 5472 "
478 5441 569 5495 Sic
594 5440 717 5505 CF;
743 5440 788 5495 A
831 5441 993 5494 tendit
1037 5437 1205 5491 redire
1242 5454 1463 5506 semper.
1544 5439 1589 5471 “
1617 5450 1663 5493 et
1691 5456 1800 5494 om.
1833 5442 1898 5494 A.

403 5511 445 5581 ¹Α⁷
477 5510 567 5564 Sic
581 5509 697 5575 CF;
718 5512 755 5581 Α
775 5526 912 5581 quae
938 5508 1156 5581 enltgvcl
1180 5511 1393 5581 appetit.

1978 5442 2021 5473 “
2055 5441 2147 5496 Sic
2174 5440 2293 5506 CF;
2331 5451 2404 5493 est
2434 5454 2543 5493 om.
2569 5434 2633 5491 A'.
2711 5436 2757 5469 "
2784 5446 2830 5491 et
2859 5452 2968 5491 om.
3002 5434 3063 5489 F.

1473 5510 1516 5541 "‘
1534 5518 1607 5563 est
1634 5525 1743 5563 om.
1772 5515 1835 5564 Α.
1914 5510 1956 5542 ³⁸
1983 5521 2055 5566 est
2082 5528 2191 5565 om.
2211 5511 2254 5565 Α
2281 5499 2291 5506 ’
2326 5510 2373 5541 ὀ
2389 5508 2480 5563 Sic
2499 5507 2606 5570 CF;
2632 5507 2764 5577 And
2786 5506 3098 5577 principium
3115 5520 3287 5559 suum.
3363 5501 3523 5577 “Sic
3537 5499 3676 5577 CF;

3137 5434 3182 5467 “
3209 5443 3408 5488 motum
3441 5446 3553 5484 om.
3597 5432 3677 5484 Δ.

402 5579 641 5652 dignem
668 5570 816 5633 illuni
843 5570 1257 5649 intelligibilem'f
1312 5577 1355 5608 "
1378 5580 1425 5632 Α
1453 5590 1520 5633 ct.
1596 5578 1642 5611 ’³
1671 5579 1761 5636 Sic
1778 5580 1862 5637 CF
1882 5597 1895 5648 ;
1926 5582 1969 5637 A
1996 5582 2202 5652 adjuta.
2276 5578 2323 5619 εδ
2350 5578 2441 5636 Sic
2465 5577 2548 5635 CF
2566 5597 2581 5645 ;
2600 5578 2643 5632 Α
2671 5570 2804 5633 Nos".
2878 5577 2927 5609 "
2951 5570 3144 5648 Aquas
3167 5581 3347 5631 vocant
3365 5570 3679 5642 ρΙιὶΙυεορΙιὲ

402 5649 436 5695 ι.
447 5648 659 5701 beralcs.
