3898 6154
268 240 389 304 ΞΠ

1703 240 1986 299 JOANNIS
2026 243 2225 303 SCOTI

3430 247 3547 304 872

282 354 441 406 mittit
477 357 524 406 et
554 349 771 403 attrahit
803 357 977 412 mota,
1008 348 1224 420 proinde
1263 359 1314 401 ut
1358 349 1479 418 ﬁnis
1525 357 1571 403 et
1616 350 1750 418 ﬁnit.
1799 351 1861 408 Si
1889 371 1936 417 Α
1965 354 2050 410 vel
2086 355 2224 417 lucis
2259 355 2428 426 ipsius
2464 370 2681 413 occasu.
2727 359 2945 416 Sanitas
2972 374 3076 415 non
3104 359 3225 416 loco
3250 359 3539 427 deseritur,

283 454 671 503 autemomne,
706 439 844 510 quod
872 449 1121 500 movetur,
1156 448 1230 494 est
1271 450 1318 492 et
1365 440 1592 509 factum,
1622 458 1714 511 per
1742 459 1865 497 cau-

281 548 394 585 sam
428 541 535 596 est,
568 541 615 584 et
649 538 903 593 moretur,
934 538 980 582 et
1012 528 1209 597 factum
1234 538 1343 593 est;
1377 545 1560 595 omne,
1591 532 1729 601 quod
1758 548 1863 585 non

275 639 369 692 per
403 634 619 675 causam
658 628 732 672 est
760 658 773 682 ,
830 634 992 688 neque
1039 618 1235 688 factum
1284 629 1395 685 est,
1432 636 1596 692 neque
1628 622 1862 692 profecto

277 709 486 765 mobile.
525 708 650 762 Non
683 708 821 763 enim
859 717 1112 774 movetur,
1154 710 1293 781 quod
1336 726 1428 779 per
1456 714 1633 766 omnia
1662 715 1717 767 in
1751 730 1865 766 om—

277 799 428 854 nibus
478 797 684 852 essendi
730 814 948 851 causam
996 814 1099 851 non
1140 798 1335 852 habet:
1381 800 1426 853 si
1473 810 1680 866 autem,
1722 802 1861 872 quod

276 901 419 945 caret
449 907 646 956 causa,
679 890 890 943 omnino
933 890 1093 943 etiam
1132 890 1428 957 immobile,
1468 892 1729 947 immobile
1765 893 1864 963 igi-

278 989 365 1037 tur
391 982 674 1045 divinum;
705 980 911 1035 essendi
947 982 1137 1050 quippe
1180 979 1381 1034 nullam
1421 981 1573 1035 habet
1611 998 1857 1047 causam,

262 1084 321 1125 et
352 1072 607 1137 omnium,
636 1087 768 1142 quae
797 1081 940 1136 sunt,
970 1070 1203 1125 subsistit
1226 1087 1411 1125 causa.
1436 1072 1818 1128 Animadverte
1843 1113 1857 1138 ,

276 1163 544 1232 quomodo
573 1177 794 1217 causam
825 1162 1068 1217 omnium
1101 1176 1282 1216 rerum
1313 1171 1367 1216 et
1396 1163 1559 1220 ﬁnem
1591 1165 1644 1219 id
1683 1165 1857 1235 ipsum

272 1269 392 1309 esse
453 1253 860 1309 evidentissima
923 1252 1180 1321 disputat.
1244 1253 1392 1309 Dtsc.
1450 1254 1856 1311 Animadverte.

273 1341 381 1398 Sed
435 1343 565 1412 quid
616 1342 683 1396 ad
732 1350 1074 1410 praesentem
1123 1344 1497 1411 quaestionem
1547 1345 1856 1413 perlimat,

271 1451 380 1489 non
411 1432 670 1504 intelligo.
705 1430 819 1487 Non
850 1432 996 1487 enim
1028 1431 1096 1487 de
1126 1432 1267 1497 Deo,
1300 1434 1389 1503 qui
1419 1442 1503 1489 est
1530 1435 1857 1505 principium

273 1537 327 1581 et
356 1526 480 1580 linis
502 1525 784 1589 omnium,
815 1523 1075 1593 quoniam
1104 1538 1171 1579 ex
1213 1524 1361 1595 ipso,
1409 1535 1465 1580 et
1505 1541 1603 1596 per
1650 1526 1855 1596 ipsum,

272 1628 327 1672 et
357 1619 409 1672 in
438 1617 590 1686 ipso,
618 1624 681 1671 et
710 1617 779 1671 ad
818 1616 993 1685 ipsum
1026 1624 1155 1671 sunt
1190 1617 1405 1683 omnia,
1444 1617 1643 1673 videris
1681 1617 1861 1672 discu-

1968 447 2064 501 sed
2112 447 2314 503 dolore.
2378 447 2640 504 Similiter
2692 450 2838 516 vita,
2886 451 3190 513 beatitudo,
3240 451 3541 520 sapientia,

1965 549 2262 606 omnesque
2310 538 2543 594 virtutes
2589 554 2696 593 non
2744 539 2903 595 aliter
2948 541 3327 610 relinquuntur
3370 542 3470 596 nisi
3500 542 3541 576 “

1966 627 2080 683 suis
2108 630 2537 699 privationibus,
2579 642 2758 688 morte
2800 634 3038 699 scilicet,
3081 633 3330 699 miseria,
3368 634 3518 689 stulti

1967 716 2071 782 tia,
2101 718 2376 789 vitiisque.
2407 721 2474 774 Et
2501 723 2643 777 sicut
2673 724 2818 779 cutis
2846 724 3068 779 humani
3096 725 3341 795 corporis
3369 740 3544 795 ueprae

1965 808 2285 877 contagione
2327 810 2788 883 deformitateque
2828 815 3147 884 percutitur,
3190 815 3270 869 sic
3308 815 3541 869 humana

1963 906 2155 949 natura
2186 898 2416 967 superba
2448 900 2816 956 inobedientia
2844 903 3041 958 infecta
3070 912 3127 958 et
3150 913 3401 975 corrupta
3426 914 3541 969 est,

1962 986 2357 1060 deformisque,
2402 1000 2459 1046 et
2496 994 2769 1049 conditori
2808 1010 2909 1050 suo
2942 995 3223 1051 dissimilis
3265 994 3425 1051 facta.
3464 996 3544 1053 De

1962 1091 2068 1145 qua
2115 1077 2265 1148 lepra
2312 1096 2436 1135 cum
2489 1082 2704 1137 divinae
2750 1083 2957 1153 gratiae
3003 1084 3269 1140 medicina
3317 1084 3542 1141 liberata

1960 1165 2123 1221 fuerit
2143 1209 2157 1234 ,
2192 1169 2244 1222 in
2274 1171 2561 1239 pristinam
2592 1173 2939 1230 revocabitur
2964 1173 3355 1229 formositatem
3382 1193 3395 1230 :
3427 1193 3547 1231 ma-

1960 1259 2149 1330 gisque
2177 1261 2462 1317 dicendum
2482 1304 2496 1328 ,
2527 1264 2671 1334 quod
2701 1264 2814 1336 ipsa
2844 1273 3067 1329 natura,
3105 1280 3246 1333 quae
3292 1266 3363 1320 ad
3402 1267 3542 1322 ima-

1960 1351 2139 1422 ginem
2167 1352 2262 1407 Dei
2290 1352 2429 1408 facta
2453 1365 2568 1421 est,
2594 1371 2726 1412 suae
2749 1356 3167 1427 pulchritudinis
3192 1357 3429 1427 vigorem
3456 1359 3542 1412 in—

1960 1444 2379 1515 tegritatemque
2408 1447 2683 1502 essentiae
2711 1463 3049 1518 nequaquam
3086 1446 3342 1519 perdidit,
3368 1463 3547 1518 neque

1956 1535 2186 1604 perdere
2227 1543 2425 1604 potest.
2472 1536 2662 1592 Divina
2705 1539 2980 1609 siquidem
3012 1538 3188 1594 forma
3219 1554 3434 1609 semper
3463 1541 3545 1593 in-

1958 1623 2355 1679 commutabilis
2402 1635 2716 1694 permauet,
2768 1642 2939 1696 capax
2991 1636 3172 1684 tamen
3222 1628 3545 1698 corruptibi-

273 1721 417 1775 tere,
451 1707 545 1764 sed
575 1708 642 1764 de
667 1707 954 1778 principiis
982 1707 1319 1764 sensibilium
1360 1724 1541 1764 rerum
1579 1718 1852 1779 tempora—
1881 1714 1934 1775 Β
1960 1712 2090 1767 lium
2135 1728 2305 1784 poena
2358 1716 2566 1785 peccati
2624 1717 2766 1773 facta
2790 1725 2893 1773 est.
2924 1717 3075 1786 Quod
3105 1734 3169 1774 ex
3192 1720 3372 1775 verbis
3398 1715 3545 1775 beati

270 1802 449 1866 libus,
499 1800 613 1863 sive
663 1815 760 1869 per
811 1801 1208 1870 generationis,
1263 1799 1380 1856 sive
1420 1815 1519 1871 per
1565 1800 1856 1856 lonalitatis

270 1901 509 1959 motum,
569 1892 741 1962 deque
797 1891 1229 1962 contemplativis
1306 1891 1717 1962 intelligibilium
1774 1891 1859 1947 in-

273 1985 640 2050 eboamentis,
689 2001 831 2055 quae
877 1985 1060 2040 animo
1107 1985 1455 2056 percipimus.
1495 1986 1577 2041 Ac
1623 2001 1720 2056 per
1752 1987 1857 2042 hoc

271 2093 531 2148 quorsum
588 2077 828 2144 istaec‘,
857 2091 999 2147 quae
1050 2091 1080 2130 a
1131 2085 1185 2130 te
1228 2077 1373 2132 dicta
1421 2084 1582 2144 sunt,
1631 2078 1699 2132 de
1745 2077 1856 2134 Deo

268 2169 516 2239 exempla
548 2170 801 2236 tendant,
832 2169 1071 2224 nondum
1101 2169 1235 2224 mihi
1266 2168 1409 2225 clare
1438 2170 1691 2241 patescit.

341 2261 394 2316 6.
435 2260 575 2317 MAG.
606 2259 794 2327 Miror,
822 2275 921 2316 cur
950 2268 1134 2315 tantae
1165 2260 1430 2316 tarditatis
1455 2261 1551 2328 sis,
1580 2269 1665 2327 ut,
1688 2276 1855 2332 quor-

268 2368 389 2407 sum
440 2350 567 2406 talia
620 2351 882 2418 tendunt,
943 2365 1050 2406 non
1099 2349 1246 2407 clare
1299 2351 1617 2422 perspicias.
1663 2351 1802 2406 Num
1831 2352 1853 2383 ⁸

270 2443 452 2498 omnia
497 2451 850 2515 argumenta,
889 2457 1027 2512 quae
1064 2456 1130 2498 ex
1178 2450 1374 2497 natura
1422 2441 1754 2498 sensibilium
1800 2451 1858 2498 et

266 2535 685 2607 intelligibilium
714 2534 1145 2601 introduximus,
1175 2533 1243 2589 ad
1284 2534 1390 2590 hoc
1429 2533 1746 2605 respiciunt,
1772 2542 1852 2601 ut,

267 2626 726 2696 quemadmodum
749 2625 1169 2695 unumquodque
1202 2625 1270 2681 ad
1314 2640 1469 2681 suum
1495 2624 1819 2695 principium
1838 2665 1853 2691 ,

268 2720 383 2774 sive
414 2716 693 2783 sensibile,
734 2716 848 2772 sive
876 2716 1243 2786 intelligibile,
1289 2715 1611 2772 naturaliter
1646 2717 1857 2787 cogitur

271 2810 485 2877 redire,
510 2811 589 2865 ita
618 2809 782 2864 etiam
809 2810 1100 2863 humanam
1127 2818 1381 2880 naturam
1421 2809 1490 2864 ad
1519 2824 1674 2864 suum
1700 2810 1854 2878 prin-

268 2904 506 2975 cipium,
540 2902 686 2972 quod
724 2900 862 2957 nihil
899 2901 1043 2956 aliud
1077 2909 1163 2957 est
1197 2910 1416 2972 praeter
1450 2902 1546 2957 Dei
1584 2902 1852 2969 Verbum,

266 2997 323 3050 in
352 3009 459 3066 quo
483 3003 541 3050 et
575 2992 718 3048 facta
752 3001 839 3048 est
873 3000 930 3047 et
964 2992 1482 3049 incommutabiliter
1514 2992 1764 3048 subsistit
1798 3000 1854 3047 et

1957 1802 2205 1875 Gregorii
2249 1803 2474 1877 Nyssaei
2524 1822 2811 1878 possumus
2855 1809 3175 1879 approbare.
3202 1810 3292 1865 Ait
3312 1810 3454 1865 enim
3489 1811 3544 1865 in

1955 1891 2197 1962 capitulo
2221 1893 2481 1949 vicesimo
2514 1904 2568 1949 et
2591 1896 2634 1926 ¹¹
2661 1897 2889 1966 septimo
2912 1898 2978 1952 de
3022 1896 3278 1967 lmagine,
3303 1906 3546 1954 tractans

1955 1985 2024 2041 de
2042 1987 2465 2044 resurrectione:
2486 1988 2611 2044 Non
2624 2002 2696 2045 est
2711 1992 3032 2057 incredibile,
3051 1991 3274 2060 inquit”
3291 2028 3307 2059 ,
3324 2007 3390 2045 ex
3400 2007 3520 2045 cons
3532 2021 3545 2031 -

1955 2077 2199 2131 munione
2221 2087 2472 2148 quattuor
2497 2079 2816 2150 generalium
2854 2079 3223 2165 elementorum
3263 2080 3443 2134 mundi
3471 2079 3543 2132 ad

1952 2167 2223 2236 proprium
2252 2175 2447 2221 statum
2479 2176 2702 2223 naturae
2726 2169 2792 2224 de
2821 2185 3034 2239 corpore
3062 2167 3262 2222 occulto
3290 2179 3335 2221 ct
3368 2169 3545 2221 incor-

1955 2256 2210 2325 ruptibili,
2239 2258 2379 2328 quod
2414 2269 2642 2330 resurget
2674 2258 2740 2327 “’,
2775 2258 3164 2323 resolutionem,
3199 2258 3300 2311 Iro:
3326 2267 3424 2321 est,
3456 2274 3541 2309 re-

1955 2350 2126 2405 ditum
2165 2354 2545 2424 resurgentium
2591 2369 2867 2424 corporum
2911 2353 3046 2419 ﬁeri.
3102 2353 3224 2408 Non
3266 2355 3403 2407 enim
3449 2370 3547 2423 per

1952 2440 2152 2505 omnia,
2185 2442 2322 2512 quod
2351 2452 2586 2497 nostrum
2622 2452 2720 2510 est,
2760 2444 2813 2497 in
2836 2444 2987 2514 [lqu
3015 2436 3062 2497 ct
3097 2447 3542 2498 transmutatione

1952 2538 2049 2582 est.
2099 2528 2158 2584 Si
2204 2531 2342 2585 enim
2387 2541 2537 2598 esset,
2576 2532 2975 2602 repreltensibite
3002 2534 3047 2565 ³⁸
3072 2532 3434 2587 universaliter
3449 2532 3547 2601 ﬁe-

1955 2628 2051 2686 ret,
2079 2621 2218 2689 quod
2237 2620 2439 2676 nullum
2468 2633 2663 2678 statum
2705 2641 2770 2680 ea:
2817 2634 3007 2679 natura
3049 2624 3245 2690 habet;
3271 2625 3362 2680 sed
3382 2625 3545 2693 juxta

1953 2708 2276 2765 subtiliorem
2303 2714 2557 2768 rationem
2583 2730 2786 2782 eorum,
2812 2730 2946 2785 quae
2966 2716 3020 2769 in
3042 2715 3189 2768 nobis
3212 2726 3357 2779 sunt,
3384 2731 3547 2786 quae-

1955 2800 2077 2855 dam
2099 2803 2307 2874 quidem
2333 2816 2493 2872 stant,
2525 2806 2783 2877 quaedam
2813 2823 2929 2861 vero
2950 2824 3015 2862 ex
3041 2807 3396 2861 mutabilitate
3420 2824 3548 2877 pro-

1954 2894 2184 2949 veniunt.
2225 2894 2468 2950 Mutatur
2492 2898 2634 2951 enim
2667 2914 2762 2968 per
2793 2907 3128 2969 augmentum
3158 2897 3206 2929 “
3226 2909 3277 2952 et
3308 2898 3549 2951 diminu-

1955 2980 2148 3035 tionem
2172 2998 2385 3053 corpus,
2414 2982 2571 3039 veluti
2600 2985 2901 3039 vestimenta
2926 2985 3205 3056 quaedam,
3232 3002 3549 3055 consequen-

264 3061 428 3151 vivi—t,
480 3097 824 3140 reversurum
872 3096 994 3137 esse
1041 3081 1422 3137 incunctanter
1461 3082 1747 3137 credamus
1797 3081 1852 3149 ⁸,
1882 3061 1928 3125 C
1960 3079 2035 3127 tes
2075 3082 2269 3128 aetates
2297 3074 2563 3129 indutum.
2592 3074 2706 3131 Stat
2742 3093 2862 3130 vero
2889 3093 2980 3147 per
3009 3094 3213 3132 omnem
3243 3080 3545 3132 conversio-

267 3174 695 3245 certissimisque
753 3186 937 3228 rerum
1004 3172 1564 3244 argumentationibus
1615 3174 1855 3230 roborati

266 3266 631 3335 intelligamus
655 3265 715 3319 *ἲ
747 3262 805 3319 Si
828 3264 978 3319 enim
1008 3264 1246 3320 omnium
1288 3280 1500 3332 rerum,
1528 3279 1668 3336 quae
1688 3274 1814 3321 sunt
1834 3305 1852 3332 ,

249 3364 320 3409 .et
361 3369 501 3424 quae
543 3367 649 3407 non
699 3361 859 3418 sunt,
911 3366 1105 3407 earum
1148 3352 1303 3420 dico,
1345 3367 1486 3423 quae
1535 3352 1856 3424 corporeis'

266 3446 517 3503 sensibus
564 3444 841 3514 animique
878 3442 1428 3513 contemplationibus
1460 3444 1853 3512 succumbunt,

264 3550 580 3607 carumque,
608 3548 747 3605 quae
767 3534 855 3589 et“
878 3533 1182 3604 corporales
1194 3548 1387 3590 sensus
1400 3534 1704 3605 ruentisque
1725 3550 1855 3591 con—

269 3632 461 3684 tuitum
487 3644 615 3699 prae
636 3627 799 3682 nimia
823 3642 953 3683 suae
979 3626 1310 3682 substantiae
1341 3634 1399 3682 et
1426 3627 1448 3660 "
1477 3627 1772 3684 subtilitate
1800 3636 1856 3683 et

268 3720 555 3775 altitudine
597 3716 845 3790 fugiunt,
887 3718 1029 3773 Deus
1068 3716 1390 3787 principium
1428 3725 1539 3782 est,
1583 3726 1637 3773 et
1676 3718 1853 3788 ipsum

266 3816 559 3881 appetunt,
590 3814 645 3863 et
668 3807 939 3879 appetitus
965 3821 1153 3863 earum
1179 3805 1328 3862 nulla
1357 3807 1595 3873 ratione,
1628 3823 1697 3863 ne
1726 3807 1854 3864 illuc

268 3901 584 3974 perveniat,
616 3900 934 3971 prohibetur
960 3918 973 3954 :
1005 3899 1135 3971 quid
1166 3898 1393 3966 mirum,
1422 3899 1468 3954 si
1512 3899 1579 3955 de
1612 3899 1854 3956 humana

267 4000 496 4060 natura,
528 4006 668 4062 quae
708 3989 1018 4061 specialiter
1062 3991 1130 4046 ad
1175 3989 1465 4061 imaginem
1508 3996 1564 4045 et
1603 3988 1854 4045 similitu-

268 4082 450 4137 dinem
492 4082 653 4138 unius
694 4090 749 4136 et
787 4081 1091 4138 communis
1136 4081 1380 4136 omnium
1426 4080 1677 4152 principii
1709 4080 1851 4138 facta

265 4184 350 4229 est
368 4215 383 4240 ,
413 4184 469 4229 et
494 4174 754 4231 credatur
783 4184 837 4230 et
864 4174 1218 4246 intelligatur,
1247 4174 1388 4244 quod
1418 4173 1544 4230 illuc
1569 4189 1851 4230 reversura

263 4266 367 4331 sit,
394 4265 534 4320 unde
567 4264 810 4335 profecta
848 4273 962 4330 est,
994 4266 1316 4336 praesertim
1345 4280 1467 4321 eum
1495 4281 1601 4321 non
1629 4265 1701 4321 ita
1727 4266 1850 4321 inde

262 4355 503 4425 proiecta
545 4355 616 4411 sit
641 4356 685 4422 ',
714 4362 774 4410 ut
799 4356 1021 4411 omnim
1043 4355 1367 4426 principium
1398 4355 1481 4409 sui
1509 4354 1847 4421 deseruerit;

1957 3181 2071 3220 nem
2100 3166 2140 3199 ⁸⁷
2162 3166 2633 3223 intransmutabilis
2657 3169 2713 3222 in
2738 3185 2795 3223 se
2822 3171 2936 3240 ipsa
2956 3169 3148 3239 forma,
3181 3171 3350 3225 insitis
3377 3170 3421 3203 “
3440 3172 3547 3225 sibi

1954 3255 2111 3311 semel
2138 3273 2204 3312 ea:
2233 3267 2424 3311 natura
2452 3259 2617 3329 signis
2645 3274 2748 3312 non
2788 3259 3062 3325 desistens,
3091 3261 3183 3314 sed
3214 3262 3269 3314 in
3298 3260 3548 3314 omnibus

1953 3348 2241 3404 secundum
2285 3365 2472 3421 corpus
2517 3349 3047 3404 transmutationibus
3097 3366 3215 3403 cum
3252 3351 3364 3405 suis
3403 3349 3547 3404 notis

1953 3440 2197 3511 ingenitis
2241 3437 2285 3473 "
2328 3449 2563 3511 apparet.
2612 3439 2968 3497 Subtraltetur
2990 3440 3037 3471 ¹⁰
3085 3452 3258 3495 autem
3305 3457 3397 3511 per
3445 3440 3548 3494 Dei

1970 3527 2189 3583 Verbum
2234 3530 2371 3599 ipsa,
2418 3547 2554 3600 quae
2592 3546 2659 3585 ea:
2687 3530 2925 3601 passione
2969 3541 3066 3596 est,
3115 3532 3367 3596 mutatio,
3405 3548 3550 3602 quae

1953 3618 2157 3691 formae
2208 3621 2576 3691 superaccidit.
2654 3620 2796 3675 Nam
2850 3620 3006 3674 veluti
3055 3621 3222 3692 facies
3278 3622 3547 3692 quaedam

1953 3711 2151 3779 aliena,
2174 3711 2290 3783 ipsa
2317 3729 2409 3783 per
2434 3712 2794 3782 inﬁrmitatem
2828 3712 3136 3782 deformitas
3177 3713 3405 3783 formam
3443 3714 3546 3766 de-

1951 3803 2243 3875 prehendit,
2267 3820 2372 3875 qua
2396 3804 2729 3875 deformitate
2756 3821 2849 3875 per
2874 3804 2972 3858 Dei
3002 3803 3227 3859 Verbum
3250 3806 3293 3837 "
3315 3807 3518 3859 circum
3538 3833 3554 3846 -

1952 3892 2153 3960 ablata,
2176 3895 2309 3948 sicut
2338 3896 2393 3949 in
2444 3893 2691 3950 Naaman
2737 3894 2896 3967 Syro,
2931 3912 3019 3949 seu
3060 3896 3117 3950 in
3151 3895 3257 3951 illis
3298 3895 3547 3966 leprosis,

1953 3986 2043 4058 qui
2076 3986 2131 4040 in
2167 3985 2455 4058 Evangelia
2490 3997 2799 4053 narrantur,
2839 3990 3026 4042 iterum
3071 3987 3275 4042 occulta
3299 3988 3395 4043 sub
3418 4006 3549 4058 pas-

1951 4079 2099 4133 sione
2134 4080 2330 4150 species
2354 4096 2447 4150 per
2471 4080 2749 4136 sanitatem
2786 4081 2841 4133 in
2878 4081 2987 4134 suis
3024 4080 3320 4134 nationibus
3346 4080 3550 4135 reluce-

1954 4170 2046 4224 bit.
2075 4170 2248 4242 Igitur
2285 4173 2338 4226 in
2376 4171 2729 4242 deiformitate
2758 4173 2805 4203 ³⁸
2835 4173 3043 4226 animae
3089 4189 3191 4226 non
3232 4172 3416 4243 ﬂuxile
3446 4191 3551 4242 per

1952 4261 2354 4316 mutabilitatem
2399 4271 2447 4316 et
2490 4262 2890 4317 transmutabile
2936 4273 3010 4316 est
3037 4264 3106 4326 ’³,
3137 4261 3230 4316 sed
3251 4262 3395 4333 quod
3420 4278 3549 4333 per-

1954 4360 2151 4417 manet,
2200 4351 2541 4424 similiterque
2568 4353 2622 4407 in
2647 4363 2824 4409 nostra
2866 4354 3191 4408 concretione
3222 4354 3400 4418 habet,
3438 4372 3547 4410 nos

262 4447 321 4499 in
359 4447 471 4516 ipso
512 4445 654 4500 enim
675 4483 693 4512 ,
726 4454 785 4499 ut
823 4445 901 4499 ait
935 4444 1257 4515 Apostolus,
1299 4444 1547 4510 vivimus,
1592 4453 1639 4498 et
1683 4460 1850 4498 move-
1881 4420 1928 4480 Ῑ)
1954 4442 2169 4496 insitum
2195 4452 2292 4496 est.
2326 4443 2727 4509 Animadverte,
2759 4458 2920 4515 quam
2956 4442 3125 4509 clare,
3148 4458 3312 4513 quam
3346 4458 3548 4514 aperte

268 4549 409 4597 mur,
452 4542 500 4586 et
545 4549 775 4598 sumus;
826 4532 920 4588 sed
967 4532 1113 4601 quod
1146 4531 1382 4602 quadam
1417 4530 1853 4587 dissimilitudine

262 4633 484 4695 propter
511 4634 796 4695 peccatum
824 4624 1130 4680 decolorata
1160 4632 1275 4690 est,
1305 4623 1504 4679 dicitur
1534 4624 1848 4680 recessisse.

268 4715 580 4771 Similitudo
627 4730 862 4786 namque
907 4715 1035 4771 fecit
1076 4716 1383 4786 proximam
1411 4755 1427 4780 ,
1470 4714 1852 4770 dissimilitudo

264 4804 633 4874 longinquam.
668 4805 782 4861 Non
814 4805 957 4861 enim
983 4806 1262 4877 gressibus
1289 4806 1534 4875 corporis
1553 4846 1568 4871 ,
1598 4806 1690 4861 sed
1721 4804 1851 4860 aﬂ‘e—

265 4897 445 4952 ctibus
476 4897 670 4952 mentis
700 4896 982 4968 ciongatur
1009 4914 1039 4951 a
1068 4898 1207 4963 Deo,
1239 4906 1332 4950 aut
1353 4898 1407 4952 ei
1451 4897 1850 4967 appropinqua-

264 5000 375 5044 tur.
407 4973 695 5047 Localibus
739 4990 1035 5045 intervallis
1084 4988 1247 5044 solari
1286 4988 1307 5018 ⁹
1337 4989 1457 5043 luce
1503 5003 1609 5042 non
1648 4988 1853 5042 recedi-

264 5090 375 5149 tur,
404 5082 499 5138 sed
526 5082 609 5135 vel
639 5081 918 5136 oculorum
945 5082 1269 5152 privatione,
1300 5080 1383 5134 vel
1411 5081 1751 5136 conniventia
1784 5082 1848 5144 ιο,

1952 4531 2227 4603 praefatus
2252 4530 2524 4604 Nyssaeus
2561 4535 2774 4600 astruit,
2811 4534 2955 4603 quod
2996 4549 3101 4589 non
3149 4532 3323 4589 solum
3361 4533 3545 4589 lorum

1955 4623 2169 4678 animae
2180 4623 2249 4678 ad
2271 4623 2558 4696 imaginem
2576 4625 2669 4680 Dei
2693 4623 2835 4679 facta
2861 4623 3021 4686 est“,
3047 4640 3236 4680 verum
3255 4629 3422 4680 etiam
3442 4643 3551 4682 na-

1956 4716 2145 4772 turalis
2170 4715 2343 4773 forma
2366 4720 2635 4790 corporis,
2667 4735 2806 4789 quae
2844 4720 3133 4789 imaginem
3161 4736 3374 4776 ammae
3412 4722 3549 4776 imi-

1958 4816 2126 4873 tatur,
2157 4823 2374 4883 semper
2401 4809 2827 4879 incorruptibilis
2847 4820 2903 4865 et
2932 4811 3387 4867 incommutabilis
3416 4828 3551 4882 per-

1957 4908 2173 4954 maneat
2197 4918 2211 4952 :
2237 4900 2494 4970 quicquid
2526 4916 2654 4955 vero
2691 4901 2925 4956 naturali
2952 4902 3167 4969 corpori
3209 4918 3276 4956 ea
3314 4917 3551 4959 concre-

1960 4991 2195 5046 tionibus
2238 4991 2648 5057 elementorum,
2685 5001 2740 5047 et
2770 4993 2983 5046 animae
3021 5008 3085 5045 ex
3126 4993 3377 5047 sordibus
3404 4994 3551 5047 irra-

1961 5081 2296 5135 tionabilium
2340 5090 2582 5137 motuum
2629 5083 3032 5152 superadditum
3072 5091 3177 5148 est,
3216 5082 3271 5137 in
3314 5082 3460 5137 llum
3485 5094 3549 5139 ct

1558 5195 1643 5249 VA
1656 5194 1814 5250 ΜΔΕ
1853 5195 2141 5252 LECTION
2149 5195 2250 5250 ES.
2880 5270 2885 5275 ἱ

336 5293 352 5324 ¹
382 5292 474 5348 Sic
502 5291 566 5352 A;
599 5288 641 5345 C
672 5289 784 5343 rad.
814 5303 957 5344 corr.
986 5290 1087 5343 ista
1113 5304 1131 5353 ,°
1160 5287 1201 5341 F
1230 5288 1380 5340 istac.
1454 5288 1476 5319 ’
1502 5284 1593 5341 Sic
1620 5286 1738 5352 CF;
1765 5288 1805 5340 A
1830 5288 1990 5342 Nam.
2066 5288 2087 5319 ³
2119 5288 2211 5342 Sic
2237 5287 2344 5354 CF;
2376 5289 2417 5344 A
2448 5290 2727 5343 credimus.
2805 5287 2826 5318 ’⁸
2850 5287 2941 5342 Sic
2959 5286 3064 5352 CF;
3093 5287 3135 5341 Α
3173 5286 3543 5353 intelligimus.

264 5362 286 5394 '
318 5362 407 5417 Sic
440 5361 547 5427 CF;
578 5360 890 5430 Acorporis.
968 5358 988 5391 ‘
1013 5369 1061 5413 et
1088 5372 1194 5430 oin.
1226 5357 1291 5410 A.
1351 5358 1387 5430 ,ἶ
1419 5366 1473 5430 et
1501 5373 1617 5430 om;
1641 5359 1706 5411 A.

262 5425 611 5489 coniuitiwie.
641 5430 683 5484 C
728 5425 880 5498 corr.
935 5427 1268 5482 contuitione.
1348 5425 1389 5457 “
1420 5426 1512 5481 Sic
1535 5426 1640 5493 CF;
1671 5429 1717 5481 Α
1748 5429 1801 5482 in
1832 5430 1963 5484 suis.
2041 5430 2084 5461 ¹¹
2123 5425 2211 5484 Sic
2240 5429 2314 5495 F;
2347 5440 2392 5483 et
2423 5445 2530 5483 Olli.
2557 5428 2633 5493 A;
2660 5428 2700 5482 C
2732 5429 2782 5481 in
2813 5445 2931 5498 cap.

1782 5357 1805 5388 "
1843 5358 1933 5413 Sic
1959 5358 2066 5423 CF;
2097 5360 2134 5412 A
2167 5360 2404 5427 profecta
2433 5370 2524 5413 est.
2599 5360 2621 5392 ⁸
2652 5357 2696 5413 Α
2726 5376 2758 5411 a
2796 5359 2957 5412 solari
2992 5359 3127 5412 luce.
3202 5357 3248 5389 ¹⁹
3279 5358 3368 5412 Sic
3396 5358 3466 5417 A:
3502 5359 3550 5415 ιθ

2972 5443 3040 5481 xx
3066 5432 3187 5482 etin
3220 5443 3313 5481 vn.
3390 5428 3438 5459 "
3463 5432 3534 5482 iu-

262 5506 373 5570 qnit
426 5516 534 5554 om.
568 5503 636 5556 Α.
708 5497 752 5530 ¹⁸
776 5499 840 5552 de
866 5514 1079 5570 corpore
1109 5498 1401 5570 occultae
1423 5510 1646 5570 resurget
1679 5513 1787 5570 om.
1818 5499 1926 5570 CF.
2002 5500 2045 5532 ³⁸
2073 5498 2164 5555 Sic
2210 5498 2294 5552 CF
2316 5516 2329 5563 ;
2355 5497 2953 5570 Afincomprehensibile.
3030 5498 3074 5530 ¹⁶
3102 5498 3201 5570 Sic
3217 5498 3335 5563 CF;
3369 5498 3411 5570 Α
3451 5519 3540 5553 cm~

263 5571 686 5641 gmcntationem.

789 5570 829 5601 "
860 5568 951 5623 Sic
973 5567 1089 5631 CF;
1126 5568 1168 5620 A
1200 5568 1531 5620 eversionem.
1609 5567 1650 5598 ⁸⁸
1682 5568 1772 5622 Sic
1802 5568 1908 5632 CF;
1940 5571 1978 5622 Α
2008 5571 2063 5624 in
2092 5572 2221 5624 suis.

2321 5570 2362 5600 ι’
2393 5569 2485 5638 Sic
2512 5568 2627 5633 CF;
2668 5568 2709 5622 A
2736 5570 3005 5638 ingenuis.
3034 5637 3037 5638 ν
3106 5570 3152 5601 ²⁶
3183 5569 3276 5627 Sic
3333 5568 3461 5637 CF;
3496 5576 3545 5629 Α

266 5637 642 5694 Subtmnamr.
717 5640 758 5671 “
792 5639 835 5693 A
860 5655 948 5692 uer
974 5638 1179 5693 verbum
1204 5637 1318 5690 [)ei.
1392 5639 1437 5669 ²¹
1467 5637 1506 5692 C
1531 5647 1581 5692 ct
1621 5652 1761 5693 corr.
1805 5638 1844 5692 F

1956 5640 2218 5694 'ormitate.
2291 5640 2337 5671 ’³
2360 5657 2428 5693 es.
2454 5656 2543 5695 om
2567 5642 2628 5695 Α,
2705 5637 2752 5669 ’⁸
2778 5637 2852 5695 est
2883 5654 2991 5696 um.
3023 5637 3088 5694 F.
