3898 6154
305 358 403 415 875

1112 357 1200 414 DE
1241 357 1575 415 DIVISIONE
1612 355 1959 413 NATURAE.
1999 385 2072 397 -ο
2109 352 2308 409 LIBER
2348 347 2672 420 QUINTUS.

3439 344 3556 402 875

305 471 639 540 corruptith
669 484 883 538 semper
931 478 1033 523 est.
1079 469 1147 523 Et
1193 469 1318 534 hoc,
1372 477 1436 522 ut'
1475 468 1549 522 ait
1589 468 1723 536 ipse,
1772 466 1872 520 sub
1902 471 1948 525 Α
1977 471 2194 517 nostrae
2232 472 2458 517 naturae
2482 463 2800 517 cbaractera
2830 470 3065 529 gessere,
3096 471 3235 528 quae
3265 472 3296 513 a
3324 473 3420 513 suo
3442 459 3547 514 Re-

304 574 466 638 tigura
505 564 745 620 Naanzan
796 564 941 634 Syri,
975 572 1031 619 cl.
1060 564 1271 619 illorum
1304 564 1513 628 decem,
1536 577 1673 632 quos
1701 563 1871 616 Evan-

302 663 491 728 gelium
540 667 798 727 purgatos
834 672 865 710 a
906 657 1132 711 Domino
1179 655 1344 712 fuisse
1396 664 1602 720 narrat,
1652 653 1873 725 pulchre

303 751 616 803 insinuatur.
662 747 759 801 Ille
795 762 1027 817 namque
1068 746 1257 819 Syrus,
1288 747 1496 815 ipsique
1534 746 1741 807 decem,
1774 743 1873 797 hu-

303 855 511 893 manam
563 836 795 909 efﬁgiem
841 853 948 892 non
993 837 1365 906 perdiderant,
1407 838 1500 892 sed
1537 834 1872 891 solummodo

302 941 504 985 tumore
545 939 601 986 et
639 930 974 1001 turpitudine
1020 930 1202 999 leprae
1245 929 1481 999 percussi
1534 937 1590 982 et
1630 926 1871 996 cooperti

274 1031 441 1086 sunt,
472 1030 532 1076 ut
559 1038 656 1091 per
677 1023 779 1077 hoc
801 1022 1188 1092 intelligamus,
1219 1031 1466 1075 naturam
1495 1028 1735 1075 nostram
1765 1033 1870 1073 non

300 1131 416 1170 esse
439 1115 705 1185 perditam
741 1114 827 1168 vel
861 1121 1142 1179 mutatam,
1189 1114 1282 1168 sed
1325 1112 1578 1167 vitiorum
1620 1109 1873 1165 deformi-

302 1215 407 1260 tate
445 1204 833 1260 decoloratam.
879 1203 950 1258 Et
994 1203 1143 1269 vide,
1191 1210 1452 1272 quantum
1499 1202 1873 1256 incunctanter

300 1301 410 1367 ipse
440 1297 612 1369 Syrus
641 1296 907 1350 humanae
937 1304 1164 1350 naturae
1195 1293 1420 1364 gesserit
1449 1291 1694 1363 figuram.
1729 1288 1868 1343 Naa-

299 1404 419 1442 man
464 1388 664 1458 quippe
705 1388 924 1441 decorus
961 1386 1373 1456 interpretatur,
1418 1382 1571 1454 Syria
1601 1397 1732 1437 vero
1754 1398 1871 1437 rae-

297 1478 501 1531 !cslium
522 1475 910 1547 contemplatio.
948 1474 1201 1544 Nunquid
1228 1483 1282 1529 et
1307 1474 1386 1529 sic
1412 1474 1647 1529 humana
1678 1480 1869 1528 natura

299 1569 469 1629 ticret,
514 1566 559 1620 si
609 1581 715 1620 non
756 1565 1098 1635 superbiret?
1144 1564 1346 1619 Decora
1385 1564 1529 1618 enim
1567 1572 1621 1618 et
1655 1564 1722 1617 ad
1748 1578 1871 1618 cae-

296 1657 508 1711 lestium
536 1656 1045 1727 contemplationem
1086 1655 1304 1711 condita
1336 1665 1442 1719 est,
1481 1655 1575 1710 sed
1597 1655 1869 1725 praevari-

296 1747 527 1802 cationis
555 1761 719 1802 causa
752 1747 769 1777 ⁸
805 1746 953 1816 lepra
989 1758 1074 1801 est
1104 1759 1380 1815 percussa.
1430 1745 1502 1800 At
1539 1745 1871 1801 descendens

1975 554 2252 624 demptora
2286 556 2560 623 redempta
2590 563 2695 617 est,
2726 562 2780 605 et
2804 552 3042 621 quotidie
3072 552 3124 605 in
3154 550 3379 622 singulis
3408 551 3551 605 redi-

1975 644 2157 707 mitur,
2189 655 2241 698 et
2268 646 2330 699 in-
2349 645 2813 699 consummatione
2857 643 3039 698 mundi
3077 642 3451 707 universaliter
3495 642 3547 695 in

1973 736 2224 789 omnibus
2245 744 2300 789 et
2322 736 2615 789 redimetur
2636 745 2690 788 et
2715 734 3064 789 liberabitur?
3086 702 3333 787 Ηιιιηξθια
3353 733 3550 803 quippe

1975 836 2170 881 natura
2203 827 2427 881 denaria
2471 827 2778 895 quantitate
2829 825 2964 880 solet
3008 824 3338 896 significariv:
3371 825 3550 877 anima

1975 934 2209 989 namque
2235 928 2291 974 et
2310 934 2538 988 corpore
2558 928 2809 974 constare
2837 918 3054 971 dubium
3082 932 3186 970 non
3213 924 3314 970 est.
3341 915 3551 983 Corpus

1973 1023 2152 1070 autem
2203 1016 2452 1084 quinario
2501 1029 2727 1070 numero
2768 1012 2949 1082 pollet,
3004 1020 3262 1081 quattuor
3300 1010 3552 1065 videlicet

1971 1103 2256 1158 elementis
2289 1104 2678 1173 corporalibus,
2723 1110 2777 1157 et
2827 1101 3020 1166 forma,
3051 1116 3191 1171 quae
3219 1100 3305 1154 illa
3336 1113 3553 1169 compo-

1972 1197 2053 1251 nit
2084 1196 2349 1251 elementa
2396 1204 2453 1250 et
2502 1195 2805 1250 formiﬂeat.
2845 1193 3036 1248 Anima
3060 1208 3275 1263 quoque
3302 1192 3552 1260 quinario

1972 1302 2200 1342 numero
2245 1302 2349 1340 non
2397 1287 2660 1341 dissonat.
2709 1282 2965 1339 Subsistit
2996 1298 3227 1352 namque
3255 1282 3545 1344 intellectu,

1971 1388 2028 1435 et
2069 1379 2299 1443 ratione,
2348 1387 2403 1432 et
2444 1377 2641 1447 duplici
2684 1391 2869 1439 sensu,
2923 1373 3167 1429 interiori
3210 1372 3452 1441 profecto
3497 1380 3553 1426 et

1971 1470 2250 1534 exteriori,
2280 1469 2536 1538 vitalique
2562 1477 2732 1531 motu,
2759 1481 2867 1536 quo
2897 1479 3092 1535 corpus
3119 1462 3547 1517 administratur.

1971 1560 2258 1614 Denariam
2298 1559 2531 1613 hominis
2575 1557 2929 1627 quantitatem
2987 1555 3173 1618 habes,
3230 1562 3290 1607 ut
3339 1552 3550 1623 opinor,

1971 1664 2111 1719 quae
2141 1649 2436 1704 conditoris
2478 1658 2533 1703 et
2572 1646 2949 1717 Redemptoris
2989 1644 3072 1699 sui
3112 1644 3283 1715 gratia
3309 1645 3376 1699 de
3405 1644 3550 1698 onmi

1973 1740 2318 1810 superaddita
2372 1739 2474 1794 sibi
2526 1738 2744 1793 miseria
2790 1736 2956 1792 veluti
3006 1736 3082 1791 de
3124 1736 3356 1804 quadam
3406 1734 3550 1805 lepra

296 1836 345 1889 in
380 1834 642 1892 Judaeam
682 1833 946 1900 Naaman,
978 1836 1297 1905 rediensque
1326 1834 1521 1889 iterum
1549 1834 1602 1889 in
1633 1833 1868 1905 Syriam,
1898 1816 1944 1875 Β
1973 1830 2309 1897 liberabitur,
2360 1839 2413 1886 et
2455 1830 2510 1885 in
2553 1845 2719 1884 unum
2765 1830 3055 1899 redigetur,
3103 1838 3161 1882 ut
3197 1843 3302 1882 non
3328 1827 3551 1881 denaria

289 1927 514 1997 iubente
533 1927 792 1997 propheta
817 1926 1048 1990 Elisaeo,
1081 1926 1132 1979 in
1158 1923 1393 1980 Jordane
1420 1924 1639 1979 (lumine
1664 1924 1868 1992 lepram

292 2020 564 2089 deposuit,
591 2019 836 2088 cutisqne
858 2018 1102 2088 corporis
1125 2017 1292 2086 ipsius
1317 2025 1572 2071 renovata
1595 2025 1699 2071 est.
1730 2014 1867 2074 Num

291 2119 344 2163 et
389 2119 576 2162 nostra
616 2116 830 2174 natura,
878 2108 1003 2162 dum
1041 2107 1354 2178 languorem
1389 2122 1545 2161 suum
1577 2107 1869 2177 turpitudi-

292 2211 525 2267 nemque
568 2212 790 2252 suorum
836 2197 1089 2251 vitiorum
1137 2197 1530 2268 recognoverit,
1570 2196 1623 2250 in
1653 2196 1864 2253 confes—

290 2289 497 2343 sionem
529 2288 782 2343 miseriae
820 2303 951 2342 suae
995 2288 1286 2343 descendet
1311 2293 1332 2325 ⁸
1357 2330 1372 2353 ,
1416 2290 1577 2359 inque
1604 2303 1662 2343 se
1693 2288 1865 2357 ipsam

290 2391 574 2430 reversura
592 2377 931 2446 purgabitur?
948 2376 1013 2430 Et
1027 2377 1149 2445 quis
1165 2390 1286 2431 eam
1303 2378 1584 2449 purgabit?
1600 2377 1861 2440 Elisaeus,

290 2464 379 2520 Dei
421 2465 675 2522 videlicet
720 2467 978 2533 salvator,
1010 2467 1096 2521 vel
1126 2467 1221 2521 Dei
1261 2467 1426 2523 salus.
1467 2467 1654 2524 Nonne
1681 2478 1867 2524 noster

289 2554 536 2611 Elisaeus
557 2565 642 2612 est
667 2557 760 2611 Dei
782 2557 1018 2612 Verbum
1047 2558 1306 2614 Dominus
1325 2568 1508 2614 noster
1525 2557 1684 2616 Jesus
1708 2560 1863 2616 Chri-

288 2656 422 2713 stus,
472 2648 562 2718 qui
600 2658 685 2705 est
711 2648 807 2703 Dei
847 2649 1084 2704 salvator
1104 2660 1155 2705 et
1184 2650 1274 2705 Dei
1305 2651 1484 2706 salus?
1509 2652 1563 2706 ln
1593 2653 1863 2708 redeundo

289 2739 340 2793 in
371 2738 592 2810 Syriam
632 2748 874 2795 nostram
902 2741 1132 2796 salvabit
1156 2750 1431 2806 naturam,
1461 2744 1565 2797 hoc
1593 2751 1695 2807 est,
1737 2744 1861 2799 dum

287 2830 351 2883 ad
374 2829 667 2900 pristinum
702 2839 922 2892 statum,
972 2830 1027 2884 in
1076 2830 1583 2900 contemplationem
1613 2831 1865 2887 videlicet

287 2919 700 2990 intelligibilium
730 2921 1010 2985 virtutum,
1038 2922 1237 2976 reverti
1265 2936 1364 2976 nos
1393 2920 1635 2989 jusserit.
1674 2921 1741 2977 Et
1770 2922 1862 2978 ubi

286 3012 540 3081 purgabit
580 3012 658 3067 '7
707 3013 765 3068 ln
814 3012 1048 3069 Jordane
1087 3032 1101 3067 :
1144 3012 1300 3083 cujus
1352 3014 1727 3084 interpretatio
1778 3023 1862 3071 est

284 3101 563 3158 descensus
589 3103 821 3169 Domini,
844 3096 928 3157 vel
956 3103 1234 3158 descensus
1256 3104 1470 3175 judicii,
1499 3105 1585 3161 vel
1606 3106 1856 3175 potentia,

1970 1922 2269 1992 quantitas,
2320 1921 2413 1976 sed
2460 1920 2607 1976 solus
2647 1919 2951 1975 intellectus
3002 1918 3259 1989 simplicis
3310 1917 3553 1973 veritatis

1968 2030 2101 2085 pura
2132 2014 2587 2084 contemplatione
2625 2013 2807 2067 nnitus
2833 2019 3133 2066 remaneat.
3163 2010 3316 2078 Quod
3344 2009 3551 2079 signiti-

1966 2103 2079 2159 cari
2116 2104 2352 2159 arbitror
2377 2119 2471 2174 per
2494 2104 2666 2174 ipsum
2694 2102 2987 2172 leprosum,
3027 2102 3119 2171 qui
3165 2100 3312 2156 solus
3343 2100 3407 2155 ad
3446 2101 3554 2154 Do—

1965 2194 2168 2248 minum
2212 2209 2463 2249 reversus
2508 2202 2610 2256 est,
2658 2193 2883 2261 gloriam
2931 2193 3037 2247 Deo
3083 2192 3151 2247 de
3195 2206 3290 2246 sua
3324 2190 3551 2245 munda-

1968 2284 2111 2340 tione
2153 2284 2418 2350 referens,
2448 2301 2514 2340 ac
2545 2284 2707 2339 veluti
2739 2284 3546 2355 alienigenaidelonginquitate

1970 2372 2432 2428 dissimilitudinis
2473 2374 2706 2436 rediens,
2748 2372 3021 2427 liberatori
3061 2381 3115 2426 et
3144 2374 3419 2443 purgatori
3449 2390 3548 2428 suo

1965 2468 2304 2522 adhaeserat.
2320 2467 2498 2523 Ceteri
2520 2475 2697 2520 autem
2726 2481 2918 2521 novem
2939 2481 3041 2520 non
3059 2466 3169 2535 jam
3187 2466 3382 2535 reperti
3398 2476 3543 2520 sunt.

1964 2557 2095 2612 Tota
2136 2559 2400 2627 siquidem
2446 2559 2679 2613 humana
2711 2566 2900 2613 natura
2928 2557 2980 2612 in
3013 2557 3186 2612 solum
3217 2557 3543 2612 intellectum

1964 2648 2302 2713 refundetur,
2344 2659 2401 2704 ut
2433 2649 2505 2704 nil
2536 2650 2588 2704 in
2619 2664 2681 2705 ea
2716 2657 3011 2713 remaneat,
3041 2658 3257 2718 praeter
3279 2649 3423 2703 illum
3451 2664 3543 2704 so-

1962 2738 2074 2795 lum
2124 2740 2473 2808 intellectum,
2519 2756 2626 2811 quo
2669 2740 2982 2796 Creatorem
3021 2741 3542 2811 suumicontempla-

1959 2830 2013 2885 bi
2023 2838 2127 2885 tur.

2033 2919 2087 2973 7.
2128 2918 2235 2975 Sed
2288 2929 2573 2991 antequam
2612 2921 2678 2976 dc
2729 2924 3309 2994 purgatione-naturae
3350 2923 3542 2977 buma-

1962 3024 2086 3075 nae,
2133 3009 2305 3080 deque
2349 3011 2672 3067 adunatione
2716 3012 2881 3082 ipsius
2924 3013 3133 3068 sibimet
3180 3022 3236 3068 et
3275 3013 3541 3068 conditori

1962 3114 2081 3165 suo,
2137 3100 2204 3154 ad
2251 3099 2404 3169 cujus
2453 3102 2739 3171 imaginem
2777 3102 2916 3160 facta
2954 3112 3057 3168 est,
3111 3112 3426 3167 tractemus,
3473 3103 3541 3158 de

284 3190 364 3244 vel
391 3201 536 3245 terra
574 3202 826 3259 extraria,
877 3192 964 3247 vel
1009 3194 1242 3248 ascensio
1289 3210 1492 3248 eorum.
1535 3194 1604 3249 Et
1646 3196 1860 3265 quando
1886 3169 1931 3230 (ἶ
1962 3190 2081 3260 ipso
2112 3192 2286 3246 reditu
2313 3192 2577 3260 quaedam
2619 3193 2843 3249 dicenda
2884 3209 3005 3249 esse
3029 3209 3135 3248 non
3180 3193 3534 3263 incongruum

284 3280 554 3335 credimus
582 3289 637 3336 et
665 3297 948 3351 speramus
995 3284 1223 3339 salutem
1273 3293 1329 3339 et
1364 3285 1596 3340 reditum
1634 3296 1859 3343 naturae

282 3370 546 3426 nostrae"
578 3373 632 3426 in
679 3373 891 3443 Syriam
933 3374 1182 3430 caelestis
1226 3376 1713 3446 contemplationis,
1752 3378 1855 3434 nisi

279 3463 498 3531 quando
526 3465 818 3519 descendet
855 3464 1116 3521 Dominus
1136 3467 1190 3520 in
1213 3466 1382 3537 gloria
1422 3483 1539 3533 sua,
1568 3468 1856 3525 descendet

278 3553 344 3605 ad
362 3551 634 3619 judicium
665 3554 910 3610 vivorum
945 3564 1002 3611 et
1031 3564 1391 3623 mortuorum,
1421 3573 1574 3612 suam
1604 3557 1626 3590 ⁸
1665 3567 1857 3629 poten-

278 3641 408 3696 tiam
465 3642 912 3698 manifestaturus
944 3644 996 3698 in
1030 3654 1171 3699 terra
1216 3654 1480 3711 extrema,
1527 3646 1631 3702 hoc
1676 3657 1760 3703 est
1797 3648 1851 3702 in

275 3732 379 3787 fine
422 3732 637 3799 mundi,
683 3734 901 3803 quando
942 3734 1149 3790 caehnu
1177 3743 1233 3790 et
1272 3744 1416 3790 terra
1452 3736 1755 3791 transibunt
1794 3736 1848 3791 in

271 3823 589 3879 ascensione
613 3838 826 3891 eorum,
850 3826 953 3883 hoc
976 3837 1080 3892 est,
1104 3828 1155 3881 in
1176 3827 1500 3884 exaltatione
1527 3827 1848 3884 Sanctorum

270 3913 323 3966 in
352 3925 633 3969 aeternam
682 3916 1093 3983 beatitudinem,
1145 3918 1231 3973 vel
1280 3928 1427 3974 certe
1470 3920 1523 3974 in
1574 3921 1846 3976 communi

267 4006 518 4061 Omnium
566 4009 1004 4064 resurrectione?
1040 4008 1313 4080 Siquidem
1355 4012 1680 4066 resurrectio
1699 4027 1847 4067 com-

267 4097 450 4151 munis
488 4097 727 4152 omnium
776 4100 1021 4154 ascensio
1063 4112 1145 4155 est
1172 4116 1240 4155 ex
1271 4109 1443 4156 morte
1469 4101 1525 4155 in
1551 4101 1737 4166 vitam,
1777 4117 1843 4157 ex

267 4186 491 4239 animali
538 4202 765 4257 corpore
803 4198 858 4243 et
898 4190 1233 4260 corruptibili
1277 4190 1330 4244 in
1374 4191 1653 4261 spirituale
1677 4201 1732 4246 et
1763 4193 1845 4247 in-

264 4277 639 4346 corruptibile.
673 4278 806 4333 Tota
837 4288 1017 4334 autem
1055 4280 1203 4350 lepra
1239 4282 1506 4337 humanae
1538 4291 1761 4339 naturae
1788 4293 1844 4339 et

262 4369 546 4436 corruptio
605 4371 1018 4440 exaggerabitur
1073 4381 1128 4426 et
1173 4381 1516 4428 convertatur
1563 4374 1616 4429 in
1667 4374 1838 4432 Giezi.

259 4453 413 4509 Giezi
454 4456 847 4526 interpretatur
883 4458 1058 4513 videns
1084 4458 1289 4526 vallem,
1339 4461 1420 4516 vel
1449 4463 1687 4517 discissio
1706 4479 1738 4515 a
1765 4465 1841 4518 vi-

1962 3283 2231 3338 existimo.
2262 3281 2377 3338 Nisi
2407 3285 2549 3338 enim
2599 3284 2722 3353 quis
2772 3285 2921 3354 prius
2956 3283 3226 3348 edisserit,
3276 3298 3535 3352 quorsum

1959 3371 2175 3437 cecidit,
2201 3379 2256 3425 et
2286 3371 2429 3425 unde
2456 3372 2642 3441 incipit
2683 3373 2887 3427 reditus
2915 3381 3159 3437 naturae,
3202 3382 3258 3427 et
3283 3388 3379 3443 per
3402 3388 3536 3442 quos

1957 3462 2156 3531 gradus
2186 3463 2446 3528 ascendit,
2479 3472 2532 3519 et
2570 3464 2697 3534 quid
2729 3466 2953 3535 appetit,
2989 3476 3045 3519 et
3083 3465 3135 3519 in
3178 3480 3286 3535 quo
3315 3466 3534 3530 desinit,

1953 3568 2059 3608 non
2110 3554 2287 3621 facile,
2311 3556 2453 3626 quod
2480 3556 2695 3621 astruit,
2730 3557 2999 3611 suadebit.
3030 3558 3174 3614 Dtsc.
3208 3556 3295 3612 Nil
3321 3559 3524 3624 verius,

1953 3650 2013 3697 ut
2040 3642 2291 3698 arbitror.
2322 3643 2454 3710 Quis
2482 3645 2625 3698 enim
2656 3653 2881 3699 naturae
2929 3646 3158 3700 reditum
3207 3644 3363 3703 facile
3408 3663 3537 3702 sua—

1952 3731 2106 3796 serit,
2153 3733 2198 3786 si
2245 3748 2351 3787 non
2399 3742 2543 3799 ante,
2571 3749 2678 3803 quo
2708 3735 2923 3802 cecidit,
2952 3742 3135 3805 etquo
3166 3743 3220 3791 et
3260 3737 3528 3806 quomodo

1949 3837 2230 3879 reversura
2272 3825 2362 3890 sit,
2405 3827 2568 3880 certis
2599 3827 3025 3882 ratiocinationis
3050 3828 3533 3899 argumentationi-

1948 3911 2050 3968 bus
2078 3914 2099 3945 ⁸
2142 3916 2493 3986 approbarit?
2523 3916 2664 3972 MAG.
2694 3917 2843 3973 Unde
2870 3918 3087 3983 cecidit,
3119 3928 3175 3972 et
3200 3934 3309 3988 quo
3341 3928 3528 3989 perre-

1946 4006 2048 4070 nit,
2103 4006 2231 4060 nulli
2289 4007 2524 4062 fidelium
2575 4008 2902 4077 incognitum
2958 4017 3061 4074 est,
3110 4009 3396 4065 Psalmista
3439 4012 3521 4065 di?

1946 4103 2140 4149 cente:
2193 4093 2385 4159 Homo,
2424 4100 2544 4149 cuin
2572 4096 2628 4149 in
2666 4096 2861 4150 honore
2896 4106 3051 4161 esset,
3096 4084 3200 4152 non
3245 4098 3526 4165 intellexit,

1945 4195 2277 4254 comparatus
2306 4196 2379 4239 est
2412 4186 2666 4255 jumenlis
2706 4187 3095 4258 insipientibus,
3131 4200 3179 4244 et
3209 4190 3394 4245 similis
3440 4193 3525 4261 [a-

1944 4286 2057 4330 ctus
2077 4286 2150 4331 est
2175 4276 2300 4331 illis.
2332 4277 2581 4333 Deseruit
2628 4278 2812 4347 itaque
2849 4281 3103 4335 honorem
3149 4282 3359 4336 divinae
3388 4283 3526 4337 ima-

1943 4368 2107 4439 ginis,
2142 4369 2563 4440 caelestiumque
2609 4371 2871 4428 virtutum
2921 4372 3521 4440 aequalitatis,,cecidit

1945 4469 2124 4514 autem
2170 4460 2223 4513 in
2265 4460 2671 4516 similitudinem
2701 4462 3152 4517 irrationabilinm
3182 4463 3515 4519 animalium.

255 4546 436 4611 sione;
473 4547 649 4617 typice
673 4548 942 4603 diabolum
969 4550 1300 4621 signiﬁcans,
1341 4552 1455 4621 qui,
1491 4554 1615 4608 dum
1641 4554 1713 4608 sit
1741 4570 1838 4610 ne.
1867 4510 1918 4571 Β
1945 4549 2197 4605 Terrenis
2222 4566 2457 4622 namque
2481 4552 2884 4622 cupiditatibus,
2926 4553 3348 4634 carnalibusgue
3380 4555 3521 4610 desi-

255 4650 420 4703 quam
472 4636 775 4695 Salvatoris
815 4642 983 4695 nostri
1021 4657 1223 4704 servus,
1265 4643 1384 4697 sine
1412 4644 1564 4714 cujus
1583 4645 1844 4714 jussioni-

255 4721 356 4775 bus
383 4733 481 4777 aut
508 4729 952 4795 permissionibus
977 4730 1214 4786 malitiae
1247 4746 1376 4785 suae
1406 4734 1836 4788 machinamenta

255 4825 361 4866 non
404 4815 605 4870 sinitur
642 4833 920 4889 peragere,
970 4836 1183 4889 semper
1218 4822 1271 4875 in
1310 4821 1630 4891 profundum
1659 4825 1836 4894 perdi-

255 4905 420 4959 tionis
449 4915 813 4979 aeternaeque
848 4910 1039 4964 mortis
1066 4925 1170 4965 non
1203 4912 1397 4966 desinit
1424 4914 1749 4983 prospicere,
1780 4924 1836 4971 et

252 5008 319 5045 ex
353 4995 604 5051 veritatis
648 5000 1099 5068 contemplatione
1146 5002 1338 5056 merito
1383 5018 1512 5059 suae
1551 5006 1831 5075 superbiae

252 5083 464 5140 divisus
489 5087 783 5145 discedere.
824 5091 997 5160 Lepra
1035 5092 1217 5161 itaque
1254 5103 1460 5157 nostra,
1490 5111 1626 5164 quac
1664 5096 1831 5152 livore

249 5170 423 5240 ipsius
475 5176 706 5233 invidiae
751 5182 1036 5251 imaginem
1084 5181 1176 5237 Dei
1222 5185 1719 5251 contaminaverat,
1774 5187 1827 5241 in

249 5261 427 5329 ipsum
469 5267 756 5337 redigetur,
797 5272 920 5338 quia
952 5271 1137 5325 dolore
1174 5272 1362 5327 salutis
1388 5282 1443 5328 et
1471 5277 1826 5330 restauratio-

251 5353 336 5405 uis
390 5365 606 5410 nostrae
657 5357 1000 5427 superfusus,
1058 5376 1230 5429 poena
1276 5360 1394 5429 ejus
1442 5364 1823 5418 cumulabitur.

246 5441 387 5506 Quid
417 5445 594 5503 dicam
618 5450 684 5505 de
703 5450 889 5505 decem
916 5451 1175 5521 leprosis?
1210 5452 1345 5506 Num
1373 5464 1429 5509 et
1456 5453 1553 5524 ipsi
1585 5453 1825 5522 ejusdem

1521 5566 1774 5622 VARIAE
1811 5567 2207 5625 LECTIONES.

1761 5660 1781 5691 ²
1808 5659 1900 5716 Sic
1953 5661 2067 5729 CF;
2112 5663 2157 5718 Α
2188 5666 2513 5735 purgabﬂur.

890 5659 910 5689 '
942 5659 1033 5713 Sic
1074 5659 1193 5720 CF;
1253 5658 1293 5712 A
1324 5660 1656 5715 descendens.

502 5723 524 5755 ⁸
559 5725 640 5781 CF
680 5729 1339 5801 ιιγσιιηιεηιαιίοηίὺτιδρμιε.

324 5652 337 5681 ¹
369 5668 532 5707 causa
553 5671 637 5709 om
690 5657 792 5713 CF.

244 5731 423 5775 suam.

1941 4639 2110 4694 deriis
2152 4641 2477 4709 opprimitur
2520 4652 2736 4707 natura,
2780 4659 2917 4713 quae
2948 4642 3033 4698 ad.
3059 4644 3311 4701 caelestia
3357 4661 3520 4716 appe»

1937 4731 2097 4783 tenda
2126 4739 2183 4785 et
2213 4730 2481 4802 diligenda
2531 4734 2851 4788 naturaliter
2875 4742 2960 4789 est
2979 4726 3211 4790 condita
3239 4752 3254 4800 ;
3306 4737 3519 4791 irratio-

1937 4820 2100 4874 nabili
2137 4830 2284 4876 motu
2313 4822 2564 4890 volvitur,
2592 4839 2732 4894 quae
2774 4826 2985 4880 ratione
3015 4826 3120 4880 frui
3164 4828 3515 4898 comparaba-r

1939 4917 2045 4963 tur.
2078 4908 2194 4964 Non
2236 4910 2379 4964 enim
2412 4919 2494 4966 est
2529 4912 2769 4966 bestiolis
2797 4915 3114 4983 motus..qui
3164 4930 3271 4970 non
3314 4916 3381 4970 in.
3412 4916 3505 4970 ho,

1937 5000 2104 5063 mine,
2136 5010 2425 5071 postquam
2474 5003 2747 5070 peccavit...
2781 5019 2885 5059 non
2925 5005 3387 5073 deprehendatur;
3429 5013 3507 5068 et,

1936 5098 1995 5144 ut
2022 5101 2169 5144 certa
2201 5091 2359 5145 docet
2386 5092 2544 5157 ratio,
2572 5093 2981 5161 reprehenditur
3012 5095 3063 5149 in
3102 5095 3338 5159 homine,
3364 5095 3505 5162 quod

1933 5178 2184 5233 laudatur
2214 5180 2265 5233 in
2305 5180 2500 5234 bestia.
2553 5182 2777 5248 Quare?
2810 5184 2944 5250 Quia
2983 5185 3035 5239 in
3074 5185 3245 5243 bestia
3283 5184 3501 5238 irratio-

1933 5271 2127 5326 nubilis
2154 5279 2330 5326 motus
2371 5274 2691 5329 naturaliter
2724 5276 2985 5339 subsistit,
3031 5276 3084 5329 in
3129 5276 3345 5329 homine
3373 5290 3505 5329 vero

1931 5369 2121 5416 contra
2166 5369 2435 5414 naturam.
2483 5360 2748 5433 Quicquid
2797 5373 2973 5418 autem
3018 5362 3308 5417 secundum
3342 5372 3494 5417 natu-

1934 5469 2049 5507 ram
2083 5453 2300 5508 insitum
2334 5462 2438 5521 est,
2485 5454 2684 5512 bonum
2715 5464 2830 5521 est;
2866 5454 3121 5527 quicquid
3145 5470 3273 5510 vero
3311 5466 3499 5513 contra

2611 5662 2632 5696 ⁸
2655 5663 2697 5718 Α
2723 5670 2928 5717 nostrae
2966 5672 3202 5717 naturae.
3282 5650 3327 5695 ’³
3376 5663 3419 5719 Α
3450 5677 3496 5719 et
