  <div class='ocr_page' id='page_1' title='image "/cluster/home/n/w/nwhite01/storage/ocr_20150623/122/hvd.32044054759840/475.png"; bbox 0 0 3898 6154; ppageno 0'>
   <div class='ocr_carea' id='block_1_1' title="bbox 292 332 399 387">
    <p class='ocr_par' dir='ltr' id='par_1_1' title="bbox 292 332 399 387">
     <span class='ocr_line' id='line_1_1' title="bbox 292 332 399 387; baseline 0 -1"><span class='ocrx_word' id='word_1_1' title='bbox 292 332 399 387; x_wconf 70' lang='grc' dir='ltr'><strong>8ῗ3</strong></span> 
     </span>
    </p>
   </div>
   <div class='ocr_carea' id='block_1_2' title="bbox 1709 332 2229 395">
    <p class='ocr_par' dir='ltr' id='par_1_2' title="bbox 1709 332 2229 395">
     <span class='ocr_line' id='line_1_2' title="bbox 1709 332 2229 395; baseline 0.008 -4"><span class='ocrx_word' id='word_1_2' title='bbox 1709 332 1992 393; x_wconf 74' lang='lat' dir='ltr'><strong>JOANMS</strong></span> <span class='ocrx_word' id='word_1_3' title='bbox 2030 334 2229 395; x_wconf 62' lang='grc' dir='ltr'><strong>ποτε</strong></span> 
     </span>
    </p>
   </div>
   <div class='ocr_carea' id='block_1_3' title="bbox 3420 349 3536 408">
    <p class='ocr_par' dir='ltr' id='par_1_3' title="bbox 3420 349 3536 408">
     <span class='ocr_line' id='line_1_3' title="bbox 3420 349 3536 408; baseline 0 -1"><span class='ocrx_word' id='word_1_4' title='bbox 3420 349 3536 408; x_wconf 63' lang='grc' dir='ltr'><strong>τῖε</strong></span> 
     </span>
    </p>
   </div>
   <div class='ocr_carea' id='block_1_4' title="bbox 293 448 3545 533">
    <p class='ocr_par' dir='ltr' id='par_1_4' title="bbox 293 448 3545 533">
     <span class='ocr_line' id='line_1_4' title="bbox 293 448 3545 533; baseline 0.006 -30"><span class='ocrx_word' id='word_1_5' title='bbox 293 456 541 503; x_wconf 86' lang='lat' dir='ltr'><strong>naturam</strong></span> <span class='ocrx_word' id='word_1_6' title='bbox 599 450 999 520; x_wconf 89' lang='lat' dir='ltr'><strong>superadditum</strong></span> <span class='ocrx_word' id='word_1_7' title='bbox 1044 457 1126 506; x_wconf 86' lang='lat' dir='ltr'><strong>est</strong></span> <span class='ocrx_word' id='word_1_8' title='bbox 1152 493 1165 514; x_wconf 90' lang='lat'><strong>,</strong></span> <span class='ocrx_word' id='word_1_9' title='bbox 1239 451 1488 522; x_wconf 80' lang='lat' dir='ltr'><strong>quamvis</strong></span> <span class='ocrx_word' id='word_1_10' title='bbox 1552 448 1604 504; x_wconf 91' lang='lat' dir='ltr'><strong>in</strong></span> <span class='ocrx_word' id='word_1_11' title='bbox 1651 449 1861 505; x_wconf 87' lang='lat' dir='ltr'><strong>bestiali</strong></span> <span class='ocrx_word' id='word_1_12' title='bbox 1891 455 1940 512; x_wconf 77' lang='grc' dir='ltr'>Α</span> <span class='ocrx_word' id='word_1_13' title='bbox 1968 461 2014 505; x_wconf 89' lang='lat' dir='ltr'><strong>et</strong></span> <span class='ocrx_word' id='word_1_14' title='bbox 2040 454 2236 521; x_wconf 76' lang='lat' dir='ltr'><strong>peccati</strong></span> <span class='ocrx_word' id='word_1_15' title='bbox 2258 452 2589 510; x_wconf 83' lang='lat' dir='ltr'><strong>abolitionem</strong></span> <span class='ocrx_word' id='word_1_16' title='bbox 2610 450 2667 522; x_wconf 76' lang='lat'><strong>&quot;‘,</strong></span> <span class='ocrx_word' id='word_1_17' title='bbox 2684 466 2732 510; x_wconf 89' lang='lat' dir='ltr'><strong>et</strong></span> <span class='ocrx_word' id='word_1_18' title='bbox 2753 457 3005 521; x_wconf 87' lang='lat' dir='ltr'><strong>omnium,</strong></span> <span class='ocrx_word' id='word_1_19' title='bbox 3029 468 3084 512; x_wconf 84' lang='lat' dir='ltr'><strong>ut</strong></span> <span class='ocrx_word' id='word_1_20' title='bbox 3113 465 3545 533; x_wconf 74' lang='lat' dir='ltr'><strong>comprehenderis</strong></span> 
     </span>
    </p>
   </div>
   <div class='ocr_carea' id='block_1_5' title="bbox 296 540 1869 607">
    <p class='ocr_par' dir='ltr' id='par_1_5' title="bbox 296 540 1869 607">
     <span class='ocr_line' id='line_1_5' title="bbox 296 540 1869 607; baseline 0.001 -13"><span class='ocrx_word' id='word_1_21' title='bbox 296 540 595 594; x_wconf 91' lang='lat' dir='ltr'><strong>substantia</strong></span> <span class='ocrx_word' id='word_1_22' title='bbox 643 542 841 596; x_wconf 90' lang='lat' dir='ltr'><strong>bonum</strong></span> <span class='ocrx_word' id='word_1_23' title='bbox 880 542 971 607; x_wconf 88' lang='lat' dir='ltr'><strong>sit,</strong></span> <span class='ocrx_word' id='word_1_24' title='bbox 1007 542 1209 597; x_wconf 85' lang='lat' dir='ltr'><strong>homini</strong></span> <span class='ocrx_word' id='word_1_25' title='bbox 1255 549 1431 596; x_wconf 88' lang='lat' dir='ltr'><strong>tamen</strong></span> <span class='ocrx_word' id='word_1_26' title='bbox 1484 540 1869 597; x_wconf 84' lang='lat' dir='ltr'><strong>inconveniens</strong></span> 
     </span>
    </p>
   </div>
   <div class='ocr_carea' id='block_1_6' title="bbox 295 628 1869 695">
    <p class='ocr_par' dir='ltr' id='par_1_6' title="bbox 295 628 1869 695">
     <span class='ocr_line' id='line_1_6' title="bbox 295 628 1869 695; baseline 0.001 -12"><span class='ocrx_word' id='word_1_27' title='bbox 295 639 350 683; x_wconf 91' lang='lat' dir='ltr'><strong>et</strong></span> <span class='ocrx_word' id='word_1_28' title='bbox 379 628 633 695; x_wconf 80' lang='lat' dir='ltr'><strong>alienum.</strong></span> <span class='ocrx_word' id='word_1_29' title='bbox 675 628 782 684; x_wconf 83' lang='lat' dir='ltr'><strong>Nec</strong></span> <span class='ocrx_word' id='word_1_30' title='bbox 805 630 1022 686; x_wconf 84' lang='lat' dir='ltr'><strong>aliunde</strong></span> <span class='ocrx_word' id='word_1_31' title='bbox 1051 632 1315 686; x_wconf 90' lang='lat' dir='ltr'><strong>humanae</strong></span> <span class='ocrx_word' id='word_1_32' title='bbox 1341 639 1563 686; x_wconf 89' lang='lat' dir='ltr'><strong>naturae</strong></span> <span class='ocrx_word' id='word_1_33' title='bbox 1586 629 1869 685; x_wconf 86' lang='lat' dir='ltr'><strong>irrationa-</strong></span> 
     </span>
    </p>
   </div>
   <div class='ocr_carea' id='block_1_7' title="bbox 294 714 1872 789">
    <p class='ocr_par' dir='ltr' id='par_1_7' title="bbox 294 714 1872 789">
     <span class='ocr_line' id='line_1_7' title="bbox 294 714 1872 789; baseline 0 -16"><span class='ocrx_word' id='word_1_34' title='bbox 294 714 428 773; x_wconf 83' lang='lat' dir='ltr'><strong>biles</strong></span> <span class='ocrx_word' id='word_1_35' title='bbox 454 728 632 773; x_wconf 88' lang='lat' dir='ltr'><strong>motus</strong></span> <span class='ocrx_word' id='word_1_36' title='bbox 676 728 1125 789; x_wconf 84' lang='lat' dir='ltr'><strong>supervenerunt,</strong></span> <span class='ocrx_word' id='word_1_37' title='bbox 1161 722 1261 776; x_wconf 91' lang='lat' dir='ltr'><strong>nisi</strong></span> <span class='ocrx_word' id='word_1_38' title='bbox 1308 736 1375 775; x_wconf 83' lang='lat' dir='ltr'><strong>ex</strong></span> <span class='ocrx_word' id='word_1_39' title='bbox 1420 721 1717 776; x_wconf 78' lang='lat' dir='ltr'><strong>bestiarum</strong></span> <span class='ocrx_word' id='word_1_40' title='bbox 1748 718 1872 773; x_wconf 81' lang='lat' dir='ltr'><strong>sub-</strong></span> 
     </span>
    </p>
   </div>
   <div class='ocr_carea' id='block_1_8' title="bbox 292 809 1867 882">
    <p class='ocr_par' dir='ltr' id='par_1_8' title="bbox 292 809 1867 882">
     <span class='ocr_line' id='line_1_8' title="bbox 292 809 1867 882; baseline 0.001 -20"><span class='ocrx_word' id='word_1_41' title='bbox 292 809 530 863; x_wconf 83' lang='lat' dir='ltr'><strong>stantiali</strong></span> <span class='ocrx_word' id='word_1_42' title='bbox 562 809 784 879; x_wconf 86' lang='lat' dir='ltr'><strong>impetu,</strong></span> <span class='ocrx_word' id='word_1_43' title='bbox 812 812 1009 882; x_wconf 87' lang='lat' dir='ltr'><strong>quibus</strong></span> <span class='ocrx_word' id='word_1_44' title='bbox 1031 814 1303 881; x_wconf 73' lang='lat' dir='ltr'><strong>peccando</strong></span> <span class='ocrx_word' id='word_1_45' title='bbox 1344 812 1536 869; x_wconf 83' lang='lat' dir='ltr'><strong>similis</strong></span> <span class='ocrx_word' id='word_1_46' title='bbox 1582 810 1723 867; x_wconf 84' lang='lat' dir='ltr'><strong>l‘acta</strong></span> <span class='ocrx_word' id='word_1_47' title='bbox 1763 818 1867 865; x_wconf 85' lang='lat' dir='ltr'><strong>est.</strong></span> 
     </span>
    </p>
   </div>
   <div class='ocr_carea' id='block_1_9' title="bbox 293 897 1870 975">
    <p class='ocr_par' dir='ltr' id='par_1_9' title="bbox 293 897 1870 975">
     <span class='ocr_line' id='line_1_9' title="bbox 293 897 1870 975; baseline 0 -21"><span class='ocrx_word' id='word_1_48' title='bbox 293 897 444 967; x_wconf 81' lang='lat' dir='ltr'><strong>Quod</strong></span> <span class='ocrx_word' id='word_1_49' title='bbox 486 900 647 955; x_wconf 88' lang='lat' dir='ltr'><strong>etiam</strong></span> <span class='ocrx_word' id='word_1_50' title='bbox 698 901 839 957; x_wconf 90' lang='lat' dir='ltr'><strong>idem</strong></span> <span class='ocrx_word' id='word_1_51' title='bbox 891 901 1183 972; x_wconf 81' lang='lat' dir='ltr'><strong>Gregorius</strong></span> <span class='ocrx_word' id='word_1_52' title='bbox 1227 903 1498 975; x_wconf 82' lang='lat' dir='ltr'><strong>Nyssaeus</strong></span> <span class='ocrx_word' id='word_1_53' title='bbox 1541 910 1769 957; x_wconf 73' lang='lat' dir='ltr'><strong>testatur</strong></span> <span class='ocrx_word' id='word_1_54' title='bbox 1815 900 1870 955; x_wconf 82' lang='lat' dir='ltr'><strong>in</strong></span> 
     </span>
    </p>
   </div>
   <div class='ocr_carea' id='block_1_10' title="bbox 292 990 1871 1066">
    <p class='ocr_par' dir='ltr' id='par_1_10' title="bbox 292 990 1871 1066">
     <span class='ocr_line' id='line_1_10' title="bbox 292 990 1871 1066; baseline 0.001 -22"><span class='ocrx_word' id='word_1_55' title='bbox 292 990 527 1059; x_wconf 87' lang='lat' dir='ltr'><strong>capitulo</strong></span> <span class='ocrx_word' id='word_1_56' title='bbox 561 991 770 1047; x_wconf 91' lang='lat' dir='ltr'><strong>decimo</strong></span> <span class='ocrx_word' id='word_1_57' title='bbox 790 1002 985 1048; x_wconf 76' lang='lat' dir='ltr'><strong>octavo</strong></span> <span class='ocrx_word' id='word_1_58' title='bbox 1008 994 1071 1048; x_wconf 91' lang='lat' dir='ltr'><strong>de</strong></span> <span class='ocrx_word' id='word_1_59' title='bbox 1106 995 1339 1066; x_wconf 80' lang='lat' dir='ltr'><strong>imagine</strong></span> <span class='ocrx_word' id='word_1_60' title='bbox 1384 995 1405 1027; x_wconf 65' lang='grc' dir='ltr'>ί</span> <span class='ocrx_word' id='word_1_61' title='bbox 1431 1035 1446 1060; x_wconf 91' lang='grc'><strong><em>,</em></strong></span> <span class='ocrx_word' id='word_1_62' title='bbox 1509 995 1695 1049; x_wconf 89' lang='lat' dir='ltr'><strong>dicens</strong></span> <span class='ocrx_word' id='word_1_63' title='bbox 1722 1009 1737 1049; x_wconf 90' lang='lat'><strong>:</strong></span> <span class='ocrx_word' id='word_1_64' title='bbox 1769 991 1871 1045; x_wconf 80' lang='lat' dir='ltr'><strong>Ar—</strong></span> 
     </span>
    </p>
   </div>
   <div class='ocr_carea' id='block_1_11' title="bbox 261 1080 1873 1154">
    <p class='ocr_par' dir='ltr' id='par_1_11' title="bbox 261 1080 1873 1154">
     <span class='ocr_line' id='line_1_11' title="bbox 261 1080 1873 1154; baseline -0.002 -17"><span class='ocrx_word' id='word_1_65' title='bbox 261 1106 265 1110; x_wconf 91' lang='grc'>·</span> <span class='ocrx_word' id='word_1_66' title='bbox 290 1081 455 1137; x_wconf 90' lang='lat' dir='ltr'><strong>bitror</strong></span> <span class='ocrx_word' id='word_1_67' title='bbox 478 1099 543 1136; x_wconf 76' lang='lat' dir='ltr'><strong>ex</strong></span> <span class='ocrx_word' id='word_1_68' title='bbox 570 1086 666 1136; x_wconf 80' lang='lat' dir='ltr'><strong>hoc</strong></span> <span class='ocrx_word' id='word_1_69' title='bbox 698 1084 973 1154; x_wconf 85' lang='lat' dir='ltr'><strong>principio,</strong></span> <span class='ocrx_word' id='word_1_70' title='bbox 1015 1084 1359 1139; x_wconf 77' lang='lat' dir='ltr'><strong>similitudine</strong></span> <span class='ocrx_word' id='word_1_71' title='bbox 1385 1083 1618 1138; x_wconf 77' lang='lat' dir='ltr'><strong>videlicet</strong></span> <span class='ocrx_word' id='word_1_72' title='bbox 1656 1080 1873 1135; x_wconf 84' lang='lat' dir='ltr'><strong>irratio-</strong></span> 
     </span>
    </p>
   </div>
   <div class='ocr_carea' id='block_1_12' title="bbox 292 1172 1869 1245">
    <p class='ocr_par' dir='ltr' id='par_1_12' title="bbox 292 1172 1869 1245">
     <span class='ocr_line' id='line_1_12' title="bbox 292 1172 1869 1245; baseline -0.001 -18"><span class='ocrx_word' id='word_1_73' title='bbox 292 1172 547 1228; x_wconf 89' lang='lat' dir='ltr'><strong>nabilium</strong></span> <span class='ocrx_word' id='word_1_74' title='bbox 611 1177 996 1241; x_wconf 84' lang='lat' dir='ltr'><strong>animantium,</strong></span> <span class='ocrx_word' id='word_1_75' title='bbox 1056 1178 1211 1230; x_wconf 85' lang='lat' dir='ltr'><strong>etiam</strong></span> <span class='ocrx_word' id='word_1_76' title='bbox 1272 1176 1507 1245; x_wconf 83' lang='lat' dir='ltr'><strong>singulas</strong></span> <span class='ocrx_word' id='word_1_77' title='bbox 1569 1176 1869 1245; x_wconf 85' lang='lat' dir='ltr'><strong>passiones,</strong></span> 
     </span>
    </p>
   </div>
   <div class='ocr_carea' id='block_1_13' title="bbox 292 1264 1873 1337">
    <p class='ocr_par' dir='ltr' id='par_1_13' title="bbox 292 1264 1873 1337">
     <span class='ocr_line' id='line_1_13' title="bbox 292 1264 1873 1337; baseline -0.001 -19"><span class='ocrx_word' id='word_1_78' title='bbox 292 1264 449 1318; x_wconf 81' lang='lat' dir='ltr'><strong>veluti</strong></span> <span class='ocrx_word' id='word_1_79' title='bbox 496 1282 562 1320; x_wconf 80' lang='lat' dir='ltr'><strong>ea:</strong></span> <span class='ocrx_word' id='word_1_80' title='bbox 608 1266 747 1335; x_wconf 79' lang='lat' dir='ltr'><strong>fonte</strong></span> <span class='ocrx_word' id='word_1_81' title='bbox 794 1267 1021 1337; x_wconf 87' lang='lat' dir='ltr'><strong>quodam</strong></span> <span class='ocrx_word' id='word_1_82' title='bbox 1046 1267 1438 1321; x_wconf 89' lang='lat' dir='ltr'><strong>inundationem</strong></span> <span class='ocrx_word' id='word_1_83' title='bbox 1468 1267 1506 1331; x_wconf 71' lang='lat'><strong>&#39;,</strong></span> <span class='ocrx_word' id='word_1_84' title='bbox 1544 1267 1599 1320; x_wconf 90' lang='lat' dir='ltr'><strong>in</strong></span> <span class='ocrx_word' id='word_1_85' title='bbox 1642 1265 1873 1317; x_wconf 84' lang='lat' dir='ltr'><strong>humana</strong></span> 
     </span>
    </p>
   </div>
   <div class='ocr_carea' id='block_1_14' title="bbox 288 1357 1873 1428">
    <p class='ocr_par' dir='ltr' id='par_1_14' title="bbox 288 1357 1873 1428">
     <span class='ocr_line' id='line_1_14' title="bbox 288 1357 1873 1428; baseline 0 -19"><span class='ocrx_word' id='word_1_86' title='bbox 288 1357 395 1410; x_wconf 72' lang='lat' dir='ltr'><strong>vita</strong></span> <span class='ocrx_word' id='word_1_87' title='bbox 424 1359 683 1412; x_wconf 87' lang='lat' dir='ltr'><strong>conditas.</strong></span> <span class='ocrx_word' id='word_1_88' title='bbox 729 1357 883 1413; x_wconf 85' lang='lat' dir='ltr'><strong>Hanc</strong></span> <span class='ocrx_word' id='word_1_89' title='bbox 925 1368 1098 1414; x_wconf 84' lang='lat' dir='ltr'><strong>autem</strong></span> <span class='ocrx_word' id='word_1_90' title='bbox 1131 1360 1383 1414; x_wconf 86' lang='lat' dir='ltr'><strong>rationem</strong></span> <span class='ocrx_word' id='word_1_91' title='bbox 1409 1359 1683 1428; x_wconf 83' lang='lat' dir='ltr'><strong>conﬁrmat</strong></span> <span class='ocrx_word' id='word_1_92' title='bbox 1713 1357 1735 1389; x_wconf 83' lang='grc'>⁸</span> <span class='ocrx_word' id='word_1_93' title='bbox 1761 1357 1873 1427; x_wconf 83' lang='lat' dir='ltr'><strong>ipsa</strong></span> 
     </span>
    </p>
   </div>
   <div class='ocr_carea' id='block_1_15' title="bbox 290 1447 1875 1520">
    <p class='ocr_par' dir='ltr' id='par_1_15' title="bbox 290 1447 1875 1520">
     <span class='ocr_line' id='line_1_15' title="bbox 290 1447 1875 1520; baseline -0.001 -20"><span class='ocrx_word' id='word_1_94' title='bbox 290 1448 596 1515; x_wconf 80' lang='lat' dir='ltr'><strong>passionum</strong></span> <span class='ocrx_word' id='word_1_95' title='bbox 643 1451 905 1519; x_wconf 76' lang='lat' dir='ltr'><strong>cognatio,</strong></span> <span class='ocrx_word' id='word_1_96' title='bbox 941 1450 1231 1520; x_wconf 77' lang='lat' dir='ltr'><strong>aequaliter</strong></span> <span class='ocrx_word' id='word_1_97' title='bbox 1273 1461 1319 1504; x_wconf 90' lang='lat' dir='ltr'><strong>et</strong></span> <span class='ocrx_word' id='word_1_98' title='bbox 1357 1452 1413 1505; x_wconf 86' lang='lat' dir='ltr'><strong>in</strong></span> <span class='ocrx_word' id='word_1_99' title='bbox 1443 1449 1611 1513; x_wconf 87' lang='lat' dir='ltr'><strong>nobis,</strong></span> <span class='ocrx_word' id='word_1_100' title='bbox 1647 1457 1695 1502; x_wconf 91' lang='lat' dir='ltr'><strong>et</strong></span> <span class='ocrx_word' id='word_1_101' title='bbox 1738 1447 1875 1501; x_wconf 86' lang='lat' dir='ltr'><strong>irra-</strong></span> 
     </span>
    </p>
   </div>
   <div class='ocr_carea' id='block_1_16' title="bbox 289 1538 1875 1611">
    <p class='ocr_par' dir='ltr' id='par_1_16' title="bbox 289 1538 1875 1611">
     <span class='ocr_line' id='line_1_16' title="bbox 289 1538 1875 1611; baseline -0.001 -20"><span class='ocrx_word' id='word_1_102' title='bbox 289 1538 623 1592; x_wconf 85' lang='lat' dir='ltr'><strong>tionabilibus</strong></span> <span class='ocrx_word' id='word_1_103' title='bbox 646 1540 1035 1611; x_wconf 70' lang='lat' dir='ltr'><strong>manifestata‘.</strong></span> <span class='ocrx_word' id='word_1_104' title='bbox 1062 1542 1183 1596; x_wconf 88' lang='lat' dir='ltr'><strong>Non</strong></span> <span class='ocrx_word' id='word_1_105' title='bbox 1197 1544 1331 1596; x_wconf 86' lang='lat' dir='ltr'><strong>enim</strong></span> <span class='ocrx_word' id='word_1_106' title='bbox 1351 1541 1555 1611; x_wconf 86' lang='lat' dir='ltr'><strong>justum</strong></span> <span class='ocrx_word' id='word_1_107' title='bbox 1578 1548 1674 1602; x_wconf 85' lang='lat' dir='ltr'><strong>est,</strong></span> <span class='ocrx_word' id='word_1_108' title='bbox 1693 1539 1747 1591; x_wconf 88' lang='lat' dir='ltr'><strong>in</strong></span> <span class='ocrx_word' id='word_1_109' title='bbox 1777 1538 1875 1590; x_wconf 85' lang='lat' dir='ltr'><strong>hu-</strong></span> 
     </span>
    </p>
   </div>
   <div class='ocr_carea' id='block_1_17' title="bbox 290 1625 1875 1703">
    <p class='ocr_par' dir='ltr' id='par_1_17' title="bbox 290 1625 1875 1703">
     <span class='ocr_line' id='line_1_17' title="bbox 290 1625 1875 1703; baseline 0 -25"><span class='ocrx_word' id='word_1_110' title='bbox 290 1642 447 1681; x_wconf 87' lang='lat' dir='ltr'><strong>mana</strong></span> <span class='ocrx_word' id='word_1_111' title='bbox 475 1637 665 1683; x_wconf 87' lang='lat' dir='ltr'><strong>natura</strong></span> <span class='ocrx_word' id='word_1_112' title='bbox 688 1631 794 1683; x_wconf 81' lang='lat' dir='ltr'><strong>&#39;ad</strong></span> <span class='ocrx_word' id='word_1_113' title='bbox 818 1633 1047 1688; x_wconf 86' lang='lat' dir='ltr'><strong>divinam</strong></span> <span class='ocrx_word' id='word_1_114' title='bbox 1076 1634 1292 1703; x_wconf 84' lang='lat' dir='ltr'><strong>speciem</strong></span> <span class='ocrx_word' id='word_1_115' title='bbox 1318 1632 1544 1701; x_wconf 82' lang='lat' dir='ltr'><strong>formata</strong></span> <span class='ocrx_word' id='word_1_116' title='bbox 1566 1629 1586 1661; x_wconf 81' lang='lat'><strong><em>°</em></strong></span> <span class='ocrx_word' id='word_1_117' title='bbox 1614 1625 1875 1698; x_wconf 85' lang='lat' dir='ltr'><strong>passibilis</strong></span> 
     </span>
    </p>
   </div>
   <div class='ocr_carea' id='block_1_18' title="bbox 218 1717 1880 1795">
    <p class='ocr_par' dir='ltr' id='par_1_18' title="bbox 218 1717 1880 1795">
     <span class='ocr_line' id='line_1_18' title="bbox 218 1717 1880 1795; baseline 0.002 -26"><span class='ocrx_word' id='word_1_118' title='bbox 218 1782 222 1786; x_wconf 17' lang='grc' dir='ltr'><strong>Α</strong></span> <span class='ocrx_word' id='word_1_119' title='bbox 284 1718 507 1787; x_wconf 68' lang='lat' dir='ltr'><strong>a/fectns</strong></span> <span class='ocrx_word' id='word_1_120' title='bbox 528 1722 794 1788; x_wconf 83' lang='lat' dir='ltr'><strong>perhibere</strong></span> <span class='ocrx_word' id='word_1_121' title='bbox 819 1726 840 1756; x_wconf 77' lang='grc' dir='ltr'>τ</span> <span class='ocrx_word' id='word_1_122' title='bbox 856 1725 1136 1795; x_wconf 87' lang='lat' dir='ltr'><strong>principia.</strong></span> <span class='ocrx_word' id='word_1_123' title='bbox 1157 1724 1296 1779; x_wconf 87' lang='lat' dir='ltr'><strong>Nam</strong></span> <span class='ocrx_word' id='word_1_124' title='bbox 1321 1740 1422 1778; x_wconf 86' lang='lat' dir='ltr'><strong>non</strong></span> <span class='ocrx_word' id='word_1_125' title='bbox 1436 1720 1719 1776; x_wconf 84' lang='lat' dir='ltr'><strong>secundum</strong></span> <span class='ocrx_word' id='word_1_126' title='bbox 1734 1717 1880 1786; x_wconf 80' lang='lat' dir='ltr'><strong>[uro—</strong></span> 
     </span>
    </p>
   </div>
   <div class='ocr_carea' id='block_1_19' title="bbox 1967 541 3541 622">
    <p class='ocr_par' dir='ltr' id='par_1_19' title="bbox 1967 541 3541 622">
     <span class='ocr_line' id='line_1_19' title="bbox 1967 541 3541 622; baseline 0.012 -29"><span class='ocrx_word' id='word_1_127' title='bbox 1967 541 2160 605; x_wconf 87' lang='lat' dir='ltr'><strong>dicam,</strong></span> <span class='ocrx_word' id='word_1_128' title='bbox 2205 542 2465 597; x_wconf 88' lang='lat' dir='ltr'><strong>malorum</strong></span> <span class='ocrx_word' id='word_1_129' title='bbox 2515 545 2814 601; x_wconf 80' lang='lat' dir='ltr'><strong>terminum.</strong></span> <span class='ocrx_word' id='word_1_130' title='bbox 2859 547 3009 603; x_wconf 87' lang='lat' dir='ltr'><strong>Finis</strong></span> <span class='ocrx_word' id='word_1_131' title='bbox 3054 550 3235 620; x_wconf 81' lang='lat' dir='ltr'><strong>itaque</strong></span> <span class='ocrx_word' id='word_1_132' title='bbox 3289 569 3541 622; x_wconf 81' lang='lat' dir='ltr'><strong>praesen-</strong></span> 
     </span>
    </p>
   </div>
   <div class='ocr_carea' id='block_1_20' title="bbox 1970 631 3541 714">
    <p class='ocr_par' dir='ltr' id='par_1_20' title="bbox 1970 631 3541 714">
     <span class='ocr_line' id='line_1_20' title="bbox 1970 631 3541 714; baseline 0.01 -30"><span class='ocrx_word' id='word_1_133' title='bbox 1970 631 2038 686; x_wconf 90' lang='lat' dir='ltr'><strong>tis</strong></span> <span class='ocrx_word' id='word_1_134' title='bbox 2064 632 2205 686; x_wconf 85' lang='lat' dir='ltr'><strong>vitae</strong></span> <span class='ocrx_word' id='word_1_135' title='bbox 2228 633 2437 688; x_wconf 87' lang='lat' dir='ltr'><strong>initium</strong></span> <span class='ocrx_word' id='word_1_136' title='bbox 2482 645 2568 691; x_wconf 89' lang='lat' dir='ltr'><strong>est</strong></span> <span class='ocrx_word' id='word_1_137' title='bbox 2596 634 2827 699; x_wconf 76' lang='lat' dir='ltr'><strong>futurae,</strong></span> <span class='ocrx_word' id='word_1_138' title='bbox 2866 648 2921 692; x_wconf 91' lang='lat' dir='ltr'><strong>et</strong></span> <span class='ocrx_word' id='word_1_139' title='bbox 2948 655 3096 693; x_wconf 84' lang='lat' dir='ltr'><strong>mors</strong></span> <span class='ocrx_word' id='word_1_140' title='bbox 3135 643 3319 697; x_wconf 86' lang='lat' dir='ltr'><strong>carnis</strong></span> <span class='ocrx_word' id='word_1_141' title='bbox 3364 648 3541 714; x_wconf 74' lang='lat' dir='ltr'><strong>auspi-</strong></span> 
     </span>
    </p>
   </div>
   <div class='ocr_carea' id='block_1_21' title="bbox 1967 723 3541 803">
    <p class='ocr_par' dir='ltr' id='par_1_21' title="bbox 1967 723 3541 803">
     <span class='ocr_line' id='line_1_21' title="bbox 1967 723 3541 803; baseline 0.01 -26"><span class='ocrx_word' id='word_1_142' title='bbox 1967 723 2112 777; x_wconf 87' lang='lat' dir='ltr'><strong>cium</strong></span> <span class='ocrx_word' id='word_1_143' title='bbox 2155 734 2379 779; x_wconf 84' lang='lat' dir='ltr'><strong>naturae</strong></span> <span class='ocrx_word' id='word_1_144' title='bbox 2409 727 2785 793; x_wconf 83' lang='lat' dir='ltr'><strong>restitutionis,</strong></span> <span class='ocrx_word' id='word_1_145' title='bbox 2828 739 2885 785; x_wconf 87' lang='lat' dir='ltr'><strong>et</strong></span> <span class='ocrx_word' id='word_1_146' title='bbox 2923 731 2975 785; x_wconf 91' lang='lat' dir='ltr'><strong>in</strong></span> <span class='ocrx_word' id='word_1_147' title='bbox 3018 732 3294 803; x_wconf 75' lang='lat' dir='ltr'><strong>antiquam</strong></span> <span class='ocrx_word' id='word_1_148' title='bbox 3343 736 3541 791; x_wconf 87' lang='lat' dir='ltr'><strong>incolu-</strong></span> 
     </span>
    </p>
   </div>
   <div class='ocr_carea' id='block_1_22' title="bbox 1968 813 2482 872">
    <p class='ocr_par' dir='ltr' id='par_1_22' title="bbox 1968 813 2482 872">
     <span class='ocr_line' id='line_1_22' title="bbox 1968 813 2482 872; baseline 0.008 -6"><span class='ocrx_word' id='word_1_149' title='bbox 1968 813 2212 868; x_wconf 84' lang='lat' dir='ltr'><strong>mitatem</strong></span> <span class='ocrx_word' id='word_1_150' title='bbox 2255 817 2482 872; x_wconf 90' lang='lat' dir='ltr'><strong>reditus.</strong></span> 
     </span>
    </p>
   </div>
   <div class='ocr_carea' id='block_1_23' title="bbox 2039 902 3541 982">
    <p class='ocr_par' dir='ltr' id='par_1_23' title="bbox 2039 902 3541 982">
     <span class='ocr_line' id='line_1_23' title="bbox 2039 902 3541 982; baseline 0.011 -24"><span class='ocrx_word' id='word_1_151' title='bbox 2039 903 2091 958; x_wconf 89' lang='lat'><strong>8.</strong></span> <span class='ocrx_word' id='word_1_152' title='bbox 2135 902 2318 959; x_wconf 80' lang='lat' dir='ltr'><strong>Prima</strong></span> <span class='ocrx_word' id='word_1_153' title='bbox 2348 908 2509 978; x_wconf 77' lang='lat' dir='ltr'><strong>igitur</strong></span> <span class='ocrx_word' id='word_1_154' title='bbox 2545 909 2813 965; x_wconf 90' lang='lat' dir='ltr'><strong>humanae</strong></span> <span class='ocrx_word' id='word_1_155' title='bbox 2862 921 3090 969; x_wconf 84' lang='lat' dir='ltr'><strong>naturae</strong></span> <span class='ocrx_word' id='word_1_156' title='bbox 3143 919 3384 973; x_wconf 72' lang='lat' dir='ltr'><strong>reversio</strong></span> <span class='ocrx_word' id='word_1_157' title='bbox 3435 926 3541 982; x_wconf 78' lang='lat' dir='ltr'><strong>est,</strong></span> 
     </span>
    </p>
   </div>
   <div class='ocr_carea' id='block_1_24' title="bbox 1970 998 3546 1073">
    <p class='ocr_par' dir='ltr' id='par_1_24' title="bbox 1970 998 3546 1073">
     <span class='ocr_line' id='line_1_24' title="bbox 1970 998 3546 1073; baseline 0.01 -24"><span class='ocrx_word' id='word_1_158' title='bbox 1970 998 2184 1066; x_wconf 79' lang='lat' dir='ltr'><strong>quando</strong></span> <span class='ocrx_word' id='word_1_159' title='bbox 2207 1013 2402 1069; x_wconf 90' lang='lat' dir='ltr'><strong>corpus</strong></span> <span class='ocrx_word' id='word_1_160' title='bbox 2433 1001 2676 1066; x_wconf 77' lang='lat' dir='ltr'><strong>solvitur,</strong></span> <span class='ocrx_word' id='word_1_161' title='bbox 2695 1013 2748 1057; x_wconf 89' lang='lat' dir='ltr'><strong>et</strong></span> <span class='ocrx_word' id='word_1_162' title='bbox 2777 1004 2829 1058; x_wconf 86' lang='lat' dir='ltr'><strong>in</strong></span> <span class='ocrx_word' id='word_1_163' title='bbox 2856 1014 3108 1073; x_wconf 85' lang='lat' dir='ltr'><strong>quattuor</strong></span> <span class='ocrx_word' id='word_1_164' title='bbox 3125 1007 3394 1064; x_wconf 86' lang='lat' dir='ltr'><strong>elementa</strong></span> <span class='ocrx_word' id='word_1_165' title='bbox 3419 1026 3546 1065; x_wconf 86' lang='lat' dir='ltr'><strong>sen-</strong></span> 
     </span>
    </p>
   </div>
   <div class='ocr_carea' id='block_1_25' title="bbox 1972 1086 3543 1164">
    <p class='ocr_par' dir='ltr' id='par_1_25' title="bbox 1972 1086 3543 1164">
     <span class='ocr_line' id='line_1_25' title="bbox 1972 1086 3543 1164; baseline 0.008 -23"><span class='ocrx_word' id='word_1_166' title='bbox 1972 1086 2145 1142; x_wconf 81' lang='lat' dir='ltr'><strong>sibilis</strong></span> <span class='ocrx_word' id='word_1_167' title='bbox 2169 1090 2374 1153; x_wconf 89' lang='lat' dir='ltr'><strong>mundi,</strong></span> <span class='ocrx_word' id='word_1_168' title='bbox 2399 1105 2465 1144; x_wconf 79' lang='lat' dir='ltr'><strong>ex</strong></span> <span class='ocrx_word' id='word_1_169' title='bbox 2488 1091 2682 1161; x_wconf 86' lang='lat' dir='ltr'><strong>quibus</strong></span> <span class='ocrx_word' id='word_1_170' title='bbox 2703 1096 3059 1164; x_wconf 80' lang='lat' dir='ltr'><strong>compositum</strong></span> <span class='ocrx_word' id='word_1_171' title='bbox 3090 1106 3202 1162; x_wconf 86' lang='lat' dir='ltr'><strong>est,</strong></span> <span class='ocrx_word' id='word_1_172' title='bbox 3233 1109 3543 1154; x_wconf 83' lang='lat' dir='ltr'><strong>revocatur.</strong></span> 
     </span>
    </p>
   </div>
   <div class='ocr_carea' id='block_1_26' title="bbox 1973 1174 3548 1258">
    <p class='ocr_par' dir='ltr' id='par_1_26' title="bbox 1973 1174 3548 1258">
     <span class='ocr_line' id='line_1_26' title="bbox 1973 1174 3548 1258; baseline 0.009 -27"><span class='ocrx_word' id='word_1_173' title='bbox 1973 1174 2217 1231; x_wconf 81' lang='lat' dir='ltr'><strong>Secunda</strong></span> <span class='ocrx_word' id='word_1_174' title='bbox 2244 1179 2296 1231; x_wconf 91' lang='lat' dir='ltr'><strong>iu</strong></span> <span class='ocrx_word' id='word_1_175' title='bbox 2340 1184 2736 1237; x_wconf 82' lang='lat' dir='ltr'><strong>resurrectione</strong></span> <span class='ocrx_word' id='word_1_176' title='bbox 2770 1182 3102 1255; x_wconf 83' lang='lat' dir='ltr'><strong>implebitur,</strong></span> <span class='ocrx_word' id='word_1_177' title='bbox 3133 1190 3348 1258; x_wconf 78' lang='lat' dir='ltr'><strong>quando</strong></span> <span class='ocrx_word' id='word_1_178' title='bbox 3384 1207 3548 1246; x_wconf 56' lang='lat' dir='ltr'><strong>unus-</strong></span> 
     </span>
    </p>
   </div>
   <div class='ocr_carea' id='block_1_27' title="bbox 1972 1268 3551 1350">
    <p class='ocr_par' dir='ltr' id='par_1_27' title="bbox 1972 1268 3551 1350">
     <span class='ocr_line' id='line_1_27' title="bbox 1972 1268 3551 1350; baseline 0.009 -31"><span class='ocrx_word' id='word_1_179' title='bbox 1972 1268 2199 1337; x_wconf 86' lang='lat' dir='ltr'><strong>quisque</strong></span> <span class='ocrx_word' id='word_1_180' title='bbox 2221 1284 2373 1324; x_wconf 88' lang='lat' dir='ltr'><strong>suum</strong></span> <span class='ocrx_word' id='word_1_181' title='bbox 2398 1273 2673 1341; x_wconf 89' lang='lat' dir='ltr'><strong>proprium</strong></span> <span class='ocrx_word' id='word_1_182' title='bbox 2698 1290 2892 1344; x_wconf 87' lang='lat' dir='ltr'><strong>corpus</strong></span> <span class='ocrx_word' id='word_1_183' title='bbox 2906 1291 2973 1331; x_wconf 77' lang='lat' dir='ltr'><strong>ex</strong></span> <span class='ocrx_word' id='word_1_184' title='bbox 2995 1279 3374 1333; x_wconf 82' lang='lat' dir='ltr'><strong>communione</strong></span> <span class='ocrx_word' id='word_1_185' title='bbox 3396 1291 3551 1350; x_wconf 86' lang='lat' dir='ltr'><strong>quat-</strong></span> 
     </span>
    </p>
   </div>
   <div class='ocr_carea' id='block_1_28' title="bbox 1974 1359 3553 1441">
    <p class='ocr_par' dir='ltr' id='par_1_28' title="bbox 1974 1359 3553 1441">
     <span class='ocr_line' id='line_1_28' title="bbox 1974 1359 3553 1441; baseline 0.009 -30"><span class='ocrx_word' id='word_1_186' title='bbox 1974 1366 2096 1411; x_wconf 87' lang='lat' dir='ltr'><strong>tuor</strong></span> <span class='ocrx_word' id='word_1_187' title='bbox 2119 1359 2502 1414; x_wconf 73' lang='lat' dir='ltr'><strong>elementorum</strong></span> <span class='ocrx_word' id='word_1_188' title='bbox 2530 1364 2770 1433; x_wconf 86' lang='lat' dir='ltr'><strong>recipiet.</strong></span> <span class='ocrx_word' id='word_1_189' title='bbox 2800 1365 2995 1430; x_wconf 82' lang='lat' dir='ltr'><strong>Tertia,</strong></span> <span class='ocrx_word' id='word_1_190' title='bbox 3018 1362 3229 1437; x_wconf 76' lang='lat' dir='ltr'><strong>quando</strong></span> <span class='ocrx_word' id='word_1_191' title='bbox 3255 1386 3453 1441; x_wconf 86' lang='lat' dir='ltr'><strong>corpus</strong></span> <span class='ocrx_word' id='word_1_192' title='bbox 3496 1373 3553 1426; x_wconf 84' lang='lat' dir='ltr'><strong>in</strong></span> 
     </span>
    </p>
   </div>
   <div class='ocr_carea' id='block_1_29' title="bbox 1974 1448 3552 1527">
    <p class='ocr_par' dir='ltr' id='par_1_29' title="bbox 1974 1448 3552 1527">
     <span class='ocr_line' id='line_1_29' title="bbox 1974 1448 3552 1527; baseline 0.009 -28"><span class='ocrx_word' id='word_1_193' title='bbox 1974 1448 2222 1516; x_wconf 85' lang='lat' dir='ltr'><strong>spiritum</strong></span> <span class='ocrx_word' id='word_1_194' title='bbox 2270 1451 2580 1505; x_wconf 84' lang='lat' dir='ltr'><strong>mutabitur.</strong></span> <span class='ocrx_word' id='word_1_195' title='bbox 2634 1455 2856 1519; x_wconf 80' lang='lat' dir='ltr'><strong>Quarta,</strong></span> <span class='ocrx_word' id='word_1_196' title='bbox 2879 1459 3092 1525; x_wconf 84' lang='lat' dir='ltr'><strong>quando</strong></span> <span class='ocrx_word' id='word_1_197' title='bbox 3123 1458 3363 1527; x_wconf 85' lang='lat' dir='ltr'><strong>spiritus,</strong></span> <span class='ocrx_word' id='word_1_198' title='bbox 3387 1471 3465 1525; x_wconf 89' lang='lat' dir='ltr'><strong>et,</strong></span> <span class='ocrx_word' id='word_1_199' title='bbox 3494 1472 3552 1514; x_wconf 89' lang='lat' dir='ltr'><strong>ut</strong></span> 
     </span>
    </p>
   </div>
   <div class='ocr_carea' id='block_1_30' title="bbox 1975 1538 3553 1619">
    <p class='ocr_par' dir='ltr' id='par_1_30' title="bbox 1975 1538 3553 1619">
     <span class='ocr_line' id='line_1_30' title="bbox 1975 1538 3553 1619; baseline 0.011 -30"><span class='ocrx_word' id='word_1_200' title='bbox 1975 1538 2211 1607; x_wconf 80' lang='lat' dir='ltr'><strong>apertius</strong></span> <span class='ocrx_word' id='word_1_201' title='bbox 2233 1540 2429 1604; x_wconf 90' lang='lat' dir='ltr'><strong>dicam,</strong></span> <span class='ocrx_word' id='word_1_202' title='bbox 2465 1551 2572 1595; x_wconf 86' lang='lat' dir='ltr'><strong>tota</strong></span> <span class='ocrx_word' id='word_1_203' title='bbox 2602 1542 2837 1599; x_wconf 85' lang='lat' dir='ltr'><strong>hominis</strong></span> <span class='ocrx_word' id='word_1_204' title='bbox 2864 1555 3053 1601; x_wconf 88' lang='lat' dir='ltr'><strong>natura</strong></span> <span class='ocrx_word' id='word_1_205' title='bbox 3092 1548 3145 1601; x_wconf 87' lang='lat' dir='ltr'><strong>in</strong></span> <span class='ocrx_word' id='word_1_206' title='bbox 3175 1550 3553 1619; x_wconf 70' lang='lat' dir='ltr'><strong>primordiales</strong></span> 
     </span>
    </p>
   </div>
   <div class='ocr_carea' id='block_1_31' title="bbox 1975 1640 3551 1706">
    <p class='ocr_par' dir='ltr' id='par_1_31' title="bbox 1975 1640 3551 1706">
     <span class='ocr_line' id='line_1_31' title="bbox 1975 1640 3551 1706; baseline 0.008 -23"><span class='ocrx_word' id='word_1_207' title='bbox 1975 1643 2170 1684; x_wconf 85' lang='lat' dir='ltr'><strong>causas</strong></span> <span class='ocrx_word' id='word_1_208' title='bbox 2201 1641 2522 1697; x_wconf 82' lang='lat' dir='ltr'><strong>revertetur,</strong></span> <span class='ocrx_word' id='word_1_209' title='bbox 2553 1648 2693 1702; x_wconf 88' lang='lat' dir='ltr'><strong>quae</strong></span> <span class='ocrx_word' id='word_1_210' title='bbox 2714 1644 2842 1690; x_wconf 91' lang='lat' dir='ltr'><strong>sunt</strong></span> <span class='ocrx_word' id='word_1_211' title='bbox 2866 1651 3081 1706; x_wconf 88' lang='lat' dir='ltr'><strong>semper</strong></span> <span class='ocrx_word' id='word_1_212' title='bbox 3107 1648 3163 1694; x_wconf 89' lang='lat' dir='ltr'><strong>et</strong></span> <span class='ocrx_word' id='word_1_213' title='bbox 3193 1640 3551 1696; x_wconf 83' lang='lat' dir='ltr'><strong>incommuta-</strong></span> 
     </span>
    </p>
   </div>
   <div class='ocr_carea' id='block_1_32' title="bbox 1975 1717 3559 1798">
    <p class='ocr_par' dir='ltr' id='par_1_32' title="bbox 1975 1717 3559 1798">
     <span class='ocr_line' id='line_1_32' title="bbox 1975 1717 3559 1798; baseline 0.009 -26"><span class='ocrx_word' id='word_1_214' title='bbox 1975 1717 2155 1774; x_wconf 81' lang='lat' dir='ltr'><strong>biliter</strong></span> <span class='ocrx_word' id='word_1_215' title='bbox 2181 1720 2233 1773; x_wconf 92' lang='lat' dir='ltr'><strong>in</strong></span> <span class='ocrx_word' id='word_1_216' title='bbox 2265 1721 2395 1777; x_wconf 79' lang='lat' dir='ltr'><strong>Deo.</strong></span> <span class='ocrx_word' id='word_1_217' title='bbox 2431 1721 2648 1788; x_wconf 80' lang='lat' dir='ltr'><strong>Quinta,</strong></span> <span class='ocrx_word' id='word_1_218' title='bbox 2674 1727 2890 1795; x_wconf 81' lang='lat' dir='ltr'><strong>quando</strong></span> <span class='ocrx_word' id='word_1_219' title='bbox 2916 1728 3029 1798; x_wconf 84' lang='lat' dir='ltr'><strong>ipsa</strong></span> <span class='ocrx_word' id='word_1_220' title='bbox 3059 1738 3249 1785; x_wconf 86' lang='lat' dir='ltr'><strong>natura</strong></span> <span class='ocrx_word' id='word_1_221' title='bbox 3280 1747 3401 1786; x_wconf 89' lang='lat' dir='ltr'><strong>cum</strong></span> <span class='ocrx_word' id='word_1_222' title='bbox 3436 1733 3559 1787; x_wconf 80' lang='lat' dir='ltr'><strong>suis</strong></span> 
     </span>
    </p>
   </div>
   <div class='ocr_carea' id='block_1_33' title="bbox 290 1795 3549 1881">
    <p class='ocr_par' dir='ltr' id='par_1_33' title="bbox 290 1795 3549 1881">
     <span class='ocr_line' id='line_1_33' title="bbox 290 1795 3549 1881; baseline 0.004 -20"><span class='ocrx_word' id='word_1_223' title='bbox 290 1823 397 1862; x_wconf 87' lang='lat' dir='ltr'><strong>rem</strong></span> <span class='ocrx_word' id='word_1_224' title='bbox 416 1811 615 1880; x_wconf 76' lang='lat' dir='ltr'><strong>cstipsa</strong></span> <span class='ocrx_word' id='word_1_225' title='bbox 631 1812 854 1868; x_wconf 83' lang='lat' dir='ltr'><strong>hominis</strong></span> <span class='ocrx_word' id='word_1_226' title='bbox 869 1814 938 1869; x_wconf 89' lang='lat' dir='ltr'><strong>ad</strong></span> <span class='ocrx_word' id='word_1_227' title='bbox 962 1814 1122 1870; x_wconf 87' lang='lat' dir='ltr'><strong>Deum</strong></span> <span class='ocrx_word' id='word_1_228' title='bbox 1146 1813 1455 1881; x_wconf 88' lang='lat' dir='ltr'><strong>similitudo,</strong></span> <span class='ocrx_word' id='word_1_229' title='bbox 1480 1826 1640 1878; x_wconf 83' lang='lat' dir='ltr'><strong>neque</strong></span> <span class='ocrx_word' id='word_1_230' title='bbox 1652 1825 1716 1863; x_wconf 74' lang='lat' dir='ltr'><strong>ex</strong></span> <span class='ocrx_word' id='word_1_231' title='bbox 1731 1807 1874 1862; x_wconf 82' lang='lat' dir='ltr'><strong>volu-</strong></span> <span class='ocrx_word' id='word_1_232' title='bbox 1904 1795 1947 1852; x_wconf 79' lang='grc' dir='ltr'><strong>Β</strong></span> <span class='ocrx_word' id='word_1_233' title='bbox 1976 1809 2155 1864; x_wconf 85' lang='lat' dir='ltr'><strong>causis</strong></span> <span class='ocrx_word' id='word_1_234' title='bbox 2184 1811 2487 1866; x_wconf 85' lang='lat' dir='ltr'><strong>movebitur</strong></span> <span class='ocrx_word' id='word_1_235' title='bbox 2531 1814 2584 1867; x_wconf 90' lang='lat' dir='ltr'><strong>in</strong></span> <span class='ocrx_word' id='word_1_236' title='bbox 2632 1814 2795 1869; x_wconf 86' lang='lat' dir='ltr'><strong>Deum</strong></span> <span class='ocrx_word' id='word_1_237' title='bbox 2815 1856 2829 1881; x_wconf 90' lang='lat'><strong>,</strong></span> <span class='ocrx_word' id='word_1_238' title='bbox 2876 1795 3015 1872; x_wconf 78' lang='lat' dir='ltr'><strong>sicut</strong></span> <span class='ocrx_word' id='word_1_239' title='bbox 3059 1834 3154 1874; x_wconf 81' lang='lat' dir='ltr'><strong>aer</strong></span> <span class='ocrx_word' id='word_1_240' title='bbox 3204 1830 3450 1876; x_wconf 88' lang='lat' dir='ltr'><strong>movetur</strong></span> <span class='ocrx_word' id='word_1_241' title='bbox 3492 1824 3549 1876; x_wconf 90' lang='lat' dir='ltr'><strong>in</strong></span> 
     </span>
    </p>
   </div>
   <div class='ocr_carea' id='block_1_34' title="bbox 287 1902 1871 1978">
    <p class='ocr_par' dir='ltr' id='par_1_34' title="bbox 287 1902 1871 1978">
     <span class='ocr_line' id='line_1_34' title="bbox 287 1902 1871 1978; baseline 0.001 -25"><span class='ocrx_word' id='word_1_242' title='bbox 287 1910 429 1969; x_wconf 86' lang='lat' dir='ltr'><strong>ptatc</strong></span> <span class='ocrx_word' id='word_1_243' title='bbox 443 1902 553 1971; x_wconf 85' lang='lat' dir='ltr'><strong>ipsa</strong></span> <span class='ocrx_word' id='word_1_244' title='bbox 567 1908 951 1975; x_wconf 79' lang='lat' dir='ltr'><strong>supereminens</strong></span> <span class='ocrx_word' id='word_1_245' title='bbox 970 1917 1161 1962; x_wconf 90' lang='lat' dir='ltr'><strong>natura</strong></span> <span class='ocrx_word' id='word_1_246' title='bbox 1178 1908 1457 1978; x_wconf 84' lang='lat' dir='ltr'><strong>formatur.</strong></span> <span class='ocrx_word' id='word_1_247' title='bbox 1480 1903 1731 1957; x_wconf 86' lang='lat' dir='ltr'><strong>Formido</strong></span> <span class='ocrx_word' id='word_1_248' title='bbox 1745 1916 1871 1972; x_wconf 86' lang='lat' dir='ltr'><strong>quo-</strong></span> 
     </span>
    </p>
   </div>
   <div class='ocr_carea' id='block_1_35' title="bbox 287 1992 1881 2068">
    <p class='ocr_par' dir='ltr' id='par_1_35' title="bbox 287 1992 1881 2068">
     <span class='ocr_line' id='line_1_35' title="bbox 287 1992 1881 2068; baseline 0.001 -25"><span class='ocrx_word' id='word_1_249' title='bbox 287 2007 405 2060; x_wconf 83' lang='lat' dir='ltr'><strong>que,</strong></span> <span class='ocrx_word' id='word_1_250' title='bbox 432 2003 478 2044; x_wconf 86' lang='lat' dir='ltr'><strong>et</strong></span> <span class='ocrx_word' id='word_1_251' title='bbox 492 1992 759 2060; x_wconf 71' lang='lat' dir='ltr'><strong>ferorilas,</strong></span> <span class='ocrx_word' id='word_1_252' title='bbox 781 2006 831 2050; x_wconf 83' lang='lat' dir='ltr'><strong>et</strong></span> <span class='ocrx_word' id='word_1_253' title='bbox 851 1997 921 2050; x_wconf 86' lang='lat' dir='ltr'><strong>ad</strong></span> <span class='ocrx_word' id='word_1_254' title='bbox 944 1998 1018 2062; x_wconf 90' lang='lat' dir='ltr'><strong>id,</strong></span> <span class='ocrx_word' id='word_1_255' title='bbox 1045 1997 1183 2068; x_wconf 76' lang='lat' dir='ltr'><strong>quod</strong></span> <span class='ocrx_word' id='word_1_256' title='bbox 1205 1997 1321 2067; x_wconf 85' lang='lat' dir='ltr'><strong>plus</strong></span> <span class='ocrx_word' id='word_1_257' title='bbox 1340 2005 1435 2062; x_wconf 86' lang='lat' dir='ltr'><strong>est,</strong></span> <span class='ocrx_word' id='word_1_258' title='bbox 1461 1994 1798 2055; x_wconf 82' lang='lat' dir='ltr'><strong>desiderium,</strong></span> <span class='ocrx_word' id='word_1_259' title='bbox 1822 2000 1881 2053; x_wconf 35' lang='lat' dir='ltr'><strong>et.</strong></span> 
     </span>
    </p>
   </div>
   <div class='ocr_carea' id='block_1_36' title="bbox 290 2082 1871 2154">
    <p class='ocr_par' dir='ltr' id='par_1_36' title="bbox 290 2082 1871 2154">
     <span class='ocr_line' id='line_1_36' title="bbox 290 2082 1871 2154; baseline 0.002 -22"><span class='ocrx_word' id='word_1_260' title='bbox 290 2082 360 2133; x_wconf 82' lang='lat' dir='ltr'><strong>ad</strong></span> <span class='ocrx_word' id='word_1_261' title='bbox 407 2082 481 2145; x_wconf 88' lang='lat' dir='ltr'><strong>id,</strong></span> <span class='ocrx_word' id='word_1_262' title='bbox 519 2086 655 2151; x_wconf 88' lang='lat' dir='ltr'><strong>quod</strong></span> <span class='ocrx_word' id='word_1_263' title='bbox 688 2085 860 2139; x_wconf 89' lang='lat' dir='ltr'><strong>minus</strong></span> <span class='ocrx_word' id='word_1_264' title='bbox 900 2097 995 2151; x_wconf 84' lang='lat' dir='ltr'><strong>est,</strong></span> <span class='ocrx_word' id='word_1_265' title='bbox 1018 2089 1215 2152; x_wconf 86' lang='lat' dir='ltr'><strong>odium,</strong></span> <span class='ocrx_word' id='word_1_266' title='bbox 1260 2096 1307 2141; x_wconf 86' lang='lat' dir='ltr'><strong>et</strong></span> <span class='ocrx_word' id='word_1_267' title='bbox 1352 2088 1528 2140; x_wconf 83' lang='lat' dir='ltr'><strong>omnia</strong></span> <span class='ocrx_word' id='word_1_268' title='bbox 1568 2082 1871 2154; x_wconf 81' lang='lat' dir='ltr'><strong>hujusmodi</strong></span> 
     </span>
    </p>
   </div>
   <div class='ocr_carea' id='block_1_37' title="bbox 294 2174 1871 2248">
    <p class='ocr_par' dir='ltr' id='par_1_37' title="bbox 294 2174 1871 2248">
     <span class='ocr_line' id='line_1_37' title="bbox 294 2174 1871 2248; baseline -0.001 -19"><span class='ocrx_word' id='word_1_269' title='bbox 294 2175 718 2246; x_wconf 67' lang='lat' dir='ltr'><strong>longe‘dirinae</strong></span> <span class='ocrx_word' id='word_1_270' title='bbox 747 2178 1149 2248; x_wconf 76' lang='lat' dir='ltr'><strong>pulchritudinis</strong></span> <span class='ocrx_word' id='word_1_271' title='bbox 1194 2181 1494 2234; x_wconf 80' lang='lat' dir='ltr'><strong>charactere</strong></span> <span class='ocrx_word' id='word_1_272' title='bbox 1539 2184 1681 2232; x_wconf 88' lang='lat' dir='ltr'><strong>sunt.</strong></span> <span class='ocrx_word' id='word_1_273' title='bbox 1726 2174 1871 2228; x_wconf 79' lang='lat' dir='ltr'><strong>llaec</strong></span> 
     </span>
    </p>
   </div>
   <div class='ocr_carea' id='block_1_38' title="bbox 289 2266 1870 2341">
    <p class='ocr_par' dir='ltr' id='par_1_38' title="bbox 289 2266 1870 2341">
     <span class='ocr_line' id='line_1_38' title="bbox 289 2266 1870 2341; baseline 0.001 -23"><span class='ocrx_word' id='word_1_274' title='bbox 289 2266 464 2337; x_wconf 76' lang='lat' dir='ltr'><strong>itaque</strong></span> <span class='ocrx_word' id='word_1_275' title='bbox 501 2285 564 2322; x_wconf 75' lang='lat' dir='ltr'><strong>ea:</strong></span> <span class='ocrx_word' id='word_1_276' title='bbox 594 2269 941 2324; x_wconf 61' lang='lat' dir='ltr'><strong>irrationabili</strong></span> <span class='ocrx_word' id='word_1_277' title='bbox 974 2282 1121 2341; x_wconf 84' lang='lat' dir='ltr'><strong>parte</strong></span> <span class='ocrx_word' id='word_1_278' title='bbox 1157 2272 1388 2325; x_wconf 83' lang='lat' dir='ltr'><strong>humana</strong></span> <span class='ocrx_word' id='word_1_279' title='bbox 1437 2282 1627 2324; x_wconf 85' lang='lat' dir='ltr'><strong>natura</strong></span> <span class='ocrx_word' id='word_1_280' title='bbox 1682 2268 1752 2321; x_wconf 88' lang='lat' dir='ltr'><strong>ad</strong></span> <span class='ocrx_word' id='word_1_281' title='bbox 1787 2278 1870 2321; x_wconf 84' lang='lat' dir='ltr'><strong>se-</strong></span> 
     </span>
    </p>
   </div>
   <div class='ocr_carea' id='block_1_39' title="bbox 289 2356 1871 2432">
    <p class='ocr_par' dir='ltr' id='par_1_39' title="bbox 289 2356 1871 2432">
     <span class='ocr_line' id='line_1_39' title="bbox 289 2356 1871 2432; baseline -0.001 -22"><span class='ocrx_word' id='word_1_282' title='bbox 289 2359 469 2426; x_wconf 79' lang='lat' dir='ltr'><strong>ipsunr</strong></span> <span class='ocrx_word' id='word_1_283' title='bbox 499 2361 738 2413; x_wconf 79' lang='lat' dir='ltr'><strong>attraxit.</strong></span> <span class='ocrx_word' id='word_1_284' title='bbox 774 2358 842 2413; x_wconf 86' lang='lat' dir='ltr'><strong>In</strong></span> <span class='ocrx_word' id='word_1_285' title='bbox 876 2361 1061 2432; x_wconf 81' lang='lat' dir='ltr'><strong>quibus</strong></span> <span class='ocrx_word' id='word_1_286' title='bbox 1103 2361 1239 2415; x_wconf 69' lang='lat' dir='ltr'><strong>enim</strong></span> <span class='ocrx_word' id='word_1_287' title='bbox 1271 2359 1647 2414; x_wconf 81' lang='lat' dir='ltr'><strong>irrationabilis</strong></span> <span class='ocrx_word' id='word_1_288' title='bbox 1678 2358 1777 2413; x_wconf 80' lang='lat' dir='ltr'><strong>vita</strong></span> <span class='ocrx_word' id='word_1_289' title='bbox 1802 2356 1871 2410; x_wconf 84' lang='lat' dir='ltr'><strong>ad</strong></span> 
     </span>
    </p>
   </div>
   <div class='ocr_carea' id='block_1_40' title="bbox 292 2452 1872 2518">
    <p class='ocr_par' dir='ltr' id='par_1_40' title="bbox 292 2452 1872 2518">
     <span class='ocr_line' id='line_1_40' title="bbox 292 2452 1872 2518; baseline -0.002 -13"><span class='ocrx_word' id='word_1_290' title='bbox 292 2452 728 2506; x_wconf 80' lang='lat' dir='ltr'><strong>conservationem</strong></span> <span class='ocrx_word' id='word_1_291' title='bbox 761 2468 912 2507; x_wconf 85' lang='lat' dir='ltr'><strong>suam</strong></span> <span class='ocrx_word' id='word_1_292' title='bbox 949 2454 1149 2506; x_wconf 80' lang='lat' dir='ltr'><strong>munita</strong></span> <span class='ocrx_word' id='word_1_293' title='bbox 1176 2462 1271 2518; x_wconf 87' lang='lat' dir='ltr'><strong>est,</strong></span> <span class='ocrx_word' id='word_1_294' title='bbox 1318 2452 1446 2505; x_wconf 81' lang='lat' dir='ltr'><strong>haec</strong></span> <span class='ocrx_word' id='word_1_295' title='bbox 1477 2452 1545 2505; x_wconf 89' lang='lat' dir='ltr'><strong>ad</strong></span> <span class='ocrx_word' id='word_1_296' title='bbox 1586 2452 1872 2504; x_wconf 78' lang='lat' dir='ltr'><strong>humanam</strong></span> 
     </span>
    </p>
   </div>
   <div class='ocr_carea' id='block_1_41' title="bbox 297 2540 1869 2613">
    <p class='ocr_par' dir='ltr' id='par_1_41' title="bbox 297 2540 1869 2613">
     <span class='ocr_line' id='line_1_41' title="bbox 297 2540 1869 2613; baseline 0 -20"><span class='ocrx_word' id='word_1_297' title='bbox 297 2540 458 2603; x_wconf 74' lang='lat' dir='ltr'><strong>citam</strong></span> <span class='ocrx_word' id='word_1_298' title='bbox 505 2540 796 2607; x_wconf 86' lang='lat' dir='ltr'><strong>translata,</strong></span> <span class='ocrx_word' id='word_1_299' title='bbox 842 2544 1109 2612; x_wconf 77' lang='lat' dir='ltr'><strong>passiones</strong></span> <span class='ocrx_word' id='word_1_300' title='bbox 1149 2542 1319 2613; x_wconf 74' lang='lat' dir='ltr'><strong>factae</strong></span> <span class='ocrx_word' id='word_1_301' title='bbox 1349 2552 1491 2596; x_wconf 87' lang='lat' dir='ltr'><strong>sunt.</strong></span> <span class='ocrx_word' id='word_1_302' title='bbox 1522 2540 1578 2596; x_wconf 80' lang='lat' dir='ltr'><strong>In</strong></span> <span class='ocrx_word' id='word_1_303' title='bbox 1615 2542 1714 2596; x_wconf 88' lang='lat' dir='ltr'><strong>hos</strong></span> <span class='ocrx_word' id='word_1_304' title='bbox 1764 2540 1869 2594; x_wconf 89' lang='lat' dir='ltr'><strong>ita-</strong></span> 
     </span>
    </p>
   </div>
   <div class='ocr_carea' id='block_1_42' title="bbox 295 2633 1870 2704">
    <p class='ocr_par' dir='ltr' id='par_1_42' title="bbox 295 2633 1870 2704">
     <span class='ocr_line' id='line_1_42' title="bbox 295 2633 1870 2704; baseline 0.001 -17"><span class='ocrx_word' id='word_1_305' title='bbox 295 2649 400 2704; x_wconf 89' lang='lat' dir='ltr'><strong>que</strong></span> <span class='ocrx_word' id='word_1_306' title='bbox 430 2633 826 2689; x_wconf 84' lang='lat' dir='ltr'><strong>irrationabiles</strong></span> <span class='ocrx_word' id='word_1_307' title='bbox 865 2643 1064 2699; x_wconf 87' lang='lat' dir='ltr'><strong>motus,</strong></span> <span class='ocrx_word' id='word_1_308' title='bbox 1109 2635 1197 2703; x_wconf 89' lang='lat' dir='ltr'><strong>qui</strong></span> <span class='ocrx_word' id='word_1_309' title='bbox 1234 2633 1443 2689; x_wconf 87' lang='lat' dir='ltr'><strong>bcstiali</strong></span> <span class='ocrx_word' id='word_1_310' title='bbox 1481 2634 1621 2687; x_wconf 84' lang='lat' dir='ltr'><strong>vitae</strong></span> <span class='ocrx_word' id='word_1_311' title='bbox 1648 2645 1870 2689; x_wconf 85' lang='lat' dir='ltr'><strong>natura-</strong></span> 
     </span>
    </p>
   </div>
   <div class='ocr_carea' id='block_1_43' title="bbox 295 2722 1870 2796">
    <p class='ocr_par' dir='ltr' id='par_1_43' title="bbox 295 2722 1870 2796">
     <span class='ocr_line' id='line_1_43' title="bbox 295 2722 1870 2796; baseline 0.003 -20"><span class='ocrx_word' id='word_1_312' title='bbox 295 2722 438 2787; x_wconf 83' lang='lat' dir='ltr'><strong>liter,</strong></span> <span class='ocrx_word' id='word_1_313' title='bbox 476 2725 747 2779; x_wconf 85' lang='lat' dir='ltr'><strong>humanae</strong></span> <span class='ocrx_word' id='word_1_314' title='bbox 793 2740 921 2779; x_wconf 87' lang='lat' dir='ltr'><strong>vero</strong></span> <span class='ocrx_word' id='word_1_315' title='bbox 962 2725 1291 2796; x_wconf 88' lang='lat' dir='ltr'><strong>passibilitcr</strong></span> <span class='ocrx_word' id='word_1_316' title='bbox 1337 2727 1537 2789; x_wconf 91' lang='lat' dir='ltr'><strong>insunt,</strong></span> <span class='ocrx_word' id='word_1_317' title='bbox 1596 2727 1870 2781; x_wconf 85' lang='lat' dir='ltr'><strong>hominem</strong></span> 
     </span>
    </p>
   </div>
   <div class='ocr_carea' id='block_1_44' title="bbox 298 2812 1870 2884">
    <p class='ocr_par' dir='ltr' id='par_1_44' title="bbox 298 2812 1870 2884">
     <span class='ocr_line' id='line_1_44' title="bbox 298 2812 1870 2884; baseline 0.001 -16"><span class='ocrx_word' id='word_1_318' title='bbox 298 2812 557 2868; x_wconf 84' lang='lat' dir='ltr'><strong>cecidisse</strong></span> <span class='ocrx_word' id='word_1_319' title='bbox 590 2813 769 2868; x_wconf 90' lang='lat' dir='ltr'><strong>nullus</strong></span> <span class='ocrx_word' id='word_1_320' title='bbox 788 2814 1088 2883; x_wconf 89' lang='lat' dir='ltr'><strong>sapientum</strong></span> <span class='ocrx_word' id='word_1_321' title='bbox 1119 2814 1362 2884; x_wconf 81' lang='lat' dir='ltr'><strong>ambigit,</strong></span> <span class='ocrx_word' id='word_1_322' title='bbox 1391 2823 1446 2870; x_wconf 89' lang='lat' dir='ltr'><strong>et</strong></span> <span class='ocrx_word' id='word_1_323' title='bbox 1475 2829 1540 2870; x_wconf 85' lang='lat' dir='ltr'><strong>ex</strong></span> <span class='ocrx_word' id='word_1_324' title='bbox 1568 2815 1655 2870; x_wconf 89' lang='lat' dir='ltr'><strong>his</strong></span> <span class='ocrx_word' id='word_1_325' title='bbox 1677 2814 1870 2869; x_wconf 88' lang='lat' dir='ltr'><strong>iterum</strong></span> 
     </span>
    </p>
   </div>
   <div class='ocr_carea' id='block_1_45' title="bbox 299 2904 1875 2977">
    <p class='ocr_par' dir='ltr' id='par_1_45' title="bbox 299 2904 1875 2977">
     <span class='ocr_line' id='line_1_45' title="bbox 299 2904 1875 2977; baseline 0.003 -18"><span class='ocrx_word' id='word_1_326' title='bbox 299 2904 354 2959; x_wconf 93' lang='lat' dir='ltr'><strong>in</strong></span> <span class='ocrx_word' id='word_1_327' title='bbox 398 2914 621 2958; x_wconf 87' lang='lat' dir='ltr'><strong>mortem</strong></span> <span class='ocrx_word' id='word_1_328' title='bbox 648 2905 891 2976; x_wconf 89' lang='lat' dir='ltr'><strong>corporis</strong></span> <span class='ocrx_word' id='word_1_329' title='bbox 918 2915 973 2961; x_wconf 90' lang='lat' dir='ltr'><strong>et</strong></span> <span class='ocrx_word' id='word_1_330' title='bbox 1030 2906 1350 2963; x_wconf 83' lang='lat' dir='ltr'><strong>solutionem</strong></span> <span class='ocrx_word' id='word_1_331' title='bbox 1402 2910 1626 2963; x_wconf 78' lang='lat' dir='ltr'><strong>corruit.</strong></span> <span class='ocrx_word' id='word_1_332' title='bbox 1689 2907 1875 2977; x_wconf 79' lang='lat' dir='ltr'><strong>Neque</strong></span> 
     </span>
    </p>
   </div>
   <div class='ocr_carea' id='block_1_46' title="bbox 300 2994 1874 3069">
    <p class='ocr_par' dir='ltr' id='par_1_46' title="bbox 300 2994 1874 3069">
     <span class='ocr_line' id='line_1_46' title="bbox 300 2994 1874 3069; baseline 0.002 -19"><span class='ocrx_word' id='word_1_333' title='bbox 300 2995 447 3050; x_wconf 89' lang='lat' dir='ltr'><strong>enim</strong></span> <span class='ocrx_word' id='word_1_334' title='bbox 465 2994 586 3065; x_wconf 90' lang='lat' dir='ltr'><strong>plus</strong></span> <span class='ocrx_word' id='word_1_335' title='bbox 610 2995 902 3053; x_wconf 83' lang='lat' dir='ltr'><strong>iuleriusve</strong></span> <span class='ocrx_word' id='word_1_336' title='bbox 924 3000 1120 3056; x_wconf 80' lang='lat' dir='ltr'><strong>rnere’</strong></span> <span class='ocrx_word' id='word_1_337' title='bbox 1161 2999 1353 3068; x_wconf 89' lang='lat' dir='ltr'><strong>potuit.</strong></span> <span class='ocrx_word' id='word_1_338' title='bbox 1389 2998 1664 3069; x_wconf 87' lang='lat' dir='ltr'><strong>Siquidem</strong></span> <span class='ocrx_word' id='word_1_339' title='bbox 1700 3000 1751 3054; x_wconf 89' lang='lat' dir='ltr'><strong>in</strong></span> <span class='ocrx_word' id='word_1_340' title='bbox 1784 3008 1874 3054; x_wconf 76' lang='lat' dir='ltr'><strong>na-</strong></span> 
     </span>
    </p>
   </div>
   <div class='ocr_carea' id='block_1_47' title="bbox 296 3090 1872 3158">
    <p class='ocr_par' dir='ltr' id='par_1_47' title="bbox 296 3090 1872 3158">
     <span class='ocr_line' id='line_1_47' title="bbox 296 3090 1872 3158; baseline 0 -15"><span class='ocrx_word' id='word_1_341' title='bbox 296 3097 419 3145; x_wconf 87' lang='lat' dir='ltr'><strong>tura</strong></span> <span class='ocrx_word' id='word_1_342' title='bbox 449 3105 629 3146; x_wconf 82' lang='lat' dir='ltr'><strong>rerum</strong></span> <span class='ocrx_word' id='word_1_343' title='bbox 672 3090 805 3145; x_wconf 87' lang='lat' dir='ltr'><strong>nihil</strong></span> <span class='ocrx_word' id='word_1_344' title='bbox 844 3090 1066 3146; x_wconf 80' lang='lat' dir='ltr'><strong>inferius</strong></span> <span class='ocrx_word' id='word_1_345' title='bbox 1101 3099 1186 3146; x_wconf 91' lang='lat' dir='ltr'><strong>est</strong></span> <span class='ocrx_word' id='word_1_346' title='bbox 1223 3093 1349 3152; x_wconf 87' lang='lat' dir='ltr'><strong>vita,</strong></span> <span class='ocrx_word' id='word_1_347' title='bbox 1377 3094 1604 3158; x_wconf 86' lang='lat' dir='ltr'><strong>ratione,</strong></span> <span class='ocrx_word' id='word_1_348' title='bbox 1630 3101 1685 3146; x_wconf 90' lang='lat' dir='ltr'><strong>et</strong></span> <span class='ocrx_word' id='word_1_349' title='bbox 1712 3106 1872 3146; x_wconf 80' lang='lat' dir='ltr'><strong>sensu</strong></span> 
     </span>
    </p>
   </div>
   <div class='ocr_carea' id='block_1_48' title="bbox 301 3180 1867 3252">
    <p class='ocr_par' dir='ltr' id='par_1_48' title="bbox 301 3180 1867 3252">
     <span class='ocr_line' id='line_1_48' title="bbox 301 3180 1867 3252; baseline 0.001 -17"><span class='ocrx_word' id='word_1_350' title='bbox 301 3180 829 3243; x_wconf 81' lang='lat' dir='ltr'><strong>carente;inlimum</strong></span> <span class='ocrx_word' id='word_1_351' title='bbox 856 3190 1032 3236; x_wconf 83' lang='lat' dir='ltr'><strong>autem</strong></span> <span class='ocrx_word' id='word_1_352' title='bbox 1073 3183 1314 3236; x_wconf 89' lang='lat' dir='ltr'><strong>omnium</strong></span> <span class='ocrx_word' id='word_1_353' title='bbox 1359 3197 1555 3252; x_wconf 84' lang='lat' dir='ltr'><strong>corpus</strong></span> <span class='ocrx_word' id='word_1_354' title='bbox 1598 3183 1867 3251; x_wconf 85' lang='lat' dir='ltr'><strong>corrupti-</strong></span> 
     </span>
    </p>
   </div>
   <div class='ocr_carea' id='block_1_49' title="bbox 303 3270 1876 3339">
    <p class='ocr_par' dir='ltr' id='par_1_49' title="bbox 303 3270 1876 3339">
     <span class='ocr_line' id='line_1_49' title="bbox 303 3270 1876 3339; baseline 0.001 -14"><span class='ocrx_word' id='word_1_355' title='bbox 303 3270 437 3336; x_wconf 83' lang='lat' dir='ltr'><strong>bile,</strong></span> <span class='ocrx_word' id='word_1_356' title='bbox 464 3272 718 3339; x_wconf 81' lang='lat' dir='ltr'><strong>quoniam</strong></span> <span class='ocrx_word' id='word_1_357' title='bbox 750 3271 815 3324; x_wconf 88' lang='lat' dir='ltr'><strong>ad</strong></span> <span class='ocrx_word' id='word_1_358' title='bbox 844 3272 1069 3325; x_wconf 87' lang='lat' dir='ltr'><strong>nihilum</strong></span> <span class='ocrx_word' id='word_1_359' title='bbox 1114 3272 1289 3326; x_wconf 86' lang='lat' dir='ltr'><strong>redire</strong></span> <span class='ocrx_word' id='word_1_360' title='bbox 1333 3272 1475 3325; x_wconf 87' lang='lat' dir='ltr'><strong>tmlla</strong></span> <span class='ocrx_word' id='word_1_361' title='bbox 1509 3282 1700 3325; x_wconf 84' lang='lat' dir='ltr'><strong>natura</strong></span> <span class='ocrx_word' id='word_1_362' title='bbox 1744 3272 1876 3326; x_wconf 48' lang='lat' dir='ltr'><strong>sini-</strong></span> 
     </span>
    </p>
   </div>
   <div class='ocr_carea' id='block_1_50' title="bbox 304 3359 1875 3430">
    <p class='ocr_par' dir='ltr' id='par_1_50' title="bbox 304 3359 1875 3430">
     <span class='ocr_line' id='line_1_50' title="bbox 304 3359 1875 3430; baseline -0.001 -15"><span class='ocrx_word' id='word_1_363' title='bbox 304 3369 412 3425; x_wconf 87' lang='lat' dir='ltr'><strong>tur,</strong></span> <span class='ocrx_word' id='word_1_364' title='bbox 441 3367 497 3415; x_wconf 81' lang='lat' dir='ltr'><strong>et</strong></span> <span class='ocrx_word' id='word_1_365' title='bbox 520 3359 609 3413; x_wconf 89' lang='lat' dir='ltr'><strong>ubi</strong></span> <span class='ocrx_word' id='word_1_366' title='bbox 660 3360 847 3423; x_wconf 77' lang='lat' dir='ltr'><strong>ruinae</strong></span> <span class='ocrx_word' id='word_1_367' title='bbox 883 3374 1011 3415; x_wconf 85' lang='lat' dir='ltr'><strong>suae</strong></span> <span class='ocrx_word' id='word_1_368' title='bbox 1041 3360 1202 3414; x_wconf 84' lang='lat' dir='ltr'><strong>linem</strong></span> <span class='ocrx_word' id='word_1_369' title='bbox 1255 3361 1453 3430; x_wconf 83' lang='lat' dir='ltr'><strong>posuit,</strong></span> <span class='ocrx_word' id='word_1_370' title='bbox 1512 3361 1635 3414; x_wconf 90' lang='lat' dir='ltr'><strong>inde</strong></span> <span class='ocrx_word' id='word_1_371' title='bbox 1680 3360 1875 3414; x_wconf 88' lang='lat' dir='ltr'><strong>iterum</strong></span> 
     </span>
    </p>
   </div>
   <div class='ocr_carea' id='block_1_51' title="bbox 302 3450 1876 3520">
    <p class='ocr_par' dir='ltr' id='par_1_51' title="bbox 302 3450 1876 3520">
     <span class='ocr_line' id='line_1_51' title="bbox 302 3450 1876 3520; baseline -0.001 -13"><span class='ocrx_word' id='word_1_372' title='bbox 302 3451 485 3507; x_wconf 83' lang='lat' dir='ltr'><strong>redire</strong></span> <span class='ocrx_word' id='word_1_373' title='bbox 510 3450 802 3505; x_wconf 72' lang='lat' dir='ltr'><strong>inchoavit.</strong></span> <span class='ocrx_word' id='word_1_374' title='bbox 829 3450 981 3504; x_wconf 89' lang='lat' dir='ltr'><strong>Finis</strong></span> <span class='ocrx_word' id='word_1_375' title='bbox 1018 3459 1196 3505; x_wconf 91' lang='lat' dir='ltr'><strong>autem</strong></span> <span class='ocrx_word' id='word_1_376' title='bbox 1233 3453 1424 3506; x_wconf 87' lang='lat' dir='ltr'><strong>ruinae</strong></span> <span class='ocrx_word' id='word_1_377' title='bbox 1451 3451 1650 3505; x_wconf 90' lang='lat' dir='ltr'><strong>solutio</strong></span> <span class='ocrx_word' id='word_1_378' title='bbox 1684 3466 1876 3520; x_wconf 88' lang='lat' dir='ltr'><strong>corpo-</strong></span> 
     </span>
    </p>
   </div>
   <div class='ocr_carea' id='block_1_52' title="bbox 303 3539 1877 3611">
    <p class='ocr_par' dir='ltr' id='par_1_52' title="bbox 303 3539 1877 3611">
     <span class='ocr_line' id='line_1_52' title="bbox 303 3539 1877 3611; baseline 0.002 -18"><span class='ocrx_word' id='word_1_379' title='bbox 303 3541 380 3595; x_wconf 82' lang='lat' dir='ltr'><strong>ris</strong></span> <span class='ocrx_word' id='word_1_380' title='bbox 422 3548 526 3594; x_wconf 88' lang='lat' dir='ltr'><strong>est.</strong></span> <span class='ocrx_word' id='word_1_381' title='bbox 553 3539 634 3593; x_wconf 85' lang='lat' dir='ltr'><strong>Ex</strong></span> <span class='ocrx_word' id='word_1_382' title='bbox 662 3539 931 3596; x_wconf 88' lang='lat' dir='ltr'><strong>solutione</strong></span> <span class='ocrx_word' id='word_1_383' title='bbox 968 3540 1150 3611; x_wconf 87' lang='lat' dir='ltr'><strong>itaque</strong></span> <span class='ocrx_word' id='word_1_384' title='bbox 1190 3543 1433 3611; x_wconf 87' lang='lat' dir='ltr'><strong>corporis</strong></span> <span class='ocrx_word' id='word_1_385' title='bbox 1478 3543 1683 3596; x_wconf 89' lang='lat' dir='ltr'><strong>reditus</strong></span> <span class='ocrx_word' id='word_1_386' title='bbox 1721 3552 1877 3597; x_wconf 88' lang='lat' dir='ltr'><strong>natu-</strong></span> 
     </span>
    </p>
   </div>
   <div class='ocr_carea' id='block_1_53' title="bbox 300 3631 1877 3703">
    <p class='ocr_par' dir='ltr' id='par_1_53' title="bbox 300 3631 1877 3703">
     <span class='ocr_line' id='line_1_53' title="bbox 300 3631 1877 3703; baseline 0.003 -18"><span class='ocrx_word' id='word_1_387' title='bbox 300 3647 394 3685; x_wconf 86' lang='lat' dir='ltr'><strong>rae</strong></span> <span class='ocrx_word' id='word_1_388' title='bbox 423 3631 819 3699; x_wconf 75' lang='lat' dir='ltr'><strong>proticiscitur;</strong></span> <span class='ocrx_word' id='word_1_389' title='bbox 859 3646 923 3687; x_wconf 91' lang='lat' dir='ltr'><strong>ac</strong></span> <span class='ocrx_word' id='word_1_390' title='bbox 959 3648 1053 3701; x_wconf 88' lang='lat' dir='ltr'><strong>per</strong></span> <span class='ocrx_word' id='word_1_391' title='bbox 1096 3634 1195 3687; x_wconf 90' lang='lat' dir='ltr'><strong>hoc</strong></span> <span class='ocrx_word' id='word_1_392' title='bbox 1244 3634 1363 3703; x_wconf 90' lang='lat' dir='ltr'><strong>plus</strong></span> <span class='ocrx_word' id='word_1_393' title='bbox 1410 3634 1658 3689; x_wconf 85' lang='lat' dir='ltr'><strong>utilitatis</strong></span> <span class='ocrx_word' id='word_1_394' title='bbox 1688 3636 1877 3689; x_wconf 89' lang='lat' dir='ltr'><strong>huma—</strong></span> 
     </span>
    </p>
   </div>
   <div class='ocr_carea' id='block_1_54' title="bbox 302 3723 1874 3794">
    <p class='ocr_par' dir='ltr' id='par_1_54' title="bbox 302 3723 1874 3794">
     <span class='ocr_line' id='line_1_54' title="bbox 302 3723 1874 3794; baseline 0.004 -19"><span class='ocrx_word' id='word_1_395' title='bbox 302 3737 404 3776; x_wconf 77' lang='lat' dir='ltr'><strong>nae</strong></span> <span class='ocrx_word' id='word_1_396' title='bbox 435 3731 660 3776; x_wconf 88' lang='lat' dir='ltr'><strong>naturae</strong></span> <span class='ocrx_word' id='word_1_397' title='bbox 700 3723 929 3778; x_wconf 84' lang='lat' dir='ltr'><strong>contulit</strong></span> <span class='ocrx_word' id='word_1_398' title='bbox 967 3738 1112 3778; x_wconf 90' lang='lat' dir='ltr'><strong>mors</strong></span> <span class='ocrx_word' id='word_1_399' title='bbox 1147 3724 1347 3787; x_wconf 87' lang='lat' dir='ltr'><strong>carnis,</strong></span> <span class='ocrx_word' id='word_1_400' title='bbox 1395 3740 1555 3794; x_wconf 90' lang='lat' dir='ltr'><strong>quam</strong></span> <span class='ocrx_word' id='word_1_401' title='bbox 1588 3726 1874 3793; x_wconf 80' lang='lat' dir='ltr'><strong>vindictae,</strong></span> 
     </span>
    </p>
   </div>
   <div class='ocr_carea' id='block_1_55' title="bbox 299 3812 1879 3882">
    <p class='ocr_par' dir='ltr' id='par_1_55' title="bbox 299 3812 1879 3882">
     <span class='ocr_line' id='line_1_55' title="bbox 299 3812 1879 3882; baseline 0.005 -18"><span class='ocrx_word' id='word_1_402' title='bbox 299 3812 547 3879; x_wconf 84' lang='lat' dir='ltr'><strong>quamvis</strong></span> <span class='ocrx_word' id='word_1_403' title='bbox 577 3826 755 3882; x_wconf 69' lang='lat' dir='ltr'><strong>poena</strong></span> <span class='ocrx_word' id='word_1_404' title='bbox 777 3814 979 3882; x_wconf 82' lang='lat' dir='ltr'><strong>peccati</strong></span> <span class='ocrx_word' id='word_1_405' title='bbox 1016 3814 1180 3870; x_wconf 82' lang='lat' dir='ltr'><strong>fuisse</strong></span> <span class='ocrx_word' id='word_1_406' title='bbox 1218 3816 1500 3872; x_wconf 83' lang='lat' dir='ltr'><strong>aestimata</strong></span> <span class='ocrx_word' id='word_1_407' title='bbox 1544 3817 1646 3882; x_wconf 88' lang='lat' dir='ltr'><strong>sit;</strong></span> <span class='ocrx_word' id='word_1_408' title='bbox 1682 3818 1733 3872; x_wconf 92' lang='lat' dir='ltr'><strong>in</strong></span> <span class='ocrx_word' id='word_1_409' title='bbox 1759 3826 1879 3872; x_wconf 85' lang='lat' dir='ltr'><strong>tan-</strong></span> 
     </span>
    </p>
   </div>
   <div class='ocr_carea' id='block_1_56' title="bbox 301 3904 1877 3980">
    <p class='ocr_par' dir='ltr' id='par_1_56' title="bbox 301 3904 1877 3980">
     <span class='ocr_line' id='line_1_56' title="bbox 301 3904 1877 3980; baseline 0.004 -24"><span class='ocrx_word' id='word_1_410' title='bbox 301 3912 441 3968; x_wconf 87' lang='lat' dir='ltr'><strong>tum,</strong></span> <span class='ocrx_word' id='word_1_411' title='bbox 456 3905 704 3957; x_wconf 85' lang='lat' dir='ltr'><strong>utcarnis</strong></span> <span class='ocrx_word' id='word_1_412' title='bbox 718 3904 933 3969; x_wconf 88' lang='lat' dir='ltr'><strong>solutio,</strong></span> <span class='ocrx_word' id='word_1_413' title='bbox 948 3920 1086 3976; x_wconf 87' lang='lat' dir='ltr'><strong>quae</strong></span> <span class='ocrx_word' id='word_1_414' title='bbox 1100 3907 1290 3962; x_wconf 85' lang='lat' dir='ltr'><strong>mortis</strong></span> <span class='ocrx_word' id='word_1_415' title='bbox 1312 3909 1526 3963; x_wconf 87' lang='lat' dir='ltr'><strong>nomine</strong></span> <span class='ocrx_word' id='word_1_416' title='bbox 1538 3909 1675 3965; x_wconf 88' lang='lat' dir='ltr'><strong>solet</strong></span> <span class='ocrx_word' id='word_1_417' title='bbox 1692 3909 1877 3980; x_wconf 81' lang='lat' dir='ltr'><strong>appel-</strong></span> 
     </span>
    </p>
   </div>
   <div class='ocr_carea' id='block_1_57' title="bbox 294 3995 1883 4071">
    <p class='ocr_par' dir='ltr' id='par_1_57' title="bbox 294 3995 1883 4071">
     <span class='ocr_line' id='line_1_57' title="bbox 294 3995 1883 4071; baseline 0.003 -22"><span class='ocrx_word' id='word_1_418' title='bbox 294 3995 413 4056; x_wconf 84' lang='lat' dir='ltr'><strong>lari.</strong></span> <span class='ocrx_word' id='word_1_419' title='bbox 436 4005 511 4050; x_wconf 89' lang='lat' dir='ltr'><strong>rat</strong></span> <span class='ocrx_word' id='word_1_420' title='bbox 522 3995 809 4052; x_wconf 85' lang='lat' dir='ltr'><strong>ionabilius</strong></span> <span class='ocrx_word' id='word_1_421' title='bbox 825 4013 968 4052; x_wconf 76' lang='lat' dir='ltr'><strong>mors</strong></span> <span class='ocrx_word' id='word_1_422' title='bbox 984 4000 1171 4055; x_wconf 85' lang='lat' dir='ltr'><strong>mortis</strong></span> <span class='ocrx_word' id='word_1_423' title='bbox 1184 4000 1415 4065; x_wconf 85' lang='lat' dir='ltr'><strong>dicatur,</strong></span> <span class='ocrx_word' id='word_1_424' title='bbox 1433 4016 1589 4071; x_wconf 88' lang='lat' dir='ltr'><strong>quam</strong></span> <span class='ocrx_word' id='word_1_425' title='bbox 1608 4015 1751 4056; x_wconf 89' lang='lat' dir='ltr'><strong>mors</strong></span> <span class='ocrx_word' id='word_1_426' title='bbox 1765 4016 1883 4055; x_wconf 86' lang='lat' dir='ltr'><strong>car-</strong></span> 
     </span>
    </p>
   </div>
   <div class='ocr_carea' id='block_1_58' title="bbox 296 4086 1884 4159">
    <p class='ocr_par' dir='ltr' id='par_1_58' title="bbox 296 4086 1884 4159">
     <span class='ocr_line' id='line_1_58' title="bbox 296 4086 1884 4159; baseline 0.004 -18"><span class='ocrx_word' id='word_1_427' title='bbox 296 4087 400 4143; x_wconf 89' lang='lat' dir='ltr'><strong>nis.</strong></span> <span class='ocrx_word' id='word_1_428' title='bbox 420 4086 475 4143; x_wconf 89' lang='lat' dir='ltr'><strong>Si</strong></span> <span class='ocrx_word' id='word_1_429' title='bbox 491 4090 633 4144; x_wconf 90' lang='lat' dir='ltr'><strong>euim</strong></span> <span class='ocrx_word' id='word_1_430' title='bbox 656 4089 887 4143; x_wconf 88' lang='lat' dir='ltr'><strong>humana</strong></span> <span class='ocrx_word' id='word_1_431' title='bbox 903 4089 1011 4144; x_wconf 86' lang='lat' dir='ltr'><strong>vita</strong></span> <span class='ocrx_word' id='word_1_432' title='bbox 1026 4089 1076 4144; x_wconf 92' lang='lat' dir='ltr'><strong>in</strong></span> <span class='ocrx_word' id='word_1_433' title='bbox 1094 4091 1195 4145; x_wconf 92' lang='lat' dir='ltr'><strong>hac</strong></span> <span class='ocrx_word' id='word_1_434' title='bbox 1209 4092 1539 4159; x_wconf 81' lang='lat' dir='ltr'><strong>corruptibili</strong></span> <span class='ocrx_word' id='word_1_435' title='bbox 1566 4107 1726 4147; x_wconf 86' lang='lat' dir='ltr'><strong>carne</strong></span> <span class='ocrx_word' id='word_1_436' title='bbox 1740 4101 1884 4147; x_wconf 86' lang='lat' dir='ltr'><strong>recte</strong></span> 
     </span>
    </p>
   </div>
   <div class='ocr_carea' id='block_1_59' title="bbox 302 4183 1884 4254">
    <p class='ocr_par' dir='ltr' id='par_1_59' title="bbox 302 4183 1884 4254">
     <span class='ocr_line' id='line_1_59' title="bbox 302 4183 1884 4254; baseline 0.002 -18"><span class='ocrx_word' id='word_1_437' title='bbox 302 4196 332 4236; x_wconf 89' lang='lat' dir='ltr'><strong>a</strong></span> <span class='ocrx_word' id='word_1_438' title='bbox 355 4183 689 4254; x_wconf 85' lang='lat' dir='ltr'><strong>sapientibus</strong></span> <span class='ocrx_word' id='word_1_439' title='bbox 727 4199 873 4238; x_wconf 90' lang='lat' dir='ltr'><strong>mors</strong></span> <span class='ocrx_word' id='word_1_440' title='bbox 894 4184 1182 4248; x_wconf 85' lang='lat' dir='ltr'><strong>vocitatur,</strong></span> <span class='ocrx_word' id='word_1_441' title='bbox 1212 4199 1315 4253; x_wconf 85' lang='lat' dir='ltr'><strong>qua</strong></span> <span class='ocrx_word' id='word_1_442' title='bbox 1339 4185 1545 4238; x_wconf 83' lang='lat' dir='ltr'><strong>ratione</strong></span> <span class='ocrx_word' id='word_1_443' title='bbox 1574 4184 1695 4239; x_wconf 80' lang='lat' dir='ltr'><strong>linis</strong></span> <span class='ocrx_word' id='word_1_444' title='bbox 1718 4185 1884 4254; x_wconf 80' lang='lat' dir='ltr'><strong>ipsius</strong></span> 
     </span>
    </p>
   </div>
   <div class='ocr_carea' id='block_1_60' title="bbox 302 4272 1885 4345">
    <p class='ocr_par' dir='ltr' id='par_1_60' title="bbox 302 4272 1885 4345">
     <span class='ocr_line' id='line_1_60' title="bbox 302 4272 1885 4345; baseline 0.004 -21"><span class='ocrx_word' id='word_1_445' title='bbox 302 4272 446 4328; x_wconf 86' lang='lat' dir='ltr'><strong>vitae</strong></span> <span class='ocrx_word' id='word_1_446' title='bbox 468 4275 657 4328; x_wconf 84' lang='lat' dir='ltr'><strong>mortis</strong></span> <span class='ocrx_word' id='word_1_447' title='bbox 675 4275 934 4330; x_wconf 83' lang='lat' dir='ltr'><strong>vocabulo</strong></span> <span class='ocrx_word' id='word_1_448' title='bbox 949 4275 1329 4339; x_wconf 72' lang='lat' dir='ltr'><strong>censeretur“,</strong></span> <span class='ocrx_word' id='word_1_449' title='bbox 1346 4278 1468 4330; x_wconf 88' lang='lat' dir='ltr'><strong>dum</strong></span> <span class='ocrx_word' id='word_1_450' title='bbox 1489 4276 1607 4345; x_wconf 88' lang='lat' dir='ltr'><strong>plus</strong></span> <span class='ocrx_word' id='word_1_451' title='bbox 1630 4278 1695 4330; x_wconf 91' lang='lat' dir='ltr'><strong>de</strong></span> <span class='ocrx_word' id='word_1_452' title='bbox 1712 4285 1885 4332; x_wconf 85' lang='lat' dir='ltr'><strong>morte</strong></span> 
     </span>
    </p>
   </div>
   <div class='ocr_carea' id='block_1_61' title="bbox 306 4359 1887 4432">
    <p class='ocr_par' dir='ltr' id='par_1_61' title="bbox 306 4359 1887 4432">
     <span class='ocr_line' id='line_1_61' title="bbox 306 4359 1887 4432; baseline 0.003 -17"><span class='ocrx_word' id='word_1_453' title='bbox 306 4359 518 4426; x_wconf 83' lang='lat' dir='ltr'><strong>liberat,</strong></span> <span class='ocrx_word' id='word_1_454' title='bbox 579 4378 739 4432; x_wconf 90' lang='lat' dir='ltr'><strong>quam</strong></span> <span class='ocrx_word' id='word_1_455' title='bbox 789 4373 1018 4418; x_wconf 86' lang='lat' dir='ltr'><strong>mortem</strong></span> <span class='ocrx_word' id='word_1_456' title='bbox 1078 4363 1432 4419; x_wconf 87' lang='lat' dir='ltr'><strong>morientibus</strong></span> <span class='ocrx_word' id='word_1_457' title='bbox 1488 4364 1696 4419; x_wconf 82' lang='lat' dir='ltr'><strong>infert?</strong></span> <span class='ocrx_word' id='word_1_458' title='bbox 1747 4366 1887 4422; x_wconf 81' lang='lat' dir='ltr'><strong>Hinc</strong></span> 
     </span>
    </p>
   </div>
   <div class='ocr_carea' id='block_1_62' title="bbox 300 4454 1880 4525">
    <p class='ocr_par' dir='ltr' id='par_1_62' title="bbox 300 4454 1880 4525">
     <span class='ocr_line' id='line_1_62' title="bbox 300 4454 1880 4525; baseline 0.004 -16"><span class='ocrx_word' id='word_1_459' title='bbox 300 4455 493 4510; x_wconf 88' lang='lat' dir='ltr'><strong>beatus</strong></span> <span class='ocrx_word' id='word_1_460' title='bbox 567 4454 831 4511; x_wconf 72' lang='lat' dir='ltr'><strong>Maximus</strong></span> <span class='ocrx_word' id='word_1_461' title='bbox 878 4457 931 4510; x_wconf 83' lang='lat' dir='ltr'><strong>in</strong></span> <span class='ocrx_word' id='word_1_462' title='bbox 983 4457 1241 4512; x_wconf 78' lang='lat' dir='ltr'><strong>vicesimo</strong></span> <span class='ocrx_word' id='word_1_463' title='bbox 1287 4467 1480 4513; x_wconf 87' lang='lat' dir='ltr'><strong>octavo</strong></span> <span class='ocrx_word' id='word_1_464' title='bbox 1532 4457 1768 4525; x_wconf 86' lang='lat' dir='ltr'><strong>capitulo</strong></span> <span class='ocrx_word' id='word_1_465' title='bbox 1816 4459 1880 4516; x_wconf 88' lang='lat' dir='ltr'><strong>de</strong></span> 
     </span>
    </p>
   </div>
   <div class='ocr_carea' id='block_1_63' title="bbox 299 4547 1883 4621">
    <p class='ocr_par' dir='ltr' id='par_1_63' title="bbox 299 4547 1883 4621">
     <span class='ocr_line' id='line_1_63' title="bbox 299 4547 1883 4621; baseline 0.004 -21"><span class='ocrx_word' id='word_1_466' title='bbox 299 4547 581 4618; x_wconf 81' lang='lat' dir='ltr'><strong>Ambiguis</strong></span> <span class='ocrx_word' id='word_1_467' title='bbox 625 4565 638 4602; x_wconf 88' lang='lat'><strong>:</strong></span> <span class='ocrx_word' id='word_1_468' title='bbox 690 4547 908 4614; x_wconf 82' lang='lat' dir='ltr'><strong>Finem,</strong></span> <span class='ocrx_word' id='word_1_469' title='bbox 955 4549 1168 4619; x_wconf 87' lang='lat' dir='ltr'><strong>inquit,</strong></span> <span class='ocrx_word' id='word_1_470' title='bbox 1210 4552 1500 4621; x_wconf 86' lang='lat' dir='ltr'><strong>praesentis</strong></span> <span class='ocrx_word' id='word_1_471' title='bbox 1538 4551 1699 4621; x_wconf 77' lang='lat' dir='ltr'><strong>hujus</strong></span> <span class='ocrx_word' id='word_1_472' title='bbox 1746 4552 1883 4606; x_wconf 79' lang='lat' dir='ltr'><strong>vitae</strong></span> 
     </span>
    </p>
   </div>
   <div class='ocr_carea' id='block_1_64' title="bbox 300 4638 1881 4708">
    <p class='ocr_par' dir='ltr' id='par_1_64' title="bbox 300 4638 1881 4708">
     <span class='ocr_line' id='line_1_64' title="bbox 300 4638 1881 4708; baseline 0.003 -16"><span class='ocrx_word' id='word_1_473' title='bbox 300 4640 558 4708; x_wconf 67' lang='lat' dir='ltr'><strong>injustam</strong></span> <span class='ocrx_word' id='word_1_474' title='bbox 588 4649 687 4701; x_wconf 85' lang='lat' dir='ltr'><strong>est,</strong></span> <span class='ocrx_word' id='word_1_475' title='bbox 729 4647 788 4692; x_wconf 85' lang='lat' dir='ltr'><strong>ut</strong></span> <span class='ocrx_word' id='word_1_476' title='bbox 833 4638 1081 4705; x_wconf 79' lang='lat' dir='ltr'><strong>arbitror,</strong></span> <span class='ocrx_word' id='word_1_477' title='bbox 1137 4650 1355 4695; x_wconf 86' lang='lat' dir='ltr'><strong>mortem</strong></span> <span class='ocrx_word' id='word_1_478' title='bbox 1408 4641 1695 4704; x_wconf 83' lang='lat' dir='ltr'><strong>nominare,</strong></span> <span class='ocrx_word' id='word_1_479' title='bbox 1729 4642 1881 4696; x_wconf 76' lang='lat' dir='ltr'><strong>seda</strong></span> 
     </span>
    </p>
   </div>
   <div class='ocr_carea' id='block_1_65' title="bbox 303 4716 1886 4801">
    <p class='ocr_par' dir='ltr' id='par_1_65' title="bbox 303 4716 1886 4801">
     <span class='ocr_line' id='line_1_65' title="bbox 303 4716 1886 4801; baseline 0.001 -19"><span class='ocrx_word' id='word_1_480' title='bbox 303 4736 470 4782; x_wconf 85' lang='lat' dir='ltr'><strong>morte</strong></span> <span class='ocrx_word' id='word_1_481' title='bbox 498 4716 888 4793; x_wconf 75' lang='lat' dir='ltr'><strong>alienationem,</strong></span> <span class='ocrx_word' id='word_1_482' title='bbox 931 4739 979 4783; x_wconf 89' lang='lat' dir='ltr'><strong>et</strong></span> <span class='ocrx_word' id='word_1_483' title='bbox 1014 4745 1047 4782; x_wconf 91' lang='lat' dir='ltr'><strong>a</strong></span> <span class='ocrx_word' id='word_1_484' title='bbox 1085 4731 1419 4801; x_wconf 80' lang='lat' dir='ltr'><strong>corruptione</strong></span> <span class='ocrx_word' id='word_1_485' title='bbox 1453 4732 1886 4800; x_wconf 82' lang='lat' dir='ltr'><strong>segregationem,</strong></span> 
     </span>
    </p>
   </div>
   <div class='ocr_carea' id='block_1_66' title="bbox 302 4805 1884 4891">
    <p class='ocr_par' dir='ltr' id='par_1_66' title="bbox 302 4805 1884 4891">
     <span class='ocr_line' id='line_1_66' title="bbox 302 4805 1884 4891; baseline 0.001 -17"><span class='ocrx_word' id='word_1_486' title='bbox 302 4805 351 4875; x_wconf 83' lang='lat' dir='ltr'><strong>et</strong></span> <span class='ocrx_word' id='word_1_487' title='bbox 379 4837 410 4873; x_wconf 92' lang='lat' dir='ltr'><strong>a</strong></span> <span class='ocrx_word' id='word_1_488' title='bbox 435 4820 679 4874; x_wconf 79' lang='lat' dir='ltr'><strong>seruitute</strong></span> <span class='ocrx_word' id='word_1_489' title='bbox 722 4818 1033 4886; x_wconf 85' lang='lat' dir='ltr'><strong>libertatem,</strong></span> <span class='ocrx_word' id='word_1_490' title='bbox 1072 4832 1120 4875; x_wconf 89' lang='lat' dir='ltr'><strong>et</strong></span> <span class='ocrx_word' id='word_1_491' title='bbox 1148 4838 1179 4874; x_wconf 91' lang='lat' dir='ltr'><strong>a</strong></span> <span class='ocrx_word' id='word_1_492' title='bbox 1209 4822 1597 4891; x_wconf 80' lang='lat' dir='ltr'><strong>perturbatione</strong></span> <span class='ocrx_word' id='word_1_493' title='bbox 1637 4822 1884 4891; x_wconf 86' lang='lat' dir='ltr'><strong>quietem,</strong></span> 
     </span>
    </p>
   </div>
   <div class='ocr_carea' id='block_1_67' title="bbox 302 4908 1884 4980">
    <p class='ocr_par' dir='ltr' id='par_1_67' title="bbox 302 4908 1884 4980">
     <span class='ocr_line' id='line_1_67' title="bbox 302 4908 1884 4980; baseline 0.002 -17"><span class='ocrx_word' id='word_1_494' title='bbox 302 4919 350 4963; x_wconf 88' lang='lat' dir='ltr'><strong>et</strong></span> <span class='ocrx_word' id='word_1_495' title='bbox 378 4908 629 4963; x_wconf 89' lang='lat' dir='ltr'><strong>bellorum</strong></span> <span class='ocrx_word' id='word_1_496' title='bbox 656 4908 943 4976; x_wconf 87' lang='lat' dir='ltr'><strong>interitum,</strong></span> <span class='ocrx_word' id='word_1_497' title='bbox 980 4920 1026 4965; x_wconf 89' lang='lat' dir='ltr'><strong>et</strong></span> <span class='ocrx_word' id='word_1_498' title='bbox 1052 4928 1086 4965; x_wconf 91' lang='lat' dir='ltr'><strong>a</strong></span> <span class='ocrx_word' id='word_1_499' title='bbox 1108 4908 1153 4942; x_wconf 71' lang='lat'>“</span> <span class='ocrx_word' id='word_1_500' title='bbox 1176 4910 1483 4980; x_wconf 80' lang='lat' dir='ltr'><strong>confusione</strong></span> <span class='ocrx_word' id='word_1_501' title='bbox 1501 4912 1804 4977; x_wconf 87' lang='lat' dir='ltr'><strong>transitum,</strong></span> <span class='ocrx_word' id='word_1_502' title='bbox 1835 4922 1884 4966; x_wconf 92' lang='lat' dir='ltr'><strong>et</strong></span> 
     </span>
    </p>
   </div>
   <div class='ocr_carea' id='block_1_68' title="bbox 306 4999 1884 5071">
    <p class='ocr_par' dir='ltr' id='par_1_68' title="bbox 306 4999 1884 5071">
     <span class='ocr_line' id='line_1_68' title="bbox 306 4999 1884 5071; baseline 0 -16"><span class='ocrx_word' id='word_1_503' title='bbox 306 5018 339 5055; x_wconf 89' lang='lat' dir='ltr'><strong>a</strong></span> <span class='ocrx_word' id='word_1_504' title='bbox 376 5000 595 5055; x_wconf 85' lang='lat' dir='ltr'><strong>tenebris</strong></span> <span class='ocrx_word' id='word_1_505' title='bbox 658 4999 903 5067; x_wconf 88' lang='lat' dir='ltr'><strong>reditum,</strong></span> <span class='ocrx_word' id='word_1_506' title='bbox 945 5012 993 5054; x_wconf 89' lang='lat' dir='ltr'><strong>et</strong></span> <span class='ocrx_word' id='word_1_507' title='bbox 1044 5017 1077 5055; x_wconf 92' lang='lat' dir='ltr'><strong>a</strong></span> <span class='ocrx_word' id='word_1_508' title='bbox 1121 5000 1388 5054; x_wconf 86' lang='lat' dir='ltr'><strong>doloribus</strong></span> <span class='ocrx_word' id='word_1_509' title='bbox 1448 5001 1695 5071; x_wconf 83' lang='lat' dir='ltr'><strong>requiem,</strong></span> <span class='ocrx_word' id='word_1_510' title='bbox 1736 5012 1784 5056; x_wconf 89' lang='lat' dir='ltr'><strong>et</strong></span> <span class='ocrx_word' id='word_1_511' title='bbox 1819 5002 1884 5055; x_wconf 88' lang='lat' dir='ltr'><strong>ab</strong></span> 
     </span>
    </p>
   </div>
   <div class='ocr_carea' id='block_1_69' title="bbox 305 5089 1887 5164">
    <p class='ocr_par' dir='ltr' id='par_1_69' title="bbox 305 5089 1887 5164">
     <span class='ocr_line' id='line_1_69' title="bbox 305 5089 1887 5164; baseline -0.001 -17"><span class='ocrx_word' id='word_1_512' title='bbox 305 5090 522 5164; x_wconf 85' lang='lat' dir='ltr'><strong>ignobili</strong></span> <span class='ocrx_word' id='word_1_513' title='bbox 551 5108 741 5162; x_wconf 88' lang='lat' dir='ltr'><strong>pompa</strong></span> <span class='ocrx_word' id='word_1_514' title='bbox 778 5089 1065 5157; x_wconf 87' lang='lat' dir='ltr'><strong>silentium,</strong></span> <span class='ocrx_word' id='word_1_515' title='bbox 1091 5099 1140 5146; x_wconf 89' lang='lat' dir='ltr'><strong>et</strong></span> <span class='ocrx_word' id='word_1_516' title='bbox 1174 5091 1239 5144; x_wconf 89' lang='lat' dir='ltr'><strong>ab</strong></span> <span class='ocrx_word' id='word_1_517' title='bbox 1266 5090 1310 5123; x_wconf 82' lang='lat'>“</span> <span class='ocrx_word' id='word_1_518' title='bbox 1331 5090 1670 5145; x_wconf 88' lang='lat' dir='ltr'><strong>instabilitatc</strong></span> <span class='ocrx_word' id='word_1_519' title='bbox 1699 5093 1887 5159; x_wconf 85' lang='lat' dir='ltr'><strong>otium,</strong></span> 
     </span>
    </p>
   </div>
   <div class='ocr_carea' id='block_1_70' title="bbox 305 5182 1889 5254">
    <p class='ocr_par' dir='ltr' id='par_1_70' title="bbox 305 5182 1889 5254">
     <span class='ocr_line' id='line_1_70' title="bbox 305 5182 1889 5254; baseline -0.003 -14"><span class='ocrx_word' id='word_1_520' title='bbox 305 5193 356 5241; x_wconf 84' lang='lat' dir='ltr'><strong>et</strong></span> <span class='ocrx_word' id='word_1_521' title='bbox 387 5182 732 5254; x_wconf 81' lang='lat' dir='ltr'><strong>turpitudinis</strong></span> <span class='ocrx_word' id='word_1_522' title='bbox 772 5182 1024 5249; x_wconf 84' lang='lat' dir='ltr'><strong>velamen,</strong></span> <span class='ocrx_word' id='word_1_523' title='bbox 1069 5190 1117 5236; x_wconf 85' lang='lat' dir='ltr'><strong>et</strong></span> <span class='ocrx_word' id='word_1_524' title='bbox 1164 5198 1197 5237; x_wconf 88' lang='lat' dir='ltr'><strong>a</strong></span> <span class='ocrx_word' id='word_1_525' title='bbox 1225 5182 1555 5253; x_wconf 86' lang='lat' dir='ltr'><strong>passionibus</strong></span> <span class='ocrx_word' id='word_1_526' title='bbox 1600 5182 1889 5253; x_wconf 80' lang='lat' dir='ltr'><strong>refugium,</strong></span> 
     </span>
    </p>
   </div>
   <div class='ocr_carea' id='block_1_71' title="bbox 1972 1897 3559 1979">
    <p class='ocr_par' dir='ltr' id='par_1_71' title="bbox 1972 1897 3559 1979">
     <span class='ocr_line' id='line_1_71' title="bbox 1972 1897 3559 1979; baseline 0.008 -27"><span class='ocrx_word' id='word_1_527' title='bbox 1972 1897 2166 1953; x_wconf 86' lang='lat' dir='ltr'><strong>lucem.</strong></span> <span class='ocrx_word' id='word_1_528' title='bbox 2198 1899 2313 1954; x_wconf 86' lang='lat' dir='ltr'><strong>Erit</strong></span> <span class='ocrx_word' id='word_1_529' title='bbox 2339 1902 2482 1955; x_wconf 89' lang='lat' dir='ltr'><strong>enim</strong></span> <span class='ocrx_word' id='word_1_530' title='bbox 2518 1901 2656 1957; x_wconf 89' lang='lat' dir='ltr'><strong>Deus</strong></span> <span class='ocrx_word' id='word_1_531' title='bbox 2693 1906 2873 1959; x_wconf 88' lang='lat' dir='ltr'><strong>omnia</strong></span> <span class='ocrx_word' id='word_1_532' title='bbox 2918 1906 2971 1960; x_wconf 90' lang='lat' dir='ltr'><strong>in</strong></span> <span class='ocrx_word' id='word_1_533' title='bbox 3015 1908 3285 1975; x_wconf 83' lang='lat' dir='ltr'><strong>omnibus,</strong></span> <span class='ocrx_word' id='word_1_534' title='bbox 3333 1909 3559 1979; x_wconf 79' lang='lat' dir='ltr'><strong>quando</strong></span> 
     </span>
    </p>
   </div>
   <div class='ocr_carea' id='block_1_72' title="bbox 1972 1987 3555 2065">
    <p class='ocr_par' dir='ltr' id='par_1_72' title="bbox 1972 1987 3555 2065">
     <span class='ocr_line' id='line_1_72' title="bbox 1972 1987 3555 2065; baseline 0.008 -24"><span class='ocrx_word' id='word_1_535' title='bbox 1972 1987 2103 2041; x_wconf 88' lang='lat' dir='ltr'><strong>nihil</strong></span> <span class='ocrx_word' id='word_1_536' title='bbox 2131 1989 2235 2043; x_wconf 91' lang='lat' dir='ltr'><strong>erit</strong></span> <span class='ocrx_word' id='word_1_537' title='bbox 2267 1990 2373 2045; x_wconf 89' lang='lat' dir='ltr'><strong>nisi</strong></span> <span class='ocrx_word' id='word_1_538' title='bbox 2421 1990 2569 2045; x_wconf 88' lang='lat' dir='ltr'><strong>solus</strong></span> <span class='ocrx_word' id='word_1_539' title='bbox 2628 1991 2788 2047; x_wconf 88' lang='lat' dir='ltr'><strong>Deus.</strong></span> <span class='ocrx_word' id='word_1_540' title='bbox 2836 1992 2945 2049; x_wconf 84' lang='lat' dir='ltr'><strong>Nec</strong></span> <span class='ocrx_word' id='word_1_541' title='bbox 2992 2010 3090 2065; x_wconf 90' lang='lat' dir='ltr'><strong>per</strong></span> <span class='ocrx_word' id='word_1_542' title='bbox 3138 1997 3242 2051; x_wconf 87' lang='lat' dir='ltr'><strong>hoc</strong></span> <span class='ocrx_word' id='word_1_543' title='bbox 3289 2012 3555 2054; x_wconf 84' lang='lat' dir='ltr'><strong>conamur</strong></span> 
     </span>
    </p>
   </div>
   <div class='ocr_carea' id='block_1_73' title="bbox 1972 2082 3553 2155">
    <p class='ocr_par' dir='ltr' id='par_1_73' title="bbox 1972 2082 3553 2155">
     <span class='ocr_line' id='line_1_73' title="bbox 1972 2082 3553 2155; baseline 0.007 -22"><span class='ocrx_word' id='word_1_544' title='bbox 1972 2088 2235 2144; x_wconf 88' lang='lat' dir='ltr'><strong>astruere,</strong></span> <span class='ocrx_word' id='word_1_545' title='bbox 2251 2082 2604 2138; x_wconf 88' lang='lat' dir='ltr'><strong>substantiam</strong></span> <span class='ocrx_word' id='word_1_546' title='bbox 2625 2099 2802 2140; x_wconf 92' lang='lat' dir='ltr'><strong>rerum</strong></span> <span class='ocrx_word' id='word_1_547' title='bbox 2825 2086 3137 2155; x_wconf 81' lang='lat' dir='ltr'><strong>perituram,</strong></span> <span class='ocrx_word' id='word_1_548' title='bbox 3155 2089 3248 2143; x_wconf 86' lang='lat' dir='ltr'><strong>sed</strong></span> <span class='ocrx_word' id='word_1_549' title='bbox 3275 2089 3327 2142; x_wconf 91' lang='lat' dir='ltr'><strong>in</strong></span> <span class='ocrx_word' id='word_1_550' title='bbox 3360 2089 3553 2144; x_wconf 87' lang='lat' dir='ltr'><strong>melius</strong></span> 
     </span>
    </p>
   </div>
   <div class='ocr_carea' id='block_1_74' title="bbox 1971 2171 3553 2246">
    <p class='ocr_par' dir='ltr' id='par_1_74' title="bbox 1971 2171 3553 2246">
     <span class='ocr_line' id='line_1_74' title="bbox 1971 2171 3553 2246; baseline 0.006 -22"><span class='ocrx_word' id='word_1_551' title='bbox 1971 2185 2068 2240; x_wconf 85' lang='lat' dir='ltr'><strong>per</strong></span> <span class='ocrx_word' id='word_1_552' title='bbox 2110 2171 2309 2243; x_wconf 82' lang='lat' dir='ltr'><strong>gradus</strong></span> <span class='ocrx_word' id='word_1_553' title='bbox 2359 2174 2664 2242; x_wconf 86' lang='lat' dir='ltr'><strong>praedictos</strong></span> <span class='ocrx_word' id='word_1_554' title='bbox 2710 2176 3023 2232; x_wconf 85' lang='lat' dir='ltr'><strong>redituram.</strong></span> <span class='ocrx_word' id='word_1_555' title='bbox 3071 2178 3352 2246; x_wconf 80' lang='lat' dir='ltr'><strong>Quomodo</strong></span> <span class='ocrx_word' id='word_1_556' title='bbox 3403 2181 3553 2234; x_wconf 84' lang='lat' dir='ltr'><strong>enim</strong></span> 
     </span>
    </p>
   </div>
   <div class='ocr_carea' id='block_1_75' title="bbox 1971 2264 3551 2339">
    <p class='ocr_par' dir='ltr' id='par_1_75' title="bbox 1971 2264 3551 2339">
     <span class='ocr_line' id='line_1_75' title="bbox 1971 2264 3551 2339; baseline 0.005 -24"><span class='ocrx_word' id='word_1_557' title='bbox 1971 2271 2152 2331; x_wconf 78' lang='lat' dir='ltr'><strong>potest</strong></span> <span class='ocrx_word' id='word_1_558' title='bbox 2177 2264 2357 2333; x_wconf 82' lang='lat' dir='ltr'><strong>perire</strong></span> <span class='ocrx_word' id='word_1_559' title='bbox 2374 2303 2389 2329; x_wconf 94' lang='lat'><strong>,</strong></span> <span class='ocrx_word' id='word_1_560' title='bbox 2415 2266 2557 2334; x_wconf 92' lang='lat' dir='ltr'><strong>quod</strong></span> <span class='ocrx_word' id='word_1_561' title='bbox 2596 2266 2649 2320; x_wconf 93' lang='lat' dir='ltr'><strong>in</strong></span> <span class='ocrx_word' id='word_1_562' title='bbox 2676 2267 2869 2323; x_wconf 90' lang='lat' dir='ltr'><strong>melius</strong></span> <span class='ocrx_word' id='word_1_563' title='bbox 2888 2270 3149 2339; x_wconf 88' lang='lat' dir='ltr'><strong>probatur</strong></span> <span class='ocrx_word' id='word_1_564' title='bbox 3172 2272 3387 2326; x_wconf 77' lang='lat' dir='ltr'><strong>redire?</strong></span> <span class='ocrx_word' id='word_1_565' title='bbox 3435 2271 3551 2326; x_wconf 72' lang='lat' dir='ltr'><strong>Mn-</strong></span> 
     </span>
    </p>
   </div>
   <div class='ocr_carea' id='block_1_76' title="bbox 1975 2353 3555 2423">
    <p class='ocr_par' dir='ltr' id='par_1_76' title="bbox 1975 2353 3555 2423">
     <span class='ocr_line' id='line_1_76' title="bbox 1975 2353 3555 2423; baseline 0.004 -16"><span class='ocrx_word' id='word_1_566' title='bbox 1975 2353 2110 2407; x_wconf 85' lang='lat' dir='ltr'><strong>tatio</strong></span> <span class='ocrx_word' id='word_1_567' title='bbox 2140 2353 2320 2423; x_wconf 88' lang='lat' dir='ltr'><strong>itaque</strong></span> <span class='ocrx_word' id='word_1_568' title='bbox 2344 2355 2610 2412; x_wconf 83' lang='lat' dir='ltr'><strong>humanae</strong></span> <span class='ocrx_word' id='word_1_569' title='bbox 2633 2366 2856 2414; x_wconf 84' lang='lat' dir='ltr'><strong>naturae</strong></span> <span class='ocrx_word' id='word_1_570' title='bbox 2880 2360 2932 2413; x_wconf 91' lang='lat' dir='ltr'><strong>in</strong></span> <span class='ocrx_word' id='word_1_571' title='bbox 2968 2360 3133 2414; x_wconf 87' lang='lat' dir='ltr'><strong>Deum</strong></span> <span class='ocrx_word' id='word_1_572' title='bbox 3160 2370 3265 2415; x_wconf 76' lang='lat' dir='ltr'><strong>nan</strong></span> <span class='ocrx_word' id='word_1_573' title='bbox 3301 2362 3555 2417; x_wconf 82' lang='lat' dir='ltr'><strong>substan-</strong></span> 
     </span>
    </p>
   </div>
   <div class='ocr_carea' id='block_1_77' title="bbox 1976 2448 3551 2525">
    <p class='ocr_par' dir='ltr' id='par_1_77' title="bbox 1976 2448 3551 2525">
     <span class='ocr_line' id='line_1_77' title="bbox 1976 2448 3551 2525; baseline 0.004 -23"><span class='ocrx_word' id='word_1_574' title='bbox 1976 2448 2081 2503; x_wconf 85' lang='lat' dir='ltr'><strong>tiae</strong></span> <span class='ocrx_word' id='word_1_575' title='bbox 2110 2450 2360 2504; x_wconf 72' lang='lat' dir='ltr'><strong>interitus</strong></span> <span class='ocrx_word' id='word_1_576' title='bbox 2383 2450 2426 2481; x_wconf 72' lang='lat'><strong>”</strong></span> <span class='ocrx_word' id='word_1_577' title='bbox 2447 2462 2555 2505; x_wconf 83' lang='lat' dir='ltr'><strong>aest</strong></span> <span class='ocrx_word' id='word_1_578' title='bbox 2568 2451 2778 2506; x_wconf 87' lang='lat' dir='ltr'><strong>imauda</strong></span> <span class='ocrx_word' id='word_1_579' title='bbox 2798 2460 2903 2515; x_wconf 83' lang='lat' dir='ltr'><strong>est,</strong></span> <span class='ocrx_word' id='word_1_580' title='bbox 2933 2456 3024 2509; x_wconf 84' lang='lat' dir='ltr'><strong>sed</strong></span> <span class='ocrx_word' id='word_1_581' title='bbox 3052 2454 3105 2508; x_wconf 90' lang='lat' dir='ltr'><strong>in</strong></span> <span class='ocrx_word' id='word_1_582' title='bbox 3128 2454 3413 2525; x_wconf 86' lang='lat' dir='ltr'><strong>pristinum</strong></span> <span class='ocrx_word' id='word_1_583' title='bbox 3432 2464 3551 2510; x_wconf 77' lang='lat' dir='ltr'><strong>sta—</strong></span> 
     </span>
    </p>
   </div>
   <div class='ocr_carea' id='block_1_78' title="bbox 1977 2543 3559 2616">
    <p class='ocr_par' dir='ltr' id='par_1_78' title="bbox 1977 2543 3559 2616">
     <span class='ocr_line' id='line_1_78' title="bbox 1977 2543 3559 2616; baseline 0.004 -22"><span class='ocrx_word' id='word_1_584' title='bbox 1977 2548 2109 2603; x_wconf 87' lang='lat' dir='ltr'><strong>tum,</strong></span> <span class='ocrx_word' id='word_1_585' title='bbox 2132 2554 2292 2609; x_wconf 89' lang='lat' dir='ltr'><strong>quem</strong></span> <span class='ocrx_word' id='word_1_586' title='bbox 2315 2543 2733 2611; x_wconf 69' lang='lat' dir='ltr'><strong>praevaricando</strong></span> <span class='ocrx_word' id='word_1_587' title='bbox 2756 2545 3079 2614; x_wconf 88' lang='lat' dir='ltr'><strong>perdiderat,</strong></span> <span class='ocrx_word' id='word_1_588' title='bbox 3106 2546 3368 2601; x_wconf 72' lang='lat' dir='ltr'><strong>mirabilis</strong></span> <span class='ocrx_word' id='word_1_589' title='bbox 3393 2556 3559 2616; x_wconf 82' lang='lat' dir='ltr'><strong>atque</strong></span> 
     </span>
    </p>
   </div>
   <div class='ocr_carea' id='block_1_79' title="bbox 1979 2630 3557 2707">
    <p class='ocr_par' dir='ltr' id='par_1_79' title="bbox 1979 2630 3557 2707">
     <span class='ocr_line' id='line_1_79' title="bbox 1979 2630 3557 2707; baseline 0.003 -21"><span class='ocrx_word' id='word_1_590' title='bbox 1979 2630 2260 2687; x_wconf 84' lang='lat' dir='ltr'><strong>inet&#39;t‘abilis</strong></span> <span class='ocrx_word' id='word_1_591' title='bbox 2282 2636 2540 2689; x_wconf 85' lang='lat' dir='ltr'><strong>reversio.</strong></span> <span class='ocrx_word' id='word_1_592' title='bbox 2588 2635 2643 2690; x_wconf 88' lang='lat' dir='ltr'><strong>Si</strong></span> <span class='ocrx_word' id='word_1_593' title='bbox 2675 2637 2817 2690; x_wconf 81' lang='lat' dir='ltr'><strong>enim</strong></span> <span class='ocrx_word' id='word_1_594' title='bbox 2844 2651 3019 2699; x_wconf 85' lang='lat' dir='ltr'><strong>omne,</strong></span> <span class='ocrx_word' id='word_1_595' title='bbox 3052 2638 3192 2705; x_wconf 86' lang='lat' dir='ltr'><strong>quod</strong></span> <span class='ocrx_word' id='word_1_596' title='bbox 3231 2653 3366 2707; x_wconf 86' lang='lat' dir='ltr'><strong>pure</strong></span> <span class='ocrx_word' id='word_1_597' title='bbox 3394 2639 3557 2692; x_wconf 56' lang='lat' dir='ltr'><strong>intel‘-</strong></span> 
     </span>
    </p>
   </div>
   <div class='ocr_carea' id='block_1_80' title="bbox 1979 2723 3553 2798">
    <p class='ocr_par' dir='ltr' id='par_1_80' title="bbox 1979 2723 3553 2798">
     <span class='ocr_line' id='line_1_80' title="bbox 1979 2723 3553 2798; baseline 0.002 -21"><span class='ocrx_word' id='word_1_598' title='bbox 1979 2724 2113 2795; x_wconf 79' lang='lat' dir='ltr'><strong>Iigit,</strong></span> <span class='ocrx_word' id='word_1_599' title='bbox 2139 2723 2368 2779; x_wconf 77' lang='lat' dir='ltr'><strong>ellicitur</strong></span> <span class='ocrx_word' id='word_1_600' title='bbox 2393 2741 2555 2780; x_wconf 88' lang='lat' dir='ltr'><strong>unum</strong></span> <span class='ocrx_word' id='word_1_601' title='bbox 2586 2742 2709 2781; x_wconf 92' lang='lat' dir='ltr'><strong>cum</strong></span> <span class='ocrx_word' id='word_1_602' title='bbox 2756 2741 2841 2793; x_wconf 88' lang='lat' dir='ltr'><strong>eo,</strong></span> <span class='ocrx_word' id='word_1_603' title='bbox 2868 2729 3010 2796; x_wconf 90' lang='lat' dir='ltr'><strong>quod</strong></span> <span class='ocrx_word' id='word_1_604' title='bbox 3055 2728 3391 2798; x_wconf 71' lang='lat' dir='ltr'><strong>intelligitur,</strong></span> <span class='ocrx_word' id='word_1_605' title='bbox 3419 2729 3553 2798; x_wconf 74' lang='lat' dir='ltr'><strong>quid</strong></span> 
     </span>
    </p>
   </div>
   <div class='ocr_carea' id='block_1_81' title="bbox 1977 2816 3551 2886">
    <p class='ocr_par' dir='ltr' id='par_1_81' title="bbox 1977 2816 3551 2886">
     <span class='ocr_line' id='line_1_81' title="bbox 1977 2816 3551 2886; baseline -0.001 -17"><span class='ocrx_word' id='word_1_606' title='bbox 1977 2816 2198 2880; x_wconf 81' lang='lat' dir='ltr'><strong>mirum,</strong></span> <span class='ocrx_word' id='word_1_607' title='bbox 2229 2816 2273 2871; x_wconf 91' lang='lat' dir='ltr'><strong>si</strong></span> <span class='ocrx_word' id='word_1_608' title='bbox 2302 2824 2485 2870; x_wconf 80' lang='lat' dir='ltr'><strong>nostra</strong></span> <span class='ocrx_word' id='word_1_609' title='bbox 2513 2826 2724 2880; x_wconf 86' lang='lat' dir='ltr'><strong>natura,</strong></span> <span class='ocrx_word' id='word_1_610' title='bbox 2753 2818 2973 2886; x_wconf 77' lang='lat' dir='ltr'><strong>quando</strong></span> <span class='ocrx_word' id='word_1_611' title='bbox 3003 2817 3166 2872; x_wconf 86' lang='lat' dir='ltr'><strong>Deum</strong></span> <span class='ocrx_word' id='word_1_612' title='bbox 3199 2818 3339 2872; x_wconf 81' lang='lat' dir='ltr'><strong>facie</strong></span> <span class='ocrx_word' id='word_1_613' title='bbox 3368 2818 3434 2872; x_wconf 87' lang='lat' dir='ltr'><strong>ad</strong></span> <span class='ocrx_word' id='word_1_614' title='bbox 3466 2817 3551 2870; x_wconf 80' lang='lat' dir='ltr'><strong>fa-</strong></span> 
     </span>
    </p>
   </div>
   <div class='ocr_carea' id='block_1_82' title="bbox 1978 2904 3555 2978">
    <p class='ocr_par' dir='ltr' id='par_1_82' title="bbox 1978 2904 3555 2978">
     <span class='ocr_line' id='line_1_82' title="bbox 1978 2904 3555 2978; baseline 0.001 -20"><span class='ocrx_word' id='word_1_615' title='bbox 1978 2905 2115 2959; x_wconf 83' lang='lat' dir='ltr'><strong>ciem</strong></span> <span class='ocrx_word' id='word_1_616' title='bbox 2148 2904 2573 2975; x_wconf 87' lang='lat' dir='ltr'><strong>contemplatura</strong></span> <span class='ocrx_word' id='word_1_617' title='bbox 2607 2906 2679 2960; x_wconf 89' lang='lat' dir='ltr'><strong>sit</strong></span> <span class='ocrx_word' id='word_1_618' title='bbox 2714 2906 2781 2971; x_wconf 84' lang='grc'><strong>¹⁹,</strong></span> <span class='ocrx_word' id='word_1_619' title='bbox 2826 2907 2878 2960; x_wconf 94' lang='lat' dir='ltr'><strong>in</strong></span> <span class='ocrx_word' id='word_1_620' title='bbox 2925 2907 3029 2970; x_wconf 91' lang='lat' dir='ltr'><strong>his,</strong></span> <span class='ocrx_word' id='word_1_621' title='bbox 3063 2908 3156 2978; x_wconf 89' lang='lat' dir='ltr'><strong>qui</strong></span> <span class='ocrx_word' id='word_1_622' title='bbox 3206 2907 3350 2976; x_wconf 86' lang='lat' dir='ltr'><strong>digni</strong></span> <span class='ocrx_word' id='word_1_623' title='bbox 3406 2917 3555 2970; x_wconf 84' lang='lat' dir='ltr'><strong>sunt,</strong></span> 
     </span>
    </p>
   </div>
   <div class='ocr_carea' id='block_1_83' title="bbox 1977 2995 3558 3065">
    <p class='ocr_par' dir='ltr' id='par_1_83' title="bbox 1977 2995 3558 3065">
     <span class='ocr_line' id='line_1_83' title="bbox 1977 2995 3558 3065; baseline 0.003 -19"><span class='ocrx_word' id='word_1_624' title='bbox 1977 3002 2234 3065; x_wconf 85' lang='lat' dir='ltr'><strong>quantum</strong></span> <span class='ocrx_word' id='word_1_625' title='bbox 2281 2995 2330 3050; x_wconf 84' lang='lat' dir='ltr'><strong>ei</strong></span> <span class='ocrx_word' id='word_1_626' title='bbox 2379 2996 2537 3049; x_wconf 88' lang='lat' dir='ltr'><strong>datur</strong></span> <span class='ocrx_word' id='word_1_627' title='bbox 2560 2995 2930 3065; x_wconf 84' lang='lat' dir='ltr'><strong>contemplari,</strong></span> <span class='ocrx_word' id='word_1_628' title='bbox 2960 2997 3012 3049; x_wconf 92' lang='lat' dir='ltr'><strong>in</strong></span> <span class='ocrx_word' id='word_1_629' title='bbox 3057 2997 3290 3051; x_wconf 85' lang='lat' dir='ltr'><strong>nubibus</strong></span> <span class='ocrx_word' id='word_1_630' title='bbox 3317 2998 3558 3051; x_wconf 77' lang='lat' dir='ltr'><strong>them-iac</strong></span> 
     </span>
    </p>
   </div>
   <div class='ocr_carea' id='block_1_84' title="bbox 1980 3085 3559 3156">
    <p class='ocr_par' dir='ltr' id='par_1_84' title="bbox 1980 3085 3559 3156">
     <span class='ocr_line' id='line_1_84' title="bbox 1980 3085 3559 3156; baseline -0.002 -16"><span class='ocrx_word' id='word_1_631' title='bbox 1980 3100 2297 3152; x_wconf 80' lang='lat' dir='ltr'><strong>ascensura,</strong></span> <span class='ocrx_word' id='word_1_632' title='bbox 2328 3098 2490 3139; x_wconf 80' lang='lat' dir='ltr'><strong>unum</strong></span> <span class='ocrx_word' id='word_1_633' title='bbox 2519 3100 2640 3141; x_wconf 93' lang='lat' dir='ltr'><strong>cum</strong></span> <span class='ocrx_word' id='word_1_634' title='bbox 2671 3086 2785 3155; x_wconf 84' lang='lat' dir='ltr'><strong>ipso</strong></span> <span class='ocrx_word' id='word_1_635' title='bbox 2834 3094 2887 3140; x_wconf 85' lang='lat' dir='ltr'><strong>et</strong></span> <span class='ocrx_word' id='word_1_636' title='bbox 2932 3087 2985 3139; x_wconf 88' lang='lat' dir='ltr'><strong>in</strong></span> <span class='ocrx_word' id='word_1_637' title='bbox 3031 3086 3146 3156; x_wconf 91' lang='lat' dir='ltr'><strong>ipso</strong></span> <span class='ocrx_word' id='word_1_638' title='bbox 3190 3085 3306 3140; x_wconf 82' lang='lat' dir='ltr'><strong>ﬁeri</strong></span> <span class='ocrx_word' id='word_1_639' title='bbox 3353 3087 3559 3155; x_wconf 82' lang='lat' dir='ltr'><strong>possit?</strong></span> 
     </span>
    </p>
   </div>
   <div class='ocr_carea' id='block_1_85' title="bbox 1980 3173 3557 3245">
    <p class='ocr_par' dir='ltr' id='par_1_85' title="bbox 1980 3173 3557 3245">
     <span class='ocr_line' id='line_1_85' title="bbox 1980 3173 3557 3245; baseline -0.001 -13"><span class='ocrx_word' id='word_1_640' title='bbox 1980 3173 2091 3233; x_wconf 81' lang='lat' dir='ltr'><strong>Nec</strong></span> <span class='ocrx_word' id='word_1_641' title='bbox 2139 3179 2241 3233; x_wconf 85' lang='lat' dir='ltr'><strong>hoc</strong></span> <span class='ocrx_word' id='word_1_642' title='bbox 2284 3179 2533 3242; x_wconf 85' lang='lat' dir='ltr'><strong>dicimus,</strong></span> <span class='ocrx_word' id='word_1_643' title='bbox 2584 3176 2795 3232; x_wconf 85' lang='lat' dir='ltr'><strong>illorum</strong></span> <span class='ocrx_word' id='word_1_644' title='bbox 2841 3188 3059 3231; x_wconf 87' lang='lat' dir='ltr'><strong>sensum</strong></span> <span class='ocrx_word' id='word_1_645' title='bbox 3106 3176 3430 3240; x_wconf 81' lang='lat' dir='ltr'><strong>refellentes,</strong></span> <span class='ocrx_word' id='word_1_646' title='bbox 3460 3178 3557 3245; x_wconf 84' lang='lat' dir='ltr'><strong>qui</strong></span> 
     </span>
    </p>
   </div>
   <div class='ocr_carea' id='block_1_86' title="bbox 1977 3248 3555 3339">
    <p class='ocr_par' dir='ltr' id='par_1_86' title="bbox 1977 3248 3555 3339">
     <span class='ocr_line' id='line_1_86' title="bbox 1977 3248 3555 3339; baseline -0.001 -13"><span class='ocrx_word' id='word_1_647' title='bbox 1977 3272 2182 3336; x_wconf 85' lang='lat' dir='ltr'><strong>dicunt,</strong></span> <span class='ocrx_word' id='word_1_648' title='bbox 2213 3248 2415 3323; x_wconf 61' lang='lat' dir='ltr'><strong>nulluuii</strong></span> <span class='ocrx_word' id='word_1_649' title='bbox 2443 3284 2639 3339; x_wconf 82' lang='lat' dir='ltr'><strong>corpus</strong></span> <span class='ocrx_word' id='word_1_650' title='bbox 2686 3282 2843 3337; x_wconf 83' lang='lat' dir='ltr'><strong>posse</strong></span> <span class='ocrx_word' id='word_1_651' title='bbox 2890 3267 2944 3299; x_wconf 74' lang='lat'><strong>“&#39;</strong></span> <span class='ocrx_word' id='word_1_652' title='bbox 2988 3268 3180 3321; x_wconf 88' lang='lat' dir='ltr'><strong>mutari</strong></span> <span class='ocrx_word' id='word_1_653' title='bbox 3234 3268 3286 3321; x_wconf 89' lang='lat' dir='ltr'><strong>in</strong></span> <span class='ocrx_word' id='word_1_654' title='bbox 3349 3269 3555 3324; x_wconf 75' lang='lat' dir='ltr'><strong>vitam.</strong></span> 
     </span>
    </p>
   </div>
   <div class='ocr_carea' id='block_1_87' title="bbox 1978 3359 3558 3429">
    <p class='ocr_par' dir='ltr' id='par_1_87' title="bbox 1978 3359 3558 3429">
     <span class='ocr_line' id='line_1_87' title="bbox 1978 3359 3558 3429; baseline -0.003 -14"><span class='ocrx_word' id='word_1_655' title='bbox 1978 3376 2153 3429; x_wconf 81' lang='lat' dir='ltr'><strong>neque</strong></span> <span class='ocrx_word' id='word_1_656' title='bbox 2185 3360 2343 3414; x_wconf 84' lang='lat' dir='ltr'><strong>ullam</strong></span> <span class='ocrx_word' id='word_1_657' title='bbox 2368 3361 2531 3413; x_wconf 87' lang='lat' dir='ltr'><strong>vitam</strong></span> <span class='ocrx_word' id='word_1_658' title='bbox 2557 3359 2750 3412; x_wconf 90' lang='lat' dir='ltr'><strong>mutari</strong></span> <span class='ocrx_word' id='word_1_659' title='bbox 2777 3359 2827 3412; x_wconf 91' lang='lat' dir='ltr'><strong>in</strong></span> <span class='ocrx_word' id='word_1_660' title='bbox 2853 3373 3067 3426; x_wconf 86' lang='lat' dir='ltr'><strong>corpus,</strong></span> <span class='ocrx_word' id='word_1_661' title='bbox 3093 3360 3408 3427; x_wconf 86' lang='lat' dir='ltr'><strong>praesertim</strong></span> <span class='ocrx_word' id='word_1_662' title='bbox 3433 3374 3558 3414; x_wconf 85' lang='lat' dir='ltr'><strong>cum</strong></span> 
     </span>
    </p>
   </div>
   <div class='ocr_carea' id='block_1_88' title="bbox 1977 3451 3573 3521">
    <p class='ocr_par' dir='ltr' id='par_1_88' title="bbox 1977 3451 3573 3521">
     <span class='ocr_line' id='line_1_88' title="bbox 1977 3451 3573 3521; baseline -0.001 -13"><span class='ocrx_word' id='word_1_663' title='bbox 1977 3462 2195 3508; x_wconf 84' lang='lat' dir='ltr'><strong>sanctus</strong></span> <span class='ocrx_word' id='word_1_664' title='bbox 2222 3453 2381 3507; x_wconf 82' lang='lat' dir='ltr'><strong>Pater</strong></span> <span class='ocrx_word' id='word_1_665' title='bbox 2410 3453 2738 3521; x_wconf 78' lang='lat' dir='ltr'><strong>Augustinus</strong></span> <span class='ocrx_word' id='word_1_666' title='bbox 2767 3453 2867 3507; x_wconf 89' lang='lat' dir='ltr'><strong>hoc</strong></span> <span class='ocrx_word' id='word_1_667' title='bbox 2890 3451 3083 3507; x_wconf 86' lang='lat' dir='ltr'><strong>docere</strong></span> <span class='ocrx_word' id='word_1_668' title='bbox 3109 3453 3149 3484; x_wconf 84' lang='lat'><strong>&quot;</strong></span> <span class='ocrx_word' id='word_1_669' title='bbox 3176 3453 3440 3514; x_wconf 76' lang='lat' dir='ltr'><strong>videatur,</strong></span> <span class='ocrx_word' id='word_1_670' title='bbox 3463 3453 3573 3507; x_wconf 71' lang='lat' dir='ltr'><strong>sed</strong></span> 
     </span>
    </p>
   </div>
   <div class='ocr_carea' id='block_1_89' title="bbox 1979 3541 3565 3614">
    <p class='ocr_par' dir='ltr' id='par_1_89' title="bbox 1979 3541 3565 3614">
     <span class='ocr_line' id='line_1_89' title="bbox 1979 3541 3565 3614; baseline -0.003 -15"><span class='ocrx_word' id='word_1_671' title='bbox 1979 3546 2121 3614; x_wconf 85' lang='lat' dir='ltr'><strong>quod</strong></span> <span class='ocrx_word' id='word_1_672' title='bbox 2153 3547 2204 3599; x_wconf 91' lang='lat' dir='ltr'><strong>in</strong></span> <span class='ocrx_word' id='word_1_673' title='bbox 2239 3544 2342 3600; x_wconf 83' lang='lat' dir='ltr'><strong>hac</strong></span> <span class='ocrx_word' id='word_1_674' title='bbox 2373 3543 2734 3614; x_wconf 87' lang='lat' dir='ltr'><strong>disputatione</strong></span> <span class='ocrx_word' id='word_1_675' title='bbox 2763 3544 2829 3597; x_wconf 87' lang='lat' dir='ltr'><strong>de</strong></span> <span class='ocrx_word' id='word_1_676' title='bbox 2867 3552 3089 3596; x_wconf 87' lang='lat' dir='ltr'><strong>naturae</strong></span> <span class='ocrx_word' id='word_1_677' title='bbox 3136 3543 3308 3597; x_wconf 86' lang='lat' dir='ltr'><strong>reditu</strong></span> <span class='ocrx_word' id='word_1_678' title='bbox 3353 3541 3565 3611; x_wconf 55' lang='lat' dir='ltr'><strong>Grego.</strong></span> 
     </span>
    </p>
   </div>
   <div class='ocr_carea' id='block_1_90' title="bbox 1979 3632 3562 3705">
    <p class='ocr_par' dir='ltr' id='par_1_90' title="bbox 1979 3632 3562 3705">
     <span class='ocr_line' id='line_1_90' title="bbox 1979 3632 3562 3705; baseline -0.003 -15"><span class='ocrx_word' id='word_1_679' title='bbox 1979 3637 2120 3690; x_wconf 91' lang='lat' dir='ltr'><strong>rium</strong></span> <span class='ocrx_word' id='word_1_680' title='bbox 2172 3636 2448 3705; x_wconf 85' lang='lat' dir='ltr'><strong>sequimur</strong></span> <span class='ocrx_word' id='word_1_681' title='bbox 2496 3632 2864 3704; x_wconf 81' lang='lat' dir='ltr'><strong>Theologum,</strong></span> <span class='ocrx_word' id='word_1_682' title='bbox 2911 3633 3136 3703; x_wconf 85' lang='lat' dir='ltr'><strong>ejusque</strong></span> <span class='ocrx_word' id='word_1_683' title='bbox 3195 3634 3562 3701; x_wconf 74' lang='lat' dir='ltr'><strong>expositorem</strong></span> 
     </span>
    </p>
   </div>
   <div class='ocr_carea' id='block_1_91' title="bbox 1979 3723 3568 3789">
    <p class='ocr_par' dir='ltr' id='par_1_91' title="bbox 1979 3723 3568 3789">
     <span class='ocr_line' id='line_1_91' title="bbox 1979 3723 3568 3789; baseline -0.004 -8"><span class='ocrx_word' id='word_1_684' title='bbox 1979 3726 2292 3789; x_wconf 76' lang='lat' dir='ltr'><strong>Maximum,</strong></span> <span class='ocrx_word' id='word_1_685' title='bbox 2327 3740 2424 3779; x_wconf 89' lang='lat' dir='ltr'><strong>nec</strong></span> <span class='ocrx_word' id='word_1_686' title='bbox 2452 3741 2556 3778; x_wconf 89' lang='lat' dir='ltr'><strong>non</strong></span> <span class='ocrx_word' id='word_1_687' title='bbox 2582 3733 2634 3778; x_wconf 92' lang='lat' dir='ltr'><strong>et</strong></span> <span class='ocrx_word' id='word_1_688' title='bbox 2656 3734 2896 3778; x_wconf 86' lang='lat' dir='ltr'><strong>sanctum</strong></span> <span class='ocrx_word' id='word_1_689' title='bbox 2926 3724 3270 3778; x_wconf 86' lang='lat' dir='ltr'><strong>Ambrosium</strong></span> <span class='ocrx_word' id='word_1_690' title='bbox 3299 3724 3352 3777; x_wconf 91' lang='lat' dir='ltr'><strong>in</strong></span> <span class='ocrx_word' id='word_1_691' title='bbox 3376 3723 3568 3789; x_wconf 80' lang='lat' dir='ltr'><strong>expla-</strong></span> 
     </span>
    </p>
   </div>
   <div class='ocr_carea' id='block_1_92' title="bbox 1980 3814 3569 3887">
    <p class='ocr_par' dir='ltr' id='par_1_92' title="bbox 1980 3814 3569 3887">
     <span class='ocr_line' id='line_1_92' title="bbox 1980 3814 3569 3887; baseline -0.004 -15"><span class='ocrx_word' id='word_1_692' title='bbox 1980 3819 2198 3874; x_wconf 89' lang='lat' dir='ltr'><strong>natione</strong></span> <span class='ocrx_word' id='word_1_693' title='bbox 2223 3816 2493 3887; x_wconf 83' lang='lat' dir='ltr'><strong>Evangelii</strong></span> <span class='ocrx_word' id='word_1_694' title='bbox 2519 3816 2810 3870; x_wconf 91' lang='lat' dir='ltr'><strong>sccundum</strong></span> <span class='ocrx_word' id='word_1_695' title='bbox 2841 3815 3074 3877; x_wconf 88' lang='lat' dir='ltr'><strong>Lucam;</strong></span> <span class='ocrx_word' id='word_1_696' title='bbox 3126 3829 3301 3883; x_wconf 82' lang='lat' dir='ltr'><strong>neque</strong></span> <span class='ocrx_word' id='word_1_697' title='bbox 3328 3814 3569 3882; x_wconf 83' lang='lat' dir='ltr'><strong>cuipiam</strong></span> 
     </span>
    </p>
   </div>
   <div class='ocr_carea' id='block_1_93' title="bbox 1979 3904 3571 3979">
    <p class='ocr_par' dir='ltr' id='par_1_93' title="bbox 1979 3904 3571 3979">
     <span class='ocr_line' id='line_1_93' title="bbox 1979 3904 3571 3979; baseline -0.006 -12"><span class='ocrx_word' id='word_1_698' title='bbox 1979 3911 2268 3967; x_wconf 86' lang='lat' dir='ltr'><strong>suademus</strong></span> <span class='ocrx_word' id='word_1_699' title='bbox 2295 3910 2535 3972; x_wconf 79' lang='lat' dir='ltr'><strong>credere,</strong></span> <span class='ocrx_word' id='word_1_700' title='bbox 2556 3909 2697 3979; x_wconf 88' lang='lat' dir='ltr'><strong>quod</strong></span> <span class='ocrx_word' id='word_1_701' title='bbox 2727 3908 2775 3962; x_wconf 90' lang='lat' dir='ltr'><strong>ci</strong></span> <span class='ocrx_word' id='word_1_702' title='bbox 2801 3906 3114 3961; x_wconf 82' lang='lat' dir='ltr'><strong>incredibile</strong></span> <span class='ocrx_word' id='word_1_703' title='bbox 3138 3906 3368 3960; x_wconf 87' lang='lat' dir='ltr'><strong>videtur.</strong></span> <span class='ocrx_word' id='word_1_704' title='bbox 3400 3904 3571 3958; x_wconf 83' lang='lat' dir='ltr'><strong>Prae-</strong></span> 
     </span>
    </p>
   </div>
   <div class='ocr_carea' id='block_1_94' title="bbox 1983 3994 3573 4069">
    <p class='ocr_par' dir='ltr' id='par_1_94' title="bbox 1983 3994 3573 4069">
     <span class='ocr_line' id='line_1_94' title="bbox 1983 3994 3573 4069; baseline -0.006 -13"><span class='ocrx_word' id='word_1_705' title='bbox 1983 4002 2249 4057; x_wconf 87' lang='lat' dir='ltr'><strong>dictorum</strong></span> <span class='ocrx_word' id='word_1_706' title='bbox 2279 4014 2511 4069; x_wconf 88' lang='lat' dir='ltr'><strong>namque</strong></span> <span class='ocrx_word' id='word_1_707' title='bbox 2539 3997 2863 4053; x_wconf 87' lang='lat' dir='ltr'><strong>reversionis</strong></span> <span class='ocrx_word' id='word_1_708' title='bbox 2899 4007 3122 4051; x_wconf 85' lang='lat' dir='ltr'><strong>naturae</strong></span> <span class='ocrx_word' id='word_1_709' title='bbox 3151 3996 3413 4066; x_wconf 66' lang='lat' dir='ltr'><strong>graduum</strong></span> <span class='ocrx_word' id='word_1_710' title='bbox 3444 3994 3573 4062; x_wconf 60' lang='lat' dir='ltr'><strong>qui»</strong></span> 
     </span>
    </p>
   </div>
   <div class='ocr_carea' id='block_1_95' title="bbox 1985 4086 3574 4160">
    <p class='ocr_par' dir='ltr' id='par_1_95' title="bbox 1985 4086 3574 4160">
     <span class='ocr_line' id='line_1_95' title="bbox 1985 4086 3574 4160; baseline -0.006 -12"><span class='ocrx_word' id='word_1_711' title='bbox 1985 4095 2105 4148; x_wconf 86' lang='lat' dir='ltr'><strong>dam</strong></span> <span class='ocrx_word' id='word_1_712' title='bbox 2130 4101 2277 4157; x_wconf 88' lang='lat' dir='ltr'><strong>sunt,</strong></span> <span class='ocrx_word' id='word_1_713' title='bbox 2302 4093 2351 4145; x_wconf 91' lang='lat' dir='ltr'><strong>in</strong></span> <span class='ocrx_word' id='word_1_714' title='bbox 2380 4092 2574 4160; x_wconf 87' lang='lat' dir='ltr'><strong>quibus</strong></span> <span class='ocrx_word' id='word_1_715' title='bbox 2605 4089 2971 4159; x_wconf 84' lang='lat' dir='ltr'><strong>theologorum</strong></span> <span class='ocrx_word' id='word_1_716' title='bbox 3015 4088 3235 4143; x_wconf 91' lang='lat' dir='ltr'><strong>traditio</strong></span> <span class='ocrx_word' id='word_1_717' title='bbox 3274 4086 3574 4139; x_wconf 73' lang='lat' dir='ltr'><strong>universa-</strong></span> 
     </span>
    </p>
   </div>
   <div class='ocr_carea' id='block_1_96' title="bbox 1986 4177 3570 4250">
    <p class='ocr_par' dir='ltr' id='par_1_96' title="bbox 1986 4177 3570 4250">
     <span class='ocr_line' id='line_1_96' title="bbox 1986 4177 3570 4250; baseline -0.008 -12"><span class='ocrx_word' id='word_1_718' title='bbox 1986 4183 2111 4238; x_wconf 84' lang='lat' dir='ltr'><strong>litcr</strong></span> <span class='ocrx_word' id='word_1_719' title='bbox 2135 4182 2424 4247; x_wconf 89' lang='lat' dir='ltr'><strong>consentit,</strong></span> <span class='ocrx_word' id='word_1_720' title='bbox 2452 4181 2693 4250; x_wconf 86' lang='lat' dir='ltr'><strong>quidam,</strong></span> <span class='ocrx_word' id='word_1_721' title='bbox 2719 4180 2769 4232; x_wconf 90' lang='lat' dir='ltr'><strong>in</strong></span> <span class='ocrx_word' id='word_1_722' title='bbox 2802 4179 2997 4247; x_wconf 90' lang='lat' dir='ltr'><strong>quibus</strong></span> <span class='ocrx_word' id='word_1_723' title='bbox 3023 4178 3243 4233; x_wconf 90' lang='lat' dir='ltr'><strong>omnino</strong></span> <span class='ocrx_word' id='word_1_724' title='bbox 3270 4177 3570 4245; x_wconf 79' lang='lat' dir='ltr'><strong>discrepat.</strong></span> 
     </span>
    </p>
   </div>
   <div class='ocr_carea' id='block_1_97' title="bbox 1986 4264 3581 4338">
    <p class='ocr_par' dir='ltr' id='par_1_97' title="bbox 1986 4264 3581 4338">
     <span class='ocr_line' id='line_1_97' title="bbox 1986 4264 3581 4338; baseline -0.006 -12"><span class='ocrx_word' id='word_1_725' title='bbox 1986 4271 2121 4326; x_wconf 79' lang='lat' dir='ltr'><strong>Nam</strong></span> <span class='ocrx_word' id='word_1_726' title='bbox 2151 4271 2214 4326; x_wconf 87' lang='lat' dir='ltr'><strong>de</strong></span> <span class='ocrx_word' id='word_1_727' title='bbox 2241 4270 2410 4324; x_wconf 90' lang='lat' dir='ltr'><strong>reditu</strong></span> <span class='ocrx_word' id='word_1_728' title='bbox 2437 4269 2690 4338; x_wconf 86' lang='lat' dir='ltr'><strong>corporis</strong></span> <span class='ocrx_word' id='word_1_729' title='bbox 2707 4268 2757 4321; x_wconf 93' lang='lat' dir='ltr'><strong>in</strong></span> <span class='ocrx_word' id='word_1_730' title='bbox 2789 4267 3071 4329; x_wconf 88' lang='lat' dir='ltr'><strong>elementa,</strong></span> <span class='ocrx_word' id='word_1_731' title='bbox 3091 4282 3156 4320; x_wconf 79' lang='lat' dir='ltr'><strong>ex</strong></span> <span class='ocrx_word' id='word_1_732' title='bbox 3174 4266 3372 4336; x_wconf 87' lang='lat' dir='ltr'><strong>quibus</strong></span> <span class='ocrx_word' id='word_1_733' title='bbox 3393 4264 3581 4328; x_wconf 70' lang='lat' dir='ltr'><strong>venit,</strong></span> 
     </span>
    </p>
   </div>
   <div class='ocr_carea' id='block_1_98' title="bbox 1989 4352 3571 4427">
    <p class='ocr_par' dir='ltr' id='par_1_98' title="bbox 1989 4352 3571 4427">
     <span class='ocr_line' id='line_1_98' title="bbox 1989 4352 3571 4427; baseline -0.006 -13"><span class='ocrx_word' id='word_1_734' title='bbox 1989 4360 2161 4427; x_wconf 83' lang='lat' dir='ltr'><strong>deque</strong></span> <span class='ocrx_word' id='word_1_735' title='bbox 2222 4358 2389 4427; x_wconf 79' lang='lat' dir='ltr'><strong>ipsius</strong></span> <span class='ocrx_word' id='word_1_736' title='bbox 2451 4355 2864 4412; x_wconf 83' lang='lat' dir='ltr'><strong>resurrectionis</strong></span> <span class='ocrx_word' id='word_1_737' title='bbox 2930 4364 3168 4424; x_wconf 87' lang='lat' dir='ltr'><strong>tempore</strong></span> <span class='ocrx_word' id='word_1_738' title='bbox 3218 4354 3271 4406; x_wconf 92' lang='lat' dir='ltr'><strong>in</strong></span> <span class='ocrx_word' id='word_1_739' title='bbox 3324 4352 3571 4421; x_wconf 85' lang='lat' dir='ltr'><strong>seipsum</strong></span> 
     </span>
    </p>
   </div>
   <div class='ocr_carea' id='block_1_99' title="bbox 1990 4446 3573 4516">
    <p class='ocr_par' dir='ltr' id='par_1_99' title="bbox 1990 4446 3573 4516">
     <span class='ocr_line' id='line_1_99' title="bbox 1990 4446 3573 4516; baseline -0.006 -11"><span class='ocrx_word' id='word_1_740' title='bbox 1990 4467 2233 4516; x_wconf 82' lang='lat' dir='ltr'><strong>recursu,</strong></span> <span class='ocrx_word' id='word_1_741' title='bbox 2259 4450 2435 4504; x_wconf 89' lang='lat' dir='ltr'><strong>nullus</strong></span> <span class='ocrx_word' id='word_1_742' title='bbox 2457 4450 2697 4502; x_wconf 86' lang='lat' dir='ltr'><strong>dissonat</strong></span> <span class='ocrx_word' id='word_1_743' title='bbox 2718 4449 2787 4502; x_wconf 90' lang='lat' dir='ltr'><strong>ab</strong></span> <span class='ocrx_word' id='word_1_744' title='bbox 2812 4446 2999 4502; x_wconf 89' lang='lat' dir='ltr'><strong>altero.</strong></span> <span class='ocrx_word' id='word_1_745' title='bbox 3026 4446 3102 4501; x_wconf 86' lang='lat' dir='ltr'><strong>De</strong></span> <span class='ocrx_word' id='word_1_746' title='bbox 3132 4446 3359 4499; x_wconf 83' lang='lat' dir='ltr'><strong>transitu</strong></span> <span class='ocrx_word' id='word_1_747' title='bbox 3409 4459 3573 4507; x_wconf 86' lang='lat' dir='ltr'><strong>vero,</strong></span> 
     </span>
    </p>
   </div>
   <div class='ocr_carea' id='block_1_100' title="bbox 1988 4535 3578 4609">
    <p class='ocr_par' dir='ltr' id='par_1_100' title="bbox 1988 4535 3578 4609">
     <span class='ocr_line' id='line_1_100' title="bbox 1988 4535 3578 4609; baseline -0.006 -9"><span class='ocrx_word' id='word_1_748' title='bbox 1988 4545 2038 4600; x_wconf 85' lang='lat' dir='ltr'><strong>id</strong></span> <span class='ocrx_word' id='word_1_749' title='bbox 2062 4553 2143 4599; x_wconf 85' lang='lat' dir='ltr'><strong>est</strong></span> <span class='ocrx_word' id='word_1_750' title='bbox 2168 4542 2616 4598; x_wconf 89' lang='lat' dir='ltr'><strong>transmutatione</strong></span> <span class='ocrx_word' id='word_1_751' title='bbox 2633 4540 2875 4609; x_wconf 81' lang='lat' dir='ltr'><strong>corporis</strong></span> <span class='ocrx_word' id='word_1_752' title='bbox 2898 4540 2950 4593; x_wconf 93' lang='lat' dir='ltr'><strong>in</strong></span> <span class='ocrx_word' id='word_1_753' title='bbox 2976 4539 3233 4601; x_wconf 88' lang='lat' dir='ltr'><strong>animam,</strong></span> <span class='ocrx_word' id='word_1_754' title='bbox 3248 4535 3332 4590; x_wconf 79' lang='lat' dir='ltr'><strong>vel</strong></span> <span class='ocrx_word' id='word_1_755' title='bbox 3352 4536 3578 4590; x_wconf 80' lang='lat' dir='ltr'><strong>animae</strong></span> 
     </span>
    </p>
   </div>
   <div class='ocr_carea' id='block_1_101' title="bbox 1985 4627 3577 4697">
    <p class='ocr_par' dir='ltr' id='par_1_101' title="bbox 1985 4627 3577 4697">
     <span class='ocr_line' id='line_1_101' title="bbox 1985 4627 3577 4697; baseline -0.007 -8"><span class='ocrx_word' id='word_1_756' title='bbox 1985 4634 2040 4689; x_wconf 87' lang='lat' dir='ltr'><strong>in</strong></span> <span class='ocrx_word' id='word_1_757' title='bbox 2070 4649 2283 4697; x_wconf 86' lang='lat' dir='ltr'><strong>causas,</strong></span> <span class='ocrx_word' id='word_1_758' title='bbox 2306 4631 2387 4686; x_wconf 85' lang='lat' dir='ltr'><strong>vel</strong></span> <span class='ocrx_word' id='word_1_759' title='bbox 2413 4631 2651 4686; x_wconf 86' lang='lat' dir='ltr'><strong>omnium</strong></span> <span class='ocrx_word' id='word_1_760' title='bbox 2683 4631 2735 4684; x_wconf 92' lang='lat' dir='ltr'><strong>in</strong></span> <span class='ocrx_word' id='word_1_761' title='bbox 2764 4630 2958 4695; x_wconf 85' lang='lat' dir='ltr'><strong>Deum,</strong></span> <span class='ocrx_word' id='word_1_762' title='bbox 2973 4628 3128 4683; x_wconf 86' lang='lat' dir='ltr'><strong>valde</strong></span> <span class='ocrx_word' id='word_1_763' title='bbox 3148 4627 3423 4682; x_wconf 89' lang='lat' dir='ltr'><strong>dissimilis</strong></span> <span class='ocrx_word' id='word_1_764' title='bbox 3442 4640 3577 4679; x_wconf 79' lang='lat' dir='ltr'><strong>sen-</strong></span> 
     </span>
    </p>
   </div>
   <div class='ocr_carea' id='block_1_102' title="bbox 1988 4714 3581 4793">
    <p class='ocr_par' dir='ltr' id='par_1_102' title="bbox 1988 4714 3581 4793">
     <span class='ocr_line' id='line_1_102' title="bbox 1988 4714 3581 4793; baseline -0.007 -12"><span class='ocrx_word' id='word_1_765' title='bbox 1988 4728 2152 4782; x_wconf 89' lang='lat' dir='ltr'><strong>tentia</strong></span> <span class='ocrx_word' id='word_1_766' title='bbox 2182 4735 2285 4790; x_wconf 87' lang='lat' dir='ltr'><strong>est,</strong></span> <span class='ocrx_word' id='word_1_767' title='bbox 2309 4724 2631 4793; x_wconf 88' lang='lat' dir='ltr'><strong>variumque</strong></span> <span class='ocrx_word' id='word_1_768' title='bbox 2660 4720 2770 4776; x_wconf 83' lang='lat' dir='ltr'><strong>fere</strong></span> <span class='ocrx_word' id='word_1_769' title='bbox 2795 4722 2846 4775; x_wconf 82' lang='lat' dir='ltr'><strong>in</strong></span> <span class='ocrx_word' id='word_1_770' title='bbox 2873 4720 3123 4775; x_wconf 87' lang='lat' dir='ltr'><strong>omnibus</strong></span> <span class='ocrx_word' id='word_1_771' title='bbox 3149 4719 3363 4787; x_wconf 81' lang='lat' dir='ltr'><strong>dogma.</strong></span> <span class='ocrx_word' id='word_1_772' title='bbox 3411 4714 3581 4770; x_wconf 76' lang='lat' dir='ltr'><strong>Multi</strong></span> 
     </span>
    </p>
   </div>
   <div class='ocr_carea' id='block_1_103' title="bbox 1989 4809 3575 4882">
    <p class='ocr_par' dir='ltr' id='par_1_103' title="bbox 1989 4809 3575 4882">
     <span class='ocr_line' id='line_1_103' title="bbox 1989 4809 3575 4882; baseline -0.011 -5"><span class='ocrx_word' id='word_1_773' title='bbox 1989 4822 2135 4878; x_wconf 88' lang='lat' dir='ltr'><strong>enim</strong></span> <span class='ocrx_word' id='word_1_774' title='bbox 2158 4820 2224 4875; x_wconf 89' lang='lat' dir='ltr'><strong>de</strong></span> <span class='ocrx_word' id='word_1_775' title='bbox 2246 4817 2509 4874; x_wconf 89' lang='lat' dir='ltr'><strong>solutione</strong></span> <span class='ocrx_word' id='word_1_776' title='bbox 2523 4815 2570 4849; x_wconf 69' lang='lat'><em>“</em></span> <span class='ocrx_word' id='word_1_777' title='bbox 2584 4813 2917 4870; x_wconf 89' lang='lat' dir='ltr'><strong>solummodo</strong></span> <span class='ocrx_word' id='word_1_778' title='bbox 2937 4812 3178 4882; x_wconf 90' lang='lat' dir='ltr'><strong>corporis</strong></span> <span class='ocrx_word' id='word_1_779' title='bbox 3201 4810 3253 4864; x_wconf 92' lang='lat' dir='ltr'><strong>in</strong></span> <span class='ocrx_word' id='word_1_780' title='bbox 3275 4809 3575 4869; x_wconf 82' lang='lat' dir='ltr'><strong>elementa,</strong></span> 
     </span>
    </p>
   </div>
   <div class='ocr_carea' id='block_1_104' title="bbox 1991 4899 3584 4981">
    <p class='ocr_par' dir='ltr' id='par_1_104' title="bbox 1991 4899 3584 4981">
     <span class='ocr_line' id='line_1_104' title="bbox 1991 4899 3584 4981; baseline -0.011 -12"><span class='ocrx_word' id='word_1_781' title='bbox 1991 4914 2163 4981; x_wconf 89' lang='lat' dir='ltr'><strong>deque</strong></span> <span class='ocrx_word' id='word_1_782' title='bbox 2187 4911 2302 4981; x_wconf 83' lang='lat' dir='ltr'><strong>ejus</strong></span> <span class='ocrx_word' id='word_1_783' title='bbox 2325 4908 2498 4964; x_wconf 90' lang='lat' dir='ltr'><strong>reditu</strong></span> <span class='ocrx_word' id='word_1_784' title='bbox 2533 4904 2939 4961; x_wconf 86' lang='lat' dir='ltr'><strong>resurrectionis</strong></span> <span class='ocrx_word' id='word_1_785' title='bbox 2985 4909 3259 4957; x_wconf 87' lang='lat' dir='ltr'><strong>momento</strong></span> <span class='ocrx_word' id='word_1_786' title='bbox 3307 4899 3359 4953; x_wconf 92' lang='lat' dir='ltr'><strong>in</strong></span> <span class='ocrx_word' id='word_1_787' title='bbox 3407 4913 3584 4951; x_wconf 83' lang='lat' dir='ltr'><strong>suum</strong></span> 
     </span>
    </p>
   </div>
   <div class='ocr_carea' id='block_1_105' title="bbox 1988 4986 3587 5073">
    <p class='ocr_par' dir='ltr' id='par_1_105' title="bbox 1988 4986 3587 5073">
     <span class='ocr_line' id='line_1_105' title="bbox 1988 4986 3587 5073; baseline -0.009 -18"><span class='ocrx_word' id='word_1_788' title='bbox 1988 5000 2266 5073; x_wconf 80' lang='lat' dir='ltr'><strong>preprium</strong></span> <span class='ocrx_word' id='word_1_789' title='bbox 2292 5004 2489 5052; x_wconf 87' lang='lat' dir='ltr'><strong>statum</strong></span> <span class='ocrx_word' id='word_1_790' title='bbox 2515 4995 2810 5065; x_wconf 88' lang='lat' dir='ltr'><strong>disputant,</strong></span> <span class='ocrx_word' id='word_1_791' title='bbox 2836 5000 2892 5046; x_wconf 89' lang='lat' dir='ltr'><strong>et</strong></span> <span class='ocrx_word' id='word_1_792' title='bbox 2917 5006 3091 5062; x_wconf 89' lang='lat' dir='ltr'><strong>neque</strong></span> <span class='ocrx_word' id='word_1_793' title='bbox 3111 4990 3230 5061; x_wconf 87' lang='lat' dir='ltr'><strong>plus</strong></span> <span class='ocrx_word' id='word_1_794' title='bbox 3269 4986 3587 5042; x_wconf 76' lang='lat' dir='ltr'><strong>ascendere</strong></span> 
     </span>
    </p>
   </div>
   <div class='ocr_carea' id='block_1_106' title="bbox 1989 5083 3578 5159">
    <p class='ocr_par' dir='ltr' id='par_1_106' title="bbox 1989 5083 3578 5159">
     <span class='ocr_line' id='line_1_106' title="bbox 1989 5083 3578 5159; baseline -0.011 -14"><span class='ocrx_word' id='word_1_795' title='bbox 1989 5093 2262 5155; x_wconf 74' lang='lat' dir='ltr'><strong>videntur,</strong></span> <span class='ocrx_word' id='word_1_796' title='bbox 2291 5087 2541 5159; x_wconf 81' lang='lat' dir='ltr'><strong>quOniam</strong></span> <span class='ocrx_word' id='word_1_797' title='bbox 2571 5086 2623 5140; x_wconf 88' lang='lat' dir='ltr'><strong>in</strong></span> <span class='ocrx_word' id='word_1_798' title='bbox 2655 5084 2915 5155; x_wconf 72' lang='lat' dir='ltr'><strong>qualitate</strong></span> <span class='ocrx_word' id='word_1_799' title='bbox 2961 5095 3249 5153; x_wconf 85' lang='lat' dir='ltr'><strong>corporum</strong></span> <span class='ocrx_word' id='word_1_800' title='bbox 3305 5083 3425 5148; x_wconf 85' lang='lat' dir='ltr'><strong>post</strong></span> <span class='ocrx_word' id='word_1_801' title='bbox 3474 5091 3578 5130; x_wconf 80' lang='lat' dir='ltr'><strong>re-</strong></span> 
     </span>
    </p>
   </div>
   <div class='ocr_carea' id='block_1_107' title="bbox 1990 5167 3583 5246">
    <p class='ocr_par' dir='ltr' id='par_1_107' title="bbox 1990 5167 3583 5246">
     <span class='ocr_line' id='line_1_107' title="bbox 1990 5167 3583 5246; baseline -0.014 -8"><span class='ocrx_word' id='word_1_802' title='bbox 1990 5180 2379 5239; x_wconf 88' lang='lat' dir='ltr'><strong>surrectionem</strong></span> <span class='ocrx_word' id='word_1_803' title='bbox 2413 5174 2791 5246; x_wconf 88' lang='lat' dir='ltr'><strong>disputationis</strong></span> <span class='ocrx_word' id='word_1_804' title='bbox 2821 5186 2957 5228; x_wconf 86' lang='lat' dir='ltr'><strong>suae</strong></span> <span class='ocrx_word' id='word_1_805' title='bbox 2980 5171 3141 5227; x_wconf 87' lang='lat' dir='ltr'><strong>linem</strong></span> <span class='ocrx_word' id='word_1_806' title='bbox 3189 5167 3530 5224; x_wconf 87' lang='lat' dir='ltr'><strong>constituunt</strong></span> <span class='ocrx_word' id='word_1_807' title='bbox 3556 5181 3583 5229; x_wconf 85' lang='lat'><strong>;</strong></span> 
     </span>
    </p>
   </div>
   <div class='ocr_carea' id='block_1_108' title="bbox 1588 5334 2268 5393">
    <p class='ocr_par' dir='ltr' id='par_1_108' title="bbox 1588 5334 2268 5393">
     <span class='ocr_line' id='line_1_108' title="bbox 1588 5334 2268 5393; baseline -0.007 0"><span class='ocrx_word' id='word_1_808' title='bbox 1588 5337 1842 5393; x_wconf 75' lang='lat' dir='ltr'><strong>VARIAE</strong></span> <span class='ocrx_word' id='word_1_809' title='bbox 1873 5334 2268 5393; x_wconf 81' lang='lat' dir='ltr'><strong>LECTIONES.</strong></span> 
     </span>
    </p>
   </div>
   <div class='ocr_carea' id='block_1_109' title="bbox 382 5447 1801 5521">
    <p class='ocr_par' dir='ltr' id='par_1_109' title="bbox 382 5447 1801 5521">
     <span class='ocr_line' id='line_1_109' title="bbox 382 5447 1801 5521; baseline -0.004 -14"><span class='ocrx_word' id='word_1_810' title='bbox 382 5454 403 5486; x_wconf 84' lang='grc'>¹</span> <span class='ocrx_word' id='word_1_811' title='bbox 438 5452 504 5507; x_wconf 85' lang='lat' dir='ltr'><strong>In</strong></span> <span class='ocrx_word' id='word_1_812' title='bbox 530 5453 758 5521; x_wconf 83' lang='lat' dir='ltr'><strong>capitulo</strong></span> <span class='ocrx_word' id='word_1_813' title='bbox 780 5451 980 5507; x_wconf 86' lang='lat' dir='ltr'><strong>decimo</strong></span> <span class='ocrx_word' id='word_1_814' title='bbox 1005 5457 1184 5521; x_wconf 79' lang='lat' dir='ltr'><strong>octavo</strong></span> <span class='ocrx_word' id='word_1_815' title='bbox 1213 5450 1277 5521; x_wconf 82' lang='lat' dir='ltr'><strong>de</strong></span> <span class='ocrx_word' id='word_1_816' title='bbox 1302 5449 1528 5518; x_wconf 71' lang='lat' dir='ltr'><strong>imagine</strong></span> <span class='ocrx_word' id='word_1_817' title='bbox 1555 5463 1666 5502; x_wconf 92' lang='lat' dir='ltr'><strong>om.</strong></span> <span class='ocrx_word' id='word_1_818' title='bbox 1696 5447 1801 5504; x_wconf 84' lang='lat' dir='ltr'><strong>CF.</strong></span> 
     </span>
    </p>
   </div>
   <div class='ocr_carea' id='block_1_110' title="bbox 311 5520 1860 5593">
    <p class='ocr_par' dir='ltr' id='par_1_110' title="bbox 311 5520 1860 5593">
     <span class='ocr_line' id='line_1_110' title="bbox 311 5520 1860 5593; baseline -0.005 -13"><span class='ocrx_word' id='word_1_819' title='bbox 311 5523 430 5591; x_wconf 76' lang='lat' dir='ltr'><strong>CF;</strong></span> <span class='ocrx_word' id='word_1_820' title='bbox 462 5524 506 5578; x_wconf 82' lang='lat' dir='ltr'><strong>A</strong></span> <span class='ocrx_word' id='word_1_821' title='bbox 540 5520 862 5593; x_wconf 77' lang='lat' dir='ltr'><strong>manifestat.</strong></span> <span class='ocrx_word' id='word_1_822' title='bbox 918 5520 1183 5593; x_wconf 38' lang='grc' dir='ltr'><strong>λεῖα-(ΞΡ</strong></span> <span class='ocrx_word' id='word_1_823' title='bbox 1207 5537 1222 5587; x_wconf 89' lang='grc'><strong>;</strong></span> <span class='ocrx_word' id='word_1_824' title='bbox 1244 5520 1293 5593; x_wconf 23' lang='grc' dir='ltr'>Ἀ</span> <span class='ocrx_word' id='word_1_825' title='bbox 1322 5521 1860 5593; x_wconf 67' lang='lat' dir='ltr'><strong>ltumonaenaturae.</strong></span> 
     </span>
    </p>
   </div>
   <div class='ocr_carea' id='block_1_111' title="bbox 310 5594 806 5647">
    <p class='ocr_par' dir='ltr' id='par_1_111' title="bbox 310 5594 806 5647">
     <span class='ocr_line' id='line_1_111' title="bbox 310 5594 806 5647; baseline -0.002 0"><span class='ocrx_word' id='word_1_826' title='bbox 310 5594 468 5647; x_wconf 78' lang='lat' dir='ltr'><strong>lonce</strong></span> <span class='ocrx_word' id='word_1_827' title='bbox 512 5612 541 5647; x_wconf 91' lang='lat' dir='ltr'><strong>a</strong></span> <span class='ocrx_word' id='word_1_828' title='bbox 573 5594 806 5647; x_wconf 87' lang='lat' dir='ltr'><strong>divinae.</strong></span> 
     </span>
    </p>
   </div>
   <div class='ocr_carea' id='block_1_112' title="bbox 314 5661 874 5716">
    <p class='ocr_par' dir='ltr' id='par_1_112' title="bbox 314 5661 874 5716">
     <span class='ocr_line' id='line_1_112' title="bbox 314 5661 874 5716; baseline 0.002 -2"><span class='ocrx_word' id='word_1_829' title='bbox 314 5663 360 5695; x_wconf 76' lang='lat'>&quot;</span> <span class='ocrx_word' id='word_1_830' title='bbox 391 5661 474 5715; x_wconf 83' lang='lat' dir='ltr'><strong>CF</strong></span> <span class='ocrx_word' id='word_1_831' title='bbox 506 5664 874 5716; x_wconf 80' lang='lat' dir='ltr'><strong>abolicitatem.</strong></span> 
     </span>
    </p>
   </div>
   <div class='ocr_carea' id='block_1_113' title="bbox 321 5730 914 5795">
    <p class='ocr_par' dir='ltr' id='par_1_113' title="bbox 321 5730 914 5795">
     <span class='ocr_line' id='line_1_113' title="bbox 321 5730 914 5795; baseline -0.008 -8"><span class='ocrx_word' id='word_1_832' title='bbox 321 5730 364 5765; x_wconf 66' lang='grc' dir='ltr'><strong>δ’</strong></span> <span class='ocrx_word' id='word_1_833' title='bbox 390 5732 481 5787; x_wconf 88' lang='lat' dir='ltr'><strong>Sic</strong></span> <span class='ocrx_word' id='word_1_834' title='bbox 509 5731 623 5795; x_wconf 80' lang='lat' dir='ltr'><strong>CF;</strong></span> <span class='ocrx_word' id='word_1_835' title='bbox 656 5732 696 5783; x_wconf 83' lang='lat' dir='ltr'><strong>A</strong></span> <span class='ocrx_word' id='word_1_836' title='bbox 724 5732 914 5785; x_wconf 83' lang='lat' dir='ltr'><strong>dicere.</strong></span> 
     </span>
    </p>
   </div>
   <div class='ocr_carea' id='block_1_114' title="bbox 913 5588 1747 5658">
    <p class='ocr_par' dir='ltr' id='par_1_114' title="bbox 913 5588 1747 5658">
     <span class='ocr_line' id='line_1_114' title="bbox 913 5588 1747 5658; baseline -0.007 -11"><span class='ocrx_word' id='word_1_837' title='bbox 913 5591 934 5623; x_wconf 83' lang='lat'><strong>’</strong></span> <span class='ocrx_word' id='word_1_838' title='bbox 963 5590 1185 5656; x_wconf 81' lang='lat' dir='ltr'><strong>SicCF;</strong></span> <span class='ocrx_word' id='word_1_839' title='bbox 1228 5591 1267 5643; x_wconf 83' lang='lat' dir='ltr'><strong>A</strong></span> <span class='ocrx_word' id='word_1_840' title='bbox 1313 5589 1530 5658; x_wconf 75' lang='lat' dir='ltr'><strong>inferius</strong></span> <span class='ocrx_word' id='word_1_841' title='bbox 1563 5588 1747 5642; x_wconf 80' lang='lat' dir='ltr'><strong>vivere.</strong></span> 
     </span>
    </p>
   </div>
   <div class='ocr_carea' id='block_1_115' title="bbox 996 5729 1808 5798">
    <p class='ocr_par' dir='ltr' id='par_1_115' title="bbox 996 5729 1808 5798">
     <span class='ocr_line' id='line_1_115' title="bbox 996 5729 1808 5798; baseline -0.005 -13"><span class='ocrx_word' id='word_1_842' title='bbox 996 5732 1038 5764; x_wconf 79' lang='grc'>⁸⁸</span> <span class='ocrx_word' id='word_1_843' title='bbox 1063 5731 1152 5786; x_wconf 86' lang='lat' dir='ltr'><strong>Sic</strong></span> <span class='ocrx_word' id='word_1_844' title='bbox 1179 5730 1262 5786; x_wconf 86' lang='lat' dir='ltr'><strong>CF</strong></span> <span class='ocrx_word' id='word_1_845' title='bbox 1282 5747 1296 5798; x_wconf 90' lang='lat'><strong>;</strong></span> <span class='ocrx_word' id='word_1_846' title='bbox 1321 5729 1367 5785; x_wconf 77' lang='grc' dir='ltr'>Α</span> <span class='ocrx_word' id='word_1_847' title='bbox 1397 5729 1808 5783; x_wconf 71' lang='lat' dir='ltr'><strong>dissolutionem.</strong></span> 
     </span>
    </p>
   </div>
   <div class='ocr_carea' id='block_1_116' title="bbox 1879 5446 2712 5513">
    <p class='ocr_par' dir='ltr' id='par_1_116' title="bbox 1879 5446 2712 5513">
     <span class='ocr_line' id='line_1_116' title="bbox 1879 5446 2712 5513; baseline -0.008 -9"><span class='ocrx_word' id='word_1_848' title='bbox 1879 5450 1900 5481; x_wconf 80' lang='lat'><strong>’</strong></span> <span class='ocrx_word' id='word_1_849' title='bbox 1936 5448 2029 5503; x_wconf 89' lang='lat' dir='ltr'><strong>Sic</strong></span> <span class='ocrx_word' id='word_1_850' title='bbox 2051 5447 2168 5513; x_wconf 84' lang='lat' dir='ltr'><strong>CF;</strong></span> <span class='ocrx_word' id='word_1_851' title='bbox 2206 5446 2246 5501; x_wconf 86' lang='lat' dir='ltr'><strong>A</strong></span> <span class='ocrx_word' id='word_1_852' title='bbox 2277 5447 2330 5500; x_wconf 91' lang='lat' dir='ltr'><strong>in</strong></span> <span class='ocrx_word' id='word_1_853' title='bbox 2355 5446 2712 5500; x_wconf 85' lang='lat' dir='ltr'><strong>inundatione.</strong></span> 
     </span>
    </p>
   </div>
   <div class='ocr_carea' id='block_1_117' title="bbox 1937 5507 3585 5580">
    <p class='ocr_par' dir='ltr' id='par_1_117' title="bbox 1937 5507 3585 5580">
     <span class='ocr_line' id='line_1_117' title="bbox 1937 5507 3585 5580; baseline -0.004 -9"><span class='ocrx_word' id='word_1_854' title='bbox 1937 5519 1958 5549; x_wconf 79' lang='grc'>⁸</span> <span class='ocrx_word' id='word_1_855' title='bbox 1984 5519 2027 5571; x_wconf 80' lang='lat' dir='ltr'><strong>A</strong></span> <span class='ocrx_word' id='word_1_856' title='bbox 2062 5507 2165 5570; x_wconf 81' lang='lat' dir='ltr'><strong>non</strong></span> <span class='ocrx_word' id='word_1_857' title='bbox 2188 5517 2468 5572; x_wconf 75' lang='lat' dir='ltr'><strong>formatae.</strong></span> <span class='ocrx_word' id='word_1_858' title='bbox 2542 5517 2561 5548; x_wconf 84' lang='lat'><strong><em>&quot;</em></strong></span> <span class='ocrx_word' id='word_1_859' title='bbox 2592 5515 2683 5569; x_wconf 91' lang='lat' dir='ltr'><strong>Sic</strong></span> <span class='ocrx_word' id='word_1_860' title='bbox 2707 5513 2824 5578; x_wconf 88' lang='lat' dir='ltr'><strong>CF;</strong></span> <span class='ocrx_word' id='word_1_861' title='bbox 2854 5514 2896 5567; x_wconf 83' lang='grc' dir='ltr'><strong>Λ</strong></span> <span class='ocrx_word' id='word_1_862' title='bbox 2921 5507 3133 5580; x_wconf 74' lang='lat' dir='ltr'><strong>referre.</strong></span> <span class='ocrx_word' id='word_1_863' title='bbox 3207 5512 3230 5543; x_wconf 86' lang='lat'><strong>&quot;</strong></span> <span class='ocrx_word' id='word_1_864' title='bbox 3258 5509 3348 5564; x_wconf 88' lang='lat' dir='ltr'><strong>Sic</strong></span> <span class='ocrx_word' id='word_1_865' title='bbox 3382 5507 3585 5580; x_wconf 56' lang='grc' dir='ltr'><strong>(Ἓξ-Α</strong></span> 
     </span>
    </p>
   </div>
   <div class='ocr_carea' id='block_1_118' title="bbox 1849 5585 2539 5651">
    <p class='ocr_par' dir='ltr' id='par_1_118' title="bbox 1849 5585 2539 5651">
     <span class='ocr_line' id='line_1_118' title="bbox 1849 5585 2539 5651; baseline -0.003 -9"><span class='ocrx_word' id='word_1_866' title='bbox 1849 5588 1894 5621; x_wconf 66' lang='grc' dir='ltr'><strong>’θ</strong></span> <span class='ocrx_word' id='word_1_867' title='bbox 1925 5586 2019 5643; x_wconf 86' lang='lat' dir='ltr'><strong>Sic</strong></span> <span class='ocrx_word' id='word_1_868' title='bbox 2048 5585 2166 5651; x_wconf 83' lang='lat' dir='ltr'><strong>CF;</strong></span> <span class='ocrx_word' id='word_1_869' title='bbox 2198 5586 2243 5642; x_wconf 77' lang='grc' dir='ltr'>Α</span> <span class='ocrx_word' id='word_1_870' title='bbox 2285 5597 2539 5641; x_wconf 87' lang='lat' dir='ltr'><strong>censetur.</strong></span> 
     </span>
    </p>
   </div>
   <div class='ocr_carea' id='block_1_119' title="bbox 980 5658 2205 5726">
    <p class='ocr_par' dir='ltr' id='par_1_119' title="bbox 980 5658 2205 5726">
     <span class='ocr_line' id='line_1_119' title="bbox 980 5658 2205 5726; baseline -0.003 -9"><span class='ocrx_word' id='word_1_871' title='bbox 980 5661 1026 5694; x_wconf 70' lang='grc' dir='ltr'><strong>ν’</strong></span> <span class='ocrx_word' id='word_1_872' title='bbox 1060 5659 1151 5716; x_wconf 88' lang='lat' dir='ltr'><strong>Sic</strong></span> <span class='ocrx_word' id='word_1_873' title='bbox 1175 5660 1295 5726; x_wconf 80' lang='lat' dir='ltr'><strong>CF;</strong></span> <span class='ocrx_word' id='word_1_874' title='bbox 1326 5660 1374 5715; x_wconf 83' lang='lat' dir='ltr'><strong>A</strong></span> <span class='ocrx_word' id='word_1_875' title='bbox 1399 5674 1503 5712; x_wconf 93' lang='lat' dir='ltr'><strong>non</strong></span> <span class='ocrx_word' id='word_1_876' title='bbox 1534 5659 1586 5712; x_wconf 87' lang='lat' dir='ltr'><strong>in</strong></span> <span class='ocrx_word' id='word_1_877' title='bbox 1617 5659 1941 5713; x_wconf 83' lang='lat' dir='ltr'><strong>substantiae</strong></span> <span class='ocrx_word' id='word_1_878' title='bbox 1970 5658 2205 5713; x_wconf 84' lang='lat' dir='ltr'><strong>interitu.</strong></span> 
     </span>
    </p>
   </div>
   <div class='ocr_carea' id='block_1_120' title="bbox 2790 5437 3587 5512">
    <p class='ocr_par' dir='ltr' id='par_1_120' title="bbox 2790 5437 3587 5512">
     <span class='ocr_line' id='line_1_120' title="bbox 2790 5437 3587 5512; baseline -0.004 -15"><span class='ocrx_word' id='word_1_879' title='bbox 2790 5443 2812 5475; x_wconf 86' lang='grc'>³</span> <span class='ocrx_word' id='word_1_880' title='bbox 2838 5442 3115 5512; x_wconf 72' lang='lat' dir='ltr'><strong>conﬁrmat</strong></span> <span class='ocrx_word' id='word_1_881' title='bbox 3141 5441 3344 5512; x_wconf 47' lang='lat' dir='ltr'><strong>om}.</strong></span> <span class='ocrx_word' id='word_1_882' title='bbox 3392 5440 3467 5512; x_wconf 28' lang='grc' dir='ltr'>*ζ</span> <span class='ocrx_word' id='word_1_883' title='bbox 3477 5437 3587 5495; x_wconf 86' lang='lat' dir='ltr'><strong>Sic</strong></span> 
     </span>
    </p>
   </div>
   <div class='ocr_carea' id='block_1_121' title="bbox 3135 5577 3586 5634">
    <p class='ocr_par' dir='ltr' id='par_1_121' title="bbox 3135 5577 3586 5634">
     <span class='ocr_line' id='line_1_121' title="bbox 3135 5577 3586 5634; baseline 0.002 -1"><span class='ocrx_word' id='word_1_884' title='bbox 3135 5582 3177 5614; x_wconf 80' lang='grc'>¹²</span> <span class='ocrx_word' id='word_1_885' title='bbox 3219 5580 3283 5633; x_wconf 91' lang='lat' dir='ltr'><strong>ab</strong></span> <span class='ocrx_word' id='word_1_886' title='bbox 3314 5594 3423 5633; x_wconf 91' lang='lat' dir='ltr'><strong>om.</strong></span> <span class='ocrx_word' id='word_1_887' title='bbox 3460 5577 3586 5634; x_wconf 76' lang='lat' dir='ltr'><strong>CF.</strong></span> 
     </span>
    </p>
   </div>
   <div class='ocr_carea' id='block_1_122' title="bbox 3099 5649 3584 5722">
    <p class='ocr_par' dir='ltr' id='par_1_122' title="bbox 3099 5649 3584 5722">
     <span class='ocr_line' id='line_1_122' title="bbox 3099 5649 3584 5722; baseline -0.002 -18"><span class='ocrx_word' id='word_1_888' title='bbox 3099 5652 3145 5685; x_wconf 71' lang='grc'><strong>’⁸</strong></span> <span class='ocrx_word' id='word_1_889' title='bbox 3176 5665 3323 5722; x_wconf 83' lang='lat' dir='ltr'><strong>posse</strong></span> <span class='ocrx_word' id='word_1_890' title='bbox 3366 5664 3476 5705; x_wconf 86' lang='lat' dir='ltr'><strong>om.</strong></span> <span class='ocrx_word' id='word_1_891' title='bbox 3502 5649 3584 5703; x_wconf 76' lang='grc' dir='ltr'><strong>Α.</strong></span> 
     </span>
    </p>
   </div>
   <div class='ocr_carea' id='block_1_123' title="bbox 2634 5581 3032 5638">
    <p class='ocr_par' dir='ltr' id='par_1_123' title="bbox 2634 5581 3032 5638">
     <span class='ocr_line' id='line_1_123' title="bbox 2634 5581 3032 5638; baseline -0.01 1"><span class='ocrx_word' id='word_1_892' title='bbox 2634 5585 2674 5616; x_wconf 76' lang='grc'>⁸⁸</span> <span class='ocrx_word' id='word_1_893' title='bbox 2704 5603 2736 5638; x_wconf 89' lang='lat' dir='ltr'><strong>a</strong></span> <span class='ocrx_word' id='word_1_894' title='bbox 2777 5599 2885 5638; x_wconf 91' lang='lat' dir='ltr'><strong>om.</strong></span> <span class='ocrx_word' id='word_1_895' title='bbox 2926 5581 3032 5638; x_wconf 82' lang='lat' dir='ltr'><strong>CF.</strong></span> 
     </span>
    </p>
   </div>
   <div class='ocr_carea' id='block_1_124' title="bbox 2305 5655 2998 5725">
    <p class='ocr_par' dir='ltr' id='par_1_124' title="bbox 2305 5655 2998 5725">
     <span class='ocr_line' id='line_1_124' title="bbox 2305 5655 2998 5725; baseline -0.009 -13"><span class='ocrx_word' id='word_1_896' title='bbox 2305 5657 2351 5689; x_wconf 79' lang='lat'><strong>&quot;</strong></span> <span class='ocrx_word' id='word_1_897' title='bbox 2369 5656 2413 5711; x_wconf 83' lang='lat' dir='ltr'><strong>A</strong></span> <span class='ocrx_word' id='word_1_898' title='bbox 2440 5655 2863 5725; x_wconf 84' lang='lat' dir='ltr'><strong>contemplatura</strong></span> <span class='ocrx_word' id='word_1_899' title='bbox 2903 5662 2998 5707; x_wconf 89' lang='lat' dir='ltr'><strong>est.</strong></span> 
     </span>
    </p>
   </div>
  </div>
