  <div class='ocr_page' id='page_1' title='image "/cluster/home/n/w/nwhite01/storage/ocr_20150623/122/hvd.32044054759840/476.png"; bbox 0 0 3898 6154; ppageno 0'>
   <div class='ocr_carea' id='block_1_1' title="bbox 271 258 371 312">
    <p class='ocr_par' dir='ltr' id='par_1_1' title="bbox 271 258 371 312">
     <span class='ocr_line' id='line_1_1' title="bbox 271 258 371 312; baseline -0.06 1"><span class='ocrx_word' id='word_1_1' title='bbox 271 258 371 312; x_wconf 80' lang='lat'><strong>877</strong></span> 
     </span>
    </p>
   </div>
   <div class='ocr_carea' id='block_1_2' title="bbox 1074 260 2646 336">
    <p class='ocr_par' dir='ltr' id='par_1_2' title="bbox 1074 260 2646 336">
     <span class='ocr_line' id='line_1_2' title="bbox 1074 260 2646 336; baseline 0.006 -20"><span class='ocrx_word' id='word_1_2' title='bbox 1074 260 1165 318; x_wconf 83' lang='lat' dir='ltr'><strong>DE</strong></span> <span class='ocrx_word' id='word_1_3' title='bbox 1205 260 1544 320; x_wconf 71' lang='lat' dir='ltr'><strong>DlVlSlONE</strong></span> <span class='ocrx_word' id='word_1_4' title='bbox 1587 261 1935 318; x_wconf 67' lang='lat' dir='ltr'><strong>NATURAE.</strong></span> <span class='ocrx_word' id='word_1_5' title='bbox 1981 294 2050 305; x_wconf 88' lang='lat'><strong>—-</strong></span> <span class='ocrx_word' id='word_1_6' title='bbox 2084 264 2286 322; x_wconf 80' lang='lat' dir='ltr'><strong>LIBER</strong></span> <span class='ocrx_word' id='word_1_7' title='bbox 2324 265 2646 336; x_wconf 77' lang='lat' dir='ltr'><strong>QUINTUS.</strong></span> 
     </span>
    </p>
   </div>
   <div class='ocr_carea' id='block_1_3' title="bbox 3423 265 3527 324">
    <p class='ocr_par' dir='ltr' id='par_1_3' title="bbox 3423 265 3527 324">
     <span class='ocr_line' id='line_1_3' title="bbox 3423 265 3527 324; baseline -0.019 0"><span class='ocrx_word' id='word_1_8' title='bbox 3423 265 3527 324; x_wconf 75' lang='lat'><strong>878</strong></span> 
     </span>
    </p>
   </div>
   <div class='ocr_carea' id='block_1_4' title="bbox 250 371 3530 453">
    <p class='ocr_par' dir='ltr' id='par_1_4' title="bbox 250 371 3530 453">
     <span class='ocr_line' id='line_1_4' title="bbox 250 371 3530 453; baseline 0.005 -32"><span class='ocrx_word' id='word_1_9' title='bbox 250 371 675 430; x_wconf 8' lang='lat' dir='ltr'><strong>its-snsl‘usiauem</strong></span> <span class='ocrx_word' id='word_1_10' title='bbox 698 384 827 427; x_wconf 81' lang='lat' dir='ltr'><strong>vero</strong></span> <span class='ocrx_word' id='word_1_11' title='bbox 854 385 1141 443; x_wconf 82' lang='lat' dir='ltr'><strong>corporum</strong></span> <span class='ocrx_word' id='word_1_12' title='bbox 1171 374 1231 429; x_wconf 63' lang='lat' dir='ltr'><strong>in‘</strong></span> <span class='ocrx_word' id='word_1_13' title='bbox 1267 374 1498 441; x_wconf 83' lang='lat' dir='ltr'><strong>animas,</strong></span> <span class='ocrx_word' id='word_1_14' title='bbox 1528 384 1584 431; x_wconf 90' lang='lat' dir='ltr'><strong>et</strong></span> <span class='ocrx_word' id='word_1_15' title='bbox 1628 377 1836 431; x_wconf 85' lang='lat' dir='ltr'><strong>anima—</strong></span> <span class='ocrx_word' id='word_1_16' title='bbox 1865 381 1911 438; x_wconf 80' lang='grc' dir='ltr'>Α</span> <span class='ocrx_word' id='word_1_17' title='bbox 1940 378 2020 433; x_wconf 88' lang='lat' dir='ltr'><strong>nis</strong></span> <span class='ocrx_word' id='word_1_18' title='bbox 2039 380 2323 436; x_wconf 83' lang='lat' dir='ltr'><strong>secundum</strong></span> <span class='ocrx_word' id='word_1_19' title='bbox 2367 381 2492 436; x_wconf 83' lang='lat' dir='ltr'><strong>bene</strong></span> <span class='ocrx_word' id='word_1_20' title='bbox 2532 383 2765 452; x_wconf 74' lang='lat' dir='ltr'><strong>futuram</strong></span> <span class='ocrx_word' id='word_1_21' title='bbox 2805 381 3184 437; x_wconf 84' lang='lat' dir='ltr'><strong>conversionem</strong></span> <span class='ocrx_word' id='word_1_22' title='bbox 3231 383 3283 438; x_wconf 87' lang='lat' dir='ltr'><strong>in</strong></span> <span class='ocrx_word' id='word_1_23' title='bbox 3326 382 3530 453; x_wconf 87' lang='lat' dir='ltr'><strong>Spiritu</strong></span> 
     </span>
    </p>
   </div>
   <div class='ocr_carea' id='block_1_5' title="bbox 268 464 1841 536">
    <p class='ocr_par' dir='ltr' id='par_1_5' title="bbox 268 464 1841 536">
     <span class='ocr_line' id='line_1_5' title="bbox 268 464 1841 536; baseline 0.002 -19"><span class='ocrx_word' id='word_1_24' title='bbox 268 480 382 517; x_wconf 85' lang='lat' dir='ltr'><strong>rum</strong></span> <span class='ocrx_word' id='word_1_25' title='bbox 405 479 455 515; x_wconf 83' lang='grc' dir='ltr'><strong>ιιι</strong></span> <span class='ocrx_word' id='word_1_26' title='bbox 475 473 757 525; x_wconf 67' lang='grc' dir='ltr'><strong><em>αιιιειιε,οι</em></strong></span> <span class='ocrx_word' id='word_1_27' title='bbox 779 476 1067 518; x_wconf 79' lang='lat' dir='ltr'><strong>causarum</strong></span> <span class='ocrx_word' id='word_1_28' title='bbox 1097 464 1150 518; x_wconf 90' lang='lat' dir='ltr'><strong>in</strong></span> <span class='ocrx_word' id='word_1_29' title='bbox 1182 464 1349 520; x_wconf 89' lang='lat' dir='ltr'><strong>Deum</strong></span> <span class='ocrx_word' id='word_1_30' title='bbox 1380 466 1597 536; x_wconf 87' lang='lat' dir='ltr'><strong>quidam</strong></span> <span class='ocrx_word' id='word_1_31' title='bbox 1625 467 1841 536; x_wconf 89' lang='lat' dir='ltr'><strong>penitus</strong></span> 
     </span>
    </p>
   </div>
   <div class='ocr_carea' id='block_1_6' title="bbox 266 552 1840 623">
    <p class='ocr_par' dir='ltr' id='par_1_6' title="bbox 266 552 1840 623">
     <span class='ocr_line' id='line_1_6' title="bbox 266 552 1840 623; baseline 0.003 -16"><span class='ocrx_word' id='word_1_32' title='bbox 266 562 477 621; x_wconf 78' lang='lat' dir='ltr'><strong>negant,</strong></span> <span class='ocrx_word' id='word_1_33' title='bbox 499 552 716 623; x_wconf 86' lang='lat' dir='ltr'><strong>quidam</strong></span> <span class='ocrx_word' id='word_1_34' title='bbox 748 561 903 609; x_wconf 86' lang='lat' dir='ltr'><strong>caute</strong></span> <span class='ocrx_word' id='word_1_35' title='bbox 940 555 1206 619; x_wconf 87' lang='lat' dir='ltr'><strong>dubitant,</strong></span> <span class='ocrx_word' id='word_1_36' title='bbox 1239 555 1292 609; x_wconf 93' lang='lat' dir='ltr'><strong>in</strong></span> <span class='ocrx_word' id='word_1_37' title='bbox 1334 563 1563 621; x_wconf 86' lang='lat' dir='ltr'><strong>tantum,</strong></span> <span class='ocrx_word' id='word_1_38' title='bbox 1595 566 1653 609; x_wconf 91' lang='lat' dir='ltr'><strong>ut</strong></span> <span class='ocrx_word' id='word_1_39' title='bbox 1678 558 1840 611; x_wconf 87' lang='lat' dir='ltr'><strong>etiam</strong></span> 
     </span>
    </p>
   </div>
   <div class='ocr_carea' id='block_1_7' title="bbox 264 639 1845 698">
    <p class='ocr_par' dir='ltr' id='par_1_7' title="bbox 264 639 1845 698">
     <span class='ocr_line' id='line_1_7' title="bbox 264 639 1845 698; baseline 0 0"><span class='ocrx_word' id='word_1_40' title='bbox 264 641 650 698; x_wconf 82' lang='lat' dir='ltr'><strong>humanitatem</strong></span> <span class='ocrx_word' id='word_1_41' title='bbox 676 639 877 696; x_wconf 87' lang='lat' dir='ltr'><strong>Christi</strong></span> <span class='ocrx_word' id='word_1_42' title='bbox 903 641 954 694; x_wconf 90' lang='lat' dir='ltr'><strong>in</strong></span> <span class='ocrx_word' id='word_1_43' title='bbox 972 640 1311 695; x_wconf 71' lang='lat' dir='ltr'><strong>divinitatem</strong></span> <span class='ocrx_word' id='word_1_44' title='bbox 1331 652 1651 697; x_wconf 83' lang='lat' dir='ltr'><strong>conversam</strong></span> <span class='ocrx_word' id='word_1_45' title='bbox 1679 642 1845 698; x_wconf 83' lang='lat' dir='ltr'><strong>fuisse</strong></span> 
     </span>
    </p>
   </div>
   <div class='ocr_carea' id='block_1_8' title="bbox 264 729 1846 799">
    <p class='ocr_par' dir='ltr' id='par_1_8' title="bbox 264 729 1846 799">
     <span class='ocr_line' id='line_1_8' title="bbox 264 729 1846 799; baseline 0.004 -16"><span class='ocrx_word' id='word_1_46' title='bbox 264 730 445 783; x_wconf 85' lang='lat' dir='ltr'><strong>dicere</strong></span> <span class='ocrx_word' id='word_1_47' title='bbox 469 745 574 783; x_wconf 90' lang='lat' dir='ltr'><strong>non</strong></span> <span class='ocrx_word' id='word_1_48' title='bbox 616 729 870 784; x_wconf 84' lang='lat' dir='ltr'><strong>audeant.</strong></span> <span class='ocrx_word' id='word_1_49' title='bbox 921 729 988 784; x_wconf 84' lang='lat' dir='ltr'><strong>Et</strong></span> <span class='ocrx_word' id='word_1_50' title='bbox 1038 730 1295 799; x_wconf 84' lang='lat' dir='ltr'><strong>quoniam</strong></span> <span class='ocrx_word' id='word_1_51' title='bbox 1343 731 1555 787; x_wconf 68' lang='lat' dir='ltr'><strong>iliorum</strong></span> <span class='ocrx_word' id='word_1_52' title='bbox 1611 748 1717 787; x_wconf 89' lang='lat' dir='ltr'><strong>non</strong></span> <span class='ocrx_word' id='word_1_53' title='bbox 1763 743 1846 793; x_wconf 83' lang='lat' dir='ltr'><strong>est</strong></span> 
     </span>
    </p>
   </div>
   <div class='ocr_carea' id='block_1_9' title="bbox 262 822 1842 891">
    <p class='ocr_par' dir='ltr' id='par_1_9' title="bbox 262 822 1842 891">
     <span class='ocr_line' id='line_1_9' title="bbox 262 822 1842 891; baseline 0.002 -16"><span class='ocrx_word' id='word_1_54' title='bbox 262 822 740 890; x_wconf 72' lang='lat' dir='ltr'><strong>praetermnttenda</strong></span> <span class='ocrx_word' id='word_1_55' title='bbox 789 822 1109 885; x_wconf 85' lang='lat' dir='ltr'><strong>auctoritas,</strong></span> <span class='ocrx_word' id='word_1_56' title='bbox 1131 822 1260 891; x_wconf 90' lang='lat' dir='ltr'><strong>quid</strong></span> <span class='ocrx_word' id='word_1_57' title='bbox 1290 822 1358 877; x_wconf 94' lang='lat' dir='ltr'><strong>de</strong></span> <span class='ocrx_word' id='word_1_58' title='bbox 1402 822 1506 878; x_wconf 88' lang='lat' dir='ltr'><strong>hoc</strong></span> <span class='ocrx_word' id='word_1_59' title='bbox 1534 824 1842 889; x_wconf 74' lang='lat' dir='ltr'><strong>seutiant‘,</strong></span> 
     </span>
    </p>
   </div>
   <div class='ocr_carea' id='block_1_10' title="bbox 262 909 1846 970">
    <p class='ocr_par' dir='ltr' id='par_1_10' title="bbox 262 909 1846 970">
     <span class='ocr_line' id='line_1_10' title="bbox 262 909 1846 970; baseline 0.002 -4"><span class='ocrx_word' id='word_1_60' title='bbox 262 913 498 967; x_wconf 68' lang='lat' dir='ltr'><strong>breviter</strong></span> <span class='ocrx_word' id='word_1_61' title='bbox 540 925 969 967; x_wconf 84' lang='lat' dir='ltr'><strong>commemorare</strong></span> <span class='ocrx_word' id='word_1_62' title='bbox 1019 909 1298 969; x_wconf 86' lang='lat' dir='ltr'><strong>debemus.</strong></span> <span class='ocrx_word' id='word_1_63' title='bbox 1342 912 1544 969; x_wconf 84' lang='lat' dir='ltr'><strong>Beatus</strong></span> <span class='ocrx_word' id='word_1_64' title='bbox 1593 913 1846 970; x_wconf 82' lang='lat' dir='ltr'><strong>Aurelius</strong></span> 
     </span>
    </p>
   </div>
   <div class='ocr_carea' id='block_1_11' title="bbox 246 1002 1847 1072">
    <p class='ocr_par' dir='ltr' id='par_1_11' title="bbox 246 1002 1847 1072">
     <span class='ocr_line' id='line_1_11' title="bbox 246 1002 1847 1072; baseline 0.003 -17"><span class='ocrx_word' id='word_1_65' title='bbox 246 1003 590 1072; x_wconf 66' lang='lat' dir='ltr'><strong>Augustinus</strong></span> <span class='ocrx_word' id='word_1_66' title='bbox 615 1003 666 1059; x_wconf 88' lang='lat' dir='ltr'><strong>in</strong></span> <span class='ocrx_word' id='word_1_67' title='bbox 713 1003 926 1058; x_wconf 90' lang='lat' dir='ltr'><strong>decimo</strong></span> <span class='ocrx_word' id='word_1_68' title='bbox 977 1003 1224 1059; x_wconf 81' lang='lat' dir='ltr'><strong>Exemeri</strong></span> <span class='ocrx_word' id='word_1_69' title='bbox 1279 1004 1363 1060; x_wconf 89' lang='lat' dir='ltr'><strong>sui</strong></span> <span class='ocrx_word' id='word_1_70' title='bbox 1403 1023 1416 1059; x_wconf 90' lang='lat'>:</span> <span class='ocrx_word' id='word_1_71' title='bbox 1451 1002 1716 1069; x_wconf 87' lang='lat' dir='ltr'><strong>Primum,</strong></span> <span class='ocrx_word' id='word_1_72' title='bbox 1765 1006 1847 1061; x_wconf 90' lang='lat' dir='ltr'><strong>in-</strong></span> 
     </span>
    </p>
   </div>
   <div class='ocr_carea' id='block_1_12' title="bbox 261 1094 1846 1164">
    <p class='ocr_par' dir='ltr' id='par_1_12' title="bbox 261 1094 1846 1164">
     <span class='ocr_line' id='line_1_12' title="bbox 261 1094 1846 1164; baseline 0.003 -17"><span class='ocrx_word' id='word_1_73' title='bbox 261 1094 402 1164; x_wconf 87' lang='lat' dir='ltr'><strong>quit,</strong></span> <span class='ocrx_word' id='word_1_74' title='bbox 427 1094 559 1147; x_wconf 88' lang='lat' dir='ltr'><strong>illud</strong></span> <span class='ocrx_word' id='word_1_75' title='bbox 582 1094 885 1162; x_wconf 79' lang='lat' dir='ltr'><strong>ﬁrmissime</strong></span> <span class='ocrx_word' id='word_1_76' title='bbox 909 1104 1194 1158; x_wconf 89' lang='lat' dir='ltr'><strong>teneamus,</strong></span> <span class='ocrx_word' id='word_1_77' title='bbox 1224 1096 1434 1149; x_wconf 80' lang='lat' dir='ltr'><strong>animae</strong></span> <span class='ocrx_word' id='word_1_78' title='bbox 1469 1104 1713 1150; x_wconf 88' lang='lat' dir='ltr'><strong>naturam</strong></span> <span class='ocrx_word' id='word_1_79' title='bbox 1755 1113 1846 1151; x_wconf 85' lang='lat' dir='ltr'><strong>nec</strong></span> 
     </span>
    </p>
   </div>
   <div class='ocr_carea' id='block_1_13' title="bbox 259 1187 1844 1258">
    <p class='ocr_par' dir='ltr' id='par_1_13' title="bbox 259 1187 1844 1258">
     <span class='ocr_line' id='line_1_13' title="bbox 259 1187 1844 1258; baseline 0 -18"><span class='ocrx_word' id='word_1_80' title='bbox 259 1188 314 1240; x_wconf 90' lang='lat' dir='ltr'><strong>in</strong></span> <span class='ocrx_word' id='word_1_81' title='bbox 344 1196 586 1239; x_wconf 87' lang='lat' dir='ltr'><strong>naturam</strong></span> <span class='ocrx_word' id='word_1_82' title='bbox 608 1188 840 1256; x_wconf 88' lang='lat' dir='ltr'><strong>corporis</strong></span> <span class='ocrx_word' id='word_1_83' title='bbox 862 1188 1112 1252; x_wconf 89' lang='lat' dir='ltr'><strong>converti,</strong></span> <span class='ocrx_word' id='word_1_84' title='bbox 1132 1197 1210 1252; x_wconf 89' lang='lat' dir='ltr'><strong>ut,</strong></span> <span class='ocrx_word' id='word_1_85' title='bbox 1239 1204 1373 1258; x_wconf 90' lang='lat' dir='ltr'><strong>quae</strong></span> <span class='ocrx_word' id='word_1_86' title='bbox 1385 1187 1500 1257; x_wconf 88' lang='lat' dir='ltr'><strong>jam</strong></span> <span class='ocrx_word' id='word_1_87' title='bbox 1524 1187 1626 1257; x_wconf 79' lang='lat' dir='ltr'><strong>fuit</strong></span> <span class='ocrx_word' id='word_1_88' title='bbox 1646 1188 1844 1252; x_wconf 87' lang='lat' dir='ltr'><strong>anima,</strong></span> 
     </span>
    </p>
   </div>
   <div class='ocr_carea' id='block_1_14' title="bbox 252 1276 1848 1348">
    <p class='ocr_par' dir='ltr' id='par_1_14' title="bbox 252 1276 1848 1348">
     <span class='ocr_line' id='line_1_14' title="bbox 252 1276 1848 1348; baseline 0.001 -18"><span class='ocrx_word' id='word_1_89' title='bbox 252 1276 353 1347; x_wconf 74' lang='lat' dir='ltr'><strong>ﬁat</strong></span> <span class='ocrx_word' id='word_1_90' title='bbox 395 1295 606 1348; x_wconf 81' lang='lat' dir='ltr'><strong>corpus,</strong></span> <span class='ocrx_word' id='word_1_91' title='bbox 636 1296 729 1333; x_wconf 85' lang='lat' dir='ltr'><strong>nec</strong></span> <span class='ocrx_word' id='word_1_92' title='bbox 755 1281 811 1334; x_wconf 82' lang='lat' dir='ltr'><strong>in</strong></span> <span class='ocrx_word' id='word_1_93' title='bbox 857 1288 1104 1333; x_wconf 89' lang='lat' dir='ltr'><strong>naturam</strong></span> <span class='ocrx_word' id='word_1_94' title='bbox 1155 1280 1364 1333; x_wconf 79' lang='lat' dir='ltr'><strong>animae</strong></span> <span class='ocrx_word' id='word_1_95' title='bbox 1403 1278 1749 1343; x_wconf 88' lang='lat' dir='ltr'><strong>irrationalis,</strong></span> <span class='ocrx_word' id='word_1_96' title='bbox 1791 1289 1848 1333; x_wconf 88' lang='lat' dir='ltr'><strong>ut</strong></span> 
     </span>
    </p>
   </div>
   <div class='ocr_carea' id='block_1_15' title="bbox 256 1368 1848 1438">
    <p class='ocr_par' dir='ltr' id='par_1_15' title="bbox 256 1368 1848 1438">
     <span class='ocr_line' id='line_1_15' title="bbox 256 1368 1848 1438; baseline 0 -18"><span class='ocrx_word' id='word_1_97' title='bbox 256 1384 393 1437; x_wconf 82' lang='lat' dir='ltr'><strong>quae</strong></span> <span class='ocrx_word' id='word_1_98' title='bbox 422 1368 521 1436; x_wconf 77' lang='lat' dir='ltr'><strong>fuit</strong></span> <span class='ocrx_word' id='word_1_99' title='bbox 545 1369 723 1422; x_wconf 87' lang='lat' dir='ltr'><strong>anima</strong></span> <span class='ocrx_word' id='word_1_100' title='bbox 743 1368 988 1431; x_wconf 80' lang='lat' dir='ltr'><strong>hominis,</strong></span> <span class='ocrx_word' id='word_1_101' title='bbox 1013 1369 1107 1436; x_wconf 76' lang='lat' dir='ltr'><strong>ﬁat</strong></span> <span class='ocrx_word' id='word_1_102' title='bbox 1138 1368 1374 1438; x_wconf 91' lang='lat' dir='ltr'><strong>pecudis,</strong></span> <span class='ocrx_word' id='word_1_103' title='bbox 1403 1384 1493 1421; x_wconf 86' lang='lat' dir='ltr'><strong>nec</strong></span> <span class='ocrx_word' id='word_1_104' title='bbox 1517 1369 1572 1421; x_wconf 89' lang='lat' dir='ltr'><strong>in</strong></span> <span class='ocrx_word' id='word_1_105' title='bbox 1602 1376 1848 1421; x_wconf 89' lang='lat' dir='ltr'><strong>naturam</strong></span> 
     </span>
    </p>
   </div>
   <div class='ocr_carea' id='block_1_16' title="bbox 255 1458 1850 1542">
    <p class='ocr_par' dir='ltr' id='par_1_16' title="bbox 255 1458 1850 1542">
     <span class='ocr_line' id='line_1_16' title="bbox 255 1458 1850 1542; baseline -0.001 -28"><span class='ocrx_word' id='word_1_106' title='bbox 255 1458 385 1525; x_wconf 90' lang='lat' dir='ltr'><strong>Dei,</strong></span> <span class='ocrx_word' id='word_1_107' title='bbox 412 1470 469 1515; x_wconf 90' lang='lat' dir='ltr'><strong>ut</strong></span> <span class='ocrx_word' id='word_1_108' title='bbox 510 1476 642 1542; x_wconf 81' lang='lat' dir='ltr'><strong>quae</strong></span> <span class='ocrx_word' id='word_1_109' title='bbox 671 1459 770 1529; x_wconf 79' lang='lat' dir='ltr'><strong>{uit</strong></span> <span class='ocrx_word' id='word_1_110' title='bbox 800 1458 1121 1527; x_wconf 46' lang='lat' dir='ltr'><strong>animayﬁat</strong></span> <span class='ocrx_word' id='word_1_111' title='bbox 1149 1459 1288 1530; x_wconf 89' lang='lat' dir='ltr'><strong>quod</strong></span> <span class='ocrx_word' id='word_1_112' title='bbox 1316 1467 1391 1513; x_wconf 88' lang='lat' dir='ltr'><strong>est</strong></span> <span class='ocrx_word' id='word_1_113' title='bbox 1428 1458 1565 1513; x_wconf 87' lang='lat' dir='ltr'><strong>Deus</strong></span> <span class='ocrx_word' id='word_1_114' title='bbox 1596 1459 1621 1489; x_wconf 73' lang='grc'>³</span> <span class='ocrx_word' id='word_1_115' title='bbox 1643 1498 1658 1521; x_wconf 88' lang='grc'><em>,</em></span> <span class='ocrx_word' id='word_1_116' title='bbox 1694 1468 1850 1527; x_wconf 87' lang='lat' dir='ltr'><strong>atque</strong></span> 
     </span>
    </p>
   </div>
   <div class='ocr_carea' id='block_1_17' title="bbox 250 1548 1847 1619">
    <p class='ocr_par' dir='ltr' id='par_1_17' title="bbox 250 1548 1847 1619">
     <span class='ocr_line' id='line_1_17' title="bbox 250 1548 1847 1619; baseline -0.001 -15"><span class='ocrx_word' id='word_1_117' title='bbox 250 1552 332 1613; x_wconf 83' lang='lat' dir='ltr'><strong>ita</strong></span> <span class='ocrx_word' id='word_1_118' title='bbox 372 1550 599 1604; x_wconf 87' lang='lat' dir='ltr'><strong>vicissim</strong></span> <span class='ocrx_word' id='word_1_119' title='bbox 631 1566 725 1605; x_wconf 86' lang='lat' dir='ltr'><strong>nec</strong></span> <span class='ocrx_word' id='word_1_120' title='bbox 753 1566 963 1619; x_wconf 88' lang='lat' dir='ltr'><strong>corpus,</strong></span> <span class='ocrx_word' id='word_1_121' title='bbox 997 1566 1090 1604; x_wconf 89' lang='lat' dir='ltr'><strong>nec</strong></span> <span class='ocrx_word' id='word_1_122' title='bbox 1128 1551 1362 1603; x_wconf 81' lang='lat' dir='ltr'><strong>animam</strong></span> <span class='ocrx_word' id='word_1_123' title='bbox 1413 1548 1847 1613; x_wconf 88' lang='lat' dir='ltr'><strong>irrationabilem,</strong></span> 
     </span>
    </p>
   </div>
   <div class='ocr_carea' id='block_1_18' title="bbox 257 1637 1848 1711">
    <p class='ocr_par' dir='ltr' id='par_1_18' title="bbox 257 1637 1848 1711">
     <span class='ocr_line' id='line_1_18' title="bbox 257 1637 1848 1711; baseline -0.002 -18"><span class='ocrx_word' id='word_1_124' title='bbox 257 1657 347 1693; x_wconf 79' lang='lat' dir='ltr'><strong>nec</strong></span> <span class='ocrx_word' id='word_1_125' title='bbox 380 1639 749 1704; x_wconf 80' lang='lat' dir='ltr'><strong>substantiam,</strong></span> <span class='ocrx_word' id='word_1_126' title='bbox 768 1645 903 1711; x_wconf 86' lang='lat' dir='ltr'><strong>quae</strong></span> <span class='ocrx_word' id='word_1_127' title='bbox 930 1638 1068 1693; x_wconf 83' lang='lat' dir='ltr'><strong>Deus</strong></span> <span class='ocrx_word' id='word_1_128' title='bbox 1096 1648 1191 1705; x_wconf 89' lang='lat' dir='ltr'><strong>est,</strong></span> <span class='ocrx_word' id='word_1_129' title='bbox 1217 1639 1449 1692; x_wconf 81' lang='lat' dir='ltr'><strong>converti</strong></span> <span class='ocrx_word' id='word_1_130' title='bbox 1486 1646 1533 1692; x_wconf 87' lang='lat' dir='ltr'><strong>et</strong></span> <span class='ocrx_word' id='word_1_131' title='bbox 1578 1637 1693 1707; x_wconf 80' lang='lat' dir='ltr'><strong>ﬁeri</strong></span> <span class='ocrx_word' id='word_1_132' title='bbox 1734 1638 1848 1692; x_wconf 82' lang='lat' dir='ltr'><strong>ani-</strong></span> 
     </span>
    </p>
   </div>
   <div class='ocr_carea' id='block_1_19' title="bbox 255 1723 1924 1809">
    <p class='ocr_par' dir='ltr' id='par_1_19' title="bbox 255 1723 1924 1809">
     <span class='ocr_line' id='line_1_19' title="bbox 255 1723 1924 1809; baseline 0 -26"><span class='ocrx_word' id='word_1_133' title='bbox 255 1747 405 1809; x_wconf 87' lang='lat' dir='ltr'><strong>mam</strong></span> <span class='ocrx_word' id='word_1_134' title='bbox 452 1731 758 1785; x_wconf 87' lang='lat' dir='ltr'><strong>humanam.</strong></span> <span class='ocrx_word' id='word_1_135' title='bbox 810 1729 974 1785; x_wconf 77' lang='lat' dir='ltr'><strong>Vides</strong></span> <span class='ocrx_word' id='word_1_136' title='bbox 995 1769 1009 1795; x_wconf 94' lang='lat'><strong>,</strong></span> <span class='ocrx_word' id='word_1_137' title='bbox 1040 1728 1494 1799; x_wconf 82' lang='lat' dir='ltr'><strong>quemadmodum</strong></span> <span class='ocrx_word' id='word_1_138' title='bbox 1521 1737 1704 1798; x_wconf 80' lang='lat' dir='ltr'><strong>negat,</strong></span> <span class='ocrx_word' id='word_1_139' title='bbox 1727 1729 1849 1782; x_wconf 89' lang='lat' dir='ltr'><strong>ani-</strong></span> <span class='ocrx_word' id='word_1_140' title='bbox 1880 1723 1924 1783; x_wconf 84' lang='grc' dir='ltr'><strong>Β</strong></span> 
     </span>
    </p>
   </div>
   <div class='ocr_carea' id='block_1_20' title="bbox 254 1819 1851 1885">
    <p class='ocr_par' dir='ltr' id='par_1_20' title="bbox 254 1819 1851 1885">
     <span class='ocr_line' id='line_1_20' title="bbox 254 1819 1851 1885; baseline -0.001 -10"><span class='ocrx_word' id='word_1_141' title='bbox 254 1836 411 1875; x_wconf 83' lang='lat' dir='ltr'><strong>mam</strong></span> <span class='ocrx_word' id='word_1_142' title='bbox 440 1821 749 1885; x_wconf 88' lang='lat' dir='ltr'><strong>humanam,</strong></span> <span class='ocrx_word' id='word_1_143' title='bbox 781 1822 888 1876; x_wconf 88' lang='lat' dir='ltr'><strong>hoc</strong></span> <span class='ocrx_word' id='word_1_144' title='bbox 910 1829 996 1876; x_wconf 90' lang='lat' dir='ltr'><strong>est</strong></span> <span class='ocrx_word' id='word_1_145' title='bbox 1016 1830 1266 1875; x_wconf 79' lang='lat' dir='ltr'><strong>naturam</strong></span> <span class='ocrx_word' id='word_1_146' title='bbox 1294 1819 1694 1883; x_wconf 88' lang='lat' dir='ltr'><strong>rationabilem,</strong></span> <span class='ocrx_word' id='word_1_147' title='bbox 1720 1834 1851 1874; x_wconf 89' lang='lat' dir='ltr'><strong>con-</strong></span> 
     </span>
    </p>
   </div>
   <div class='ocr_carea' id='block_1_21' title="bbox 254 1908 1848 1979">
    <p class='ocr_par' dir='ltr' id='par_1_21' title="bbox 254 1908 1848 1979">
     <span class='ocr_line' id='line_1_21' title="bbox 254 1908 1848 1979; baseline -0.001 -17"><span class='ocrx_word' id='word_1_148' title='bbox 254 1910 400 1963; x_wconf 78' lang='lat' dir='ltr'><strong>verti</strong></span> <span class='ocrx_word' id='word_1_149' title='bbox 455 1923 614 1978; x_wconf 87' lang='lat' dir='ltr'><strong>posse</strong></span> <span class='ocrx_word' id='word_1_150' title='bbox 664 1909 718 1964; x_wconf 89' lang='lat' dir='ltr'><strong>in</strong></span> <span class='ocrx_word' id='word_1_151' title='bbox 768 1909 959 1974; x_wconf 88' lang='lat' dir='ltr'><strong>Deum,</strong></span> <span class='ocrx_word' id='word_1_152' title='bbox 1007 1923 1182 1978; x_wconf 86' lang='lat' dir='ltr'><strong>neque</strong></span> <span class='ocrx_word' id='word_1_153' title='bbox 1227 1922 1428 1979; x_wconf 86' lang='lat' dir='ltr'><strong>corpus</strong></span> <span class='ocrx_word' id='word_1_154' title='bbox 1480 1908 1535 1962; x_wconf 93' lang='lat' dir='ltr'><strong>in</strong></span> <span class='ocrx_word' id='word_1_155' title='bbox 1587 1908 1848 1962; x_wconf 87' lang='lat' dir='ltr'><strong>animam.</strong></span> 
     </span>
    </p>
   </div>
   <div class='ocr_carea' id='block_1_22' title="bbox 255 1997 1845 2069">
    <p class='ocr_par' dir='ltr' id='par_1_22' title="bbox 255 1997 1845 2069">
     <span class='ocr_line' id='line_1_22' title="bbox 255 1997 1845 2069; baseline -0.002 -15"><span class='ocrx_word' id='word_1_156' title='bbox 255 1998 520 2054; x_wconf 84' lang='lat' dir='ltr'><strong>Boethius</strong></span> <span class='ocrx_word' id='word_1_157' title='bbox 570 2014 785 2069; x_wconf 86' lang='lat' dir='ltr'><strong>quoque</strong></span> <span class='ocrx_word' id='word_1_158' title='bbox 837 1999 892 2054; x_wconf 91' lang='lat' dir='ltr'><strong>in</strong></span> <span class='ocrx_word' id='word_1_159' title='bbox 950 1999 1193 2055; x_wconf 88' lang='lat' dir='ltr'><strong>secundo</strong></span> <span class='ocrx_word' id='word_1_160' title='bbox 1244 1998 1384 2054; x_wconf 90' lang='lat' dir='ltr'><strong>libro</strong></span> <span class='ocrx_word' id='word_1_161' title='bbox 1434 1998 1499 2053; x_wconf 90' lang='lat' dir='ltr'><strong>de</strong></span> <span class='ocrx_word' id='word_1_162' title='bbox 1527 1997 1845 2053; x_wconf 85' lang='lat' dir='ltr'><strong>Trinitate:</strong></span> 
     </span>
    </p>
   </div>
   <div class='ocr_carea' id='block_1_23' title="bbox 256 2087 1853 2161">
    <p class='ocr_par' dir='ltr' id='par_1_23' title="bbox 256 2087 1853 2161">
     <span class='ocr_line' id='line_1_23' title="bbox 256 2087 1853 2161; baseline 0.001 -17"><span class='ocrx_word' id='word_1_163' title='bbox 256 2087 391 2144; x_wconf 78' lang='lat' dir='ltr'><strong>Non</strong></span> <span class='ocrx_word' id='word_1_164' title='bbox 410 2101 507 2156; x_wconf 89' lang='lat' dir='ltr'><strong>est,</strong></span> <span class='ocrx_word' id='word_1_165' title='bbox 531 2091 726 2160; x_wconf 87' lang='lat' dir='ltr'><strong>inquit,</strong></span> <span class='ocrx_word' id='word_1_166' title='bbox 755 2092 988 2146; x_wconf 88' lang='lat' dir='ltr'><strong>humana</strong></span> <span class='ocrx_word' id='word_1_167' title='bbox 1013 2091 1189 2145; x_wconf 88' lang='lat' dir='ltr'><strong>anima</strong></span> <span class='ocrx_word' id='word_1_168' title='bbox 1222 2091 1277 2145; x_wconf 89' lang='lat' dir='ltr'><strong>in</strong></span> <span class='ocrx_word' id='word_1_169' title='bbox 1311 2090 1656 2157; x_wconf 83' lang='lat' dir='ltr'><strong>divinitatem,</strong></span> <span class='ocrx_word' id='word_1_170' title='bbox 1687 2107 1720 2144; x_wconf 88' lang='lat' dir='ltr'><strong>a</strong></span> <span class='ocrx_word' id='word_1_171' title='bbox 1747 2106 1853 2161; x_wconf 84' lang='lat' dir='ltr'><strong>qua</strong></span> 
     </span>
    </p>
   </div>
   <div class='ocr_carea' id='block_1_24' title="bbox 254 2179 1855 2252">
    <p class='ocr_par' dir='ltr' id='par_1_24' title="bbox 254 2179 1855 2252">
     <span class='ocr_line' id='line_1_24' title="bbox 254 2179 1855 2252; baseline 0.001 -18"><span class='ocrx_word' id='word_1_172' title='bbox 254 2188 531 2249; x_wconf 76' lang='lat' dir='ltr'><strong>assumpta</strong></span> <span class='ocrx_word' id='word_1_173' title='bbox 557 2190 656 2244; x_wconf 90' lang='lat' dir='ltr'><strong>est,</strong></span> <span class='ocrx_word' id='word_1_174' title='bbox 676 2189 991 2251; x_wconf 81' lang='lat' dir='ltr'><strong>permutata.</strong></span> <span class='ocrx_word' id='word_1_175' title='bbox 1018 2179 1171 2247; x_wconf 78' lang='lat' dir='ltr'><strong>Quod</strong></span> <span class='ocrx_word' id='word_1_176' title='bbox 1199 2182 1246 2235; x_wconf 89' lang='lat' dir='ltr'><strong>si</strong></span> <span class='ocrx_word' id='word_1_177' title='bbox 1270 2195 1433 2252; x_wconf 88' lang='lat' dir='ltr'><strong>neque</strong></span> <span class='ocrx_word' id='word_1_178' title='bbox 1452 2197 1662 2251; x_wconf 87' lang='lat' dir='ltr'><strong>corpus,</strong></span> <span class='ocrx_word' id='word_1_179' title='bbox 1692 2198 1855 2251; x_wconf 87' lang='lat' dir='ltr'><strong>neque</strong></span> 
     </span>
    </p>
   </div>
   <div class='ocr_carea' id='block_1_25' title="bbox 257 2270 1855 2340">
    <p class='ocr_par' dir='ltr' id='par_1_25' title="bbox 257 2270 1855 2340">
     <span class='ocr_line' id='line_1_25' title="bbox 257 2270 1855 2340; baseline 0.001 -18"><span class='ocrx_word' id='word_1_180' title='bbox 257 2270 446 2323; x_wconf 78' lang='lat' dir='ltr'><strong>anima</strong></span> <span class='ocrx_word' id='word_1_181' title='bbox 475 2272 530 2324; x_wconf 74' lang='lat' dir='ltr'><strong>in</strong></span> <span class='ocrx_word' id='word_1_182' title='bbox 555 2271 883 2325; x_wconf 70' lang='lat' dir='ltr'><strong>uicinitatem</strong></span> <span class='ocrx_word' id='word_1_183' title='bbox 926 2271 1093 2340; x_wconf 85' lang='lat' dir='ltr'><strong>potuit</strong></span> <span class='ocrx_word' id='word_1_184' title='bbox 1137 2270 1285 2337; x_wconf 86' lang='lat' dir='ltr'><strong>verti,</strong></span> <span class='ocrx_word' id='word_1_185' title='bbox 1335 2270 1481 2325; x_wconf 89' lang='lat' dir='ltr'><strong>nullo</strong></span> <span class='ocrx_word' id='word_1_186' title='bbox 1528 2271 1684 2325; x_wconf 88' lang='lat' dir='ltr'><strong>modo</strong></span> <span class='ocrx_word' id='word_1_187' title='bbox 1736 2271 1855 2339; x_wconf 76' lang='lat' dir='ltr'><strong>ﬁeri</strong></span> 
     </span>
    </p>
   </div>
   <div class='ocr_carea' id='block_1_26' title="bbox 256 2360 1854 2430">
    <p class='ocr_par' dir='ltr' id='par_1_26' title="bbox 256 2360 1854 2430">
     <span class='ocr_line' id='line_1_26' title="bbox 256 2360 1854 2430; baseline 0.002 -18"><span class='ocrx_word' id='word_1_188' title='bbox 256 2360 455 2430; x_wconf 67' lang='lat' dir='ltr'><strong>potuit,</strong></span> <span class='ocrx_word' id='word_1_189' title='bbox 493 2369 548 2414; x_wconf 88' lang='lat' dir='ltr'><strong>ut</strong></span> <span class='ocrx_word' id='word_1_190' title='bbox 579 2361 883 2416; x_wconf 77' lang='lat' dir='ltr'><strong>humanitas</strong></span> <span class='ocrx_word' id='word_1_191' title='bbox 932 2370 1315 2416; x_wconf 76' lang='lat' dir='ltr'><strong>converteretur</strong></span> <span class='ocrx_word' id='word_1_192' title='bbox 1362 2361 1420 2416; x_wconf 88' lang='lat' dir='ltr'><strong>in</strong></span> <span class='ocrx_word' id='word_1_193' title='bbox 1466 2360 1654 2415; x_wconf 88' lang='lat' dir='ltr'><strong>Deum.</strong></span> <span class='ocrx_word' id='word_1_194' title='bbox 1684 2360 1854 2415; x_wconf 76' lang='lat' dir='ltr'><strong>Multo</strong></span> 
     </span>
    </p>
   </div>
   <div class='ocr_carea' id='block_1_27' title="bbox 260 2448 1856 2521">
    <p class='ocr_par' dir='ltr' id='par_1_27' title="bbox 260 2448 1856 2521">
     <span class='ocr_line' id='line_1_27' title="bbox 260 2448 1856 2521; baseline 0.002 -21"><span class='ocrx_word' id='word_1_195' title='bbox 260 2448 442 2502; x_wconf 86' lang='lat' dir='ltr'><strong>minus</strong></span> <span class='ocrx_word' id='word_1_196' title='bbox 466 2464 585 2503; x_wconf 82' lang='lat' dir='ltr'><strong>vero</strong></span> <span class='ocrx_word' id='word_1_197' title='bbox 610 2450 752 2503; x_wconf 87' lang='lat' dir='ltr'><strong>credi</strong></span> <span class='ocrx_word' id='word_1_198' title='bbox 772 2458 1031 2519; x_wconf 86' lang='lat' dir='ltr'><strong>potest,ut</strong></span> <span class='ocrx_word' id='word_1_199' title='bbox 1061 2462 1283 2521; x_wconf 87' lang='lat' dir='ltr'><strong>utraque</strong></span> <span class='ocrx_word' id='word_1_200' title='bbox 1323 2450 1378 2503; x_wconf 90' lang='lat' dir='ltr'><strong>in</strong></span> <span class='ocrx_word' id='word_1_201' title='bbox 1417 2465 1471 2504; x_wconf 91' lang='lat' dir='ltr'><strong>se</strong></span> <span class='ocrx_word' id='word_1_202' title='bbox 1502 2459 1856 2504; x_wconf 85' lang='lat' dir='ltr'><strong>converteren-</strong></span> 
     </span>
    </p>
   </div>
   <div class='ocr_carea' id='block_1_28' title="bbox 257 2539 1855 2612">
    <p class='ocr_par' dir='ltr' id='par_1_28' title="bbox 257 2539 1855 2612">
     <span class='ocr_line' id='line_1_28' title="bbox 257 2539 1855 2612; baseline -0.001 -18"><span class='ocrx_word' id='word_1_203' title='bbox 257 2549 366 2603; x_wconf 77' lang='lat' dir='ltr'><strong>tur,</strong></span> <span class='ocrx_word' id='word_1_204' title='bbox 400 2539 650 2609; x_wconf 87' lang='lat' dir='ltr'><strong>quoniam</strong></span> <span class='ocrx_word' id='word_1_205' title='bbox 680 2556 843 2612; x_wconf 84' lang='lat' dir='ltr'><strong>neque</strong></span> <span class='ocrx_word' id='word_1_206' title='bbox 871 2540 1274 2610; x_wconf 86' lang='lat' dir='ltr'><strong>incorporalitas</strong></span> <span class='ocrx_word' id='word_1_207' title='bbox 1304 2540 1529 2595; x_wconf 86' lang='lat' dir='ltr'><strong>transire</strong></span> <span class='ocrx_word' id='word_1_208' title='bbox 1558 2539 1628 2595; x_wconf 90' lang='lat' dir='ltr'><strong>ad</strong></span> <span class='ocrx_word' id='word_1_209' title='bbox 1667 2556 1855 2608; x_wconf 85' lang='lat' dir='ltr'><strong>corpus</strong></span> 
     </span>
    </p>
   </div>
   <div class='ocr_carea' id='block_1_29' title="bbox 259 2631 1858 2703">
    <p class='ocr_par' dir='ltr' id='par_1_29' title="bbox 259 2631 1858 2703">
     <span class='ocr_line' id='line_1_29' title="bbox 259 2631 1858 2703; baseline 0.002 -22"><span class='ocrx_word' id='word_1_210' title='bbox 259 2638 450 2698; x_wconf 80' lang='lat' dir='ltr'><strong>potest,</strong></span> <span class='ocrx_word' id='word_1_211' title='bbox 484 2646 646 2701; x_wconf 87' lang='lat' dir='ltr'><strong>neque</strong></span> <span class='ocrx_word' id='word_1_212' title='bbox 670 2647 855 2686; x_wconf 84' lang='lat' dir='ltr'><strong>rursus</strong></span> <span class='ocrx_word' id='word_1_213' title='bbox 874 2648 904 2685; x_wconf 90' lang='lat' dir='ltr'><strong>e</strong></span> <span class='ocrx_word' id='word_1_214' title='bbox 931 2647 1174 2686; x_wconf 85' lang='lat' dir='ltr'><strong>converso</strong></span> <span class='ocrx_word' id='word_1_215' title='bbox 1203 2648 1392 2703; x_wconf 86' lang='lat' dir='ltr'><strong>corpus</strong></span> <span class='ocrx_word' id='word_1_216' title='bbox 1419 2632 1489 2686; x_wconf 86' lang='lat' dir='ltr'><strong>ad</strong></span> <span class='ocrx_word' id='word_1_217' title='bbox 1510 2631 1858 2701; x_wconf 84' lang='lat' dir='ltr'><strong>incorporali—</strong></span> 
     </span>
    </p>
   </div>
   <div class='ocr_carea' id='block_1_30' title="bbox 261 2720 1859 2791">
    <p class='ocr_par' dir='ltr' id='par_1_30' title="bbox 261 2720 1859 2791">
     <span class='ocr_line' id='line_1_30' title="bbox 261 2720 1859 2791; baseline 0.001 -19"><span class='ocrx_word' id='word_1_218' title='bbox 261 2727 447 2784; x_wconf 75' lang='lat' dir='ltr'><strong>tatem,</strong></span> <span class='ocrx_word' id='word_1_219' title='bbox 462 2720 884 2790; x_wconf 84' lang='lat' dir='ltr'><strong>quandoquidem</strong></span> <span class='ocrx_word' id='word_1_220' title='bbox 915 2720 1061 2775; x_wconf 90' lang='lat' dir='ltr'><strong>nulla</strong></span> <span class='ocrx_word' id='word_1_221' title='bbox 1089 2721 1170 2776; x_wconf 86' lang='lat' dir='ltr'><strong>his</strong></span> <span class='ocrx_word' id='word_1_222' title='bbox 1198 2722 1418 2776; x_wconf 85' lang='lat' dir='ltr'><strong>materia</strong></span> <span class='ocrx_word' id='word_1_223' title='bbox 1449 2720 1685 2791; x_wconf 89' lang='lat' dir='ltr'><strong>subjecta</strong></span> <span class='ocrx_word' id='word_1_224' title='bbox 1712 2736 1859 2775; x_wconf 89' lang='lat' dir='ltr'><strong>com-</strong></span> 
     </span>
    </p>
   </div>
   <div class='ocr_carea' id='block_1_31' title="bbox 261 2810 1858 2882">
    <p class='ocr_par' dir='ltr' id='par_1_31' title="bbox 261 2810 1858 2882">
     <span class='ocr_line' id='line_1_31' title="bbox 261 2810 1858 2882; baseline 0.001 -19"><span class='ocrx_word' id='word_1_225' title='bbox 261 2810 441 2864; x_wconf 82' lang='lat' dir='ltr'><strong>munis</strong></span> <span class='ocrx_word' id='word_1_226' title='bbox 464 2820 563 2875; x_wconf 85' lang='lat' dir='ltr'><strong>est,</strong></span> <span class='ocrx_word' id='word_1_227' title='bbox 587 2827 721 2878; x_wconf 84' lang='lat' dir='ltr'><strong>quae</strong></span> <span class='ocrx_word' id='word_1_228' title='bbox 745 2810 1011 2866; x_wconf 83' lang='lat' dir='ltr'><strong>alterutris</strong></span> <span class='ocrx_word' id='word_1_229' title='bbox 1057 2812 1473 2867; x_wconf 88' lang='lat' dir='ltr'><strong>substantiarum</strong></span> <span class='ocrx_word' id='word_1_230' title='bbox 1516 2810 1858 2882; x_wconf 72' lang='lat' dir='ltr'><strong>qualitatibus</strong></span> 
     </span>
    </p>
   </div>
   <div class='ocr_carea' id='block_1_32' title="bbox 263 2898 1860 2973">
    <p class='ocr_par' dir='ltr' id='par_1_32' title="bbox 263 2898 1860 2973">
     <span class='ocr_line' id='line_1_32' title="bbox 263 2898 1860 2973; baseline 0 -19"><span class='ocrx_word' id='word_1_231' title='bbox 263 2909 609 2969; x_wconf 85' lang='lat' dir='ltr'><strong>permutetur.</strong></span> <span class='ocrx_word' id='word_1_232' title='bbox 638 2899 695 2954; x_wconf 85' lang='lat' dir='ltr'><strong>In</strong></span> <span class='ocrx_word' id='word_1_233' title='bbox 722 2901 811 2955; x_wconf 85' lang='lat' dir='ltr'><strong>his</strong></span> <span class='ocrx_word' id='word_1_234' title='bbox 839 2902 1019 2957; x_wconf 82' lang='lat' dir='ltr'><strong>verbis</strong></span> <span class='ocrx_word' id='word_1_235' title='bbox 1046 2902 1447 2973; x_wconf 89' lang='lat' dir='ltr'><strong>praedictorum</strong></span> <span class='ocrx_word' id='word_1_236' title='bbox 1477 2910 1758 2957; x_wconf 89' lang='lat' dir='ltr'><strong>auctorum</strong></span> <span class='ocrx_word' id='word_1_237' title='bbox 1784 2898 1860 2955; x_wconf 89' lang='lat' dir='ltr'><strong>nil</strong></span> 
     </span>
    </p>
   </div>
   <div class='ocr_carea' id='block_1_33' title="bbox 264 2991 1860 3064">
    <p class='ocr_par' dir='ltr' id='par_1_33' title="bbox 264 2991 1860 3064">
     <span class='ocr_line' id='line_1_33' title="bbox 264 2991 1860 3064; baseline 0 -19"><span class='ocrx_word' id='word_1_238' title='bbox 264 2991 413 3045; x_wconf 81' lang='lat' dir='ltr'><strong>aliud</strong></span> <span class='ocrx_word' id='word_1_239' title='bbox 436 2992 598 3045; x_wconf 87' lang='lat' dir='ltr'><strong>datur</strong></span> <span class='ocrx_word' id='word_1_240' title='bbox 623 2992 870 3064; x_wconf 79' lang='lat' dir='ltr'><strong>intelligi,</strong></span> <span class='ocrx_word' id='word_1_241' title='bbox 907 3009 1068 3063; x_wconf 89' lang='lat' dir='ltr'><strong>quam</strong></span> <span class='ocrx_word' id='word_1_242' title='bbox 1095 2993 1296 3049; x_wconf 91' lang='lat' dir='ltr'><strong>nullam</strong></span> <span class='ocrx_word' id='word_1_243' title='bbox 1333 3008 1648 3063; x_wconf 85' lang='lat' dir='ltr'><strong>corpoream</strong></span> <span class='ocrx_word' id='word_1_244' title='bbox 1698 3001 1860 3047; x_wconf 86' lang='lat' dir='ltr'><strong>natu-</strong></span> 
     </span>
    </p>
   </div>
   <div class='ocr_carea' id='block_1_34' title="bbox 267 3073 1932 3155">
    <p class='ocr_par' dir='ltr' id='par_1_34' title="bbox 267 3073 1932 3155">
     <span class='ocr_line' id='line_1_34' title="bbox 267 3073 1932 3155; baseline -0.002 -18"><span class='ocrx_word' id='word_1_245' title='bbox 267 3098 387 3139; x_wconf 88' lang='lat' dir='ltr'><strong>ram</strong></span> <span class='ocrx_word' id='word_1_246' title='bbox 417 3083 475 3137; x_wconf 88' lang='lat' dir='ltr'><strong>in</strong></span> <span class='ocrx_word' id='word_1_247' title='bbox 503 3083 878 3153; x_wconf 87' lang='lat' dir='ltr'><strong>incorpoream</strong></span> <span class='ocrx_word' id='word_1_248' title='bbox 903 3100 1061 3155; x_wconf 85' lang='lat' dir='ltr'><strong>posse</strong></span> <span class='ocrx_word' id='word_1_249' title='bbox 1096 3085 1317 3139; x_wconf 88' lang='lat' dir='ltr'><strong>mutari.</strong></span> <span class='ocrx_word' id='word_1_250' title='bbox 1359 3083 1598 3152; x_wconf 85' lang='lat' dir='ltr'><strong>Quorum</strong></span> <span class='ocrx_word' id='word_1_251' title='bbox 1646 3092 1859 3140; x_wconf 84' lang='lat' dir='ltr'><strong>senten-</strong></span> <span class='ocrx_word' id='word_1_252' title='bbox 1888 3073 1932 3134; x_wconf 91' lang='lat' dir='ltr'><strong><em>C</em></strong></span> 
     </span>
    </p>
   </div>
   <div class='ocr_carea' id='block_1_35' title="bbox 268 3173 1859 3245">
    <p class='ocr_par' dir='ltr' id='par_1_35' title="bbox 268 3173 1859 3245">
     <span class='ocr_line' id='line_1_35' title="bbox 268 3173 1859 3245; baseline 0 -19"><span class='ocrx_word' id='word_1_253' title='bbox 268 3173 402 3227; x_wconf 86' lang='lat' dir='ltr'><strong>tiam</strong></span> <span class='ocrx_word' id='word_1_254' title='bbox 442 3189 551 3228; x_wconf 90' lang='lat' dir='ltr'><strong>non</strong></span> <span class='ocrx_word' id='word_1_255' title='bbox 582 3175 752 3228; x_wconf 87' lang='lat' dir='ltr'><strong>solum</strong></span> <span class='ocrx_word' id='word_1_256' title='bbox 786 3190 891 3229; x_wconf 88' lang='lat' dir='ltr'><strong>non</strong></span> <span class='ocrx_word' id='word_1_257' title='bbox 936 3175 1405 3245; x_wconf 85' lang='lat' dir='ltr'><strong>reprehendimus,</strong></span> <span class='ocrx_word' id='word_1_258' title='bbox 1452 3190 1641 3229; x_wconf 80' lang='lat' dir='ltr'><strong>verum</strong></span> <span class='ocrx_word' id='word_1_259' title='bbox 1693 3173 1859 3228; x_wconf 85' lang='lat' dir='ltr'><strong>etiam</strong></span> 
     </span>
    </p>
   </div>
   <div class='ocr_carea' id='block_1_36' title="bbox 261 3260 1864 3336">
    <p class='ocr_par' dir='ltr' id='par_1_36' title="bbox 261 3260 1864 3336">
     <span class='ocr_line' id='line_1_36' title="bbox 261 3260 1864 3336; baseline -0.003 -17"><span class='ocrx_word' id='word_1_260' title='bbox 261 3262 506 3321; x_wconf 88' lang='lat' dir='ltr'><strong>libenter</strong></span> <span class='ocrx_word' id='word_1_261' title='bbox 523 3265 848 3336; x_wconf 86' lang='lat' dir='ltr'><strong>accipimus;</strong></span> <span class='ocrx_word' id='word_1_262' title='bbox 866 3265 1140 3335; x_wconf 79' lang='lat' dir='ltr'><strong>theologos</strong></span> <span class='ocrx_word' id='word_1_263' title='bbox 1160 3273 1359 3329; x_wconf 89' lang='lat' dir='ltr'><strong>autem,</strong></span> <span class='ocrx_word' id='word_1_264' title='bbox 1378 3264 1467 3334; x_wconf 91' lang='lat' dir='ltr'><strong>qui</strong></span> <span class='ocrx_word' id='word_1_265' title='bbox 1483 3278 1673 3333; x_wconf 84' lang='lat' dir='ltr'><strong>graece</strong></span> <span class='ocrx_word' id='word_1_266' title='bbox 1702 3260 1864 3317; x_wconf 86' lang='lat' dir='ltr'><strong>locuti</strong></span> 
     </span>
    </p>
   </div>
   <div class='ocr_carea' id='block_1_37' title="bbox 270 3353 1865 3426">
    <p class='ocr_par' dir='ltr' id='par_1_37' title="bbox 270 3353 1865 3426">
     <span class='ocr_line' id='line_1_37' title="bbox 270 3353 1865 3426; baseline -0.001 -18"><span class='ocrx_word' id='word_1_267' title='bbox 270 3364 421 3418; x_wconf 81' lang='lat' dir='ltr'><strong>sum,</strong></span> <span class='ocrx_word' id='word_1_268' title='bbox 450 3354 611 3410; x_wconf 86' lang='lat' dir='ltr'><strong>aliter</strong></span> <span class='ocrx_word' id='word_1_269' title='bbox 637 3356 877 3411; x_wconf 86' lang='lat' dir='ltr'><strong>sensisse</strong></span> <span class='ocrx_word' id='word_1_270' title='bbox 902 3370 1008 3409; x_wconf 84' lang='lat' dir='ltr'><strong>non</strong></span> <span class='ocrx_word' id='word_1_271' title='bbox 1051 3356 1378 3426; x_wconf 80' lang='lat' dir='ltr'><strong>ignoramus.</strong></span> <span class='ocrx_word' id='word_1_272' title='bbox 1431 3354 1673 3421; x_wconf 83' lang='lat' dir='ltr'><strong>Quorum</strong></span> <span class='ocrx_word' id='word_1_273' title='bbox 1723 3353 1865 3407; x_wconf 90' lang='lat' dir='ltr'><strong>dicta</strong></span> 
     </span>
    </p>
   </div>
   <div class='ocr_carea' id='block_1_38' title="bbox 267 3444 1867 3517">
    <p class='ocr_par' dir='ltr' id='par_1_38' title="bbox 267 3444 1867 3517">
     <span class='ocr_line' id='line_1_38' title="bbox 267 3444 1867 3517; baseline 0.002 -21"><span class='ocrx_word' id='word_1_274' title='bbox 267 3444 527 3514; x_wconf 81' lang='lat' dir='ltr'><strong>quamvis</strong></span> <span class='ocrx_word' id='word_1_275' title='bbox 553 3446 606 3498; x_wconf 91' lang='lat' dir='ltr'><strong>in</strong></span> <span class='ocrx_word' id='word_1_276' title='bbox 635 3446 1080 3515; x_wconf 85' lang='lat' dir='ltr'><strong>praecedentibus</strong></span> <span class='ocrx_word' id='word_1_277' title='bbox 1106 3448 1484 3517; x_wconf 81' lang='lat' dir='ltr'><strong>disputationis</strong></span> <span class='ocrx_word' id='word_1_278' title='bbox 1524 3446 1687 3516; x_wconf 85' lang='lat' dir='ltr'><strong>hujus</strong></span> <span class='ocrx_word' id='word_1_279' title='bbox 1712 3446 1867 3501; x_wconf 89' lang='lat' dir='ltr'><strong>libris</strong></span> 
     </span>
    </p>
   </div>
   <div class='ocr_carea' id='block_1_39' title="bbox 271 3533 1866 3605">
    <p class='ocr_par' dir='ltr' id='par_1_39' title="bbox 271 3533 1866 3605">
     <span class='ocr_line' id='line_1_39' title="bbox 271 3533 1866 3605; baseline 0.002 -18"><span class='ocrx_word' id='word_1_280' title='bbox 271 3533 596 3605; x_wconf 82' lang='lat' dir='ltr'><strong>frequenter</strong></span> <span class='ocrx_word' id='word_1_281' title='bbox 616 3536 681 3589; x_wconf 88' lang='lat' dir='ltr'><strong>de</strong></span> <span class='ocrx_word' id='word_1_282' title='bbox 710 3535 884 3590; x_wconf 90' lang='lat' dir='ltr'><strong>reditu</strong></span> <span class='ocrx_word' id='word_1_283' title='bbox 915 3545 1141 3593; x_wconf 85' lang='lat' dir='ltr'><strong>naturae</strong></span> <span class='ocrx_word' id='word_1_284' title='bbox 1175 3536 1650 3602; x_wconf 75' lang='lat' dir='ltr'><strong>introduxerimus,</strong></span> <span class='ocrx_word' id='word_1_285' title='bbox 1679 3538 1866 3592; x_wconf 88' lang='lat' dir='ltr'><strong>eadem</strong></span> 
     </span>
    </p>
   </div>
   <div class='ocr_carea' id='block_1_40' title="bbox 270 3628 1868 3698">
    <p class='ocr_par' dir='ltr' id='par_1_40' title="bbox 270 3628 1868 3698">
     <span class='ocr_line' id='line_1_40' title="bbox 270 3628 1868 3698; baseline 0.003 -21"><span class='ocrx_word' id='word_1_286' title='bbox 270 3631 327 3677; x_wconf 88' lang='lat' dir='ltr'><strong>et</strong></span> <span class='ocrx_word' id='word_1_287' title='bbox 363 3639 514 3678; x_wconf 75' lang='lat' dir='ltr'><strong>nuiie</strong></span> <span class='ocrx_word' id='word_1_288' title='bbox 569 3634 813 3694; x_wconf 82' lang='lat' dir='ltr'><strong>repetere</strong></span> <span class='ocrx_word' id='word_1_289' title='bbox 866 3628 1231 3683; x_wconf 86' lang='lat' dir='ltr'><strong>necessarium</strong></span> <span class='ocrx_word' id='word_1_290' title='bbox 1284 3628 1608 3698; x_wconf 79' lang='lat' dir='ltr'><strong>judicamus.</strong></span> <span class='ocrx_word' id='word_1_291' title='bbox 1669 3628 1868 3682; x_wconf 88' lang='lat' dir='ltr'><strong>Beatus</strong></span> 
     </span>
    </p>
   </div>
   <div class='ocr_carea' id='block_1_41' title="bbox 268 3714 1867 3788">
    <p class='ocr_par' dir='ltr' id='par_1_41' title="bbox 268 3714 1867 3788">
     <span class='ocr_line' id='line_1_41' title="bbox 268 3714 1867 3788; baseline 0.002 -19"><span class='ocrx_word' id='word_1_292' title='bbox 268 3714 573 3785; x_wconf 76' lang='lat' dir='ltr'><strong>Gregorius</strong></span> <span class='ocrx_word' id='word_1_293' title='bbox 597 3714 903 3787; x_wconf 77' lang='lat' dir='ltr'><strong>Theologns</strong></span> <span class='ocrx_word' id='word_1_294' title='bbox 926 3719 977 3772; x_wconf 90' lang='lat' dir='ltr'><strong>in</strong></span> <span class='ocrx_word' id='word_1_295' title='bbox 1004 3718 1290 3788; x_wconf 86' lang='lat' dir='ltr'><strong>Epitaphio</strong></span> <span class='ocrx_word' id='word_1_296' title='bbox 1314 3719 1497 3775; x_wconf 86' lang='lat' dir='ltr'><strong>fratris</strong></span> <span class='ocrx_word' id='word_1_297' title='bbox 1518 3720 1601 3774; x_wconf 89' lang='lat' dir='ltr'><strong>sui</strong></span> <span class='ocrx_word' id='word_1_298' title='bbox 1626 3718 1867 3775; x_wconf 85' lang='lat' dir='ltr'><strong>Caesarii</strong></span> 
     </span>
    </p>
   </div>
   <div class='ocr_carea' id='block_1_42' title="bbox 270 3808 1868 3879">
    <p class='ocr_par' dir='ltr' id='par_1_42' title="bbox 270 3808 1868 3879">
     <span class='ocr_line' id='line_1_42' title="bbox 270 3808 1868 3879; baseline 0.003 -19"><span class='ocrx_word' id='word_1_299' title='bbox 270 3808 341 3861; x_wconf 85' lang='lat' dir='ltr'><strong>de</strong></span> <span class='ocrx_word' id='word_1_300' title='bbox 368 3809 774 3864; x_wconf 87' lang='lat' dir='ltr'><strong>resurrectione</strong></span> <span class='ocrx_word' id='word_1_301' title='bbox 804 3810 1127 3879; x_wconf 87' lang='lat' dir='ltr'><strong>disputans:</strong></span> <span class='ocrx_word' id='word_1_302' title='bbox 1178 3810 1346 3865; x_wconf 84' lang='lat' dir='ltr'><strong>Paulo</strong></span> <span class='ocrx_word' id='word_1_303' title='bbox 1384 3820 1499 3879; x_wconf 90' lang='lat' dir='ltr'><strong>post</strong></span> <span class='ocrx_word' id='word_1_304' title='bbox 1543 3820 1742 3875; x_wconf 86' lang='lat' dir='ltr'><strong>autem,</strong></span> <span class='ocrx_word' id='word_1_305' title='bbox 1784 3810 1868 3864; x_wconf 92' lang='lat' dir='ltr'><strong>in-</strong></span> 
     </span>
    </p>
   </div>
   <div class='ocr_carea' id='block_1_43' title="bbox 269 3898 1867 3971">
    <p class='ocr_par' dir='ltr' id='par_1_43' title="bbox 269 3898 1867 3971">
     <span class='ocr_line' id='line_1_43' title="bbox 269 3898 1867 3971; baseline 0.003 -21"><span class='ocrx_word' id='word_1_306' title='bbox 269 3898 412 3966; x_wconf 86' lang='lat' dir='ltr'><strong>quit,</strong></span> <span class='ocrx_word' id='word_1_307' title='bbox 437 3908 488 3951; x_wconf 93' lang='lat' dir='ltr'><strong>et</strong></span> <span class='ocrx_word' id='word_1_308' title='bbox 505 3901 854 3969; x_wconf 82' lang='lat' dir='ltr'><strong>congenitum,</strong></span> <span class='ocrx_word' id='word_1_309' title='bbox 869 3899 1083 3954; x_wconf 85' lang='lat' dir='ltr'><strong>carnale</strong></span> <span class='ocrx_word' id='word_1_310' title='bbox 1104 3917 1293 3971; x_wconf 87' lang='lat' dir='ltr'><strong>corpus</strong></span> <span class='ocrx_word' id='word_1_311' title='bbox 1314 3900 1566 3963; x_wconf 77' lang='lat' dir='ltr'><strong>videlicet,</strong></span> <span class='ocrx_word' id='word_1_312' title='bbox 1597 3911 1867 3968; x_wconf 80' lang='lat' dir='ltr'><strong>receptura</strong></span> 
     </span>
    </p>
   </div>
   <div class='ocr_carea' id='block_1_44' title="bbox 268 3989 1867 4060">
    <p class='ocr_par' dir='ltr' id='par_1_44' title="bbox 268 3989 1867 4060">
     <span class='ocr_line' id='line_1_44' title="bbox 268 3989 1867 4060; baseline 0.001 -18"><span class='ocrx_word' id='word_1_313' title='bbox 268 3999 345 4042; x_wconf 89' lang='lat' dir='ltr'><strong>est</strong></span> <span class='ocrx_word' id='word_1_314' title='bbox 373 3989 581 4054; x_wconf 88' lang='lat' dir='ltr'><strong>anima,</strong></span> <span class='ocrx_word' id='word_1_315' title='bbox 599 4005 715 4042; x_wconf 88' lang='lat' dir='ltr'><strong>cum</strong></span> <span class='ocrx_word' id='word_1_316' title='bbox 743 4006 867 4060; x_wconf 88' lang='lat' dir='ltr'><strong>quo,</strong></span> <span class='ocrx_word' id='word_1_317' title='bbox 889 4007 1023 4060; x_wconf 84' lang='lat' dir='ltr'><strong>quae</strong></span> <span class='ocrx_word' id='word_1_318' title='bbox 1048 3989 1156 4045; x_wconf 86' lang='lat' dir='ltr'><strong>illic</strong></span> <span class='ocrx_word' id='word_1_319' title='bbox 1189 3990 1446 4054; x_wconf 85' lang='lat' dir='ltr'><strong>sunt,hoc</strong></span> <span class='ocrx_word' id='word_1_320' title='bbox 1471 3999 1568 4054; x_wconf 86' lang='lat' dir='ltr'><strong>est,</strong></span> <span class='ocrx_word' id='word_1_321' title='bbox 1598 3989 1654 4043; x_wconf 92' lang='lat' dir='ltr'><strong>in</strong></span> <span class='ocrx_word' id='word_1_322' title='bbox 1687 3990 1867 4058; x_wconf 79' lang='lat' dir='ltr'><strong>futura</strong></span> 
     </span>
    </p>
   </div>
   <div class='ocr_carea' id='block_1_45' title="bbox 269 4078 1867 4151">
    <p class='ocr_par' dir='ltr' id='par_1_45' title="bbox 269 4078 1867 4151">
     <span class='ocr_line' id='line_1_45' title="bbox 269 4078 1867 4151; baseline 0 -20"><span class='ocrx_word' id='word_1_323' title='bbox 269 4079 405 4142; x_wconf 72' lang='lat' dir='ltr'><strong>vita,</strong></span> <span class='ocrx_word' id='word_1_324' title='bbox 427 4078 795 4149; x_wconf 89' lang='lat' dir='ltr'><strong>philosophata</strong></span> <span class='ocrx_word' id='word_1_325' title='bbox 832 4091 927 4144; x_wconf 87' lang='lat' dir='ltr'><strong>est,</strong></span> <span class='ocrx_word' id='word_1_326' title='bbox 950 4098 1042 4150; x_wconf 89' lang='lat' dir='ltr'><strong>per</strong></span> <span class='ocrx_word' id='word_1_327' title='bbox 1068 4081 1239 4151; x_wconf 86' lang='lat' dir='ltr'><strong>ipsam</strong></span> <span class='ocrx_word' id='word_1_328' title='bbox 1264 4087 1313 4133; x_wconf 87' lang='lat' dir='ltr'><strong>et</strong></span> <span class='ocrx_word' id='word_1_329' title='bbox 1338 4078 1517 4133; x_wconf 85' lang='lat' dir='ltr'><strong>datam</strong></span> <span class='ocrx_word' id='word_1_330' title='bbox 1541 4089 1589 4132; x_wconf 88' lang='lat' dir='ltr'><strong>et</strong></span> <span class='ocrx_word' id='word_1_331' title='bbox 1616 4079 1867 4132; x_wconf 78' lang='lat' dir='ltr'><strong>creditam</strong></span> 
     </span>
    </p>
   </div>
   <div class='ocr_carea' id='block_1_46' title="bbox 270 4167 1869 4242">
    <p class='ocr_par' dir='ltr' id='par_1_46' title="bbox 270 4167 1869 4242">
     <span class='ocr_line' id='line_1_46' title="bbox 270 4167 1869 4242; baseline -0.001 -20"><span class='ocrx_word' id='word_1_332' title='bbox 270 4177 494 4233; x_wconf 87' lang='lat' dir='ltr'><strong>terram,</strong></span> <span class='ocrx_word' id='word_1_333' title='bbox 524 4186 733 4224; x_wconf 86' lang='lat' dir='ltr'><strong>carnem</strong></span> <span class='ocrx_word' id='word_1_334' title='bbox 777 4171 1030 4242; x_wconf 76' lang='lat' dir='ltr'><strong>profecto,</strong></span> <span class='ocrx_word' id='word_1_335' title='bbox 1052 4172 1108 4225; x_wconf 89' lang='lat' dir='ltr'><strong>in</strong></span> <span class='ocrx_word' id='word_1_336' title='bbox 1131 4170 1365 4235; x_wconf 89' lang='lat' dir='ltr'><strong>modum,</strong></span> <span class='ocrx_word' id='word_1_337' title='bbox 1390 4186 1541 4241; x_wconf 86' lang='lat' dir='ltr'><strong>quem</strong></span> <span class='ocrx_word' id='word_1_338' title='bbox 1586 4170 1744 4235; x_wconf 86' lang='lat' dir='ltr'><strong>novit,</strong></span> <span class='ocrx_word' id='word_1_339' title='bbox 1779 4167 1869 4239; x_wconf 86' lang='lat' dir='ltr'><strong>qui</strong></span> 
     </span>
    </p>
   </div>
   <div class='ocr_carea' id='block_1_47' title="bbox 269 4260 1869 4328">
    <p class='ocr_par' dir='ltr' id='par_1_47' title="bbox 269 4260 1869 4328">
     <span class='ocr_line' id='line_1_47' title="bbox 269 4260 1869 4328; baseline -0.001 -13"><span class='ocrx_word' id='word_1_340' title='bbox 269 4277 335 4315; x_wconf 80' lang='lat' dir='ltr'><strong>ea</strong></span> <span class='ocrx_word' id='word_1_341' title='bbox 382 4260 650 4328; x_wconf 82' lang='lat' dir='ltr'><strong>colligavit</strong></span> <span class='ocrx_word' id='word_1_342' title='bbox 698 4272 745 4316; x_wconf 88' lang='lat' dir='ltr'><strong>et</strong></span> <span class='ocrx_word' id='word_1_343' title='bbox 797 4263 1052 4327; x_wconf 85' lang='lat' dir='ltr'><strong>dissolvit,</strong></span> <span class='ocrx_word' id='word_1_344' title='bbox 1086 4263 1250 4327; x_wconf 89' lang='lat' dir='ltr'><strong>Deus,</strong></span> <span class='ocrx_word' id='word_1_345' title='bbox 1292 4262 1413 4316; x_wconf 87' lang='lat' dir='ltr'><strong>huic</strong></span> <span class='ocrx_word' id='word_1_346' title='bbox 1461 4261 1869 4315; x_wconf 89' lang='lat' dir='ltr'><strong>cohaereditabit</strong></span> 
     </span>
    </p>
   </div>
   <div class='ocr_carea' id='block_1_48' title="bbox 269 4348 1865 4423">
    <p class='ocr_par' dir='ltr' id='par_1_48' title="bbox 269 4348 1865 4423">
     <span class='ocr_line' id='line_1_48' title="bbox 269 4348 1865 4423; baseline 0.003 -21"><span class='ocrx_word' id='word_1_347' title='bbox 269 4348 385 4404; x_wconf 86' lang='lat' dir='ltr'><strong>illic</strong></span> <span class='ocrx_word' id='word_1_348' title='bbox 459 4350 683 4420; x_wconf 84' lang='lat' dir='ltr'><strong>gloriam</strong></span> <span class='ocrx_word' id='word_1_349' title='bbox 723 4366 742 4404; x_wconf 90' lang='lat'><strong><em>:</em></strong></span> <span class='ocrx_word' id='word_1_350' title='bbox 791 4360 839 4407; x_wconf 89' lang='lat' dir='ltr'><strong>et</strong></span> <span class='ocrx_word' id='word_1_351' title='bbox 903 4352 1340 4423; x_wconf 83' lang='lat' dir='ltr'><strong>quemadmodum</strong></span> <span class='ocrx_word' id='word_1_352' title='bbox 1400 4350 1638 4405; x_wconf 89' lang='lat' dir='ltr'><strong>laborum</strong></span> <span class='ocrx_word' id='word_1_353' title='bbox 1706 4351 1819 4422; x_wconf 87' lang='lat' dir='ltr'><strong>ejus</strong></span> <span class='ocrx_word' id='word_1_354' title='bbox 1849 4392 1865 4417; x_wconf 96' lang='lat'><strong>,</strong></span> 
     </span>
    </p>
   </div>
   <div class='ocr_carea' id='block_1_49' title="bbox 271 4442 1865 4514">
    <p class='ocr_par' dir='ltr' id='par_1_49' title="bbox 271 4442 1865 4514">
     <span class='ocr_line' id='line_1_49' title="bbox 271 4442 1865 4514; baseline 0.001 -18"><span class='ocrx_word' id='word_1_355' title='bbox 271 4442 492 4497; x_wconf 79' lang='lat' dir='ltr'><strong>animae</strong></span> <span class='ocrx_word' id='word_1_356' title='bbox 544 4443 801 4509; x_wconf 86' lang='lat' dir='ltr'><strong>videlicet,</strong></span> <span class='ocrx_word' id='word_1_357' title='bbox 853 4460 946 4511; x_wconf 88' lang='lat' dir='ltr'><strong>per</strong></span> <span class='ocrx_word' id='word_1_358' title='bbox 999 4443 1478 4514; x_wconf 87' lang='lat' dir='ltr'><strong>congenerationem</strong></span> <span class='ocrx_word' id='word_1_359' title='bbox 1536 4443 1865 4513; x_wconf 88' lang='lat' dir='ltr'><strong>participavit</strong></span> 
     </span>
    </p>
   </div>
   <div class='ocr_carea' id='block_1_50' title="bbox 267 4531 1866 4604">
    <p class='ocr_par' dir='ltr' id='par_1_50' title="bbox 267 4531 1866 4604">
     <span class='ocr_line' id='line_1_50' title="bbox 267 4531 1866 4604; baseline 0 -18"><span class='ocrx_word' id='word_1_360' title='bbox 267 4546 507 4602; x_wconf 72' lang='lat' dir='ltr'><strong>corpus,</strong></span> <span class='ocrx_word' id='word_1_361' title='bbox 562 4534 638 4587; x_wconf 90' lang='lat' dir='ltr'><strong>sic</strong></span> <span class='ocrx_word' id='word_1_362' title='bbox 693 4549 759 4588; x_wconf 74' lang='lat' dir='ltr'><strong>ea:</strong></span> <span class='ocrx_word' id='word_1_363' title='bbox 807 4533 1226 4604; x_wconf 86' lang='lat' dir='ltr'><strong>jucunditatibus</strong></span> <span class='ocrx_word' id='word_1_364' title='bbox 1288 4533 1399 4587; x_wconf 88' lang='lat' dir='ltr'><strong>suis</strong></span> <span class='ocrx_word' id='word_1_365' title='bbox 1458 4531 1631 4586; x_wconf 84' lang='lat' dir='ltr'><strong>tradet</strong></span> <span class='ocrx_word' id='word_1_366' title='bbox 1701 4541 1866 4586; x_wconf 88' lang='lat' dir='ltr'><strong>totum</strong></span> 
     </span>
    </p>
   </div>
   <div class='ocr_carea' id='block_1_51' title="bbox 271 4627 1869 4699">
    <p class='ocr_par' dir='ltr' id='par_1_51' title="bbox 271 4627 1869 4699">
     <span class='ocr_line' id='line_1_51' title="bbox 271 4627 1869 4699; baseline -0.001 -16"><span class='ocrx_word' id='word_1_367' title='bbox 271 4627 330 4683; x_wconf 77' lang='lat' dir='ltr'><strong>in</strong></span> <span class='ocrx_word' id='word_1_368' title='bbox 376 4629 627 4699; x_wconf 83' lang='lat' dir='ltr'><strong>seipsam,</strong></span> <span class='ocrx_word' id='word_1_369' title='bbox 665 4646 853 4699; x_wconf 87' lang='lat' dir='ltr'><strong>corpus</strong></span> <span class='ocrx_word' id='word_1_370' title='bbox 898 4630 1119 4696; x_wconf 85' lang='lat' dir='ltr'><strong>scilicet,</strong></span> <span class='ocrx_word' id='word_1_371' title='bbox 1167 4638 1560 4697; x_wconf 87' lang='lat' dir='ltr'><strong>consumptura,</strong></span> <span class='ocrx_word' id='word_1_372' title='bbox 1598 4637 1646 4683; x_wconf 91' lang='lat' dir='ltr'><strong>et</strong></span> <span class='ocrx_word' id='word_1_373' title='bbox 1686 4629 1869 4699; x_wconf 84' lang='lat' dir='ltr'><strong>futura</strong></span> 
     </span>
    </p>
   </div>
   <div class='ocr_carea' id='block_1_52' title="bbox 271 4727 1871 4799">
    <p class='ocr_par' dir='ltr' id='par_1_52' title="bbox 271 4727 1871 4799">
     <span class='ocr_line' id='line_1_52' title="bbox 271 4727 1871 4799; baseline 0 -18"><span class='ocrx_word' id='word_1_374' title='bbox 271 4744 396 4782; x_wconf 86' lang='lat' dir='ltr'><strong>cum</strong></span> <span class='ocrx_word' id='word_1_375' title='bbox 418 4729 533 4798; x_wconf 88' lang='lat' dir='ltr'><strong>ipso</strong></span> <span class='ocrx_word' id='word_1_376' title='bbox 564 4745 699 4783; x_wconf 87' lang='lat' dir='ltr'><strong>unus</strong></span> <span class='ocrx_word' id='word_1_377' title='bbox 730 4739 779 4784; x_wconf 90' lang='lat' dir='ltr'><strong>et</strong></span> <span class='ocrx_word' id='word_1_378' title='bbox 807 4730 829 4762; x_wconf 87' lang='grc'>³</span> <span class='ocrx_word' id='word_1_379' title='bbox 873 4730 1117 4799; x_wconf 83' lang='lat' dir='ltr'><strong>spiritus,</strong></span> <span class='ocrx_word' id='word_1_380' title='bbox 1151 4738 1200 4784; x_wconf 87' lang='lat' dir='ltr'><strong>et</strong></span> <span class='ocrx_word' id='word_1_381' title='bbox 1227 4730 1465 4792; x_wconf 88' lang='lat' dir='ltr'><strong>animus,</strong></span> <span class='ocrx_word' id='word_1_382' title='bbox 1496 4737 1543 4783; x_wconf 91' lang='lat' dir='ltr'><strong>et</strong></span> <span class='ocrx_word' id='word_1_383' title='bbox 1571 4728 1711 4782; x_wconf 88' lang='lat' dir='ltr'><strong>Deus</strong></span> <span class='ocrx_word' id='word_1_384' title='bbox 1732 4766 1747 4794; x_wconf 93' lang='lat'><strong>,</strong></span> <span class='ocrx_word' id='word_1_385' title='bbox 1777 4727 1871 4781; x_wconf 84' lang='lat' dir='ltr'><strong>ab-</strong></span> 
     </span>
    </p>
   </div>
   <div class='ocr_carea' id='block_1_53' title="bbox 270 4826 1869 4899">
    <p class='ocr_par' dir='ltr' id='par_1_53' title="bbox 270 4826 1869 4899">
     <span class='ocr_line' id='line_1_53' title="bbox 270 4826 1869 4899; baseline 0.001 -19"><span class='ocrx_word' id='word_1_386' title='bbox 270 4835 458 4895; x_wconf 85' lang='lat' dir='ltr'><strong>sorpta</strong></span> <span class='ocrx_word' id='word_1_387' title='bbox 495 4842 529 4879; x_wconf 90' lang='lat' dir='ltr'><strong>a</strong></span> <span class='ocrx_word' id='word_1_388' title='bbox 565 4828 669 4881; x_wconf 83' lang='lat' dir='ltr'><strong>vita</strong></span> <span class='ocrx_word' id='word_1_389' title='bbox 707 4837 756 4882; x_wconf 91' lang='lat' dir='ltr'><strong>et</strong></span> <span class='ocrx_word' id='word_1_390' title='bbox 797 4830 1009 4883; x_wconf 87' lang='lat' dir='ltr'><strong>mortali</strong></span> <span class='ocrx_word' id='word_1_391' title='bbox 1032 4838 1078 4883; x_wconf 93' lang='lat' dir='ltr'><strong>et</strong></span> <span class='ocrx_word' id='word_1_392' title='bbox 1101 4830 1304 4899; x_wconf 82' lang='lat' dir='ltr'><strong>ﬂuenti.</strong></span> <span class='ocrx_word' id='word_1_393' title='bbox 1343 4828 1515 4895; x_wconf 79' lang='lat' dir='ltr'><strong>Quam</strong></span> <span class='ocrx_word' id='word_1_394' title='bbox 1544 4826 1869 4882; x_wconf 87' lang='lat' dir='ltr'><strong>sententiam</strong></span> 
     </span>
    </p>
   </div>
   <div class='ocr_carea' id='block_1_54' title="bbox 273 4926 1872 5000">
    <p class='ocr_par' dir='ltr' id='par_1_54' title="bbox 273 4926 1872 5000">
     <span class='ocr_line' id='line_1_54' title="bbox 273 4926 1872 5000; baseline -0.002 -17"><span class='ocrx_word' id='word_1_395' title='bbox 273 4926 549 4984; x_wconf 73' lang='lat' dir='ltr'><strong>Maximus</strong></span> <span class='ocrx_word' id='word_1_396' title='bbox 590 4929 886 5000; x_wconf 75' lang='lat' dir='ltr'><strong>explanans</strong></span> <span class='ocrx_word' id='word_1_397' title='bbox 917 4949 930 4985; x_wconf 91' lang='lat'><strong>:</strong></span> <span class='ocrx_word' id='word_1_398' title='bbox 964 4928 1032 4984; x_wconf 87' lang='lat' dir='ltr'><strong>Ut</strong></span> <span class='ocrx_word' id='word_1_399' title='bbox 1084 4930 1244 4995; x_wconf 88' lang='lat' dir='ltr'><strong>enim,</strong></span> <span class='ocrx_word' id='word_1_400' title='bbox 1291 4928 1484 4999; x_wconf 89' lang='lat' dir='ltr'><strong>inquit,</strong></span> <span class='ocrx_word' id='word_1_401' title='bbox 1516 4928 1762 4998; x_wconf 85' lang='lat' dir='ltr'><strong>absorpta</strong></span> <span class='ocrx_word' id='word_1_402' title='bbox 1797 4937 1872 4982; x_wconf 88' lang='lat' dir='ltr'><strong>est</strong></span> 
     </span>
    </p>
   </div>
   <div class='ocr_carea' id='block_1_55' title="bbox 273 5029 1875 5100">
    <p class='ocr_par' dir='ltr' id='par_1_55' title="bbox 273 5029 1875 5100">
     <span class='ocr_line' id='line_1_55' title="bbox 273 5029 1875 5100; baseline -0.001 -16"><span class='ocrx_word' id='word_1_403' title='bbox 273 5045 370 5099; x_wconf 84' lang='lat' dir='ltr'><strong>per</strong></span> <span class='ocrx_word' id='word_1_404' title='bbox 393 5040 662 5099; x_wconf 85' lang='lat' dir='ltr'><strong>peccatum</strong></span> <span class='ocrx_word' id='word_1_405' title='bbox 691 5047 814 5085; x_wconf 89' lang='lat' dir='ltr'><strong>caro</strong></span> <span class='ocrx_word' id='word_1_406' title='bbox 841 5049 872 5085; x_wconf 88' lang='lat' dir='ltr'><strong>a</strong></span> <span class='ocrx_word' id='word_1_407' title='bbox 898 5032 1250 5100; x_wconf 88' lang='lat' dir='ltr'><strong>corruptione,</strong></span> <span class='ocrx_word' id='word_1_408' title='bbox 1288 5048 1321 5084; x_wconf 88' lang='lat' dir='ltr'><strong>a</strong></span> <span class='ocrx_word' id='word_1_409' title='bbox 1362 5046 1520 5085; x_wconf 87' lang='lat' dir='ltr'><strong>carne</strong></span> <span class='ocrx_word' id='word_1_410' title='bbox 1549 5045 1664 5083; x_wconf 88' lang='lat' dir='ltr'><strong>vero</strong></span> <span class='ocrx_word' id='word_1_411' title='bbox 1694 5029 1875 5083; x_wconf 82' lang='lat' dir='ltr'><strong>anima</strong></span> 
     </span>
    </p>
   </div>
   <div class='ocr_carea' id='block_1_56' title="bbox 276 5131 1878 5203">
    <p class='ocr_par' dir='ltr' id='par_1_56' title="bbox 276 5131 1878 5203">
     <span class='ocr_line' id='line_1_56' title="bbox 276 5131 1878 5203; baseline 0.001 -21"><span class='ocrx_word' id='word_1_412' title='bbox 276 5140 488 5185; x_wconf 87' lang='lat' dir='ltr'><strong>terrena</strong></span> <span class='ocrx_word' id='word_1_413' title='bbox 517 5132 904 5201; x_wconf 88' lang='lat' dir='ltr'><strong>operationibus</strong></span> <span class='ocrx_word' id='word_1_414' title='bbox 932 5134 1040 5187; x_wconf 88' lang='lat' dir='ltr'><strong>suis</strong></span> <span class='ocrx_word' id='word_1_415' title='bbox 1066 5132 1229 5203; x_wconf 77' lang='lat' dir='ltr'><strong>facta,</strong></span> <span class='ocrx_word' id='word_1_416' title='bbox 1259 5131 1323 5186; x_wconf 90' lang='lat' dir='ltr'><strong>ab</strong></span> <span class='ocrx_word' id='word_1_417' title='bbox 1350 5132 1527 5185; x_wconf 87' lang='lat' dir='ltr'><strong>anima</strong></span> <span class='ocrx_word' id='word_1_418' title='bbox 1572 5139 1747 5184; x_wconf 89' lang='lat' dir='ltr'><strong>autem</strong></span> <span class='ocrx_word' id='word_1_419' title='bbox 1786 5146 1878 5200; x_wconf 88' lang='lat' dir='ltr'><strong>per</strong></span> 
     </span>
    </p>
   </div>
   <div class='ocr_carea' id='block_1_57' title="bbox 276 5230 1876 5306">
    <p class='ocr_par' dir='ltr' id='par_1_57' title="bbox 276 5230 1876 5306">
     <span class='ocr_line' id='line_1_57' title="bbox 276 5230 1876 5306; baseline -0.001 -21"><span class='ocrx_word' id='word_1_420' title='bbox 276 5244 701 5306; x_wconf 79' lang='lat' dir='ltr'><strong>consummatam</strong></span> <span class='ocrx_word' id='word_1_421' title='bbox 724 5234 1075 5304; x_wconf 88' lang='lat' dir='ltr'><strong>ignorantium</strong></span> <span class='ocrx_word' id='word_1_422' title='bbox 1106 5232 1335 5303; x_wconf 87' lang='lat' dir='ltr'><strong>cognitio</strong></span> <span class='ocrx_word' id='word_1_423' title='bbox 1363 5231 1487 5298; x_wconf 91' lang='lat' dir='ltr'><strong>Dei,</strong></span> <span class='ocrx_word' id='word_1_424' title='bbox 1518 5241 1574 5285; x_wconf 87' lang='lat' dir='ltr'><strong>ut</strong></span> <span class='ocrx_word' id='word_1_425' title='bbox 1600 5247 1782 5301; x_wconf 90' lang='lat' dir='ltr'><strong>neque,</strong></span> <span class='ocrx_word' id='word_1_426' title='bbox 1829 5230 1876 5283; x_wconf 89' lang='lat' dir='ltr'><strong>si</strong></span> 
     </span>
    </p>
   </div>
   <div class='ocr_carea' id='block_1_58' title="bbox 279 5330 1873 5407">
    <p class='ocr_par' dir='ltr' id='par_1_58' title="bbox 279 5330 1873 5407">
     <span class='ocr_line' id='line_1_58' title="bbox 279 5330 1873 5407; baseline -0.003 -20"><span class='ocrx_word' id='word_1_427' title='bbox 279 5332 428 5388; x_wconf 84' lang='lat' dir='ltr'><strong>Deus</strong></span> <span class='ocrx_word' id='word_1_428' title='bbox 448 5344 548 5402; x_wconf 83' lang='lat' dir='ltr'><strong>est,</strong></span> <span class='ocrx_word' id='word_1_429' title='bbox 569 5346 893 5407; x_wconf 83' lang='lat' dir='ltr'><strong>cognosceret</strong></span> <span class='ocrx_word' id='word_1_430' title='bbox 914 5349 933 5389; x_wconf 72' lang='grc' dir='ltr'><strong><em>ε</em></strong></span> <span class='ocrx_word' id='word_1_431' title='bbox 954 5336 1027 5390; x_wconf 86' lang='lat' dir='ltr'><strong>sic</strong></span> <span class='ocrx_word' id='word_1_432' title='bbox 1052 5336 1261 5391; x_wconf 84' lang='lat' dir='ltr'><strong>omnino</strong></span> <span class='ocrx_word' id='word_1_433' title='bbox 1288 5344 1515 5404; x_wconf 88' lang='lat' dir='ltr'><strong>tempore</strong></span> <span class='ocrx_word' id='word_1_434' title='bbox 1537 5330 1873 5388; x_wconf 86' lang='lat' dir='ltr'><strong>resurrectio-</strong></span> 
     </span>
    </p>
   </div>
   <div class='ocr_carea' id='block_1_59' title="bbox 1945 472 3531 544">
    <p class='ocr_par' dir='ltr' id='par_1_59' title="bbox 1945 472 3531 544">
     <span class='ocr_line' id='line_1_59' title="bbox 1945 472 3531 544; baseline 0.001 -18"><span class='ocrx_word' id='word_1_435' title='bbox 1945 481 2124 526; x_wconf 88' lang='lat' dir='ltr'><strong>sancto</strong></span> <span class='ocrx_word' id='word_1_436' title='bbox 2151 489 2243 542; x_wconf 89' lang='lat' dir='ltr'><strong>per</strong></span> <span class='ocrx_word' id='word_1_437' title='bbox 2270 475 2492 544; x_wconf 87' lang='lat' dir='ltr'><strong>gratiam</strong></span> <span class='ocrx_word' id='word_1_438' title='bbox 2521 473 2778 528; x_wconf 86' lang='lat' dir='ltr'><strong>incarnati</strong></span> <span class='ocrx_word' id='word_1_439' title='bbox 2809 472 2905 525; x_wconf 88' lang='lat' dir='ltr'><strong>Dei</strong></span> <span class='ocrx_word' id='word_1_440' title='bbox 2935 472 3288 526; x_wconf 86' lang='lat' dir='ltr'><strong>absorbebitur</strong></span> <span class='ocrx_word' id='word_1_441' title='bbox 3318 490 3439 526; x_wconf 88' lang='lat' dir='ltr'><strong>caro</strong></span> <span class='ocrx_word' id='word_1_442' title='bbox 3466 475 3531 527; x_wconf 84' lang='lat' dir='ltr'><strong>ab</strong></span> 
     </span>
    </p>
   </div>
   <div class='ocr_carea' id='block_1_60' title="bbox 1946 562 3533 634">
    <p class='ocr_par' dir='ltr' id='par_1_60' title="bbox 1946 562 3533 634">
     <span class='ocr_line' id='line_1_60' title="bbox 1946 562 3533 634; baseline -0.001 -17"><span class='ocrx_word' id='word_1_443' title='bbox 1946 566 2123 617; x_wconf 90' lang='lat' dir='ltr'><strong>anima</strong></span> <span class='ocrx_word' id='word_1_444' title='bbox 2155 566 2208 619; x_wconf 89' lang='lat' dir='ltr'><strong>in</strong></span> <span class='ocrx_word' id='word_1_445' title='bbox 2235 565 2447 634; x_wconf 83' lang='lat' dir='ltr'><strong>spiritu,</strong></span> <span class='ocrx_word' id='word_1_446' title='bbox 2479 565 2654 618; x_wconf 86' lang='lat' dir='ltr'><strong>anima</strong></span> <span class='ocrx_word' id='word_1_447' title='bbox 2685 578 2801 617; x_wconf 84' lang='lat' dir='ltr'><strong>tero</strong></span> <span class='ocrx_word' id='word_1_448' title='bbox 2829 580 2861 616; x_wconf 93' lang='lat' dir='ltr'><strong>a</strong></span> <span class='ocrx_word' id='word_1_449' title='bbox 2890 562 3019 627; x_wconf 87' lang='lat' dir='ltr'><strong>Deo,</strong></span> <span class='ocrx_word' id='word_1_450' title='bbox 3050 564 3138 633; x_wconf 87' lang='lat' dir='ltr'><strong>qui</strong></span> <span class='ocrx_word' id='word_1_451' title='bbox 3158 574 3230 616; x_wconf 89' lang='lat' dir='ltr'><strong>est</strong></span> <span class='ocrx_word' id='word_1_452' title='bbox 3256 579 3366 617; x_wconf 83' lang='lat' dir='ltr'><strong>rere</strong></span> <span class='ocrx_word' id='word_1_453' title='bbox 3390 563 3533 628; x_wconf 86' lang='lat' dir='ltr'><strong>vita;</strong></span> 
     </span>
    </p>
   </div>
   <div class='ocr_carea' id='block_1_61' title="bbox 1946 656 3533 728">
    <p class='ocr_par' dir='ltr' id='par_1_61' title="bbox 1946 656 3533 728">
     <span class='ocr_line' id='line_1_61' title="bbox 1946 656 3533 728; baseline -0.003 -17"><span class='ocrx_word' id='word_1_454' title='bbox 1946 658 2113 725; x_wconf 90' lang='lat' dir='ltr'><strong>ipsum</strong></span> <span class='ocrx_word' id='word_1_455' title='bbox 2138 657 2326 728; x_wconf 74' lang='lat' dir='ltr'><strong>quippe</strong></span> <span class='ocrx_word' id='word_1_456' title='bbox 2352 656 2827 727; x_wconf 84' lang='lat' dir='ltr'><strong>singularissimum</strong></span> <span class='ocrx_word' id='word_1_457' title='bbox 2874 671 2965 724; x_wconf 88' lang='lat' dir='ltr'><strong>per</strong></span> <span class='ocrx_word' id='word_1_458' title='bbox 3003 656 3176 709; x_wconf 80' lang='lat' dir='ltr'><strong>omnia</strong></span> <span class='ocrx_word' id='word_1_459' title='bbox 3219 664 3383 708; x_wconf 87' lang='lat' dir='ltr'><strong>totum</strong></span> <span class='ocrx_word' id='word_1_460' title='bbox 3422 663 3533 708; x_wconf 81' lang='lat' dir='ltr'><strong>tota</strong></span> 
     </span>
    </p>
   </div>
   <div class='ocr_carea' id='block_1_62' title="bbox 1946 744 3535 815">
    <p class='ocr_par' dir='ltr' id='par_1_62' title="bbox 1946 744 3535 815">
     <span class='ocr_line' id='line_1_62' title="bbox 1946 744 3535 815; baseline 0 -16"><span class='ocrx_word' id='word_1_461' title='bbox 1946 748 2125 800; x_wconf 82' lang='lat' dir='ltr'><strong>anima</strong></span> <span class='ocrx_word' id='word_1_462' title='bbox 2168 746 2440 815; x_wconf 77' lang='lat' dir='ltr'><strong>manifeste</strong></span> <span class='ocrx_word' id='word_1_463' title='bbox 2480 747 2722 800; x_wconf 88' lang='lat' dir='ltr'><strong>habitura</strong></span> <span class='ocrx_word' id='word_1_464' title='bbox 2768 755 2861 800; x_wconf 88' lang='lat' dir='ltr'><strong>est.</strong></span> <span class='ocrx_word' id='word_1_465' title='bbox 2905 744 2973 798; x_wconf 83' lang='lat' dir='ltr'><strong>Et</strong></span> <span class='ocrx_word' id='word_1_466' title='bbox 3015 744 3319 815; x_wconf 84' lang='lat' dir='ltr'><strong>simpliciter</strong></span> <span class='ocrx_word' id='word_1_467' title='bbox 3358 745 3535 799; x_wconf 88' lang='lat' dir='ltr'><strong>dicen-</strong></span> 
     </span>
    </p>
   </div>
   <div class='ocr_carea' id='block_1_63' title="bbox 1946 837 3531 907">
    <p class='ocr_par' dir='ltr' id='par_1_63' title="bbox 1946 837 3531 907">
     <span class='ocr_line' id='line_1_63' title="bbox 1946 837 3531 907; baseline -0.001 -16"><span class='ocrx_word' id='word_1_468' title='bbox 1946 839 2071 891; x_wconf 89' lang='lat' dir='ltr'><strong>dum</strong></span> <span class='ocrx_word' id='word_1_469' title='bbox 2103 851 2121 889; x_wconf 91' lang='lat'><strong><em>:</em></strong></span> <span class='ocrx_word' id='word_1_470' title='bbox 2152 854 2244 907; x_wconf 90' lang='lat' dir='ltr'><strong>per</strong></span> <span class='ocrx_word' id='word_1_471' title='bbox 2286 839 2667 892; x_wconf 86' lang='lat' dir='ltr'><strong>conversionem</strong></span> <span class='ocrx_word' id='word_1_472' title='bbox 2711 855 2743 891; x_wconf 89' lang='lat' dir='ltr'><strong>a</strong></span> <span class='ocrx_word' id='word_1_473' title='bbox 2788 837 3160 905; x_wconf 85' lang='lat' dir='ltr'><strong>praesentibus,</strong></span> <span class='ocrx_word' id='word_1_474' title='bbox 3208 837 3346 890; x_wconf 89' lang='lat' dir='ltr'><strong>circa</strong></span> <span class='ocrx_word' id='word_1_475' title='bbox 3397 852 3531 906; x_wconf 87' lang='lat' dir='ltr'><strong>quae</strong></span> 
     </span>
    </p>
   </div>
   <div class='ocr_carea' id='block_1_64' title="bbox 1949 928 3530 997">
    <p class='ocr_par' dir='ltr' id='par_1_64' title="bbox 1949 928 3530 997">
     <span class='ocr_line' id='line_1_64' title="bbox 1949 928 3530 997; baseline -0.001 -14"><span class='ocrx_word' id='word_1_476' title='bbox 1949 945 2085 983; x_wconf 89' lang='lat' dir='ltr'><strong>nunc</strong></span> <span class='ocrx_word' id='word_1_477' title='bbox 2107 945 2286 983; x_wconf 87' lang='lat' dir='ltr'><strong>sumus</strong></span> <span class='ocrx_word' id='word_1_478' title='bbox 2309 939 2355 983; x_wconf 89' lang='lat' dir='ltr'><strong>et</strong></span> <span class='ocrx_word' id='word_1_479' title='bbox 2382 928 2751 994; x_wconf 86' lang='lat' dir='ltr'><strong>convolvimur,</strong></span> <span class='ocrx_word' id='word_1_480' title='bbox 2784 929 2959 982; x_wconf 86' lang='lat' dir='ltr'><strong>omnia</strong></span> <span class='ocrx_word' id='word_1_481' title='bbox 2993 928 3047 981; x_wconf 91' lang='lat' dir='ltr'><strong>in</strong></span> <span class='ocrx_word' id='word_1_482' title='bbox 3072 928 3249 997; x_wconf 77' lang='lat' dir='ltr'><strong>futuro</strong></span> <span class='ocrx_word' id='word_1_483' title='bbox 3278 929 3530 989; x_wconf 84' lang='lat' dir='ltr'><strong>ostendet,</strong></span> 
     </span>
    </p>
   </div>
   <div class='ocr_carea' id='block_1_65' title="bbox 1946 1018 3531 1091">
    <p class='ocr_par' dir='ltr' id='par_1_65' title="bbox 1946 1018 3531 1091">
     <span class='ocr_line' id='line_1_65' title="bbox 1946 1018 3531 1091; baseline -0.003 -18"><span class='ocrx_word' id='word_1_484' title='bbox 1946 1034 2077 1091; x_wconf 85' lang='lat' dir='ltr'><strong>quae</strong></span> <span class='ocrx_word' id='word_1_485' title='bbox 2100 1029 2276 1073; x_wconf 64' lang='lat' dir='ltr'><strong>nostra</strong></span> <span class='ocrx_word' id='word_1_486' title='bbox 2302 1028 2441 1084; x_wconf 89' lang='lat' dir='ltr'><strong>sunt,</strong></span> <span class='ocrx_word' id='word_1_487' title='bbox 2470 1019 2582 1090; x_wconf 87' lang='lat' dir='ltr'><strong>ipsa</strong></span> <span class='ocrx_word' id='word_1_488' title='bbox 2607 1019 2781 1073; x_wconf 88' lang='lat' dir='ltr'><strong>divina</strong></span> <span class='ocrx_word' id='word_1_489' title='bbox 2813 1018 3201 1072; x_wconf 83' lang='lat' dir='ltr'><strong>resurrectionis</strong></span> <span class='ocrx_word' id='word_1_490' title='bbox 3226 1018 3418 1087; x_wconf 87' lang='lat' dir='ltr'><strong>gratia,</strong></span> <span class='ocrx_word' id='word_1_491' title='bbox 3450 1026 3531 1079; x_wconf 89' lang='lat' dir='ltr'><strong>ut,</strong></span> 
     </span>
    </p>
   </div>
   <div class='ocr_carea' id='block_1_66' title="bbox 1946 1108 3536 1179">
    <p class='ocr_par' dir='ltr' id='par_1_66' title="bbox 1946 1108 3536 1179">
     <span class='ocr_line' id='line_1_66' title="bbox 1946 1108 3536 1179; baseline -0.004 -13"><span class='ocrx_word' id='word_1_492' title='bbox 1946 1113 2078 1166; x_wconf 87' lang='lat' dir='ltr'><strong>sicut</strong></span> <span class='ocrx_word' id='word_1_493' title='bbox 2110 1112 2191 1165; x_wconf 89' lang='lat' dir='ltr'><strong>hic</strong></span> <span class='ocrx_word' id='word_1_494' title='bbox 2230 1128 2321 1165; x_wconf 87' lang='lat' dir='ltr'><strong>nos</strong></span> <span class='ocrx_word' id='word_1_495' title='bbox 2365 1111 2619 1177; x_wconf 88' lang='lat' dir='ltr'><strong>absorpsit</strong></span> <span class='ocrx_word' id='word_1_496' title='bbox 2646 1126 2783 1165; x_wconf 87' lang='lat' dir='ltr'><strong>mors</strong></span> <span class='ocrx_word' id='word_1_497' title='bbox 2812 1109 2983 1165; x_wconf 85' lang='lat' dir='ltr'><strong>valida</strong></span> <span class='ocrx_word' id='word_1_498' title='bbox 3014 1127 3105 1179; x_wconf 87' lang='lat' dir='ltr'><strong>per</strong></span> <span class='ocrx_word' id='word_1_499' title='bbox 3127 1119 3414 1179; x_wconf 80' lang='lat' dir='ltr'><strong>peceatum,</strong></span> <span class='ocrx_word' id='word_1_500' title='bbox 3461 1108 3536 1160; x_wconf 85' lang='lat' dir='ltr'><strong>sic</strong></span> 
     </span>
    </p>
   </div>
   <div class='ocr_carea' id='block_1_67' title="bbox 1946 1194 3533 1269">
    <p class='ocr_par' dir='ltr' id='par_1_67' title="bbox 1946 1194 3533 1269">
     <span class='ocr_line' id='line_1_67' title="bbox 1946 1194 3533 1269; baseline -0.003 -17"><span class='ocrx_word' id='word_1_501' title='bbox 1946 1199 2056 1253; x_wconf 89' lang='lat' dir='ltr'><strong>illic</strong></span> <span class='ocrx_word' id='word_1_502' title='bbox 2082 1198 2173 1252; x_wconf 91' lang='lat' dir='ltr'><strong>illa</strong></span> <span class='ocrx_word' id='word_1_503' title='bbox 2200 1199 2346 1268; x_wconf 86' lang='lat' dir='ltr'><strong>jnste</strong></span> <span class='ocrx_word' id='word_1_504' title='bbox 2380 1200 2651 1268; x_wconf 81' lang='lat' dir='ltr'><strong>inﬁrmata</strong></span> <span class='ocrx_word' id='word_1_505' title='bbox 2698 1201 2989 1269; x_wconf 78' lang='lat' dir='ltr'><strong>deponatur</strong></span> <span class='ocrx_word' id='word_1_506' title='bbox 3023 1215 3116 1267; x_wconf 90' lang='lat' dir='ltr'><strong>per</strong></span> <span class='ocrx_word' id='word_1_507' title='bbox 3158 1197 3402 1269; x_wconf 76' lang='lat' dir='ltr'><strong>gratiam.</strong></span> <span class='ocrx_word' id='word_1_508' title='bbox 3444 1194 3533 1248; x_wconf 86' lang='lat' dir='ltr'><strong>In-</strong></span> 
     </span>
    </p>
   </div>
   <div class='ocr_carea' id='block_1_68' title="bbox 1951 1283 3534 1359">
    <p class='ocr_par' dir='ltr' id='par_1_68' title="bbox 1951 1283 3534 1359">
     <span class='ocr_line' id='line_1_68' title="bbox 1951 1283 3534 1359; baseline -0.004 -16"><span class='ocrx_word' id='word_1_509' title='bbox 1951 1298 2119 1352; x_wconf 89' lang='lat' dir='ltr'><strong>tuere,</strong></span> <span class='ocrx_word' id='word_1_510' title='bbox 2151 1304 2310 1359; x_wconf 90' lang='lat' dir='ltr'><strong>quam</strong></span> <span class='ocrx_word' id='word_1_511' title='bbox 2340 1289 2483 1343; x_wconf 84' lang='lat' dir='ltr'><strong>clare</strong></span> <span class='ocrx_word' id='word_1_512' title='bbox 2516 1296 2571 1343; x_wconf 90' lang='lat' dir='ltr'><strong>et</strong></span> <span class='ocrx_word' id='word_1_513' title='bbox 2607 1298 2790 1359; x_wconf 88' lang='lat' dir='ltr'><strong>aperte</strong></span> <span class='ocrx_word' id='word_1_514' title='bbox 2834 1287 3061 1357; x_wconf 79' lang='lat' dir='ltr'><strong>praefati</strong></span> <span class='ocrx_word' id='word_1_515' title='bbox 3113 1287 3340 1357; x_wconf 78' lang='lat' dir='ltr'><strong>theologi</strong></span> <span class='ocrx_word' id='word_1_516' title='bbox 3392 1283 3534 1340; x_wconf 87' lang='lat' dir='ltr'><strong>redi—</strong></span> 
     </span>
    </p>
   </div>
   <div class='ocr_carea' id='block_1_69' title="bbox 1951 1377 3534 1451">
    <p class='ocr_par' dir='ltr' id='par_1_69' title="bbox 1951 1377 3534 1451">
     <span class='ocr_line' id='line_1_69' title="bbox 1951 1377 3534 1451; baseline -0.003 -16"><span class='ocrx_word' id='word_1_517' title='bbox 1951 1390 2062 1435; x_wconf 91' lang='lat' dir='ltr'><strong>tum</strong></span> <span class='ocrx_word' id='word_1_518' title='bbox 2106 1382 2351 1451; x_wconf 87' lang='lat' dir='ltr'><strong>corporis</strong></span> <span class='ocrx_word' id='word_1_519' title='bbox 2394 1381 2445 1436; x_wconf 92' lang='lat' dir='ltr'><strong>in</strong></span> <span class='ocrx_word' id='word_1_520' title='bbox 2491 1382 2725 1436; x_wconf 88' lang='lat' dir='ltr'><strong>animam</strong></span> <span class='ocrx_word' id='word_1_521' title='bbox 2770 1382 3146 1437; x_wconf 84' lang='lat' dir='ltr'><strong>incunctanter</strong></span> <span class='ocrx_word' id='word_1_522' title='bbox 3184 1380 3426 1433; x_wconf 78' lang='lat' dir='ltr'><strong>edocent.</strong></span> <span class='ocrx_word' id='word_1_523' title='bbox 3468 1377 3534 1432; x_wconf 80' lang='lat' dir='ltr'><strong>Et</strong></span> 
     </span>
    </p>
   </div>
   <div class='ocr_carea' id='block_1_70' title="bbox 1950 1469 3533 1542">
    <p class='ocr_par' dir='ltr' id='par_1_70' title="bbox 1950 1469 3533 1542">
     <span class='ocr_line' id='line_1_70' title="bbox 1950 1469 3533 1542; baseline -0.003 -13"><span class='ocrx_word' id='word_1_524' title='bbox 1950 1489 2019 1529; x_wconf 91' lang='lat' dir='ltr'><strong>ne</strong></span> <span class='ocrx_word' id='word_1_525' title='bbox 2046 1473 2166 1542; x_wconf 89' lang='lat' dir='ltr'><strong>quis</strong></span> <span class='ocrx_word' id='word_1_526' title='bbox 2195 1471 2334 1527; x_wconf 87' lang='lat' dir='ltr'><strong>forte</strong></span> <span class='ocrx_word' id='word_1_527' title='bbox 2364 1488 2462 1527; x_wconf 85' lang='lat' dir='ltr'><strong>nos</strong></span> <span class='ocrx_word' id='word_1_528' title='bbox 2493 1472 2783 1538; x_wconf 79' lang='lat' dir='ltr'><strong>existimet,</strong></span> <span class='ocrx_word' id='word_1_529' title='bbox 2832 1471 3034 1526; x_wconf 89' lang='lat' dir='ltr'><strong>nullum</strong></span> <span class='ocrx_word' id='word_1_530' title='bbox 3085 1470 3280 1524; x_wconf 79' lang='lat' dir='ltr'><strong>latinae</strong></span> <span class='ocrx_word' id='word_1_531' title='bbox 3320 1469 3533 1538; x_wconf 75' lang='lat' dir='ltr'><strong>linguae</strong></span> 
     </span>
    </p>
   </div>
   <div class='ocr_carea' id='block_1_71' title="bbox 1951 1562 3529 1634">
    <p class='ocr_par' dir='ltr' id='par_1_71' title="bbox 1951 1562 3529 1634">
     <span class='ocr_line' id='line_1_71' title="bbox 1951 1562 3529 1634; baseline -0.003 -16"><span class='ocrx_word' id='word_1_532' title='bbox 1951 1576 2245 1630; x_wconf 82' lang='lat' dir='ltr'><strong>auctorem,</strong></span> <span class='ocrx_word' id='word_1_533' title='bbox 2277 1565 2365 1634; x_wconf 85' lang='lat' dir='ltr'><strong>qui</strong></span> <span class='ocrx_word' id='word_1_534' title='bbox 2394 1565 2520 1619; x_wconf 88' lang='lat' dir='ltr'><strong>huic</strong></span> <span class='ocrx_word' id='word_1_535' title='bbox 2546 1565 2739 1618; x_wconf 87' lang='lat' dir='ltr'><strong>rationi</strong></span> <span class='ocrx_word' id='word_1_536' title='bbox 2772 1562 3113 1618; x_wconf 88' lang='lat' dir='ltr'><strong>adunationis</strong></span> <span class='ocrx_word' id='word_1_537' title='bbox 3141 1571 3399 1625; x_wconf 84' lang='lat' dir='ltr'><strong>naturae,</strong></span> <span class='ocrx_word' id='word_1_538' title='bbox 3428 1562 3529 1615; x_wconf 87' lang='lat' dir='ltr'><strong>hoc</strong></span> 
     </span>
    </p>
   </div>
   <div class='ocr_carea' id='block_1_72' title="bbox 1950 1652 3539 1725">
    <p class='ocr_par' dir='ltr' id='par_1_72' title="bbox 1950 1652 3539 1725">
     <span class='ocr_line' id='line_1_72' title="bbox 1950 1652 3539 1725; baseline -0.006 -13"><span class='ocrx_word' id='word_1_539' title='bbox 1950 1665 2054 1722; x_wconf 90' lang='lat' dir='ltr'><strong>est,</strong></span> <span class='ocrx_word' id='word_1_540' title='bbox 2096 1656 2162 1711; x_wconf 88' lang='lat' dir='ltr'><strong>de</strong></span> <span class='ocrx_word' id='word_1_541' title='bbox 2197 1656 2372 1712; x_wconf 87' lang='lat' dir='ltr'><strong>reditu</strong></span> <span class='ocrx_word' id='word_1_542' title='bbox 2418 1656 2731 1711; x_wconf 85' lang='lat' dir='ltr'><strong>inferiorqu</strong></span> <span class='ocrx_word' id='word_1_543' title='bbox 2760 1655 2812 1709; x_wconf 91' lang='lat' dir='ltr'><strong>in</strong></span> <span class='ocrx_word' id='word_1_544' title='bbox 2839 1654 3114 1725; x_wconf 84' lang='lat' dir='ltr'><strong>superiora</strong></span> <span class='ocrx_word' id='word_1_545' title='bbox 3141 1652 3353 1717; x_wconf 81' lang='lat' dir='ltr'><strong>faverit,</strong></span> <span class='ocrx_word' id='word_1_546' title='bbox 3379 1666 3539 1722; x_wconf 85' lang='lat' dir='ltr'><strong>posse</strong></span> 
     </span>
    </p>
   </div>
   <div class='ocr_carea' id='block_1_73' title="bbox 1953 1744 3537 1815">
    <p class='ocr_par' dir='ltr' id='par_1_73' title="bbox 1953 1744 3537 1815">
     <span class='ocr_line' id='line_1_73' title="bbox 1953 1744 3537 1815; baseline -0.007 -10"><span class='ocrx_word' id='word_1_547' title='bbox 1953 1750 2246 1815; x_wconf 86' lang='lat' dir='ltr'><strong>invenire,</strong></span> <span class='ocrx_word' id='word_1_548' title='bbox 2300 1749 2445 1804; x_wconf 88' lang='lat' dir='ltr'><strong>beati</strong></span> <span class='ocrx_word' id='word_1_549' title='bbox 2492 1747 2764 1803; x_wconf 85' lang='lat' dir='ltr'><strong>Ambrosii</strong></span> <span class='ocrx_word' id='word_1_550' title='bbox 2817 1746 3138 1801; x_wconf 87' lang='lat' dir='ltr'><strong>sententiam</strong></span> <span class='ocrx_word' id='word_1_551' title='bbox 3194 1744 3537 1799; x_wconf 80' lang='lat' dir='ltr'><strong>introducere</strong></span> 
     </span>
    </p>
   </div>
   <div class='ocr_carea' id='block_1_74' title="bbox 1954 1833 3535 1910">
    <p class='ocr_par' dir='ltr' id='par_1_74' title="bbox 1954 1833 3535 1910">
     <span class='ocr_line' id='line_1_74' title="bbox 1954 1833 3535 1910; baseline -0.008 -10"><span class='ocrx_word' id='word_1_552' title='bbox 1954 1842 2206 1899; x_wconf 86' lang='lat' dir='ltr'><strong>convenit</strong></span> <span class='ocrx_word' id='word_1_553' title='bbox 2251 1842 2305 1896; x_wconf 90' lang='lat' dir='ltr'><strong>in</strong></span> <span class='ocrx_word' id='word_1_554' title='bbox 2346 1840 2680 1910; x_wconf 84' lang='lat' dir='ltr'><strong>expositione</strong></span> <span class='ocrx_word' id='word_1_555' title='bbox 2723 1839 2777 1893; x_wconf 90' lang='lat' dir='ltr'><strong>in</strong></span> <span class='ocrx_word' id='word_1_556' title='bbox 2822 1838 3045 1903; x_wconf 88' lang='lat' dir='ltr'><strong>Lucam,</strong></span> <span class='ocrx_word' id='word_1_557' title='bbox 3079 1852 3144 1893; x_wconf 94' lang='lat' dir='ltr'><strong>eo</strong></span> <span class='ocrx_word' id='word_1_558' title='bbox 3180 1836 3303 1900; x_wconf 89' lang='lat' dir='ltr'><strong>loci,</strong></span> <span class='ocrx_word' id='word_1_559' title='bbox 3346 1835 3434 1888; x_wconf 82' lang='lat' dir='ltr'><strong>ubi</strong></span> <span class='ocrx_word' id='word_1_560' title='bbox 3466 1833 3535 1887; x_wconf 88' lang='lat' dir='ltr'><strong>de</strong></span> 
     </span>
    </p>
   </div>
   <div class='ocr_carea' id='block_1_75' title="bbox 1955 1922 3540 2001">
    <p class='ocr_par' dir='ltr' id='par_1_75' title="bbox 1955 1922 3540 2001">
     <span class='ocr_line' id='line_1_75' title="bbox 1955 1922 3540 2001; baseline -0.006 -14"><span class='ocrx_word' id='word_1_561' title='bbox 1955 1930 2183 1987; x_wconf 88' lang='lat' dir='ltr'><strong>muliere</strong></span> <span class='ocrx_word' id='word_1_562' title='bbox 2234 1929 2323 1985; x_wconf 88' lang='lat' dir='ltr'><strong>illa</strong></span> <span class='ocrx_word' id='word_1_563' title='bbox 2376 1929 2694 2001; x_wconf 76' lang='lat' dir='ltr'><strong>Evangelica</strong></span> <span class='ocrx_word' id='word_1_564' title='bbox 2754 1935 2972 1992; x_wconf 86' lang='lat' dir='ltr'><strong>tractat,</strong></span> <span class='ocrx_word' id='word_1_565' title='bbox 3022 1927 3126 1981; x_wconf 89' lang='lat' dir='ltr'><strong>tria</strong></span> <span class='ocrx_word' id='word_1_566' title='bbox 3172 1935 3287 1981; x_wconf 87' lang='lat' dir='ltr'><strong>sata</strong></span> <span class='ocrx_word' id='word_1_567' title='bbox 3333 1922 3540 1980; x_wconf 79' lang='lat' dir='ltr'><strong>snuilae</strong></span> 
     </span>
    </p>
   </div>
   <div class='ocr_carea' id='block_1_76' title="bbox 1956 2013 3537 2084">
    <p class='ocr_par' dir='ltr' id='par_1_76' title="bbox 1956 2013 3537 2084">
     <span class='ocr_line' id='line_1_76' title="bbox 1956 2013 3537 2084; baseline -0.008 -6"><span class='ocrx_word' id='word_1_568' title='bbox 1956 2021 2338 2082; x_wconf 89' lang='lat' dir='ltr'><strong>abscondente,</strong></span> <span class='ocrx_word' id='word_1_569' title='bbox 2370 2020 2539 2075; x_wconf 88' lang='lat' dir='ltr'><strong>donec</strong></span> <span class='ocrx_word' id='word_1_570' title='bbox 2570 2018 3020 2074; x_wconf 84' lang='lat' dir='ltr'><strong>fermentarentur</strong></span> <span class='ocrx_word' id='word_1_571' title='bbox 3066 2017 3130 2071; x_wconf 28' lang='lat' dir='ltr'><strong>in.</strong></span> <span class='ocrx_word' id='word_1_572' title='bbox 3164 2031 3348 2071; x_wconf 90' lang='lat' dir='ltr'><strong>unum.</strong></span> <span class='ocrx_word' id='word_1_573' title='bbox 3401 2013 3537 2084; x_wconf 81' lang='lat' dir='ltr'><strong>Apo-</strong></span> 
     </span>
    </p>
   </div>
   <div class='ocr_carea' id='block_1_77' title="bbox 1953 2102 3541 2184">
    <p class='ocr_par' dir='ltr' id='par_1_77' title="bbox 1953 2102 3541 2184">
     <span class='ocr_line' id='line_1_77' title="bbox 1953 2102 3541 2184; baseline -0.008 -15"><span class='ocrx_word' id='word_1_574' title='bbox 1953 2114 2139 2179; x_wconf 89' lang='lat' dir='ltr'><strong>stolus,</strong></span> <span class='ocrx_word' id='word_1_575' title='bbox 2172 2112 2362 2184; x_wconf 83' lang='lat' dir='ltr'><strong>inquit,</strong></span> <span class='ocrx_word' id='word_1_576' title='bbox 2389 2111 2566 2165; x_wconf 81' lang='lat' dir='ltr'><strong>nonin</strong></span> <span class='ocrx_word' id='word_1_577' title='bbox 2592 2126 2769 2175; x_wconf 89' lang='lat' dir='ltr'><strong>carne,</strong></span> <span class='ocrx_word' id='word_1_578' title='bbox 2812 2108 2903 2164; x_wconf 87' lang='lat' dir='ltr'><strong>sed</strong></span> <span class='ocrx_word' id='word_1_579' title='bbox 2940 2109 2995 2163; x_wconf 90' lang='lat' dir='ltr'><strong>in</strong></span> <span class='ocrx_word' id='word_1_580' title='bbox 3039 2108 3227 2178; x_wconf 79' lang='lat' dir='ltr'><strong>spiritu</strong></span> <span class='ocrx_word' id='word_1_581' title='bbox 3272 2102 3541 2159; x_wconf 88' lang='lat' dir='ltr'><strong>ambulare</strong></span> 
     </span>
    </p>
   </div>
   <div class='ocr_carea' id='block_1_78' title="bbox 1956 2200 3541 2278">
    <p class='ocr_par' dir='ltr' id='par_1_78' title="bbox 1956 2200 3541 2278">
     <span class='ocr_line' id='line_1_78' title="bbox 1956 2200 3541 2278; baseline -0.009 -14"><span class='ocrx_word' id='word_1_582' title='bbox 1956 2224 2049 2264; x_wconf 89' lang='lat' dir='ltr'><strong>nos</strong></span> <span class='ocrx_word' id='word_1_583' title='bbox 2076 2205 2354 2278; x_wconf 75' lang='lat' dir='ltr'><strong>praecepit,</strong></span> <span class='ocrx_word' id='word_1_584' title='bbox 2397 2213 2452 2258; x_wconf 88' lang='lat' dir='ltr'><strong>ut</strong></span> <span class='ocrx_word' id='word_1_585' title='bbox 2479 2202 2794 2271; x_wconf 77' lang='lat' dir='ltr'><strong>sanctiﬁcati</strong></span> <span class='ocrx_word' id='word_1_586' title='bbox 2830 2218 2920 2272; x_wconf 86' lang='lat' dir='ltr'><strong>per</strong></span> <span class='ocrx_word' id='word_1_587' title='bbox 2963 2200 3228 2255; x_wconf 87' lang='lat' dir='ltr'><strong>lavacrum</strong></span> <span class='ocrx_word' id='word_1_588' title='bbox 3269 2214 3541 2269; x_wconf 85' lang='lat' dir='ltr'><strong>regenera-</strong></span> 
     </span>
    </p>
   </div>
   <div class='ocr_carea' id='block_1_79' title="bbox 1955 2290 3538 2362">
    <p class='ocr_par' dir='ltr' id='par_1_79' title="bbox 1955 2290 3538 2362">
     <span class='ocr_line' id='line_1_79' title="bbox 1955 2290 3538 2362; baseline -0.008 -8"><span class='ocrx_word' id='word_1_589' title='bbox 1955 2300 2133 2362; x_wconf 89' lang='lat' dir='ltr'><strong>tionis,</strong></span> <span class='ocrx_word' id='word_1_590' title='bbox 2160 2306 2375 2352; x_wconf 87' lang='lat' dir='ltr'><strong>veterem</strong></span> <span class='ocrx_word' id='word_1_591' title='bbox 2408 2293 2670 2348; x_wconf 82' lang='lat' dir='ltr'><strong>hominem</strong></span> <span class='ocrx_word' id='word_1_592' title='bbox 2702 2309 2819 2347; x_wconf 89' lang='lat' dir='ltr'><strong>cum</strong></span> <span class='ocrx_word' id='word_1_593' title='bbox 2843 2293 2953 2346; x_wconf 89' lang='lat' dir='ltr'><strong>suis</strong></span> <span class='ocrx_word' id='word_1_594' title='bbox 2977 2290 3248 2346; x_wconf 85' lang='lat' dir='ltr'><strong>desideriis</strong></span> <span class='ocrx_word' id='word_1_595' title='bbox 3272 2299 3538 2352; x_wconf 75' lang='lat' dir='ltr'><strong>eruentes,</strong></span> 
     </span>
    </p>
   </div>
   <div class='ocr_carea' id='block_1_80' title="bbox 1956 2380 3540 2456">
    <p class='ocr_par' dir='ltr' id='par_1_80' title="bbox 1956 2380 3540 2456">
     <span class='ocr_line' id='line_1_80' title="bbox 1956 2380 3540 2456; baseline -0.008 -13"><span class='ocrx_word' id='word_1_596' title='bbox 1956 2389 2127 2443; x_wconf 80' lang='lat' dir='ltr'><strong>induti</strong></span> <span class='ocrx_word' id='word_1_597' title='bbox 2152 2402 2360 2451; x_wconf 88' lang='lat' dir='ltr'><strong>novum,</strong></span> <span class='ocrx_word' id='word_1_598' title='bbox 2380 2384 2469 2456; x_wconf 89' lang='lat' dir='ltr'><strong>qui</strong></span> <span class='ocrx_word' id='word_1_599' title='bbox 2492 2381 2775 2438; x_wconf 87' lang='lat' dir='ltr'><strong>secundum</strong></span> <span class='ocrx_word' id='word_1_600' title='bbox 2805 2380 3069 2436; x_wconf 86' lang='lat' dir='ltr'><strong>Christum</strong></span> <span class='ocrx_word' id='word_1_601' title='bbox 3096 2391 3325 2449; x_wconf 87' lang='lat' dir='ltr'><strong>creatur,</strong></span> <span class='ocrx_word' id='word_1_602' title='bbox 3354 2397 3456 2433; x_wconf 88' lang='lat' dir='ltr'><strong>non</strong></span> <span class='ocrx_word' id='word_1_603' title='bbox 3486 2380 3540 2431; x_wconf 89' lang='lat' dir='ltr'><strong>in</strong></span> 
     </span>
    </p>
   </div>
   <div class='ocr_carea' id='block_1_81' title="bbox 1956 2474 3539 2549">
    <p class='ocr_par' dir='ltr' id='par_1_81' title="bbox 1956 2474 3539 2549">
     <span class='ocr_line' id='line_1_81' title="bbox 1956 2474 3539 2549; baseline -0.011 -6"><span class='ocrx_word' id='word_1_604' title='bbox 1956 2493 2206 2549; x_wconf 82' lang='lat' dir='ltr'><strong>vetustate</strong></span> <span class='ocrx_word' id='word_1_605' title='bbox 2237 2482 2449 2546; x_wconf 90' lang='lat' dir='ltr'><strong>literae,</strong></span> <span class='ocrx_word' id='word_1_606' title='bbox 2483 2477 2574 2534; x_wconf 91' lang='lat' dir='ltr'><strong>sed</strong></span> <span class='ocrx_word' id='word_1_607' title='bbox 2599 2477 2655 2531; x_wconf 90' lang='lat' dir='ltr'><strong>in</strong></span> <span class='ocrx_word' id='word_1_608' title='bbox 2686 2478 2898 2546; x_wconf 89' lang='lat' dir='ltr'><strong>spiritus</strong></span> <span class='ocrx_word' id='word_1_609' title='bbox 2947 2476 3173 2530; x_wconf 85' lang='lat' dir='ltr'><strong>novitate</strong></span> <span class='ocrx_word' id='word_1_610' title='bbox 3211 2474 3539 2544; x_wconf 78' lang='lat' dir='ltr'><strong>gradiantur,</strong></span> 
     </span>
    </p>
   </div>
   <div class='ocr_carea' id='block_1_82' title="bbox 1955 2566 3545 2649">
    <p class='ocr_par' dir='ltr' id='par_1_82' title="bbox 1955 2566 3545 2649">
     <span class='ocr_line' id='line_1_82' title="bbox 1955 2566 3545 2649; baseline -0.008 -18"><span class='ocrx_word' id='word_1_611' title='bbox 1955 2592 2058 2649; x_wconf 84' lang='lat' dir='ltr'><strong>quo</strong></span> <span class='ocrx_word' id='word_1_612' title='bbox 2109 2575 2270 2645; x_wconf 89' lang='lat' dir='ltr'><strong>possit</strong></span> <span class='ocrx_word' id='word_1_613' title='bbox 2317 2572 2463 2627; x_wconf 89' lang='lat' dir='ltr'><strong>nobis</strong></span> <span class='ocrx_word' id='word_1_614' title='bbox 2512 2568 2914 2626; x_wconf 80' lang='lat' dir='ltr'><strong>resurrectionis</strong></span> <span class='ocrx_word' id='word_1_615' title='bbox 2961 2579 3189 2637; x_wconf 85' lang='lat' dir='ltr'><strong>tempore</strong></span> <span class='ocrx_word' id='word_1_616' title='bbox 3236 2566 3545 2635; x_wconf 81' lang='lat' dir='ltr'><strong>incorrupta</strong></span> 
     </span>
    </p>
   </div>
   <div class='ocr_carea' id='block_1_83' title="bbox 1958 2656 3547 2735">
    <p class='ocr_par' dir='ltr' id='par_1_83' title="bbox 1958 2656 3547 2735">
     <span class='ocr_line' id='line_1_83' title="bbox 1958 2656 3547 2735; baseline -0.007 -13"><span class='ocrx_word' id='word_1_617' title='bbox 1958 2667 2187 2735; x_wconf 86' lang='lat' dir='ltr'><strong>corporis</strong></span> <span class='ocrx_word' id='word_1_618' title='bbox 2216 2674 2264 2720; x_wconf 87' lang='lat' dir='ltr'><strong>et</strong></span> <span class='ocrx_word' id='word_1_619' title='bbox 2294 2665 2502 2719; x_wconf 85' lang='lat' dir='ltr'><strong>animae</strong></span> <span class='ocrx_word' id='word_1_620' title='bbox 2535 2672 2584 2717; x_wconf 87' lang='lat' dir='ltr'><strong>et</strong></span> <span class='ocrx_word' id='word_1_621' title='bbox 2621 2662 2837 2732; x_wconf 86' lang='lat' dir='ltr'><strong>spiritus</strong></span> <span class='ocrx_word' id='word_1_622' title='bbox 2874 2675 3081 2713; x_wconf 90' lang='lat' dir='ltr'><strong>manere</strong></span> <span class='ocrx_word' id='word_1_623' title='bbox 3120 2657 3434 2711; x_wconf 87' lang='lat' dir='ltr'><strong>communio.</strong></span> <span class='ocrx_word' id='word_1_624' title='bbox 3479 2656 3547 2711; x_wconf 73' lang='lat' dir='ltr'><strong>Et</strong></span> 
     </span>
    </p>
   </div>
   <div class='ocr_carea' id='block_1_84' title="bbox 1958 2742 3544 2829">
    <p class='ocr_par' dir='ltr' id='par_1_84' title="bbox 1958 2742 3544 2829">
     <span class='ocr_line' id='line_1_84' title="bbox 1958 2742 3544 2829; baseline -0.008 -16"><span class='ocrx_word' id='word_1_625' title='bbox 1958 2758 2121 2829; x_wconf 91' lang='lat' dir='ltr'><strong>paulo</strong></span> <span class='ocrx_word' id='word_1_626' title='bbox 2168 2766 2288 2827; x_wconf 86' lang='lat' dir='ltr'><strong>post</strong></span> <span class='ocrx_word' id='word_1_627' title='bbox 2327 2742 2579 2825; x_wconf 32' lang='lat' dir='ltr'><strong>{Itaque</strong></span> <span class='ocrx_word' id='word_1_628' title='bbox 2624 2754 2671 2807; x_wconf 88' lang='lat' dir='ltr'><strong>si</strong></span> <span class='ocrx_word' id='word_1_629' title='bbox 2722 2752 2778 2807; x_wconf 91' lang='lat' dir='ltr'><strong>in</strong></span> <span class='ocrx_word' id='word_1_630' title='bbox 2819 2752 2917 2805; x_wconf 85' lang='lat' dir='ltr'><strong>hac</strong></span> <span class='ocrx_word' id='word_1_631' title='bbox 2958 2750 3061 2803; x_wconf 88' lang='lat' dir='ltr'><strong>vita</strong></span> <span class='ocrx_word' id='word_1_632' title='bbox 3107 2758 3210 2802; x_wconf 91' lang='lat' dir='ltr'><strong>tres</strong></span> <span class='ocrx_word' id='word_1_633' title='bbox 3249 2764 3544 2811; x_wconf 87' lang='lat' dir='ltr'><strong>mensurae,</strong></span> 
     </span>
    </p>
   </div>
   <div class='ocr_carea' id='block_1_85' title="bbox 1959 2838 3544 2921">
    <p class='ocr_par' dir='ltr' id='par_1_85' title="bbox 1959 2838 3544 2921">
     <span class='ocr_line' id='line_1_85' title="bbox 1959 2838 3544 2921; baseline -0.009 -16"><span class='ocrx_word' id='word_1_634' title='bbox 1959 2850 2193 2921; x_wconf 87' lang='lat' dir='ltr'><strong>corporis</strong></span> <span class='ocrx_word' id='word_1_635' title='bbox 2224 2846 2451 2903; x_wconf 84' lang='lat' dir='ltr'><strong>videlicet</strong></span> <span class='ocrx_word' id='word_1_636' title='bbox 2481 2855 2528 2900; x_wconf 89' lang='lat' dir='ltr'><strong>et</strong></span> <span class='ocrx_word' id='word_1_637' title='bbox 2554 2845 2759 2898; x_wconf 89' lang='lat' dir='ltr'><strong>animae</strong></span> <span class='ocrx_word' id='word_1_638' title='bbox 2783 2852 2831 2897; x_wconf 87' lang='lat' dir='ltr'><strong>et</strong></span> <span class='ocrx_word' id='word_1_639' title='bbox 2856 2842 3092 2911; x_wconf 86' lang='lat' dir='ltr'><strong>spiritus,</strong></span> <span class='ocrx_word' id='word_1_640' title='bbox 3126 2840 3181 2893; x_wconf 90' lang='lat' dir='ltr'><strong>in</strong></span> <span class='ocrx_word' id='word_1_641' title='bbox 3213 2839 3389 2892; x_wconf 88' lang='lat' dir='ltr'><strong>eodem</strong></span> <span class='ocrx_word' id='word_1_642' title='bbox 3436 2838 3544 2909; x_wconf 75' lang='lat' dir='ltr'><strong>fer-</strong></span> 
     </span>
    </p>
   </div>
   <div class='ocr_carea' id='block_1_86' title="bbox 1962 2931 3549 3009">
    <p class='ocr_par' dir='ltr' id='par_1_86' title="bbox 1962 2931 3549 3009">
     <span class='ocr_line' id='line_1_86' title="bbox 1962 2931 3549 3009; baseline -0.012 -9"><span class='ocrx_word' id='word_1_643' title='bbox 1962 2954 2152 3009; x_wconf 79' lang='lat' dir='ltr'><strong>mento,</strong></span> <span class='ocrx_word' id='word_1_644' title='bbox 2179 2943 2274 2997; x_wconf 92' lang='lat' dir='ltr'><strong>hoc</strong></span> <span class='ocrx_word' id='word_1_645' title='bbox 2296 2949 2391 3006; x_wconf 90' lang='lat' dir='ltr'><strong>est,</strong></span> <span class='ocrx_word' id='word_1_646' title='bbox 2426 2940 2480 2994; x_wconf 90' lang='lat' dir='ltr'><strong>in</strong></span> <span class='ocrx_word' id='word_1_647' title='bbox 2503 2938 2700 2993; x_wconf 89' lang='lat' dir='ltr'><strong>unitate</strong></span> <span class='ocrx_word' id='word_1_648' title='bbox 2726 2933 2989 2989; x_wconf 81' lang='lat' dir='ltr'><strong>Ecclesiae</strong></span> <span class='ocrx_word' id='word_1_649' title='bbox 3023 2931 3418 3004; x_wconf 78' lang='lat' dir='ltr'><strong>permanserint,</strong></span> <span class='ocrx_word' id='word_1_650' title='bbox 3454 2931 3549 2983; x_wconf 71' lang='lat' dir='ltr'><strong>do—</strong></span> 
     </span>
    </p>
   </div>
   <div class='ocr_carea' id='block_1_87' title="bbox 1966 3019 3547 3103">
    <p class='ocr_par' dir='ltr' id='par_1_87' title="bbox 1966 3019 3547 3103">
     <span class='ocr_line' id='line_1_87' title="bbox 1966 3019 3547 3103; baseline -0.009 -14"><span class='ocrx_word' id='word_1_651' title='bbox 1966 3052 2057 3090; x_wconf 85' lang='lat' dir='ltr'><strong>nec</strong></span> <span class='ocrx_word' id='word_1_652' title='bbox 2085 3033 2458 3103; x_wconf 79' lang='lat' dir='ltr'><strong>fermententur</strong></span> <span class='ocrx_word' id='word_1_653' title='bbox 2482 3038 2528 3084; x_wconf 89' lang='lat' dir='ltr'><strong>et</strong></span> <span class='ocrx_word' id='word_1_654' title='bbox 2551 3028 2679 3095; x_wconf 80' lang='lat' dir='ltr'><strong>ﬁant</strong></span> <span class='ocrx_word' id='word_1_655' title='bbox 2708 3041 2891 3088; x_wconf 86' lang='lat' dir='ltr'><strong>unum,</strong></span> <span class='ocrx_word' id='word_1_656' title='bbox 2922 3035 2975 3077; x_wconf 87' lang='lat' dir='ltr'><strong>ut</strong></span> <span class='ocrx_word' id='word_1_657' title='bbox 3005 3021 3377 3092; x_wconf 82' lang='lat' dir='ltr'><strong>aequalitatum</strong></span> <span class='ocrx_word' id='word_1_658' title='bbox 3400 3019 3547 3074; x_wconf 87' lang='lat' dir='ltr'><strong>nulla</strong></span> 
     </span>
    </p>
   </div>
   <div class='ocr_carea' id='block_1_88' title="bbox 1964 3110 3547 3187">
    <p class='ocr_par' dir='ltr' id='par_1_88' title="bbox 1964 3110 3547 3187">
     <span class='ocr_line' id='line_1_88' title="bbox 1964 3110 3547 3187; baseline -0.011 -6"><span class='ocrx_word' id='word_1_659' title='bbox 1964 3125 2214 3181; x_wconf 86' lang='lat' dir='ltr'><strong>distantia</strong></span> <span class='ocrx_word' id='word_1_660' title='bbox 2242 3123 2307 3177; x_wconf 89' lang='lat' dir='ltr'><strong>sit</strong></span> <span class='ocrx_word' id='word_1_661' title='bbox 2331 3163 2347 3186; x_wconf 92' lang='lat'><strong>,</strong></span> <span class='ocrx_word' id='word_1_662' title='bbox 2375 3138 2466 3175; x_wconf 90' lang='lat' dir='ltr'><strong>nec</strong></span> <span class='ocrx_word' id='word_1_663' title='bbox 2490 3117 2759 3187; x_wconf 85' lang='lat' dir='ltr'><strong>compositi</strong></span> <span class='ocrx_word' id='word_1_664' title='bbox 2779 3133 2843 3170; x_wconf 75' lang='lat' dir='ltr'><strong>ex</strong></span> <span class='ocrx_word' id='word_1_665' title='bbox 2867 3116 3023 3168; x_wconf 85' lang='lat' dir='ltr'><strong>trium</strong></span> <span class='ocrx_word' id='word_1_666' title='bbox 3050 3112 3345 3167; x_wconf 87' lang='lat' dir='ltr'><strong>diversitate</strong></span> <span class='ocrx_word' id='word_1_667' title='bbox 3370 3110 3547 3164; x_wconf 77' lang='lat' dir='ltr'><strong>videa-</strong></span> 
     </span>
    </p>
   </div>
   <div class='ocr_carea' id='block_1_89' title="bbox 1964 3202 3549 3283">
    <p class='ocr_par' dir='ltr' id='par_1_89' title="bbox 1964 3202 3549 3283">
     <span class='ocr_line' id='line_1_89' title="bbox 1964 3202 3549 3283; baseline -0.013 -11"><span class='ocrx_word' id='word_1_668' title='bbox 1964 3234 2114 3283; x_wconf 88' lang='lat' dir='ltr'><strong>mur,</strong></span> <span class='ocrx_word' id='word_1_669' title='bbox 2138 3216 2234 3270; x_wconf 89' lang='lat' dir='ltr'><strong>erit</strong></span> <span class='ocrx_word' id='word_1_670' title='bbox 2262 3215 2314 3267; x_wconf 91' lang='lat' dir='ltr'><strong>in</strong></span> <span class='ocrx_word' id='word_1_671' title='bbox 2336 3211 2514 3282; x_wconf 75' lang='lat' dir='ltr'><strong>futuro</strong></span> <span class='ocrx_word' id='word_1_672' title='bbox 2542 3208 2563 3240; x_wconf 72' lang='grc' dir='ltr'>δ</span> <span class='ocrx_word' id='word_1_673' title='bbox 2602 3205 2932 3276; x_wconf 85' lang='lat' dir='ltr'><strong>diligentibus</strong></span> <span class='ocrx_word' id='word_1_674' title='bbox 2959 3203 3223 3257; x_wconf 87' lang='lat' dir='ltr'><strong>Christum</strong></span> <span class='ocrx_word' id='word_1_675' title='bbox 3246 3202 3549 3270; x_wconf 87' lang='lat' dir='ltr'><strong>incorrupta</strong></span> 
     </span>
    </p>
   </div>
   <div class='ocr_carea' id='block_1_90' title="bbox 1965 3291 3549 3371">
    <p class='ocr_par' dir='ltr' id='par_1_90' title="bbox 1965 3291 3549 3371">
     <span class='ocr_line' id='line_1_90' title="bbox 1965 3291 3549 3371; baseline -0.014 -6"><span class='ocrx_word' id='word_1_676' title='bbox 1965 3307 2286 3368; x_wconf 88' lang='lat' dir='ltr'><strong>communio,</strong></span> <span class='ocrx_word' id='word_1_677' title='bbox 2331 3320 2422 3358; x_wconf 90' lang='lat' dir='ltr'><strong>nec</strong></span> <span class='ocrx_word' id='word_1_678' title='bbox 2463 3301 2729 3371; x_wconf 85' lang='lat' dir='ltr'><strong>compositi</strong></span> <span class='ocrx_word' id='word_1_679' title='bbox 2771 3297 3119 3351; x_wconf 84' lang='lat' dir='ltr'><strong>manebimus.</strong></span> <span class='ocrx_word' id='word_1_680' title='bbox 3180 3293 3320 3347; x_wconf 86' lang='lat' dir='ltr'><strong>Nam</strong></span> <span class='ocrx_word' id='word_1_681' title='bbox 3366 3300 3413 3345; x_wconf 88' lang='lat' dir='ltr'><strong>et</strong></span> <span class='ocrx_word' id='word_1_682' title='bbox 3459 3291 3549 3361; x_wconf 86' lang='lat' dir='ltr'><strong>qui</strong></span> 
     </span>
    </p>
   </div>
   <div class='ocr_carea' id='block_1_91' title="bbox 1966 3384 3551 3469">
    <p class='ocr_par' dir='ltr' id='par_1_91' title="bbox 1966 3384 3551 3469">
     <span class='ocr_line' id='line_1_91' title="bbox 1966 3384 3551 3469; baseline -0.013 -12"><span class='ocrx_word' id='word_1_683' title='bbox 1966 3400 2237 3469; x_wconf 66' lang='lat' dir='ltr'><strong>compositi</strong></span> <span class='ocrx_word' id='word_1_684' title='bbox 2267 3413 2404 3451; x_wconf 90' lang='lat' dir='ltr'><strong>nunc</strong></span> <span class='ocrx_word' id='word_1_685' title='bbox 2428 3410 2629 3458; x_wconf 85' lang='lat' dir='ltr'><strong>sumus,</strong></span> <span class='ocrx_word' id='word_1_686' title='bbox 2654 3408 2815 3447; x_wconf 88' lang='lat' dir='ltr'><strong>unum</strong></span> <span class='ocrx_word' id='word_1_687' title='bbox 2842 3391 3055 3454; x_wconf 86' lang='lat' dir='ltr'><strong>erimus,</strong></span> <span class='ocrx_word' id='word_1_688' title='bbox 3083 3398 3129 3443; x_wconf 91' lang='lat' dir='ltr'><strong>et</strong></span> <span class='ocrx_word' id='word_1_689' title='bbox 3160 3388 3215 3441; x_wconf 91' lang='lat' dir='ltr'><strong>in</strong></span> <span class='ocrx_word' id='word_1_690' title='bbox 3248 3402 3406 3440; x_wconf 89' lang='lat' dir='ltr'><strong>unam</strong></span> <span class='ocrx_word' id='word_1_691' title='bbox 3430 3384 3551 3438; x_wconf 86' lang='lat' dir='ltr'><strong>sub-</strong></span> 
     </span>
    </p>
   </div>
   <div class='ocr_carea' id='block_1_92' title="bbox 1964 3480 3553 3557">
    <p class='ocr_par' dir='ltr' id='par_1_92' title="bbox 1964 3480 3553 3557">
     <span class='ocr_line' id='line_1_92' title="bbox 1964 3480 3553 3557; baseline -0.011 -9"><span class='ocrx_word' id='word_1_692' title='bbox 1964 3492 2212 3548; x_wconf 86' lang='lat' dir='ltr'><strong>stantiam</strong></span> <span class='ocrx_word' id='word_1_693' title='bbox 2240 3485 2753 3557; x_wconf 87' lang='lat' dir='ltr'><strong>transformabimur.</strong></span> <span class='ocrx_word' id='word_1_694' title='bbox 2816 3480 2999 3552; x_wconf 89' lang='lat' dir='ltr'><strong>Neque</strong></span> <span class='ocrx_word' id='word_1_695' title='bbox 3041 3483 3177 3536; x_wconf 90' lang='lat' dir='ltr'><strong>enim</strong></span> <span class='ocrx_word' id='word_1_696' title='bbox 3221 3480 3275 3534; x_wconf 92' lang='lat' dir='ltr'><strong>in</strong></span> <span class='ocrx_word' id='word_1_697' title='bbox 3322 3494 3553 3533; x_wconf 82' lang='lat' dir='ltr'><strong>resurre-</strong></span> 
     </span>
    </p>
   </div>
   <div class='ocr_carea' id='block_1_93' title="bbox 1966 3567 3552 3642">
    <p class='ocr_par' dir='ltr' id='par_1_93' title="bbox 1966 3567 3552 3642">
     <span class='ocr_line' id='line_1_93' title="bbox 1966 3567 3552 3642; baseline -0.011 -5"><span class='ocrx_word' id='word_1_698' title='bbox 1966 3584 2131 3639; x_wconf 84' lang='lat' dir='ltr'><strong>ctione</strong></span> <span class='ocrx_word' id='word_1_699' title='bbox 2159 3577 2305 3632; x_wconf 87' lang='lat' dir='ltr'><strong>aliud</strong></span> <span class='ocrx_word' id='word_1_700' title='bbox 2325 3578 2419 3631; x_wconf 88' lang='lat' dir='ltr'><strong>erit</strong></span> <span class='ocrx_word' id='word_1_701' title='bbox 2449 3574 2555 3628; x_wconf 88' lang='lat' dir='ltr'><strong>alio</strong></span> <span class='ocrx_word' id='word_1_702' title='bbox 2588 3572 2828 3642; x_wconf 80' lang='lat' dir='ltr'><strong>inferius,</strong></span> <span class='ocrx_word' id='word_1_703' title='bbox 2879 3572 3014 3625; x_wconf 87' lang='lat' dir='ltr'><strong>sicut</strong></span> <span class='ocrx_word' id='word_1_704' title='bbox 3061 3586 3197 3623; x_wconf 90' lang='lat' dir='ltr'><strong>nunc</strong></span> <span class='ocrx_word' id='word_1_705' title='bbox 3246 3567 3450 3638; x_wconf 78' lang='lat' dir='ltr'><strong>fragilis</strong></span> <span class='ocrx_word' id='word_1_706' title='bbox 3496 3568 3552 3621; x_wconf 87' lang='lat' dir='ltr'><strong>in</strong></span> 
     </span>
    </p>
   </div>
   <div class='ocr_carea' id='block_1_94' title="bbox 1966 3656 3551 3732">
    <p class='ocr_par' dir='ltr' id='par_1_94' title="bbox 1966 3656 3551 3732">
     <span class='ocr_line' id='line_1_94' title="bbox 1966 3656 3551 3732; baseline -0.012 -6"><span class='ocrx_word' id='word_1_707' title='bbox 1966 3671 2112 3726; x_wconf 83' lang='lat' dir='ltr'><strong>nobis</strong></span> <span class='ocrx_word' id='word_1_708' title='bbox 2161 3678 2235 3722; x_wconf 88' lang='lat' dir='ltr'><strong>est</strong></span> <span class='ocrx_word' id='word_1_709' title='bbox 2281 3665 2456 3721; x_wconf 88' lang='lat' dir='ltr'><strong>carnis</strong></span> <span class='ocrx_word' id='word_1_710' title='bbox 2506 3663 2821 3732; x_wconf 81' lang='lat' dir='ltr'><strong>inﬁrmitas,</strong></span> <span class='ocrx_word' id='word_1_711' title='bbox 2872 3669 2919 3713; x_wconf 89' lang='lat' dir='ltr'><strong>et</strong></span> <span class='ocrx_word' id='word_1_712' title='bbox 2968 3656 3253 3729; x_wconf 86' lang='lat' dir='ltr'><strong>corporalis</strong></span> <span class='ocrx_word' id='word_1_713' title='bbox 3303 3656 3551 3710; x_wconf 84' lang='lat' dir='ltr'><strong>habitudo</strong></span> 
     </span>
    </p>
   </div>
   <div class='ocr_carea' id='block_1_95' title="bbox 1967 3744 3552 3821">
    <p class='ocr_par' dir='ltr' id='par_1_95' title="bbox 1967 3744 3552 3821">
     <span class='ocr_line' id='line_1_95' title="bbox 1967 3744 3552 3821; baseline -0.012 -6"><span class='ocrx_word' id='word_1_714' title='bbox 1967 3771 2188 3816; x_wconf 87' lang='lat' dir='ltr'><strong>naturae</strong></span> <span class='ocrx_word' id='word_1_715' title='bbox 2210 3756 2285 3812; x_wconf 87' lang='lat' dir='ltr'><strong>vel</strong></span> <span class='ocrx_word' id='word_1_716' title='bbox 2313 3754 2608 3811; x_wconf 88' lang='lat' dir='ltr'><strong>vulneribus</strong></span> <span class='ocrx_word' id='word_1_717' title='bbox 2639 3761 2803 3821; x_wconf 88' lang='lat' dir='ltr'><strong>patet,</strong></span> <span class='ocrx_word' id='word_1_718' title='bbox 2830 3749 2904 3805; x_wconf 88' lang='lat' dir='ltr'><strong>vel</strong></span> <span class='ocrx_word' id='word_1_719' title='bbox 2933 3747 3142 3819; x_wconf 86' lang='lat' dir='ltr'><strong>injuriis</strong></span> <span class='ocrx_word' id='word_1_720' title='bbox 3177 3746 3433 3816; x_wconf 85' lang='lat' dir='ltr'><strong>subjacet,</strong></span> <span class='ocrx_word' id='word_1_721' title='bbox 3478 3744 3552 3800; x_wconf 89' lang='lat' dir='ltr'><strong>vel</strong></span> 
     </span>
    </p>
   </div>
   <div class='ocr_carea' id='block_1_96' title="bbox 1966 3833 3553 3915">
    <p class='ocr_par' dir='ltr' id='par_1_96' title="bbox 1966 3833 3553 3915">
     <span class='ocr_line' id='line_1_96' title="bbox 1966 3833 3553 3915; baseline -0.012 -8"><span class='ocrx_word' id='word_1_722' title='bbox 1966 3853 2049 3907; x_wconf 90' lang='lat' dir='ltr'><strong>sui</strong></span> <span class='ocrx_word' id='word_1_723' title='bbox 2082 3850 2251 3905; x_wconf 89' lang='lat' dir='ltr'><strong>oneris</strong></span> <span class='ocrx_word' id='word_1_724' title='bbox 2286 3846 2420 3901; x_wconf 88' lang='lat' dir='ltr'><strong>mole</strong></span> <span class='ocrx_word' id='word_1_725' title='bbox 2449 3846 2691 3915; x_wconf 85' lang='lat' dir='ltr'><strong>depressa</strong></span> <span class='ocrx_word' id='word_1_726' title='bbox 2723 3857 2882 3911; x_wconf 89' lang='lat' dir='ltr'><strong>supra</strong></span> <span class='ocrx_word' id='word_1_727' title='bbox 2913 3849 3079 3892; x_wconf 89' lang='lat' dir='ltr'><strong>terras</strong></span> <span class='ocrx_word' id='word_1_728' title='bbox 3105 3836 3279 3903; x_wconf 88' lang='lat' dir='ltr'><strong>nequit</strong></span> <span class='ocrx_word' id='word_1_729' title='bbox 3307 3833 3553 3888; x_wconf 71' lang='lat' dir='ltr'><strong>extollere</strong></span> 
     </span>
    </p>
   </div>
   <div class='ocr_carea' id='block_1_97' title="bbox 1967 3925 3555 4013">
    <p class='ocr_par' dir='ltr' id='par_1_97' title="bbox 1967 3925 3555 4013">
     <span class='ocr_line' id='line_1_97' title="bbox 1967 3925 3555 4013; baseline -0.016 -13"><span class='ocrx_word' id='word_1_730' title='bbox 1967 3945 2126 4000; x_wconf 89' lang='lat' dir='ltr'><strong>altius</strong></span> <span class='ocrx_word' id='word_1_731' title='bbox 2155 3952 2309 4013; x_wconf 88' lang='lat' dir='ltr'><strong>atque</strong></span> <span class='ocrx_word' id='word_1_732' title='bbox 2338 3939 2537 3995; x_wconf 87' lang='lat' dir='ltr'><strong>elevare</strong></span> <span class='ocrx_word' id='word_1_733' title='bbox 2558 3933 2846 4003; x_wconf 86' lang='lat' dir='ltr'><strong>vestigium,</strong></span> <span class='ocrx_word' id='word_1_734' title='bbox 2898 3928 2986 3982; x_wconf 90' lang='lat' dir='ltr'><strong>sed</strong></span> <span class='ocrx_word' id='word_1_735' title='bbox 3028 3929 3082 3981; x_wconf 89' lang='lat' dir='ltr'><strong>in</strong></span> <span class='ocrx_word' id='word_1_736' title='bbox 3131 3925 3380 3995; x_wconf 79' lang='lat' dir='ltr'><strong>simplicis</strong></span> <span class='ocrx_word' id='word_1_737' title='bbox 3409 3939 3555 3976; x_wconf 85' lang='lat' dir='ltr'><strong>crea-</strong></span> 
     </span>
    </p>
   </div>
   <div class='ocr_carea' id='block_1_98' title="bbox 1967 4014 3529 4106">
    <p class='ocr_par' dir='ltr' id='par_1_98' title="bbox 1967 4014 3529 4106">
     <span class='ocr_line' id='line_1_98' title="bbox 1967 4014 3529 4106; baseline -0.019 -12"><span class='ocrx_word' id='word_1_738' title='bbox 1967 4049 2117 4094; x_wconf 90' lang='lat' dir='ltr'><strong>turae</strong></span> <span class='ocrx_word' id='word_1_739' title='bbox 2162 4035 2387 4106; x_wconf 89' lang='lat' dir='ltr'><strong>gratiam</strong></span> <span class='ocrx_word' id='word_1_740' title='bbox 2425 4026 2810 4101; x_wconf 83' lang='lat' dir='ltr'><strong>figurabimur,</strong></span> <span class='ocrx_word' id='word_1_741' title='bbox 2855 4036 2972 4075; x_wconf 90' lang='lat' dir='ltr'><strong>cum</strong></span> <span class='ocrx_word' id='word_1_742' title='bbox 3018 4016 3324 4085; x_wconf 88' lang='lat' dir='ltr'><strong>completum</strong></span> <span class='ocrx_word' id='word_1_743' title='bbox 3372 4014 3529 4083; x_wconf 77' lang='lat' dir='ltr'><strong>fuerit</strong></span> 
     </span>
    </p>
   </div>
   <div class='ocr_carea' id='block_1_99' title="bbox 1966 4106 3554 4207">
    <p class='ocr_par' dir='ltr' id='par_1_99' title="bbox 1966 4106 3554 4207">
     <span class='ocr_line' id='line_1_99' title="bbox 1966 4106 3554 4207; baseline -0.022 -17"><span class='ocrx_word' id='word_1_744' title='bbox 1966 4135 2105 4207; x_wconf 87' lang='lat' dir='ltr'><strong>quod</strong></span> <span class='ocrx_word' id='word_1_745' title='bbox 2132 4134 2328 4187; x_wconf 88' lang='lat' dir='ltr'><strong>dictum</strong></span> <span class='ocrx_word' id='word_1_746' title='bbox 2355 4138 2429 4183; x_wconf 91' lang='lat' dir='ltr'><strong>est</strong></span> <span class='ocrx_word' id='word_1_747' title='bbox 2467 4145 2499 4182; x_wconf 88' lang='lat' dir='ltr'><strong>a</strong></span> <span class='ocrx_word' id='word_1_748' title='bbox 2536 4124 2742 4180; x_wconf 81' lang='lat' dir='ltr'><strong>Joanne</strong></span> <span class='ocrx_word' id='word_1_749' title='bbox 2790 4133 2808 4173; x_wconf 88' lang='lat'><strong>.&#39;</strong></span> <span class='ocrx_word' id='word_1_750' title='bbox 2857 4113 3129 4174; x_wconf 83' lang='lat' dir='ltr'><strong>Carissimi</strong></span> <span class='ocrx_word' id='word_1_751' title='bbox 3168 4112 3188 4143; x_wconf 87' lang='grc'>⁸</span> <span class='ocrx_word' id='word_1_752' title='bbox 3214 4151 3229 4175; x_wconf 88' lang='grc'><em>,</em></span> <span class='ocrx_word' id='word_1_753' title='bbox 3280 4124 3415 4163; x_wconf 89' lang='lat' dir='ltr'><strong>nunc</strong></span> <span class='ocrx_word' id='word_1_754' title='bbox 3456 4106 3554 4172; x_wconf 81' lang='lat' dir='ltr'><strong>filii</strong></span> 
     </span>
    </p>
   </div>
   <div class='ocr_carea' id='block_1_100' title="bbox 1969 4201 3557 4289">
    <p class='ocr_par' dir='ltr' id='par_1_100' title="bbox 1969 4201 3557 4289">
     <span class='ocr_line' id='line_1_100' title="bbox 1969 4201 3557 4289; baseline -0.022 -6"><span class='ocrx_word' id='word_1_755' title='bbox 1969 4201 2066 4283; x_wconf 84' lang='lat' dir='ltr'><strong>Dei</strong></span> <span class='ocrx_word' id='word_1_756' title='bbox 2091 4240 2292 4289; x_wconf 90' lang='lat' dir='ltr'><strong>sumus,</strong></span> <span class='ocrx_word' id='word_1_757' title='bbox 2331 4230 2379 4277; x_wconf 88' lang='lat' dir='ltr'><strong>et</strong></span> <span class='ocrx_word' id='word_1_758' title='bbox 2433 4219 2663 4275; x_wconf 90' lang='lat' dir='ltr'><strong>nondum</strong></span> <span class='ocrx_word' id='word_1_759' title='bbox 2722 4211 3000 4268; x_wconf 84' lang='lat' dir='ltr'><strong>revelatum</strong></span> <span class='ocrx_word' id='word_1_760' title='bbox 3037 4217 3111 4264; x_wconf 91' lang='lat' dir='ltr'><strong>est</strong></span> <span class='ocrx_word' id='word_1_761' title='bbox 3151 4203 3278 4277; x_wconf 90' lang='lat' dir='ltr'><strong>quid</strong></span> <span class='ocrx_word' id='word_1_762' title='bbox 3325 4201 3557 4260; x_wconf 68' lang='lat' dir='ltr'><strong>erimus;</strong></span> 
     </span>
    </p>
   </div>
   <div class='ocr_carea' id='block_1_101' title="bbox 1969 4288 3561 4382">
    <p class='ocr_par' dir='ltr' id='par_1_101' title="bbox 1969 4288 3561 4382">
     <span class='ocr_line' id='line_1_101' title="bbox 1969 4288 3561 4382; baseline -0.021 -5"><span class='ocrx_word' id='word_1_763' title='bbox 1969 4319 2060 4377; x_wconf 88' lang='lat' dir='ltr'><strong>sed</strong></span> <span class='ocrx_word' id='word_1_764' title='bbox 2099 4288 2321 4380; x_wconf 84' lang='lat' dir='ltr'><strong>scimus,</strong></span> <span class='ocrx_word' id='word_1_765' title='bbox 2365 4312 2516 4382; x_wconf 83' lang='lat' dir='ltr'><strong>quia,</strong></span> <span class='ocrx_word' id='word_1_766' title='bbox 2559 4323 2677 4363; x_wconf 89' lang='lat' dir='ltr'><strong>cum</strong></span> <span class='ocrx_word' id='word_1_767' title='bbox 2729 4301 3005 4359; x_wconf 88' lang='lat' dir='ltr'><strong>revelatum</strong></span> <span class='ocrx_word' id='word_1_768' title='bbox 3043 4297 3222 4369; x_wconf 81' lang='lat' dir='ltr'><strong>fuerit,</strong></span> <span class='ocrx_word' id='word_1_769' title='bbox 3269 4289 3471 4382; x_wconf 72' lang='lat' dir='ltr'><strong>similes</strong></span> <span class='ocrx_word' id='word_1_770' title='bbox 3510 4288 3561 4344; x_wconf 70' lang='lat' dir='ltr'><strong>ei</strong></span> 
     </span>
    </p>
   </div>
   <div class='ocr_carea' id='block_1_102' title="bbox 1898 4380 3554 4473">
    <p class='ocr_par' dir='ltr' id='par_1_102' title="bbox 1898 4380 3554 4473">
     <span class='ocr_line' id='line_1_102' title="bbox 1898 4380 3554 4473; baseline -0.018 -7"><span class='ocrx_word' id='word_1_771' title='bbox 1898 4412 1944 4473; x_wconf 94' lang='lat' dir='ltr'><strong>D</strong></span> <span class='ocrx_word' id='word_1_772' title='bbox 1970 4412 2183 4465; x_wconf 86' lang='lat' dir='ltr'><strong>erimus.</strong></span> <span class='ocrx_word' id='word_1_773' title='bbox 2236 4380 2421 4473; x_wconf 81' lang='lat' dir='ltr'><strong>Itaque</strong></span> <span class='ocrx_word' id='word_1_774' title='bbox 2453 4414 2571 4454; x_wconf 89' lang='lat' dir='ltr'><strong>cum</strong></span> <span class='ocrx_word' id='word_1_775' title='bbox 2610 4397 2705 4451; x_wconf 87' lang='lat' dir='ltr'><strong>Dei</strong></span> <span class='ocrx_word' id='word_1_776' title='bbox 2745 4403 2934 4448; x_wconf 90' lang='lat' dir='ltr'><strong>natura</strong></span> <span class='ocrx_word' id='word_1_777' title='bbox 2974 4391 3040 4445; x_wconf 90' lang='lat' dir='ltr'><strong>sit</strong></span> <span class='ocrx_word' id='word_1_778' title='bbox 3066 4384 3304 4457; x_wconf 78' lang='lat' dir='ltr'><strong>simplex,</strong></span> <span class='ocrx_word' id='word_1_779' title='bbox 3337 4380 3554 4449; x_wconf 87' lang='lat' dir='ltr'><strong>spiritus</strong></span> 
     </span>
    </p>
   </div>
   <div class='ocr_carea' id='block_1_103' title="bbox 1972 4474 3556 4558">
    <p class='ocr_par' dir='ltr' id='par_1_103' title="bbox 1972 4474 3556 4558">
     <span class='ocr_line' id='line_1_103' title="bbox 1972 4474 3556 4558; baseline -0.021 -2"><span class='ocrx_word' id='word_1_780' title='bbox 1972 4501 2110 4557; x_wconf 87' lang='lat' dir='ltr'><strong>enim</strong></span> <span class='ocrx_word' id='word_1_781' title='bbox 2149 4498 2287 4551; x_wconf 91' lang='lat' dir='ltr'><strong>Deus</strong></span> <span class='ocrx_word' id='word_1_782' title='bbox 2341 4502 2415 4548; x_wconf 88' lang='lat' dir='ltr'><strong>est</strong></span> <span class='ocrx_word' id='word_1_783' title='bbox 2443 4532 2458 4558; x_wconf 93' lang='lat'><strong>,</strong></span> <span class='ocrx_word' id='word_1_784' title='bbox 2506 4506 2599 4544; x_wconf 87' lang='lat' dir='ltr'><strong>nos</strong></span> <span class='ocrx_word' id='word_1_785' title='bbox 2652 4502 2852 4557; x_wconf 89' lang='lat' dir='ltr'><strong>quoque</strong></span> <span class='ocrx_word' id='word_1_786' title='bbox 2900 4485 2954 4539; x_wconf 91' lang='lat' dir='ltr'><strong>in</strong></span> <span class='ocrx_word' id='word_1_787' title='bbox 3009 4478 3227 4536; x_wconf 86' lang='lat' dir='ltr'><strong>eandem</strong></span> <span class='ocrx_word' id='word_1_788' title='bbox 3271 4474 3556 4544; x_wconf 39' lang='lat' dir='ltr'><strong>imaginem.</strong></span> 
     </span>
    </p>
   </div>
   <div class='ocr_carea' id='block_1_104' title="bbox 1972 4566 3543 4663">
    <p class='ocr_par' dir='ltr' id='par_1_104' title="bbox 1972 4566 3543 4663">
     <span class='ocr_line' id='line_1_104' title="bbox 1972 4566 3543 4663; baseline -0.018 -16"><span class='ocrx_word' id='word_1_789' title='bbox 1972 4589 2357 4663; x_wconf 82' lang='lat' dir='ltr'><strong>ﬁgurabimur,</strong></span> <span class='ocrx_word' id='word_1_790' title='bbox 2406 4593 2461 4637; x_wconf 92' lang='lat' dir='ltr'><strong>ut</strong></span> <span class='ocrx_word' id='word_1_791' title='bbox 2511 4578 2684 4653; x_wconf 88' lang='lat' dir='ltr'><strong>qualis</strong></span> <span class='ocrx_word' id='word_1_792' title='bbox 2727 4575 2981 4638; x_wconf 87' lang='lat' dir='ltr'><strong>caelestis,</strong></span> <span class='ocrx_word' id='word_1_793' title='bbox 3023 4572 3156 4627; x_wconf 80' lang='lat' dir='ltr'><strong>tales</strong></span> <span class='ocrx_word' id='word_1_794' title='bbox 3197 4579 3245 4628; x_wconf 75' lang='lat' dir='ltr'><strong>et</strong></span> <span class='ocrx_word' id='word_1_795' title='bbox 3286 4566 3543 4663; x_wconf 73' lang='lat' dir='ltr'><strong>caelestes.</strong></span> 
     </span>
    </p>
   </div>
   <div class='ocr_carea' id='block_1_105' title="bbox 1975 4660 3554 4754">
    <p class='ocr_par' dir='ltr' id='par_1_105' title="bbox 1975 4660 3554 4754">
     <span class='ocr_line' id='line_1_105' title="bbox 1975 4660 3554 4754; baseline -0.02 -16"><span class='ocrx_word' id='word_1_796' title='bbox 1975 4660 2147 4754; x_wconf 66' lang='lat' dir='ltr'><strong>igitur</strong></span> <span class='ocrx_word' id='word_1_797' title='bbox 2165 4680 2298 4735; x_wconf 89' lang='lat' dir='ltr'><strong>sicut</strong></span> <span class='ocrx_word' id='word_1_798' title='bbox 2324 4674 2640 4747; x_wconf 72' lang='lat' dir='ltr'><strong>portavimus</strong></span> <span class='ocrx_word' id='word_1_799' title='bbox 2670 4668 2949 4738; x_wconf 75' lang='lat' dir='ltr'><strong>imaginem</strong></span> <span class='ocrx_word' id='word_1_800' title='bbox 2970 4664 3111 4719; x_wconf 86' lang='lat' dir='ltr'><strong>illius</strong></span> <span class='ocrx_word' id='word_1_801' title='bbox 3132 4660 3351 4754; x_wconf 82' lang='lat' dir='ltr'><strong>terreni,</strong></span> <span class='ocrx_word' id='word_1_802' title='bbox 3377 4667 3554 4728; x_wconf 87' lang='lat' dir='ltr'><strong>porte-</strong></span> 
     </span>
    </p>
   </div>
   <div class='ocr_carea' id='block_1_106' title="bbox 1976 4751 3554 4838">
    <p class='ocr_par' dir='ltr' id='par_1_106' title="bbox 1976 4751 3554 4838">
     <span class='ocr_line' id='line_1_106' title="bbox 1976 4751 3554 4838; baseline -0.019 -9"><span class='ocrx_word' id='word_1_803' title='bbox 1976 4751 2092 4829; x_wconf 80' lang='lat' dir='ltr'><strong>mus</strong></span> <span class='ocrx_word' id='word_1_804' title='bbox 2115 4782 2161 4826; x_wconf 87' lang='lat' dir='ltr'><strong>et</strong></span> <span class='ocrx_word' id='word_1_805' title='bbox 2191 4768 2468 4838; x_wconf 86' lang='lat' dir='ltr'><strong>imaginem</strong></span> <span class='ocrx_word' id='word_1_806' title='bbox 2496 4764 2653 4832; x_wconf 85' lang='lat' dir='ltr'><strong>hujus</strong></span> <span class='ocrx_word' id='word_1_807' title='bbox 2676 4758 2942 4822; x_wconf 85' lang='lat' dir='ltr'><strong>caelestis,</strong></span> <span class='ocrx_word' id='word_1_808' title='bbox 2974 4770 3131 4826; x_wconf 88' lang='lat' dir='ltr'><strong>quam</strong></span> <span class='ocrx_word' id='word_1_809' title='bbox 3164 4752 3185 4784; x_wconf 79' lang='grc'><strong><em>⁸</em></strong></span> <span class='ocrx_word' id='word_1_810' title='bbox 3224 4751 3429 4804; x_wconf 85' lang='lat' dir='ltr'><strong>animus</strong></span> <span class='ocrx_word' id='word_1_811' title='bbox 3458 4763 3554 4801; x_wconf 85' lang='lat' dir='ltr'><strong>no-</strong></span> 
     </span>
    </p>
   </div>
   <div class='ocr_carea' id='block_1_107' title="bbox 1974 4839 3548 4921">
    <p class='ocr_par' dir='ltr' id='par_1_107' title="bbox 1974 4839 3548 4921">
     <span class='ocr_line' id='line_1_107' title="bbox 1974 4839 3548 4921; baseline -0.022 -1"><span class='ocrx_word' id='word_1_812' title='bbox 1974 4875 2082 4921; x_wconf 86' lang='lat' dir='ltr'><strong>ster</strong></span> <span class='ocrx_word' id='word_1_813' title='bbox 2115 4862 2258 4917; x_wconf 86' lang='lat' dir='ltr'><strong>debet</strong></span> <span class='ocrx_word' id='word_1_814' title='bbox 2281 4861 2513 4913; x_wconf 84' lang='lat' dir='ltr'><strong>induere.</strong></span> <span class='ocrx_word' id='word_1_815' title='bbox 2553 4853 2661 4909; x_wconf 88' lang='lat' dir='ltr'><strong>Sed</strong></span> <span class='ocrx_word' id='word_1_816' title='bbox 2687 4866 2790 4906; x_wconf 89' lang='lat' dir='ltr'><strong>non</strong></span> <span class='ocrx_word' id='word_1_817' title='bbox 2823 4850 2897 4903; x_wconf 87' lang='lat' dir='ltr'><strong>ita</strong></span> <span class='ocrx_word' id='word_1_818' title='bbox 2932 4848 3074 4902; x_wconf 88' lang='lat' dir='ltr'><strong>hunc</strong></span> <span class='ocrx_word' id='word_1_819' title='bbox 3103 4839 3548 4900; x_wconf 78' lang='lat' dir='ltr'><strong>excelsissimum,</strong></span> 
     </span>
    </p>
   </div>
   <div class='ocr_carea' id='block_1_108' title="bbox 1979 4929 3551 5014">
    <p class='ocr_par' dir='ltr' id='par_1_108' title="bbox 1979 4929 3551 5014">
     <span class='ocr_line' id='line_1_108' title="bbox 1979 4929 3551 5014; baseline -0.024 0"><span class='ocrx_word' id='word_1_820' title='bbox 1979 4954 2323 5014; x_wconf 82' lang='lat' dir='ltr'><strong>Ambrosium</strong></span> <span class='ocrx_word' id='word_1_821' title='bbox 2372 4949 2533 5011; x_wconf 89' lang='lat' dir='ltr'><strong>dico,</strong></span> <span class='ocrx_word' id='word_1_822' title='bbox 2576 4943 2892 5014; x_wconf 82' lang='lat' dir='ltr'><strong>magistrum</strong></span> <span class='ocrx_word' id='word_1_823' title='bbox 2936 4937 3192 4992; x_wconf 86' lang='lat' dir='ltr'><strong>debemus</strong></span> <span class='ocrx_word' id='word_1_824' title='bbox 3238 4929 3551 4999; x_wconf 77' lang='lat' dir='ltr'><strong>intelligere,</strong></span> 
     </span>
    </p>
   </div>
   <div class='ocr_carea' id='block_1_109' title="bbox 1980 5016 3557 5103">
    <p class='ocr_par' dir='ltr' id='par_1_109' title="bbox 1980 5016 3557 5103">
     <span class='ocr_line' id='line_1_109' title="bbox 1980 5016 3557 5103; baseline -0.022 -2"><span class='ocrx_word' id='word_1_825' title='bbox 1980 5045 2143 5103; x_wconf 87' lang='lat' dir='ltr'><strong>veluti</strong></span> <span class='ocrx_word' id='word_1_826' title='bbox 2176 5038 2596 5099; x_wconf 74' lang='lat' dir='ltr'><strong>substantiarnm</strong></span> <span class='ocrx_word' id='word_1_827' title='bbox 2622 5032 2991 5089; x_wconf 84' lang='lat' dir='ltr'><strong>confusionem</strong></span> <span class='ocrx_word' id='word_1_828' title='bbox 3009 5068 3026 5093; x_wconf 92' lang='lat'><strong>,</strong></span> <span class='ocrx_word' id='word_1_829' title='bbox 3047 5025 3133 5081; x_wconf 84' lang='lat' dir='ltr'><strong>vel</strong></span> <span class='ocrx_word' id='word_1_830' title='bbox 3160 5016 3557 5079; x_wconf 84' lang='lat' dir='ltr'><strong>transmutatio-</strong></span> 
     </span>
    </p>
   </div>
   <div class='ocr_carea' id='block_1_110' title="bbox 1981 5109 3555 5196">
    <p class='ocr_par' dir='ltr' id='par_1_110' title="bbox 1981 5109 3555 5196">
     <span class='ocr_line' id='line_1_110' title="bbox 1981 5109 3555 5196; baseline -0.022 0"><span class='ocrx_word' id='word_1_831' title='bbox 1981 5155 2107 5196; x_wconf 89' lang='lat' dir='ltr'><strong>nem</strong></span> <span class='ocrx_word' id='word_1_832' title='bbox 2134 5136 2263 5192; x_wconf 83' lang='lat' dir='ltr'><strong>velit</strong></span> <span class='ocrx_word' id='word_1_833' title='bbox 2286 5134 2533 5196; x_wconf 87' lang='lat' dir='ltr'><strong>suadere,</strong></span> <span class='ocrx_word' id='word_1_834' title='bbox 2552 5129 2644 5184; x_wconf 91' lang='lat' dir='ltr'><strong>sed</strong></span> <span class='ocrx_word' id='word_1_835' title='bbox 2673 5125 3052 5180; x_wconf 88' lang='lat' dir='ltr'><strong>adnnationem</strong></span> <span class='ocrx_word' id='word_1_836' title='bbox 3082 5118 3349 5189; x_wconf 86' lang='lat' dir='ltr'><strong>quandam</strong></span> <span class='ocrx_word' id='word_1_837' title='bbox 3368 5109 3555 5165; x_wconf 79' lang='lat' dir='ltr'><strong>inetia-</strong></span> 
     </span>
    </p>
   </div>
   <div class='ocr_carea' id='block_1_111' title="bbox 1979 5197 3558 5294">
    <p class='ocr_par' dir='ltr' id='par_1_111' title="bbox 1979 5197 3558 5294">
     <span class='ocr_line' id='line_1_111' title="bbox 1979 5197 3558 5294; baseline -0.023 -9"><span class='ocrx_word' id='word_1_838' title='bbox 1979 5230 2142 5285; x_wconf 88' lang='lat' dir='ltr'><strong>bilem</strong></span> <span class='ocrx_word' id='word_1_839' title='bbox 2189 5234 2350 5294; x_wconf 86' lang='lat' dir='ltr'><strong>atque</strong></span> <span class='ocrx_word' id='word_1_840' title='bbox 2389 5217 2830 5289; x_wconf 83' lang='lat' dir='ltr'><strong>inintclligibilcm</strong></span> <span class='ocrx_word' id='word_1_841' title='bbox 2881 5221 3185 5267; x_wconf 87' lang='lat' dir='ltr'><strong>nostrarum</strong></span> <span class='ocrx_word' id='word_1_842' title='bbox 3234 5197 3558 5294; x_wconf 71' lang='lat' dir='ltr'><strong>substantia-</strong></span> 
     </span>
    </p>
   </div>
   <div class='ocr_carea' id='block_1_112' title="bbox 1983 5287 3559 5376">
    <p class='ocr_par' dir='ltr' id='par_1_112' title="bbox 1983 5287 3559 5376">
     <span class='ocr_line' id='line_1_112' title="bbox 1983 5287 3559 5376; baseline -0.022 -1"><span class='ocrx_word' id='word_1_843' title='bbox 1983 5336 2101 5376; x_wconf 77' lang='lat' dir='ltr'><strong>rum</strong></span> <span class='ocrx_word' id='word_1_844' title='bbox 2149 5287 2551 5372; x_wconf 76' lang='lat' dir='ltr'><strong>evidentissima</strong></span> <span class='ocrx_word' id='word_1_845' title='bbox 2594 5287 2858 5365; x_wconf 81' lang='lat' dir='ltr'><strong>docuisse.</strong></span> <span class='ocrx_word' id='word_1_846' title='bbox 2917 5304 2973 5357; x_wconf 90' lang='lat' dir='ltr'><strong>In</strong></span> <span class='ocrx_word' id='word_1_847' title='bbox 3013 5302 3244 5355; x_wconf 88' lang='lat' dir='ltr'><strong>humana</strong></span> <span class='ocrx_word' id='word_1_848' title='bbox 3293 5287 3559 5360; x_wconf 81' lang='lat' dir='ltr'><strong>siquidem</strong></span> 
     </span>
    </p>
   </div>
   <div class='ocr_carea' id='block_1_113' title="bbox 1584 5454 2285 5525">
    <p class='ocr_par' dir='ltr' id='par_1_113' title="bbox 1584 5454 2285 5525">
     <span class='ocr_line' id='line_1_113' title="bbox 1584 5454 2285 5525; baseline -0.023 0"><span class='ocrx_word' id='word_1_849' title='bbox 1584 5466 1842 5525; x_wconf 78' lang='lat' dir='ltr'><strong>VARIAE</strong></span> <span class='ocrx_word' id='word_1_850' title='bbox 1884 5454 2285 5519; x_wconf 79' lang='lat' dir='ltr'><strong>LECTIO’NES.</strong></span> 
     </span>
    </p>
   </div>
   <div class='ocr_carea' id='block_1_114' title="bbox 363 5598 1893 5666">
    <p class='ocr_par' dir='ltr' id='par_1_114' title="bbox 363 5598 1893 5666">
     <span class='ocr_line' id='line_1_114' title="bbox 363 5598 1893 5666; baseline -0.008 -2"><span class='ocrx_word' id='word_1_851' title='bbox 363 5607 382 5640; x_wconf 80' lang='grc'><strong>⁸</strong></span> <span class='ocrx_word' id='word_1_852' title='bbox 423 5608 515 5664; x_wconf 85' lang='lat' dir='ltr'><strong>Sic</strong></span> <span class='ocrx_word' id='word_1_853' title='bbox 546 5605 662 5666; x_wconf 79' lang='lat' dir='ltr'><strong>CF:</strong></span> <span class='ocrx_word' id='word_1_854' title='bbox 696 5605 741 5661; x_wconf 81' lang='grc' dir='ltr'><strong>Α</strong></span> <span class='ocrx_word' id='word_1_855' title='bbox 764 5608 1009 5661; x_wconf 87' lang='lat' dir='ltr'><strong>sentiunt.</strong></span> <span class='ocrx_word' id='word_1_856' title='bbox 1083 5607 1105 5637; x_wconf 78' lang='grc'><strong><em>⁹</em></strong></span> <span class='ocrx_word' id='word_1_857' title='bbox 1146 5605 1190 5659; x_wconf 78' lang='grc' dir='ltr'><strong>Α</strong></span> <span class='ocrx_word' id='word_1_858' title='bbox 1219 5602 1355 5660; x_wconf 82' lang='lat' dir='ltr'><strong>Deus</strong></span> <span class='ocrx_word' id='word_1_859' title='bbox 1388 5612 1480 5659; x_wconf 88' lang='lat' dir='ltr'><strong>est.</strong></span> <span class='ocrx_word' id='word_1_860' title='bbox 1561 5602 1582 5633; x_wconf 88' lang='grc'>³</span> <span class='ocrx_word' id='word_1_861' title='bbox 1620 5610 1666 5655; x_wconf 85' lang='lat' dir='ltr'><strong>et</strong></span> <span class='ocrx_word' id='word_1_862' title='bbox 1691 5613 1798 5656; x_wconf 91' lang='lat' dir='ltr'><strong>om.</strong></span> <span class='ocrx_word' id='word_1_863' title='bbox 1829 5598 1893 5652; x_wconf 75' lang='grc' dir='ltr'><strong>Α.</strong></span> 
     </span>
    </p>
   </div>
   <div class='ocr_carea' id='block_1_115' title="bbox 288 5676 1263 5751">
    <p class='ocr_par' dir='ltr' id='par_1_115' title="bbox 288 5676 1263 5751">
     <span class='ocr_line' id='line_1_115' title="bbox 288 5676 1263 5751; baseline -0.007 -17"><span class='ocrx_word' id='word_1_864' title='bbox 288 5695 414 5751; x_wconf 81' lang='lat' dir='ltr'><strong>cap.</strong></span> <span class='ocrx_word' id='word_1_865' title='bbox 440 5680 492 5736; x_wconf 71' lang='grc'><strong>5.</strong></span> <span class='ocrx_word' id='word_1_866' title='bbox 570 5679 591 5711; x_wconf 86' lang='grc'><strong><em>⁸</em></strong></span> <span class='ocrx_word' id='word_1_867' title='bbox 635 5677 727 5735; x_wconf 87' lang='lat' dir='ltr'><strong>Sic</strong></span> <span class='ocrx_word' id='word_1_868' title='bbox 748 5676 863 5749; x_wconf 47' lang='lat' dir='ltr'><strong>CF;</strong></span> <span class='ocrx_word' id='word_1_869' title='bbox 901 5677 941 5731; x_wconf 78' lang='grc' dir='ltr'><strong>Α</strong></span> <span class='ocrx_word' id='word_1_870' title='bbox 974 5677 1095 5746; x_wconf 84' lang='lat' dir='ltr'><strong>quia</strong></span> <span class='ocrx_word' id='word_1_871' title='bbox 1125 5691 1263 5729; x_wconf 87' lang='lat' dir='ltr'><strong>eum.</strong></span> 
     </span>
    </p>
   </div>
   <div class='ocr_carea' id='block_1_116' title="bbox 1993 5571 3556 5661">
    <p class='ocr_par' dir='ltr' id='par_1_116' title="bbox 1993 5571 3556 5661">
     <span class='ocr_line' id='line_1_116' title="bbox 1993 5571 3556 5661; baseline -0.014 -10"><span class='ocrx_word' id='word_1_872' title='bbox 1993 5598 2012 5628; x_wconf 72' lang='grc' dir='ltr'>δ</span> <span class='ocrx_word' id='word_1_873' title='bbox 2054 5595 2143 5650; x_wconf 88' lang='lat' dir='ltr'><strong>Sic</strong></span> <span class='ocrx_word' id='word_1_874' title='bbox 2193 5591 2307 5655; x_wconf 77' lang='lat' dir='ltr'><strong>CF;</strong></span> <span class='ocrx_word' id='word_1_875' title='bbox 2350 5591 2391 5645; x_wconf 77' lang='grc' dir='ltr'>Δ</span> <span class='ocrx_word' id='word_1_876' title='bbox 2430 5591 2481 5644; x_wconf 90' lang='lat' dir='ltr'><strong>in</strong></span> <span class='ocrx_word' id='word_1_877' title='bbox 2522 5589 2778 5661; x_wconf 75' lang='lat' dir='ltr'><strong>futurum.</strong></span> <span class='ocrx_word' id='word_1_878' title='bbox 2881 5576 2902 5608; x_wconf 86' lang='grc'>⁸</span> <span class='ocrx_word' id='word_1_879' title='bbox 2939 5571 3031 5628; x_wconf 88' lang='lat' dir='ltr'><strong>Sic</strong></span> <span class='ocrx_word' id='word_1_880' title='bbox 3076 5572 3193 5639; x_wconf 85' lang='lat' dir='ltr'><strong>CF;</strong></span> <span class='ocrx_word' id='word_1_881' title='bbox 3235 5590 3332 5644; x_wconf 89' lang='lat' dir='ltr'><strong>pro</strong></span> <span class='ocrx_word' id='word_1_882' title='bbox 3362 5571 3475 5628; x_wconf 60' lang='lat' dir='ltr'><strong>iiii:</strong></span> <span class='ocrx_word' id='word_1_883' title='bbox 3524 5574 3556 5629; x_wconf 56' lang='grc' dir='ltr'>ἃ</span> 
     </span>
    </p>
   </div>
   <div class='ocr_carea' id='block_1_117' title="bbox 2555 5748 2896 5790">
    <p class='ocr_par' dir='ltr' id='par_1_117' title="bbox 2555 5748 2896 5790">
     <span class='ocr_line' id='line_1_117' title="bbox 2555 5748 2896 5790; baseline 0 0"><span class='ocrx_word' id='word_1_884' title='bbox 2555 5748 2583 5773; x_wconf 76' lang='grc'><strong><em>⁴</em></strong></span> <span class='ocrx_word' id='word_1_885' title='bbox 2881 5760 2896 5790; x_wconf 85' lang='grc' dir='ltr'><strong>ι</strong></span> 
     </span>
    </p>
   </div>
  </div>
