3898 6154
357 259 462 315 879

1742 254 2023 311 JOANNIS
2060 253 2254 310 SCOTl

3498 248 3611 300 830

356 381 545 428 natura
576 371 648 426 nil
681 372 945 437 subsistit,
1001 372 1142 442 quod
1185 370 1464 442 spirituale
1502 376 1558 425 et
1604 367 1935 438 iutelligihile
1962 371 2008 429 Α
2036 366 2352 435 deiﬁcantis,
2378 374 2517 419 totus
2539 364 2748 436 quidem
2775 365 2927 418 homo
2948 379 3159 417 manens
3187 362 3463 417 secundum
3494 360 3615 409 σείς

352 478 461 519 ιιοιι
488 464 577 518 sit.
616 463 750 518 Nam
776 471 829 517 et
853 462 1148 516 substantia
1184 460 1428 531 corporis
1458 457 1702 530 proiecto
1739 456 1932 512 intelli-

354 552 531 624 gibilis
557 560 660 616 est,
686 560 845 620 alque
874 551 996 606 ideo
1024 566 1128 605 non
1153 560 1235 606 est
1256 549 1587 614 incredibile,
1616 564 1715 603 nec
1740 546 1929 602 rationi

355 644 612 698 resistens
660 642 700 705 ⁸,
770 641 1129 711 intelligibiles
1179 641 1510 696 substantiae
1554 639 1656 694 sibi
1702 638 1929 693 invicem

354 730 577 784 adunari
603 730 647 795 ³,
678 737 736 783 ιιι
770 739 821 784 et
869 746 1034 784 unum
1067 731 1199 796 sint,
1233 737 1290 785 et
1322 744 1676 800 unaquaeque
1700 728 1936 799 proprie-

354 829 516 875 tatem
555 834 704 874 suam
743 828 800 875 et
837 821 1241 876 subsistentiam
1282 820 1484 875 habere
1527 834 1638 874 non
1687 820 1929 884 desistat,

351 910 425 963 ita
470 917 671 976 tamen,
717 918 775 964 ut
826 909 1082 965 inferiora
1118 910 1484 979 superioribus
1532 908 1930 963 contineantur.

351 997 467 1053 Non
492 998 635 1052 enim
664 1012 788 1052 vera
822 998 959 1053 ratio
986 1000 1135 1064 sinit,
1166 998 1441 1068 superiora
1467 994 1811 1051 inferioribus
1848 993 1934 1049 vel

354 1088 642 1153 contineri,
678 1087 764 1143 vel
788 1089 1008 1152 attrahi,
1040 1088 1123 1143 vel
1154 1088 1417 1143 consumi.
1458 1086 1719 1141 Interiora
1749 1100 1876 1139 vero
1902 1100 1933 1139 a

351 1176 716 1247 superioribus
747 1177 1062 1231 naturaliter
1089 1177 1458 1242 attrahuntur,
1479 1185 1532 1230 et
1556 1175 1932 1237 absorbentur,

350 1282 457 1321 non
488 1274 546 1319 ut
572 1281 681 1320 non
706 1267 831 1331 sint,
864 1266 956 1319 sed
988 1275 1046 1318 ttt
1072 1268 1122 1319 in
1153 1266 1231 1321 eis
1260 1266 1376 1335 plus
1405 1265 1677 1321 salventur
1695 1305 1706 1326 ,
1732 1273 1784 1319 et
1810 1265 1933 1318 sub-

347 1356 561 1419 sistant,
592 1363 646 1408 et
682 1370 843 1409 unum
873 1354 999 1408 sint.
1040 1353 1174 1408 Nam
1218 1370 1389 1425 neque
1435 1369 1527 1408 aer
1567 1370 1717 1408 suam
1760 1353 1935 1423 perdit

351 1448 731 1511 substantiam,
755 1461 875 1500 eum
910 1454 1054 1501 totus
1081 1448 1131 1500 in
1160 1447 1336 1502 solare
1364 1447 1542 1502 lumen
1575 1446 1932 1507 convertitur,

351 1537 404 1589 in
439 1545 667 1600 tantum,
709 1544 767 1588 ut
805 1534 936 1588 nihil
986 1535 1038 1589 in
1088 1551 1152 1589 eo
1204 1545 1462 1606 appareat
1509 1536 1609 1589 nisi
1663 1535 1773 1600 lux,
1810 1550 1933 1593 cum

348 1626 490 1681 aliud
514 1626 584 1679 sit
610 1625 721 1690 lux,
745 1625 887 1679 aliud
920 1641 1042 1689 aer;
1074 1625 1163 1679 lux
1194 1634 1372 1680 tamen
1404 1624 1677 1695 praevalet
1704 1625 1753 1679 in
1785 1627 1933 1689 aere,

2036 474 2177 511 mam
2202 466 2251 511 et
2280 473 2468 525 corpus
2499 473 2590 526 per
2628 466 2895 519 naturam,
2926 466 2973 509 et
2995 464 3132 508 totus
3163 457 3331 523 factus
3356 452 3490 506 Deus
3518 467 3611 507 sto

2035 551 2262 605 cundum
2288 551 2518 604 animum
2543 558 2590 603 et
2618 565 2802 617 corpus
2827 564 2920 618 per
2955 548 3198 618 gratiam,
3226 555 3275 599 et
3302 548 3581 599 convenies

2036 649 2136 693 tem
2158 640 2292 693 sibi"
2314 654 2406 709 per
2435 647 2598 691 totum
2626 638 2854 691 divinam
2878 636 3056 690 beatae
3072 635 3271 706 gloriae
3297 633 3608 698 claritatem,

2035 741 2148 801 post
2198 746 2354 800 quam
2410 728 2541 781 nihil
2584 736 2659 782 est
2705 727 2775 781 ad
2810 725 3202 794 intelligendum
3250 723 3477 777 lucidius
3515 732 3609 776 aut

2036 820 2310 874 excelsius.
2340 817 2477 883 Quid
2501 826 2574 871 est
2601 817 2624 850 ⁸
2650 815 2966 877 Quisnam,“
2991 822 3066 868 est
3093 812 3422 882 deiﬁcatione
3438 811 3611 880 dignis

2037 910 2336 975 amabilius,
2361 925 2451 979 per
2479 925 2635 978 quam
2662 908 2840 963 θέωσιν
2867 906 3044 959 ’Deas
3067 904 3168 959 diis
3200 902 3416 972 factis"
3433 904 3609 955 unitas

2038 1000 2248 1054 omnino
2274 998 2659 1053 universitatem
2692 1014 2845 1051 suam
2875 996 3001 1065 facit
3021 1011 3114 1059 per
3139 994 3421 1048 bonitatem
3437 991 3465 1047 1
3488 991 3614 1045 Ani-

2041 1091 2334 1154 madverte,
2362 1090 2503 1158 quod
2543 1089 2640 1151 ait,
2670 1097 2814 1142 totus
2854 1088 3019 1142 homo
3051 1099 3277 1139 manens
3314 1083 3609 1139 secundum

2040 1181 2274 1234 animam
2322 1188 2375 1232 et
2430 1193 2628 1247 corpus
2665 1192 2761 1247 per
2815 1186 3096 1239 naturam,
3137 1184 3193 1229 et
3240 1184 3385 1228 totus
3435 1172 3613 1227 facta:

2042 1273 2182 1327 Deus
2239 1271 2532 1326 secundum
2586 1270 2822 1323 animam
2875 1278 2931 1322 et
2974 1283 3169 1337 corpus
3216 1283 3314 1337 per
3359 1265 3609 1337 gratiam.

2040 1360 2365 1413 Naturarum
2402 1361 2443 1392 ¹¹
2469 1358 2632 1428 igitur
2676 1357 2919 1411 manebit
2961 1357 3283 1425 proprietas,
3328 1363 3385 1410 et.
3422 1370 3611 1409 earum

2040 1448 2145 1503 erit
2180 1448 2379 1511 unitas,
2413 1462 2513 1501 nec
2554 1447 2857 1517 proprietas
2908 1444 3117 1500 auferet
3154 1454 3466 1499 naturarum
3520 1444 3615 1498 ad-

2041 1543 2377 1606 unationem,
2426 1556 2526 1595 nec
2582 1541 2839 1596 adunatio
2861 1548 3176 1593 naturarum
3203 1538 3610 1608 proprietatem.

2050 1632 2191 1686 Disc.
2222 1631 2393 1685 Istaec
2421 1630 2486 1694 ",
2524 1645 2662 1700 quae
2691 1645 2720 1682 a
2750 1639 2803 1683 te
2827 1630 2967 1684 dicta
2992 1637 3136 1694 sunt,
3173 1628 3418 1698 quamvis
3450 1643 3612 1683 verae

354 1727 409 1768 ut
445 1715 555 1769 sola
600 1716 844 1770 videatur
875 1732 1013 1773 esse.
1058 1718 1281 1795 Fprrum
1326 1729 1418 1772 aut
1458 1718 1479 1748 ³
1526 1717 1669 1771 aliud
1717 1717 1934 1786 aliquod
1969 1708 2012 1767 Β
2042 1720 2233 1775 rationi
2289 1720 2576 1774 videantur
2623 1719 2843 1781 similia,
2873 1719 3051 1774 minus
3099 1727 3273 1773 tamen
3321 1718 3615 1786 capacibus

350 1803 650 1869 metallum,
692 1804 743 1857 in
778 1805 900 1876 igne
948 1805 1313 1876 liquefactum,
1365 1808 1417 1861 in
1468 1807 1643 1877 ignem
1693 1806 1934 1861 cenverti

350 1894 580 1958 videtur,
626 1904 683 1950 ut
722 1897 856 1969 ignis
889 1914 1057 1967 purus
1087 1899 1330 1953 videatur
1358 1914 1497 1964 esse,
1537 1899 1683 1953 salva
1730 1898 1932 1954 metalli

350 1983 644 2038 substantia
675 1997 1042 2055 permanente.
1084 1987 1285 2041 Eadem
1313 1987 1517 2041 ratione
1542 1987 1791 2042 existimo
1810 2002 1933 2042 cor-

352 2074 590 2143 poralem
631 2076 983 2130 substantiam
1027 2076 1080 2130 in
1130 2077 1363 2131 animam
1398 2093 1517 2133 esse
1562 2078 1929 2141 transiturum,

350 2183 454 2218 mn
499 2177 557 2218 ut
599 2175 799 2235 pereat,
837 2168 977 2235 quod
1006 2168 1097 2233 sit,
1136 2168 1227 2223 sed
1266 2177 1325 2222 ut
1362 2169 1413 2221 in
1442 2168 1649 2222 meliori
1700 2168 1934 2223 essentia

350 2254 498 2307 salva
540 2255 629 2308 sit.
694 2253 953 2310 Similiter
999 2256 1066 2311 de
1114 2257 1227 2326 ipsa
1280 2257 1462 2311 anima
1508 2257 1930 2327 intelligendum,

346 2345 488 2414 quod
514 2346 584 2398 ita
618 2344 671 2400 in
701 2345 1026 2404 intellectum
1056 2348 1375 2414 movebitur,
1410 2356 1468 2401 ut
1493 2348 1544 2402 in
1574 2362 1639 2403 eo
1660 2348 1936 2418 pulchrior

347 2434 566 2502 Deuque
593 2433 819 2489 similior
841 2447 1208 2491 conservetur.
1248 2436 1360 2492 Nec
1394 2437 1551 2492 aliter
1603 2438 1831 2493 dixerim
1869 2439 1934 2494 de

348 2526 598 2590 transitu,
631 2536 690 2581 ut
729 2543 833 2582 non
865 2529 1041 2583 adhuc
1069 2528 1244 2583 dicam
1278 2530 1538 2594 omnium,
1575 2530 1668 2586 sed
1699 2531 1935 2585 rationa-

348 2614 538 2670 bilium
565 2616 986 2672 substantiarum
1016 2617 1070 2671 in
1101 2618 1290 2683 Deum,
1324 2618 1377 2672 in
1410 2635 1516 2689 quo
1546 2629 1736 2675 cuneta
1771 2621 1931 2688 linem

347 2708 587 2778 positura
621 2718 765 2774 sunt,
798 2718 852 2764 et
898 2726 1061 2764 unum
1095 2721 1273 2765 erunt.
1317 2711 1420 2767 Sed
1447 2714 1586 2784 quod
1622 2713 1688 2770 de
1727 2714 1931 2770 aduna-

349 2798 495 2854 tione
520 2800 789 2858 humanae
820 2811 1043 2857 naturae
1079 2803 1280 2875 absque
1322 2805 1655 2876 singularum
1686 2807 1837 2861 subst
1874 2822 1934 2861 n-

350 2889 543 2944 tiarum
586 2892 933 2963 proprietatis
967 2893 1256 2949 abolitione
1296 2896 1550 2962 diximus,
1583 2897 1726 2951 beati
1765 2896 1787 2928 ⁸
1825 2896 1935 2951 Ma-

353 2983 482 3038 ximi
519 2984 780 3038 sententia
811 3000 1096 3051 possumus
1122 2988 1438 3059 approbare.
1480 2988 1773 3060 Exponens
1790 3005 1935 3044 nam-

2039 1824 2332 1880 rerumque
2374 1817 2624 1861 naturam
2666 1807 3129 1862 considerantibus
3171 1805 3516 1869 videbuntur,
3553 1814 3612 1859 ut

2036 1901 2259 1971 Opinor,
2318 1899 2480 1954 veluti
2527 1899 2791 1967 quaedam
2844 1897 3234 1961 deliramenta,
3279 1910 3345 1951 ac
3399 1896 3615 1950 sibimet

2036 1990 2480 2046 eontradieentia.
2503 1988 2726 2058 Magnus
2746 1987 3009 2056 siquidem
3030 1986 3322 2057 Gregorius
3341 1984 3614 2057 Nyssaeus

2037 2080 2130 2140 ait,
2167 2079 2399 2142 utdicis,
2425 2077 2563 2149 quod
2601 2079 2778 2131 anima
2808 2093 2961 2131 suum
3003 2086 3164 2129 totum
3200 2092 3403 2145 corpus
3434 2076 3490 2129 in
3534 2091 3612 2129 se-

2034 2170 2201 2238 ipsam
2228 2177 2596 2238 consumptum
2616 2168 2704 2231 sit,
2736 2176 2922 2220 etcum
2945 2166 3055 2235 ipso
3075 2181 3210 2219 unus
3231 2175 3280 2218 et
3307 2165 3543 2235 spiritus,
3563 2174 3609 2218 et

2036 2262 2262 2325 animus,
2296 2269 2344 2314 et
2388 2259 2524 2313 Deus
2561 2259 2760 2328 futura.
2792 2259 2889 2312 Cui
2930 2256 3095 2312 etiam
3140 2258 3284 2313 favet
3326 2257 3610 2319 Maximus,

2036 2355 2220 2409 dicens
2277 2372 2290 2407 :
2349 2351 2574 2408 Omnino
2623 2362 2849 2422 tempore
2888 2351 3279 2407 resurrectionis
3326 2352 3610 2406 secundum

2036 2444 2160 2499 bene
2179 2443 2412 2514 futuram
2445 2443 2826 2497 conversionem
2851 2444 2905 2496 in
2927 2443 3129 2513 Spiritu
3160 2452 3342 2497 sancto
3367 2459 3462 2512 per
3493 2458 3612 2511 gra-

2035 2534 2164 2587 tiam
2205 2534 2468 2588 incarnati
2513 2532 2608 2587 Dei
2657 2532 3018 2586 absorbebitur
3061 2548 3184 2586 caro
3231 2533 3295 2585 ab
3347 2533 3527 2585 anima
3557 2532 3610 2584 in

2034 2628 2243 2698 spiritu,
2268 2627 2449 2680 anima
2488 2642 2606 2681 vero
2635 2627 2690 2680 in
2718 2626 2760 2657 ¹³
2785 2624 2914 2680 Deo.
2946 2625 3207 2680 Addidisti
3235 2639 3449 2695 quoque
3468 2623 3611 2678 beati

2032 2718 2303 2774 Ambrosii
2336 2719 2653 2773 sententiam
2690 2718 2756 2773 de
2796 2717 3119 2771 adunatione
3154 2717 3423 2770 humanae
3456 2723 3613 2767 natu-

2033 2824 2147 2874 rae,
2192 2810 2293 2864 hoc
2314 2818 2417 2874 est,
2451 2809 2519 2863 de
2545 2809 2719 2863 reditu
2750 2808 2802 2873 in
2839 2822 3025 2872 unum,
3053 2821 3121 2861 ne
3152 2805 3414 2861 videreris
3439 2804 3611 2861 Grae~

2034 2913 2221 2955 corum
2274 2897 2609 2952 solummodo
2656 2905 2935 2951 auctorum
2988 2895 3363 2950 auctoritatem
3421 2893 3610 2962 sequi,

2037 2990 2183 3045 nullo
2233 2989 2431 3043 auxilio
2478 2988 2732 3043 latialiter
2772 2988 3134 3058 loquentium,
3187 2987 3297 3040 imo
3343 2986 3504 3040 etiam
3548 2986 3614 3039 de

350 3090 454 3141 (pte
490 3089 739 3144 magnum
770 3075 1088 3147 Gregorium
1135 3078 1432 3149 Nyssaeum
1473 3080 1525 3134 in
1573 3096 1821 3137 sermone
1870 3082 1935 3136 de
1963 3058 2005 3118 (ἶ
2038 3090 2230 3136 natura
2265 3096 2444 3135 rerum
2474 3080 2857 3150 disputantium
2894 3077 3163 3134 suffultus.
3195 3077 3316 3146 Ipse
3348 3076 3612 3145 siquidem

351 3164 641 3229 Grandine,
680 3165 768 3220 ubi
792 3167 867 3220 ait
898 3186 915 3221 ι
948 3167 1011 3221 Et
1037 3184 1129 3221 nos
1155 3169 1361 3238 quidem
1384 3168 1476 3222 lita:
1496 3169 1773 3238 inamabilis
1797 3170 1936 3223 acci-

343 3254 488 3322 piet,
539 3261 585 3306 et
636 3263 847 3308 sanctae
893 3272 955 3308 ac
1012 3256 1202 3326 regalis
1248 3255 1611 3325 contemplatio
1664 3255 1934 3310 Trinitatis

347 3340 697 3395 illuminantis
747 3343 954 3411 planius
997 3357 1042 3399 et
1081 3347 1284 3414 purius,
1327 3356 1375 3399 et
1419 3347 1576 3399 totius
1615 3346 1707 3399 toti
1760 3346 1934 3400 animo

346 3433 584 3497 mixtae,
636 3450 792 3504 quant
839 3436 995 3489 etiam
1049 3440 1217 3491 solum
1282 3455 1494 3510 regnum
1543 3438 1804 3492 caelorum
1844 3456 1935 3509 ego

347 3539 502 3592 pono,
543 3535 935 3594 consequenter
967 3527 1229 3597 adjunxit,
1269 3529 1453 3583 dicens
1478 3547 1489 3582 :
1513 3528 1580 3584 In
1619 3530 1760 3582 omni
1797 3546 1938 3583 crea-

349 3622 470 3665 tura
526 3614 827 3670 rationabili
881 3617 1183 3687 angelorum
1243 3629 1289 3673 et
1342 3620 1659 3685 hominum,
1709 3620 1933 3692 quicun-

350 3717 450 3765 que
484 3701 683 3757 nullam
724 3706 1007 3759 secundum
1056 3718 1272 3772 motum,
1311 3710 1400 3780 qui
1438 3710 1506 3763 ad
1551 3711 1705 3781 finem
1737 3723 1810 3764 est
1846 3727 1934 3763 na-

358 3795 607 3850 turaliter
658 3809 1047 3870 compactarum
1093 3803 1167 3856 eis
1210 3804 1508 3857 divinarum
1558 3806 1819 3859 rationum
1869 3804 1934 3857 ab

350 3889 463 3962 ipso
499 3885 746 3944 Creatore
798 3907 888 3961 per
937 3893 1304 3964 negligentiam
1353 3906 1714 3964 corruperunt,
1767 3897 1934 3966 magis

353 3987 530 4034 autent
557 3980 753 4051 seipsos
795 3991 1143 4052 temperanter
1176 3985 1536 4052 salvaverant,
1579 3994 1712 4040 totos
1748 3986 1933 4039 incon-

351 4069 659 4123 rersibiliter
704 4081 878 4140 utpote
917 4071 1123 4128 divinae
1159 4090 1354 4144 organa
1387 4084 1609 4129 naturae
1632 4084 1679 4127 et
1728 4091 1857 4139 esse,
1887 4082 1935 4127 et

352 4155 562 4221 futuros
595 4177 703 4215 esse
730 4164 967 4228 scientes,
998 4180 1126 4235 quos
1154 4181 1248 4234 per
1272 4176 1435 4220 totum
1466 4176 1602 4220 totus
1632 4166 1936 4235 circumspi-

355 4263 480 4301 rans
504 4248 664 4315 Deus,
690 4250 746 4303 in
778 4251 990 4305 modum
1028 4255 1235 4307 animae
1267 4254 1418 4308 veluti
1450 4254 1677 4308 membra
1703 4256 1934 4324 corporis

354 4349 656 4409 compacta,
687 4341 878 4411 optimo
911 4341 1132 4397 Domino
1167 4346 1335 4412 factos
1380 4345 1448 4398 ad
1474 4344 1789 4399 voluntatem
1823 4356 1937 4399 tra-

2037 3169 2193 3224 doeet
2239 3176 2348 3223 tres
2393 3169 2659 3223 humanae
2708 3176 2933 3223 naturae
2975 3166 3373 3231 subsistentias,
3417 3178 3613 3234 corpus

2036 3256 2306 3322 videlicet,
2356 3265 2412 3312 et
2456 3255 2713 3321 animam,
2763 3265 2819 3311 et
2878 3255 3233 3321 intellectum,
3290 3254 3455 3309 veluti
3506 3252 3612 3307 tria

2037 3348 2298 3417 quaedam
2329 3354 2443 3401 sata
2472 3346 2704 3427 farinae,
2738 3355 2798 3400 ut
2834 3361 2939 3402 non
2972 3346 3150 3402 .dicatn
3187 3344 3613 3406 eonfundendas,

2037 3437 2130 3492 sed
2160 3437 2319 3491 veluti
2348 3435 2613 3491 fermento
2650 3438 2880 3505 quodam
2911 3436 3152 3492 caritatis
3180 3436 3396 3490 vinculo
3436 3450 3616 3490 resur-

2038 3526 2295 3581 rectionis
2340 3535 2582 3596 tempore
2622 3528 2955 3591 adunandas,
3000 3542 3103 3581 non
3141 3535 3200 3581 ut
3235 3526 3417 3594 aliqua
3464 3539 3613 3579 com-

2036 3616 2233 3687 positio
2260 3629 2477 3672 nostrae
2509 3627 2755 3683 naturae,
2796 3619 2889 3673 sed
2929 3618 3149 3673 omnino
3191 3617 3510 3687 simplicitas
3560 3623 3616 3670 et

2037 3705 2410 3775 inseparabilis
2435 3708 2615 3761 unitas
2639 3704 2921 3760 eﬂlciatur.
2952 3706 3075 3760 Non
3105 3706 3269 3767 enim,
3292 3714 3357 3759 ut
3386 3705 3499 3773 ipse
3516 3703 3613 3767 ait,

2036 3795 2194 3850 aliter
2217 3797 2286 3851 ad
2319 3798 2594 3868 imaginem
2625 3797 2719 3851 Dei
2751 3797 3151 3861 restaurabitur,
3182 3797 3227 3850 si
3255 3811 3362 3850 non
3397 3793 3615 3864 simple:

2036 3888 2274 3956 spiritus,
2322 3890 2564 3960 omnique
2596 3889 2967 3959 compositione
3005 3888 3169 3942 libera
3204 3887 3395 3957 futura
3423 3888 3510 3941 sit.
3546 3885 3614 3938 Et

2036 3993 2182 4033 nunc
2220 3977 2414 4031 iterum
2456 3986 2576 4046 post
2616 3977 3016 4046 praedictorum
3056 3976 3274 4031 Patrum
3309 3977 3380 4030 de
3415 3973 3614 4044 simpli-

2037 4068 2254 4122 cissima
2327 4068 2871 4122 liumanaernaturae
2926 4082 3030 4122 non
3083 4067 3255 4122 solum
3304 4067 3360 4120 in
3417 4067 3610 4135 seipsa,

2037 4174 2222 4212 verum
2252 4157 2413 4211 etiam
2446 4158 2499 4211 in
2541 4158 2649 4212 Deo
2681 4158 3005 4211 adunatione
3033 4157 3347 4215 sententias.
3376 4156 3612 4222 ejus-lem

2038 4249 2252 4303 Maximi
2303 4249 2446 4303 dicta
2492 4249 2860 4312 introduxisti,
2905 4263 3044 4317 quae
3090 4258 3213 4303 sunt
3258 4246 3611 4315 huiusmodi:

2040 4342 2201 4396 Totus
2249 4342 2457 4413 quidem
2508 4342 2661 4395 homo
2709 4357 2921 4396 manens
2963 4340 3246 4395 secundum
3289 4340 3527 4393 animam
3563 4344 3613 4389 et

353 4437 479 4493 ctat,
506 4439 557 4483 et
572 4410 783 4500 propria
806 4431 982 4501 implet
1000 4410 1230 4503 gloriaet
1258 4434 1598 4499 beatitudine,
1622 4436 1778 4490 vitam
1797 4433 1929 4488 dans
1960 4410 2008 4468 Β
2034 4447 2220 4499 corpus
2249 4410 2342 4502 per
2384 4442 2647 4495 naturam,
2689 4440 2738 4485 et
2777 4440 2915 4483 totus
2946 4429 3116 4499 [actus
3148 4428 3289 4481 Deus
3329 4427 3611 4481 secundum

353 4525 401 4568 et
450 4516 655 4571 donans
710 4528 974 4572 aeternam
1020 4530 1174 4590 atque
1216 4521 1553 4590 ineﬁ'abilem,
1598 4531 1647 4575 et
1693 4523 1929 4576 omnibus

355 4606 524 4660 modis
552 4609 792 4662 universa
816 4608 1034 4663 liberam
1063 4612 1351 4681 cegnitione
1373 4612 1681 4665 constitutae
1701 4613 1932 4682 proprie-

355 4698 478 4751 tatis
498 4701 804 4767 praesentis,
825 4709 871 4754 et
897 4717 989 4771 per
1014 4703 1393 4773 corruptionem
1422 4703 1747 4757 consistentis
1780 4703 1928 4769 vitae,

356 4803 536 4857 quam,
567 4790 797 4845 videlicet
838 4792 993 4846 vitam
1033 4775 1328 4855 aeternam,
1377 4810 1481 4847 non
1516 4810 1608 4849 aer
1650 4794 1933 4863 inspirans,

306 4884 313 4889 '
357 4894 520 4948 neque
541 4880 814 4949 sanguinis
831 4881 982 4935 rivali
1010 4885 1193 4952 Itepate
1209 4883 1450 4954 ﬂuentis'
1480 4885 1818 4948 constituunt,
1844 4885 1934 4938 sed

356 4966 500 5021 Deus
529 4977 668 5021 totus
691 4970 813 5022 totis
838 4971 1206 5040 participatus,
1239 4983 1287 5025 et
1314 4974 1523 5026 animae
1546 4973 1600 5024 in
1634 4972 1840 5025 modum
1866 4973 1934 5025 ad

356 5070 543 5126 corpus
575 5056 782 5110 animae
807 5057 849 5122 ⁸,
881 5067 930 5112 et
973 5076 1066 5128 per
1106 5062 1335 5114 medium
1369 5063 1600 5115 animant
1639 5059 1708 5113 ad
1747 5076 1934 5134 corpus

357 5145 551 5215 factus,
582 5147 715 5201 sicut
758 5151 895 5203 novit
931 5150 1057 5224 ipse,
1098 5160 1154 5205 ut
1183 5169 1244 5206 ea
1286 5153 1493 5223 quidem
1524 5151 1703 5205 anima
1746 5154 1930 5206 incon-

355 5234 740 5291 eersibilitatem
767 5241 1011 5310 accipiat,
1040 5240 1174 5294 illud
1206 5256 1324 5293 vero
1352 5256 1538 5309 corpus
1565 5240 1932 5293 immortalita—

353 5333 531 5392 tem,et
549 5334 689 5383 totus
709 5329 860 5384 homo
874 5331 1143 5401 deiﬁcetur
1157 5330 1583 5401 perinbumanali
1597 5328 1693 5382 Dei
1709 5330 1929 5397 gratiam

2035 4520 2265 4573 animam
2296 4528 2344 4572 et
2387 4534 2574 4588 corpus
2618 4536 2710 4586 per
2742 4519 2985 4588 gratiam.
3024 4517 3229 4584 Quibus
3264 4516 3453 4570 verbis
3491 4513 3610 4584 quid

2036 4611 2178 4665 aliud
2201 4612 2359 4664 datur
2377 4610 2622 4679 intelligi,
2640 4611 2741 4665 nisi
2763 4618 3009 4664 naturam
3031 4622 3346 4675 corpoream
3371 4607 3426 4659 in
3446 4607 3611 4671 seipsa

2036 4717 2247 4771 semper
2272 4716 2702 4770 permansuram,
2725 4710 2779 4755 et
2804 4700 2949 4755 nullo
2975 4701 3132 4753 modo
3157 4713 3257 4752 nec
3282 4698 3335 4751 in
3357 4698 3606 4757 animam,

2039 4805 2138 4845 nec
2154 4792 2204 4845 in
2221 4791 2480 4854 animum,
2499 4806 2597 4845 nec
2615 4792 2667 4844 in
2684 4791 2855 4859 ipsum
2873 4791 3037 4844 Deum
3054 4789 3424 4849 transiturum,
3442 4802 3611 4855 quam-

2037 4881 2122 4933 vis
2160 4879 2569 4934 rcsurrectionis
2597 4879 2767 4952 gloria
2810 4879 2969 4933 beata
2998 4884 3054 4931 et
3093 4874 3512 4944 incorruptibilis
3540 4872 3609 4923 sit

2041 4971 2219 5027 futura
2263 4972 2473 5026 animae
2506 4980 2561 5026 et
2598 4970 2779 5025 animo
2824 4979 2881 5024 et
2924 4969 3033 5023 Deo
3076 4965 3401 5022 adunanda?
3437 4962 3609 5019 Simili

2039 5060 2199 5114 modo
2242 5059 2309 5114 de
2346 5060 2558 5115 animae
2591 5069 2780 5114 natura
2824 5059 3096 5127 animique
3127 5072 3233 5110 non
3268 5056 3429 5110 aliter
3453 5052 3602 5108 intel-

2035 5147 2235 5203 lexisse
2255 5149 2466 5217 opinor,
2490 5163 2594 5202 non
2627 5149 2965 5212 transituras,
2988 5148 3081 5202 scd
3110 5146 3349 5215 singulas
3370 5155 3605 5213 quasque

2035 5240 2090 5294 in
2145 5241 2362 5309 propria
2419 5239 2720 5294 substantia
2777 5255 3172 5309 permansuras.
3226 5237 3409 5306 Neque
3458 5234 3597 5289 enim

2032 5346 2198 5401 parva
2235 5328 2534 5384 diﬂ‘erentia
2557 5338 2642 5385 est
2674 5329 2817 5385 inter
2840 5330 3077 5384 animam
3107 5335 3161 5384 et
3187 5329 3446 5391 animum,
3477 5325 3603 5378 dum

1659 5418 1911 5474 VARIAE
1952 5420 2350 5476 LECTIONES.

433 5507 453 5540 ⁸
490 5507 582 5563 Sic
608 5508 722 5575 CF;
751 5509 796 5565 Α
819 5513 1120 5567 subsistens.

359 5577 379 5608 ⁸
409 5576 540 5631 beati
574 5594 682 5631 om.
720 5581 784 5633 A.
873 5583 893 5613 ’⁵
922 5583 1025 5637 Ci".
1060 5599 1120 5637 eo

438 5583 540 5631 eati
574 5594 682 5631 om.
720 5583 784 5633 Α.
873 5583 893 5613 ’⁵
922 5583 1025 5636 CF.
1060 5599 1213 5636 enare
1240 5584 1476 5636 ﬂuentes.

359 5584 379 5608 ⁸
409 5584 540 5631 beati
574 5594 682 5631 om.
720 5584 784 5633 Α.
873 5584 893 5613 ⁵
922 5584 1025 5639 Ci".
1060 5599 1213 5649 epare
1238 5584 1476 5650 ﬂuentes.
1574 5584 1594 5611 ⁸

356 5661 465 5702 om.
494 5662 513 5681 ο
547 5646 591 5677 ¹⁰
631 5649 674 5701 Α
703 5650 889 5711 factus.
970 5653 1007 5683 “
1037 5652 1125 5705 Sic
1153 5651 1267 5715 Cl",
1294 5655 1329 5704 Α
1359 5664 1594 5705 naturae.

1210 5518 1229 5549 ³
1259 5511 1347 5565 Sic
1369 5511 1483 5578 CF;
1512 5512 1627 5565 A‘si
1661 5512 2019 5581 intelligibiles
2058 5525 2103 5564 s.
2148 5526 2193 5564 s.
2224 5512 2260 5564 i.
2299 5510 2612 5581 adnitantur.

1574 5582 1594 5611 ⁸
1618 5582 1823 5634 animae
1842 5596 1950 5633 om.
1982 5581 2047 5635 A.

1676 5653 1715 5682 ”
1745 5652 1844 5704 CF.
1878 5651 2027 5703 istac.

2689 5508 2710 5540 ³
2749 5507 2839 5563 Sic
2875 5508 2955 5573 A;
3000 5506 3085 5561 CF
3116 5507 3339 5560 Ferrum
3366 5514 3417 5557 ut
3441 5502 3597 5555 aliud.

2123 5582 2142 5610 "
2176 5582 2275 5633 sibi
2296 5594 2405 5633 om.
2436 5580 2539 5632 CF.
2617 5581 2638 5611 ⁸
2661 5578 2751 5634 Sic
2779 5578 2908 5643 CF.;
2932 5581 2974 5632 Δ
2998 5577 3136 5642 Quid
3157 5576 3318 5630 enim.
3391 5578 3413 5607 ⁹
3431 5575 3599 5629 eitum

2109 5650 2149 5680 ⁸³
2176 5650 2259 5705 CF
2289 5667 2318 5701 a
2349 5649 2477 5703 Deo.
