3898 6154
218 302 297 358 881
1056 306 1145 362 DE
1181 305 1517 362 DlVlSlONE
1554 305 1902 363 NATURAE.
1940 339 2005 348 -—
2041 308 2241 364 LIBER
2281 310 2602 378 QUINTUS.

3347 314 3455 369 88?.

215 415 294 469 ille
313 416 448 470 circa
491 416 670 471 divina
700 418 1056 485 solummodo,
1086 419 1173 474 illa
1201 434 1332 474 vero
1369 421 1513 476 circa
1556 429 1769 475 creatu-
1797 425 1847 483 Α
1877 424 1997 477 dam
2058 425 2384 480 adunatione
2428 424 2548 481 fons
2596 438 2736 480 unus
2784 434 2987 480 manat.
3030 425 3086 481 lu
3135 426 3248 496 ipsa
3304 429 3450 481 enim

218 526 296 564 ras
328 519 617 564 moveatur.
650 511 722 565 At
761 513 806 566 si
851 513 950 567 ista
985 513 1064 568 sic
1085 528 1143 568 se
1182 513 1415 568 habeant
1442 524 1483 580 ι,
1506 514 1772 584 quomodo

214 616 307 678 non
329 602 734 656 contradictoria
760 603 1123 658 videbuntur?

226 682 233 691 ’
273 690 319 745 9.
360 689 496 745 MAG.
541 691 652 747 Cur
687 701 740 747 te
784 694 905 747 talia
951 703 1191 758 movent,
1238 694 1464 749 multtun
1509 695 1767 756 admiror,

212 796 322 835 cum
351 781 464 843 tibi,
486 791 646 851 prout
673 784 844 852 potui,
870 786 1150 847 suaserim,
1176 785 1589 856 intelligibilium
1621 798 1775 839 natu-

212 884 376 923 rarum
397 869 777 926 adunationem
814 873 928 927 ﬁeri
969 888 1128 942 posse
1168 874 1285 928 sine
1310 874 1526 928 etnnulo
1544 884 1598 928 et
1626 890 1772 930 com-

212 958 480 1028 positione,
520 962 940 1032 proprietatibus
977 966 1279 1020 observatis
1317 975 1372 1019 et
1411 966 1769 1020 incommuta-

209 1048 375 1102 biliter
401 1053 761 1107 manentibus.
800 1052 923 1107 Tria
950 1055 1151 1109 etenim
1188 1068 1330 1115 sunt,
1361 1072 1499 1125 quae
1540 1057 1591 1109 in
1623 1057 1768 1110 omni

209 1134 518 1204 substantia,
560 1140 673 1195 sive
716 1143 1034 1212 corporibus
1077 1145 1425 1208 adhaerente,
1474 1147 1587 1199 sive
1624 1145 1769 1199 oumi

208 1241 420 1297 corpore
464 1232 733 1297 absoluta,
788 1235 831 1288 si
886 1241 1062 1287 tamen
1117 1235 1293 1303 aliqua
1340 1236 1638 1290 substantia
1690 1246 1771 1289 est

206 1328 407 1388 praeter
454 1322 639 1387 Deum,
680 1341 821 1394 quae
854 1326 966 1380 sive
1013 1327 1328 1396 iutelligibili
1369 1328 1481 1381 sive
1528 1327 1768 1381 sensibili

206 1427 415 1482 corpore
460 1425 683 1482 careat,
727 1418 1185 1473 incommutabilia
1236 1430 1291 1474 et
1336 1418 1768 1474 iucomersibilia

205 1515 530 1574 permanent,
562 1516 618 1561 ut
656 1510 708 1562 in
744 1510 1015 1579 prioribus
1059 1511 1208 1565 libris
1237 1510 1606 1579 multipliciter
1645 1526 1768 1580 per-

203 1596 470 1652 docuimus
508 1616 522 1651 :
562 1602 816 1663 essentia,
870 1602 1059 1662 virtus,
1104 1612 1159 1657 et
1207 1603 1464 1656 naturalis
1505 1602 1767 1671 operatio.

203 1682 438 1755 Nunquid
468 1689 602 1744 haec
636 1691 735 1744 tria
767 1707 928 1745 unum
959 1700 1104 1756 sunt,
1136 1702 1188 1746 et
1216 1708 1320 1745 non
1355 1707 1518 1744 unmn
1550 1706 1766 1760 compo-

201 1781 368 1845 situm,
425 1784 519 1838 sed
567 1786 1020 1856 simplicissimum
1071 1806 1237 1843 unum
1291 1798 1345 1843 ct
1393 1789 1771 1858 inseparabilis

200 1871 364 1924 unitas
383 1872 410 1925 ?
436 1873 636 1928 llorum
668 1876 812 1930 enim
843 1878 1045 1932 nullum
1076 1881 1192 1933 sine
1221 1881 1392 1938 altero
1416 1900 1536 1939 esse
1568 1895 1765 1955 potest,

199 1964 438 2028 quoniam
493 1965 653 2020 unius
709 1965 1057 2037 ejusdemque
1117 1971 1624 2027 substantiae'sunt
1662 1992 1675 2028 :
1709 1985 1766 2029 ct

202 2059 360 2105 tamen
394 2053 608 2108 ratione
645 2056 882 2109 consulta
926 2058 1178 2113 nonnulla
1220 2059 1520 2116 diﬁ‘erentia
1564 2064 1767 2118 discer-

199 2156 402 2201 nuntur.
456 2148 616 2204 Aliud
656 2159 739 2203 est
782 2151 925 2205 enim
983 2168 1123 2218 esse,
1176 2154 1320 2210 aliud
1360 2173 1518 2227 posse
1563 2160 1765 2229 aliquid

198 2233 411 2300 allicere,
459 2236 604 2291 aliud
650 2237 764 2308 ipse
808 2239 1052 2296 eﬂ‘ectus.
1086 2243 1243 2297 Aliud
1275 2255 1358 2301 est
1398 2248 1576 2302 arbori
1621 2265 1762 2315 esse,

197 2323 324 2377 aliud
365 2341 525 2393 posse
570 2344 837 2394 crescere,
885 2331 1029 2384 aliud
1056 2348 1320 2388 crescere.
1367 2336 1523 2391 Aliud
1561 2339 1763 2394 homini

197 2423 268 2466 est
304 2428 458 2482 esse,
494 2418 637 2471 aliud
682 2434 839 2489 posse
892 2421 1222 2494 intelligere,
1271 2425 1415 2480 aliud
1467 2428 1764 2499 intelligere

197 2508 321 2573 quod
342 2517 521 2576 potest
554 2512 869 2583 intelligere.
909 2514 976 2568 Et
1010 2517 1144 2572 haec
1177 2520 1276 2573 tria
1301 2522 1447 2575 omni
1481 2533 1764 2581 creaturae

196 2596 373 2651 visibili
410 2607 468 2652 et
500 2601 749 2656 invisibili
777 2604 952 2659 inesse
976 2606 1196 2661 dubium
1222 2625 1327 2664 non
1358 2621 1462 2665 est.

257 2688 338 2739 lii.
374 2689 578 2758 Accipe
608 2691 750 2745 aliud
779 2696 1087 2765 exemplum
1119 2698 1184 2752 de
1231 2700 1561 2756 adunatione
1609 2713 1762 2758 natu-

197 2793 360 2832 rarum
387 2780 508 2833 sine
527 2781 860 2845 confusione,
876 2786 959 2839 vel
986 2787 1239 2853 mixtura,
1254 2788 1336 2843 vel
1353 2793 1758 2860 compositione.

196 2866 317 2923 binm
351 2871 401 2925 in
432 2888 538 2926 una
571 2873 748 2943 specie
776 2875 928 2930 multi
958 2879 1168 2944 muneri
1208 2881 1591 2937 substantiales
1611 2893 1758 2949 sunt,

195 2970 236 3011 ct
269 2962 315 3014 in
337 2978 447 3017 uno
475 2978 668 3033 genere
709 2966 910 3021 multae
954 2969 1180 3036 species,
1208 2979 1265 3025 et
1295 2972 1345 3024 in
1392 2988 1495 3026 una
1526 2976 1759 3030 essentia

195 3052 341 3106 inulta
370 3070 594 3123 genera,
621 3065 677 3111 et
702 3058 774 3111 ita
809 3068 957 3124 sunt,
1000 3068 1060 3113 ut
1096 3076 1223 3115 vera
1262 3062 1452 3117 edocet
1498 3065 1654 3128 ratio,
1701 3076 1757 3119 ut

196 3140 241 3191 in
272 3159 368 3198 una
396 3146 558 3199 avictu
579 3148 996 3218 unumquodque
1037 3166 1207 3220 genus
1234 3167 1364 3206 suas
1390 3154 1635 3223 proprias
1671 3170 1761 3208 ra-

197 3231 353 3288 tiones
383 3236 684 3304 possideat,
710 3237 931 3294 alterius
956 3241 1171 3311 generis
1201 3243 1505 3298 rationibus
1551 3244 1758 3301 discre-

196 3326 284 3383 tas,
314 3336 491 3391 neque
515 3322 789 3389 confusas,
833 3340 1009 3396 neque
1050 3330 1264 3395 mixtas,
1293 3347 1468 3401 neque
1492 3335 1759 3403 composi-

194 3414 286 3471 tas,
330 3411 598 3466 adunatas
632 3422 837 3481 tamen,
891 3425 1071 3485 atque,
1101 3427 1160 3471 ut
1226 3418 1297 3472 ita
1345 3421 1541 3485 dicam,
1592 3439 1756 3478 unum

189 3502 483 3567 qnoddam’
540 3504 817 3575 multiplex
846 3517 902 3561 et
928 3510 1191 3579 simplex?
1230 3510 1491 3568 Similiter
1521 3516 1588 3570 de
1636 3531 1759 3585 spe-

189 3590 357 3645 cichus
389 3594 444 3647 in
492 3609 710 3664 genere,
757 3604 813 3650 et
859 3597 924 3652 de
978 3601 1216 3655 numeris
1265 3604 1662 3672 specialissimis
1701 3606 1754 3660 in

189 3684 353 3750 specie
396 3686 806 3757 intelligendum
858 3698 961 3744 est.
1016 3691 1219 3745 Horum
1265 3708 1497 3763 namque
1547 3695 1754 3765 singula

189 3785 416 3843 quaeque
441 3785 499 3829 et
524 3779 906 3847 proprietatem
936 3795 1086 3835 suam
1114 3789 1168 3834 ct
1201 3782 1577 3838 adunationem
1626 3800 1753 3853 pos-

190 3858 367 3924 sident,
389 3866 539 3918 omni
582 3868 966 3936 compositione
998 3877 1221 3923 remota.
1263 3868 1415 3922 Aliud
1447 3870 1750 3941 exemplum

119 4022 130 4035 .
190 3948 386 4007 intuere
405 3969 477 4008 ex
506 3957 746 4011 numeris
774 3960 999 4013 materia
1024 3959 1306 4013 absolutis.
1342 3959 1531 4014 Nonne
1559 3975 1752 4015 omnes

189 4044 382 4097 numeri
414 4044 532 4098 sive
580 4046 717 4100 ﬁniti
748 4048 862 4102 sive
906 4048 1121 4113 inﬁniti,
1167 4050 1268 4103 hoc
1296 4058 1402 4112 est,
1438 4048 1554 4103 sive
1585 4049 1751 4103 ratio-

188 4130 264 4183 nis
300 4134 846 4203 contemplationibus
894 4150 951 4193 et
998 4140 1453 4194 nominatiOnibus
1507 4156 1750 4209 compre-

186 4215 489 4288 hensibiles,
514 4224 629 4279 sive
663 4225 928 4281 humanae
952 4229 1127 4283 adhuc
1170 4230 1221 4282 in
1250 4230 1350 4283 hac
1371 4230 1479 4283 vita
1504 4241 1748 4284 contem-

185 4308 422 4377 plationis
460 4323 518 4369 et
563 4317 988 4373 ratiocinationis
1018 4320 1269 4375 virtutem
1316 4330 1653 4390 superantes,
1692 4323 1745 4377 in

186 4403 402 4458 monade
433 4421 601 4459 unum
644 4408 985 4463 subsistunt?
1010 4409 1077 4463 Et
1115 4411 1332 4478 quidem
1361 4413 1413 4465 in
1454 4413 1571 4481 ipsa
1600 4414 1746 4468 nulla
1781 4446 1825 4504 υ

182 4505 525 4550 numerorum
567 4499 901 4567 compositio,
941 4500 1024 4554 vel
1075 4502 1338 4564 confusio,
1390 4504 1471 4558 vel
1514 4506 1746 4560 mixtura

182 4593 523 4640 numerorum
546 4596 630 4641 est
653 4605 666 4640 :
686 4588 880 4659 singuli
907 4598 1087 4645 autem
1112 4608 1240 4646 suas
1261 4592 1561 4663 singulares
1589 4596 1756 4651 ratio-

181 4681 271 4724 nes
299 4671 353 4726 in
410 4688 483 4729 ea
523 4675 575 4728 Vi
621 4686 678 4730 et
732 4686 997 4747 potestate
1041 4681 1372 4734 custodiunt.
1416 4684 1546 4749 Quis
1607 4686 1749 4739 enim

183 4768 318 4814 recte
360 4763 755 4833 disputantium
787 4769 1006 4833 dixerit,
1044 4770 1313 4825 binarium
1357 4788 1640 4827 numerum
1668 4775 1752 4830 vel

184 4851 469 4905 ternarium
501 4853 555 4907 in
606 4858 833 4911 monade
859 4861 1187 4927 compositos
1213 4876 1356 4925 esse,
1398 4862 1469 4914 ita
1504 4871 1561 4914 ut
1603 4864 1751 4918 bina-

182 4935 288 4991 rius
332 4939 386 4993 in
431 4958 497 4995 ea
546 4943 632 4998 bis
680 4946 928 5015 singulis,
980 4957 1033 5001 et
1085 4951 1356 5004 ternarius
1403 4961 1484 5005 tcr
1526 4954 1751 5023 singulis

180 5025 475 5085 subsistat?
502 5030 560 5087 Si
591 5036 732 5089 enim
762 5037 864 5092 hoc
894 5037 1065 5102 ﬁeret,
1096 5056 1201 5094 non
1230 5051 1376 5096 esset
1414 5059 1619 5109 nionas,
1659 5047 1751 5100 sed

178 5116 466 5174 multarum
509 5124 885 5181 diversitatmn
936 5136 989 5182 et
1020 5130 1250 5197 partium
1294 5135 1657 5201 exaggeratio,
1697 5143 1754 5189 et

179 5205 590 5282 discrepantium
663 5235 1009 5273 numerorum
1066 5222 1328 5276 cumulus.
1415 5224 1511 5279 Est
1575 5236 1750 5281 autem

178 5310 383 5366 monas,
425 5303 480 5357 in
517 5320 620 5374 qua
656 5309 894 5363 omnium
945 5325 1287 5364 tmmcrorum
1338 5314 1570 5367 mirabili
1622 5329 1753 5384 qua-

1872 513 2112 569 binarius
2141 524 2195 570 et
2227 516 2495 569 ternarius
2534 532 2697 569 unum
2726 525 2872 579 sunt,
2899 524 2955 570 et
2998 516 3246 586 proprias
3285 516 3459 571 ratio-

1873 621 1970 659 nes
2012 608 2351 671 custodiunt,
2381 622 2485 675 quia
2535 606 2555 637 ³
2603 606 2706 660 sibi
2753 607 2984 661 invicem
3028 606 3447 673 conveniunt‘,

1871 693 2072 763 absque
2095 694 2199 747 ulla
2235 695 2375 748 mole
2400 710 2686 763 corporea,
2730 696 2936 765 absque
2960 695 3065 750 ulla
3093 696 3446 752 humanarum

1870 788 2254 857 cogitationum
2279 789 2560 857 phantasia
2588 804 2680 844 seu
2709 790 3108 858 phantasmate,
3145 805 3237 843 seu
3279 791 3454 858 phan-

1872 878 2040 931 ta~iae
2077 886 2130 929 et
2156 878 2547 945 pbantasmatis
2570 878 2930 947 copulatione,
2961 879 3051 933 sed
3078 878 3192 932 solo
3214 877 3444 949 simplici

1869 979 1925 1024 et
1971 969 2291 1040 intelligibili
2356 970 2629 1025 intellectu
2673 971 3018 1035 subsistunt,
3067 970 3209 1024 unde
3258 972 3311 1024 in
3362 984 3452 1025 res

1868 1074 2156 1126 corporeas
2180 1059 2292 1113 sive
2318 1059 2664 1128 incorporeas
2706 1060 3007 1128 procedunt
3047 1067 3169 1112 actu
3206 1067 3260 1111 et
3286 1071 3453 1126 opere

1852 1164 1962 1223 seu
2016 1158 2237 1202 naturae
2260 1149 2302 1211 ⁸,
2356 1149 2457 1203 hoc
2503 1157 2609 1214 est,
2651 1164 2743 1203 seu
2773 1148 3006 1202 naturali
3042 1163 3133 1201 seu
3176 1145 3452 1203 artiﬁciali

1868 1241 2180 1307 operatione
2233 1240 2286 1304 ⁸,
2350 1256 2443 1294 seu
2499 1240 2895 1294 arithmeticae.
2947 1237 3063 1292 Non
3116 1237 3302 1303 aliter,
3356 1236 3457 1291 sed

1868 1330 2056 1383 eadem
2100 1330 2304 1383 ratione
2345 1330 2409 1383 de
2438 1329 2690 1383 omnibus
2732 1329 2977 1382 numeris
3002 1343 3032 1381 a
3066 1327 3297 1381 monade
3324 1341 3453 1395 pro-

1868 1421 2258 1491 gredientibns,
2283 1429 2338 1475 et
2368 1421 2420 1475 in
2466 1422 2693 1476 eandem
2723 1419 2974 1475 resolutis
3012 1418 3442 1489 intelligendum.

1869 1510 2006 1575 Quid
2053 1511 2118 1563 de
2166 1519 2363 1578 pum-to
2426 1510 2731 1574 dicendmn,
2790 1502 2832 1562 a’
2879 1523 2987 1577 quo
3032 1523 3220 1562 omnes
3276 1506 3451 1560 lineae

1868 1600 2239 1670 egrediuntur,
2283 1611 2337 1653 et
2367 1600 2420 1653 in
2447 1600 2588 1669 quod
2619 1600 2986 1664 resolvuntur,
3027 1606 3082 1652 et
3112 1598 3164 1650 in
3198 1613 3262 1652 eo
3285 1612 3450 1651 unmn

1871 1700 2018 1755 sunt,
2054 1706 2226 1759 neque
2259 1690 2386 1745 illud
2419 1707 2581 1745 unum
2629 1690 3011 1759 compositum,
3058 1688 3153 1743 sed
3189 1704 3253 1742 ex
3283 1688 3449 1743 ratio-

1870 1784 2028 1835 nibus
2054 1783 2283 1837 diversis
2304 1781 2634 1837 adunatum?
2664 1781 2772 1836 Nec
2801 1780 2986 1834 talium
3013 1778 3256 1848 exempla
3285 1779 3448 1833 etiam

1868 1873 1922 1926 in
1949 1874 2107 1927 rebus
2148 1873 2495 1927 seusibilibus
2523 1872 2740 1927 desunt.
2787 1870 2905 1924 Non
2950 1868 3197 1939 negabis,
3231 1877 3289 1922 ut
3331 1868 3450 1922 exi-

1868 1964 2049 2024 stimo,
2100 1961 2377 2016 oculorum
2431 1962 2612 2014 radios
2638 2002 2653 2026 ,
2697 1959 3119 2027 caelestiumque
3162 1972 3450 2027 corporum

1865 2052 2122 2121 fulgores,
2152 2063 2564 2121 ceterorumque
2597 2051 2942 2103 luminarium
2975 2048 3259 2102 seusibiles
3287 2056 3449 2116 atque

1866 2159 2157 2213 corporeus
2183 2157 2324 2198 esse.
2363 2144 2506 2197 Disc.
2539 2142 2670 2209 Quis
2699 2140 2949 2211 negarit?
2978 2139 3031 2193 Si
3055 2139 3197 2193 enim
3223 2137 3453 2192 lumina-

1864 2236 2003 2289 rium
2040 2234 2292 2302 splendor
2320 2249 2615 2303 corporeus
2657 2242 2762 2297 cst,
2805 2248 2903 2287 cur
2934 2247 3039 2285 non
3071 2231 3232 2285 etiam
3267 2229 3452 2283 oculo-

1864 2326 2030 2381 rum?
2064 2325 2195 2378 Nam
2236 2325 2485 2378 fortassis
2518 2325 2634 2378 loca
2676 2340 2780 2377 non
2833 2323 3140 2392 implerent,
3188 2331 3242 2375 et
3270 2321 3451 2375 locali-

1866 2427 1947 2471 ter
1985 2432 2089 2470 non
2148 2416 2575 2486 porrigerentur,
2630 2415 2672 2468 si
2724 2415 3029 2483 corporales
3086 2428 3191 2467 non
3243 2421 3445 2470 es.~eut.

1861 2508 2001 2564 MAG.
2040 2508 2153 2578 Age
2188 2508 2301 2578 jam
2333 2508 2375 2569 ",
2424 2507 2538 2560 sive
2584 2505 2673 2559 lux
2703 2505 2978 2560 Oculorum
3009 2513 3062 2557 et
3104 2501 3446 2555 lmninarium

1860 2616 2119 2670 corporea
2166 2601 2256 2664 sit,
2290 2599 2373 2654 vel
2418 2616 2523 2652 non
2566 2600 2666 2662 sit,
2710 2596 3018 2652 sensibilem
3066 2596 3087 2627 ⁸
3131 2608 3250 2648 esse
3289 2607 3449 2646 nemo

1861 2692 2157 2762 denegavit.
2213 2690 2328 2744 DIC.
2384 2688 2574 2743 Nemo.
2649 2687 2756 2742 Sed
2815 2702 2983 2757 quare
3046 2685 3325 2747 haesitas,
3384 2698 3448 2736 ac

1860 2781 2025 2836 veluti
2081 2779 2277 2834 dubius
2320 2780 2520 2833 videris
2572 2777 2639 2833 de
2688 2778 2826 2840 luce,
2870 2786 3050 2830 utrum
3106 2790 3301 2844 corpus
3352 2772 3445 2839 sit,

1860 2890 1927 2928 an
1968 2872 2117 2927 non?
2153 2874 2329 2942 Atque
2375 2871 2495 2927 ideo
2536 2871 2696 2925 velim
2733 2879 2937 2924 certam
2976 2868 3099 2922 inde
3126 2866 3445 2921 sententiam

1859 2964 2065 3018 amlire.
2387 2975 2392 2981 ‘

1935 3055 2022 3108 ll.
2063 3053 2203 3108 MAG.
2246 3052 2322 3107 De
2366 3051 2574 3106 ratione
2598 3049 2735 3104 lucis
2766 3064 2909 3103 nunc
2950 3064 3056 3102 non
3100 3047 3318 3116 agitur:
3352 3047 3445 3099 sed

1863 3144 1991 3214 quid
2014 3142 2081 3198 de
2111 3143 2224 3210 ipsa
2255 3141 2444 3202 sentio,
2477 3139 2732 3209 quoniam
2778 3153 2809 3191 a
2857 3153 2941 3191 me
2967 3136 3162 3205 exigis,
3206 3133 3445 3187 breviter

1861 3234 2058 3288 dicam.
2097 3232 2152 3285 ln
2186 3238 2377 3287 natura
2419 3245 2599 3283 rerum
2638 3228 2739 3281 tria
2786 3225 3123 3280 rationabilis
3167 3221 3445 3291 inquisitio

1861 3323 2086 3378 invenit.
2136 3320 2307 3377 Omne
2335 3320 2500 3384 enim,
2533 3319 2673 3388 quod
2714 3328 2819 3383 est,
2854 3326 2946 3372 aut
2977 3330 3174 3385 corpus
3216 3323 3320 3377 est,
3350 3321 3446 3368 aut

1861 3414 2258 3484 incorporeum,
2287 3420 2379 3465 aut
2410 3411 2667 3474 medium,
2709 3409 2851 3479 quod
2892 3407 3175 3479 corporale
3215 3406 3434 3468 dicitur,

1861 3517 1917 3561 et
1955 3519 2128 3574 neque
2154 3518 2349 3571 corpus
2378 3509 2492 3567 est,
2519 3516 2692 3570 neque
2724 3500 3121 3569 incorporeum,
3153 3497 3206 3550 in
3248 3510 3445 3564 corpo-

1861 3596 2010 3650 ribus
2037 3603 2213 3648 tamen
2237 3593 2488 3657 sentitur,
2518 3601 2573 3647 et
2597 3600 2884 3662 propterea
2917 3588 3199 3659 corporale
3224 3587 3441 3642 dicitur.

1861 3686 1930 3741 Et
1963 3693 2046 3739 est
2089 3683 2352 3754 quidem’
2385 3698 2580 3753 corpus
2608 3698 2792 3748 omne,
2815 3683 2957 3753 quod
3001 3680 3357 3750 longitudine,
3389 3685 3446 3732 et

1861 3775 2169 3838 latitudine,
2218 3783 2274 3828 et
2318 3773 2601 3828 altitudine
2649 3774 2985 3837 extenditur,
3034 3771 3148 3825 sive
3196 3766 3444 3823 naturale

1860 3865 1951 3929 sit,
1982 3864 2097 3917 sive
2122 3864 2533 3932 geometricum.
2560 3862 2939 3932 lucorporeum
2968 3869 3051 3914 est
3071 3873 3254 3923 onme,
3278 3856 3445 3926 quod-

1858 3968 2072 4025 cunque
2113 3954 2406 4024 praedictis
2465 3954 2655 4022 spatiis
2717 3952 2939 4007 omnino
3006 3958 3174 4013 caret,
3240 3955 3297 4000 ut
3359 3952 3444 3999 est

1856 4048 1989 4109 vita,
2021 4047 2166 4100 omni
2210 4046 2435 4099 materia
2489 4059 2701 4098 carens.
2758 4041 3050 4111 Corporale
3093 4055 3219 4095 vero
3248 4046 3352 4103 est,
3384 4045 3446 4090 ut

1856 4136 2029 4199 color,
2062 4145 2116 4189 et
2148 4135 2340 4196 forma,
2372 4144 2425 4188 et
2452 4132 2672 4196 similia,
2704 4147 2842 4201 quae
2872 4146 3043 4200 neque
3071 4143 3267 4197 corpus
3294 4135 3438 4188 sunt,

1855 4225 1982 4295 quia
2010 4224 2154 4278 circa
2182 4238 2409 4292 corpora
2453 4220 2847 4290 intelliguntur,
2897 4234 3074 4287 neque
3122 4218 3441 4284 incorporea

1855 4315 2152 4383 Sunt,quia
2197 4328 2411 4383 semper
2464 4312 2782 4381 corporibus
2832 4311 3149 4363 adhaerent.
3205 4307 3260 4361 Si
3311 4320 3442 4375 ergo

1856 4409 1945 4464 lux
1985 4408 2134 4462 color
2163 4416 2264 4471 est,
2296 4416 2349 4459 et
2378 4404 2582 4459 formas
2628 4421 2806 4458 rerum
2839 4402 3179 4457 sensibilium
3211 4399 3437 4470 detegit,

1853 4500 1982 4569 quid
2023 4497 2266 4567 impedit,
2304 4510 2372 4548 ne
2399 4494 2631 4560 dicatur,
2665 4510 2838 4562 neque
2865 4507 3063 4562 corpus
3094 4506 3235 4555 esse,
3266 4504 3441 4558 neque

1852 4592 2248 4659 incorporeum,
2284 4588 2374 4642 sed
2404 4587 2635 4640 medium
2669 4588 2957 4655 quoddam,
2994 4584 3135 4654 quod
3160 4582 3442 4653 corporale

1854 4679 2054 4733 dicitur
2084 4688 2243 4747 atque
2266 4675 2563 4731 sensibile?
2596 4676 2738 4729 Disc.
2772 4674 2904 4728 Redi
2936 4676 3002 4728 ad
3057 4673 3391 4745 propositum
3421 4691 3435 4727 :

1855 4785 2029 4838 neque
2056 4769 2197 4823 enim
2240 4768 2283 4800 ¹⁰
2320 4768 2411 4823 hic
2460 4767 2662 4822 diutius
2703 4766 3118 4820 immorandum.
3166 4763 3442 4819 Facillime

1857 4860 2053 4929 quippe
2096 4856 2447 4923 crediderim,
2481 4856 2657 4910 lumen
2703 4854 2980 4909 oculorum
3010 4870 3102 4908 seu
3134 4863 3436 4909 ceterorum

1856 4955 2201 5009 luminarium
2230 4955 2462 5009 colorem
2488 4969 2628 5017 esse,
2649 4962 2703 5006 ct
2724 4968 2897 5022 neque
2930 4966 3124 5022 corpus
3154 4966 3327 5020 neque
3353 4950 3439 5002 iu-

1858 5064 2196 5118 corporeum.
2217 5047 2321 5102 Sed
2350 5048 2524 5102 adhuc
2545 5062 2649 5102 non
2674 5050 2805 5101 satis
2829 5046 2985 5100 video
3005 5086 3019 5111 ,
3044 5055 3222 5099 utrum
3249 5042 3334 5095 ille
3359 5056 3442 5093 ra-

1858 5140 2001 5199 dius,
2028 5138 2176 5193 vcrbi
2202 5140 2398 5208 gratia,
2443 5137 2654 5203 solaris,
2681 5138 2765 5192 vel
2793 5137 3069 5192 oculorum
3103 5132 3436 5194 animalium,

1857 5244 2050 5297 corpus
2072 5229 2336 5298 quoddam
2361 5229 2448 5291 sit,
2477 5244 2542 5282 an
2562 5229 2866 5299 corporale,
2896 5245 2959 5282 ac
2990 5223 3322 5281 solnnuuodu
3348 5235 3441 5271 ro-

1855 5318 1938 5372 lor
1952 5320 2095 5373 circa
2110 5334 2332 5389 corpora
2359 5320 2631 5375 sensibilis
2657 5340 2669 5375 :
2697 5322 2921 5390 ideoque
2937 5317 3162 5371 delinias
3183 5323 3441 5382 optarun,

1456 5419 1712 5477 VARIAE
1747 5426 2146 5484 LECTIONES.

243 5529 261 5559 ι
286 5524 376 5578 Sic
401 5522 511 5583 CF.
532 5543 547 5590 ;
569 5528 612 5581 Α
640 5528 846 5583 habent.

176 5590 256 5648 CF
274 5609 289 5655 ;
316 5594 361 5649 A
390 5607 603 5652 natura.

174 5661 197 5693 ⁹
222 5682 428 5734 ιιιειτιιίη
458 5684 563 5722 om.
599 5671 661 5724 A.

922 5530 943 5560 ²
972 5529 1056 5584 CF
1100 5530 1372 5598 quiddam.

744 5670 785 5701 ¹⁰
811 5670 948 5723 enim
992 5686 1100 5724 om.
1134 5671 1198 5722 A.

1450 5531 1470 5562 ³
1498 5532 1590 5607 Sic
1719 5535 1809 5607 ;WA
1834 5553 1987 5607 quae.

704 5599 848 5677 ‘_Itoc
870 5608 942 5677 est
972 5617 1063 5654 seu
1081 5600 1313 5677 naturali
1353 5618 1440 5656 seu
1488 5604 1760 5673 artiﬁciali
1803 5599 2103 5677 operatione
2131 5599 2239 5663 ent.
2289 5610 2393 5664 (JF.

2089 5537 2111 5569 ‘
2141 5539 2257 5607 fons
2301 5556 2433 5593 unus
2461 5537 2937 5607 est—conveniunt
2985 5531 3185 5607 om._C.
3288 5533 3309 5563 ⁸
3345 5536 3437 5584 Sig:

2497 5612 2515 5641 ⁷
2538 5610 2653 5679 jam
2693 5623 2802 5660 om.
2846 5605 2914 5658 A.
3037 5605 3060 5635 ⁸
3087 5603 3129 5658 Α
3174 5609 3445 5667 sensibile.
