3898 6154
431 258 537 316 883

1815 247 2098 305 JOANNIS
2139 248 2341 305 εεοτι

3584 253 3681 308 δπι

429 373 558 443 quid
590 373 660 427 sit
692 371 890 426 radius.
919 370 1057 426 MAG.
1082 368 1291 424 Radius
1329 373 1431 431 est,
1462 373 1518 420 ut
1552 365 1761 435 opinor,
1794 362 2010 432 igneum
2039 362 2088 422 Α
2119 369 2224 415 tem
2275 342 2583 416 resolvitur.
2627 361 2722 418 llis
2773 361 2955 431 itaque
2982 372 3143 432 atque
3178 364 3479 427 huiusmodi
3510 382 3683 419 rerum

430 466 712 535 quiddam,
737 463 984 533 simplex,
1022 461 1426 526 tenuissimum,
1451 473 1665 529 purum,
1693 455 1870 520 velox,
1899 468 2013 507 mo-

429 556 557 619 bile,
587 553 880 618 luciﬂuum,
908 567 977 607 ex
1014 566 1123 622 quo
1158 551 1411 622 splendor
1455 548 1753 620 procedens
1798 545 1913 600 loca
1957 551 2013 598 et

431 657 681 710 corpora,
726 654 865 709 quae
905 648 1179 709 penetrat,
1213 639 1485 693 illuminat
1534 647 1696 705 atque
1745 634 2007 689 declarat.

437 733 577 786 οιειπ
595 732 742 786 Talis
767 730 1013 787 definitio
1032 730 1344 787 verisimilis
1369 730 1599 783 videtur.
1630 727 1734 782 Sed
1754 739 2007 797 quorsum

433 820 601 873 istaec
628 819 687 872 ’?

507 910 590 963 12.
634 909 772 964 Mite.
816 909 930 963 Non
966 909 1245 972 aliorsum,
1300 908 1403 961 nisi
1445 914 1503 960 ut
1540 906 1833 974 intelligas,
1877 920 2010 973 quo-

430 1001 593 1054 modo
615 1001 638 1032 ²
667 1001 957 1054 multorum
1004 1008 1058 1055 et
1088 998 1556 1054 innumerabilimu
1584 998 1880 1061 hominum,
1914 1011 2007 1049 seu

430 1102 737 1145 ceterorum
784 1090 1134 1153 animalium,
1189 1090 1403 1142 videndi
1460 1103 1653 1142 sensus
1707 1087 2008 1156 capacium,

433 1182 578 1235 visus
606 1183 748 1234 circa
775 1181 993 1248 aliquod
1030 1180 1243 1233 visibile
1278 1195 1384 1231 uno
1419 1180 1712 1247 eodemque
1740 1182 2011 1231 momento

430 1272 689 1341 temporis
716 1271 980 1324 volvatur.
1015 1269 1177 1323 Verbi
1205 1270 1399 1340 gratia,
1427 1284 1588 1322 aurea
1622 1267 1929 1338 sphaerula,
1956 1266 2009 1319 in

428 1362 743 1415 summitate
764 1361 1027 1415 altissima
1051 1362 1217 1415 turris
1245 1360 1441 1430 posita,
1475 1361 1633 1412 simul
1669 1360 1737 1413 ab
1759 1358 2011 1413 omnibus

427 1453 662 1522 undique
679 1451 1158 1507 circumstantibus
1174 1461 1344 1521 potest
1364 1450 1557 1514 videri,
1573 1457 1627 1504 et
1640 1449 2011 1518 unusquisque

427 1542 574 1596 illam
601 1541 974 1608 aspicientium
995 1543 1218 1596 obtutus
1245 1541 1327 1595 sui
1350 1540 1529 1594 radios
1550 1540 1604 1593 in
1629 1555 1692 1595 ea
1714 1540 1939 1609 ’intigit,
1957 1548 2014 1594 et

426 1633 605 1688 nullus
626 1632 713 1686 alii
746 1633 897 1698 dicit,
922 1631 1070 1689 Tolle
1103 1640 1251 1687 tuum
1275 1634 1467 1693 visum.
1501 1641 1553 1685 ut
1580 1642 1634 1686 et
1662 1647 1761 1702 ego
1800 1633 2008 1686 videam

2113 449 2530 521 iutelligibilium
2550 460 2601 505 et
2629 452 2967 506 sensibilium
2999 455 3262 523 exemplis
3284 455 3535 509 facillime
3561 474 3684 524 pos-

2080 531 2300 595 .sumus
2330 556 2680 611 cognoscere,
2732 541 3113 597 adunalioncm
3163 545 3430 599 humanae
3465 558 3685 601 naturae

2113 630 2227 685 fieri
2255 646 2435 701 posse,
2463 633 2885 702 proprietatibus
2915 634 3245 703 singularum
3266 637 3679 691 substantiamm

2111 719 2435 774 observatis.
2482 720 2589 776 Sed
2638 723 2894 791 quoniam
2940 722 3008 777 de
3038 725 3209 778 reditu
3243 740 3423 779 sermo
3462 737 3565 790 est,
3596 743 3683 781 ue-

2111 813 2406 867 cessarium
2449 828 2733 883 quaerere,
2758 815 2885 885 quid
2914 818 3157 887 corporis
3188 819 3240 872 in
3280 820 3515 874 animam
3540 822 3566 853 ⁸
3605 838 3683 875 rc-

2110 916 2391 955 vcrsurum
2449 903 2565 966 sit,
2611 912 2671 956 ut
2712 903 2804 959 fiat
2847 921 2968 960 cum
3034 906 3172 975 ipsa,
3213 909 3355 961 sicut
3396 909 3681 980 Gregorius

2114 989 2420 1060 Theologus
2448 992 2542 1055 ait,
2568 1008 2703 1046 unus
2732 1004 2780 1047 et
2825 995 3041 1064 spiritus
3069 997 3091 1028 ⁷
3120 1007 3168 1050 et
3197 1001 3405 1051 animus
3433 1011 3478 1051 et
3522 1000 3679 1062 Deus,

2112 1081 2194 1134 Vel
2228 1092 2282 1135 ut
2318 1082 2658 1151 fermentetur
2682 1086 2736 1138 in
2782 1103 2943 1140 unum
2972 1089 3385 1157 incompositum,
3418 1100 3475 1144 ut
3503 1092 3681 1146 beatus

2112 1171 2432 1227 Ambrosius
2456 1174 2665 1238 edocet,
2695 1176 2737 1228 si
2778 1178 3079 1231 substantia
3117 1180 3304 1249 ipsius,
3341 1184 3583 1250 corporis
3609 1185 3683 1235 di—

2112 1275 2195 1325 co,
2229 1277 2444 1330 semper
2491 1263 3015 1321 iuconnnutabilitcr
3039 1268 3244 1336 absque
3282 1270 3386 1323 ulla
3416 1281 3684 1325 transuta-

2112 1352 2316 1406 tatioue
2343 1354 2364 1384 ⁸
2390 1368 2741 1422 permansura
2774 1357 2864 1410 sit.
2906 1357 3049 1412 Idem
3100 1360 3280 1429 itaque
3316 1372 3537 1415 sanctus
3558 1362 3684 1417 Gre-

2111 1441 2296 1508 gorius
2354 1442 2634 1511 praefatus
2688 1447 2875 1515 paucis
2918 1449 3101 1503 verbis
3125 1450 3266 1503 hanc
3313 1454 3682 1519 quaestionem

2113 1532 2289 1597 solvit,
2323 1535 2508 1589 dicens
2539 1554 2551 1589 :
2583 1537 2834 1607 Absorpto
2861 1557 2893 1593 a
2929 1541 3035 1594 vita
3064 1550 3111 1594 et
3152 1544 3363 1596 mortali
3407 1555 3453 1597 et
3475 1546 3683 1612 ﬂuenti.

2112 1624 2190 1679 Ac
2215 1625 2258 1679 si
2286 1637 2471 1696 aperte
2498 1628 2700 1683 diceret
2733 1648 2745 1682 :
2779 1631 2912 1683 Dum
2948 1632 3261 1702 absorptum
3307 1633 3468 1688 fuerit
3492 1652 3525 1689 a
3554 1639 3683 1699 rita,

425 1725 568 1794 quod
616 1725 786 1785 νίίιρ.⁹
847 1726 972 1792 quia
1018 1723 1180 1778 simul
1237 1738 1426 1779 omnes
1482 1732 1705 1792 possunt
1744 1724 2008 1795 aspicere,
2041 1709 2086 1768 B
2113 1717 2372 1788 quicquid
2411 1720 2639 1774 mortale
2678 1729 2732 1775 et
2778 1721 2961 1776 tluxile
3004 1730 3088 1776 est
3144 1725 3195 1777 in
3235 1738 3479 1793 corpore.
3534 1724 3684 1791 Quod

429 1814 489 1869 Si
550 1831 680 1886 ergo
710 1820 786 1870 tot
829 1816 963 1869 radii
1024 1816 1076 1869 in
1133 1831 1298 1870 unum
1361 1814 1660 1879 confluunt,
1714 1824 1769 1869 et
1832 1814 2010 1869 nullus

427 1906 584 1961 alteri
633 1906 1006 1967 confunditur,
1052 1906 1135 1960 vel
1183 1905 1465 1971 miscetur,
1509 1905 1595 1961 vel
1641 1905 2006 1974 componitur,

425 1997 680 2066 quoniam
730 1996 926 2067 singuli
982 1996 1304 2049 intuentium
1354 1996 1554 2065 quique
1625 1996 2008 2066 proprietatem

426 2103 577 2142 suam
592 2088 614 2119 ⁸
640 2089 903 2151 obtinent,
922 2087 1049 2142 dum
1073 2087 1220 2143 circa
1237 2104 1397 2142 unam
1419 2087 1755 2157 eandemque
1773 2102 1885 2142 rem
1905 2089 2007 2142 mi-

426 2177 581 2232 rabili
607 2178 834 2249 quadam
873 2178 1197 2235 adunatioue
1244 2189 1535 2236 versantur
1568 2195 1582 2237 :
1614 2180 1740 2251 quid
1787 2181 2004 2246 mirum,

426 2268 475 2323 si
506 2277 615 2323 tota
641 2269 877 2324 humana
913 2280 1102 2325 natura
1133 2271 1186 2325 in
1234 2272 1495 2326 unitatem
1526 2272 1799 2340 quandam
1823 2270 2008 2327 ineffa-

426 2357 588 2413 bilem
621 2359 916 2427 redigatur,
966 2361 1389 2431 proprietatibus
1414 2371 1471 2418 et
1509 2363 1776 2433 corporis,
1804 2371 1859 2418 et
1884 2363 2005 2418 ani-

427 2464 570 2515 mae,
590 2459 644 2505 et
669 2450 976 2507 intellectus
1007 2453 1518 2509 incommutabiliter
1532 2455 2006 2524 permanentibus?

424 2537 583 2593 Aliud
604 2540 909 2610 exemplum
939 2556 1004 2596 ex
1033 2542 1377 2598 seusibilibns
1408 2543 1637 2607 intuere,
1666 2544 1806 2613 quod
1835 2544 2002 2598 etiam

424 2627 616 2682 beatus
648 2628 928 2701 Dionysius
954 2630 1278 2701 Areopagita
1309 2631 1375 2688 de
1400 2633 1596 2688 talibus
1617 2633 1898 2703 disputans
1922 2633 2004 2687 in-

426 2714 683 2771 troduxit.
714 2717 982 2773 Pouamus
1015 2720 1177 2775 veluti
1208 2721 1260 2775 in
1290 2723 1519 2792 quadam
1547 2725 1776 2780 ecclesia
1806 2725 2004 2783 multas

424 2804 676 2862 lucernas
698 2809 857 2863 simul
887 2811 1162 2877 ardentes,
1200 2822 1256 2868 et
1282 2829 1346 2868 ex
1380 2815 1609 2871 diversis
1636 2818 1852 2872 sedibus
1873 2818 2004 2872 lam-

425 2897 620 2965 padum
649 2897 914 2969 fulgentes
946 2916 960 2953 :
992 2916 1170 2956 nonne
1220 2918 1387 2957 unum
1423 2904 1601 2961 lumen
1641 2905 1899 2973 efficiunt,
1930 2909 2001 2963 ita

425 2994 485 3039 ut
508 2986 684 3043 nullus
726 3005 1017 3060 corporeus
1044 3007 1234 3048 sensus
1270 2994 1361 3060 sit,
1391 2997 1479 3064 qui
1506 2999 1895 3068 proprietatem
1921 3001 2001 3053 lu-

2111 1807 2272 1861 etiam
2311 1807 2602 1878 Apostolus
2648 1812 3091 1868 manifestissime
3125 1814 3299 1869 docet.
3343 1815 3432 1869 Ait
3478 1815 3679 1870 enim:

2111 1896 2418 1954 Seminatdr
2460 1918 2650 1971 corpus
2685 1903 2935 1968 animale,
2962 1912 3138 1974 surget
3168 1921 3354 1975 corpus
3386 1905 3683 1975 spirituale.

2108 1988 2240 2043 Item
2275 2007 2288 2044 :
2327 1990 2459 2044 Dum
2486 1993 2821 2062 corruptibile
2839 1993 2935 2047 hoc
2962 1994 3190 2048 induerit
3214 1996 3681 2065 incorruptionem,

2108 2089 2157 2134 et
2190 2081 2411 2135 mortale
2440 2083 2538 2136 hoc
2562 2083 2791 2138 induerit
2828 2084 3292 2139 immortalitatem.
3315 2084 3477 2141 Moles
3500 2086 3683 2155 itaque

2110 2179 2351 2236 terrena,
2381 2173 2650 2238 mortalis,
2682 2173 2904 2241 fluxilis,
2935 2191 3076 2246 quae
3104 2191 3170 2231 ex
3206 2176 3431 2231 diversis
3453 2177 3684 2247 qualita-

2108 2265 2251 2321 tibus
2272 2266 2605 2347 sensibilium
2637 2268 3029 2326 elementorum
3059 2280 3116 2326 et
3142 2283 3413 2342 assumpta
3443 2282 3500 2327 et
3524 2288 3676 2327 com-

2105 2358 2279 2426 posita
2304 2366 2409 2419 est,
2452 2360 2555 2414 sub
2585 2360 2757 2414 forma
2797 2362 2922 2427 hac,
2949 2377 3090 2432 quae
3129 2362 3377 2417 sensibus
3405 2363 3684 2433 corporeis

2107 2444 2472 2510 suceumbit’,
2507 2446 2648 2500 sicut
2675 2446 2726 2501 in
2768 2449 3221 2516 praecedentibus
3241 2448 3395 2504 libris
3429 2451 3685 2504 tractavi-

2107 2547 2228 2588 mus
2260 2573 2275 2598 ,
2335 2535 2587 2602 quoniam
2650 2538 2845 2592 merito
2902 2541 3107 2610 peccati
3164 2539 3395 2594 naturali
3439 2541 3685 2609 corporis

2106 2625 2559 2695 substantialique
2587 2629 2932 2696 superaddita
2972 2639 3075 2693 est,
3101 2630 3361 2695 solvetur,
3390 2640 3446 2685 et
3474 2631 3531 2685 in
3575 2646 3684 2684 me-

2105 2712 2207 2768 lius
2241 2714 2557 2780 mutabitur,
2613 2717 2666 2771 iu
2717 2718 2965 2787 spiritum
3022 2721 3380 2790 stabilemque
3432 2724 3683 2775 substan-

2107 2803 2256 2869 tiam,
2310 2819 2448 2874 qnae
2494 2807 2663 2862 nescit
2717 2808 2882 2864 ﬂuere
2918 2811 3003 2865 vel
3048 2810 3210 2874 mori,
3266 2814 3688 2866 resurrectionis

2105 2904 2347 2965 tempore
2396 2912 2702 2953 reversum.
2739 2897 3035 2954 Sanissima
3069 2916 3302 2970 namque
3329 2912 3383 2956 et
3410 2902 3689 2956 catholica

2107 2982 2210 3038 fide
2237 2985 2532 3050 credimus,
2566 2987 2871 3042 divinorum
2909 2989 3169 3054 virorum,
3200 2990 3458 3060 Theologi
3496 2992 3690 3045 videli-

425 3077 583 3132 minis
613 3081 943 3150 singularum
971 3083 1274 3153 lampadum
1315 3089 1383 3142 ab
1408 3089 1627 3145 alterius
1657 3091 1855 3147 lumine
1876 3109 1996 3161 pos-

2108 3083 2194 3130 cet
2221 3074 2464 3146 Gregorii
2495 3084 2551 3131 et
2601 3076 2841 3143 Maximi,
2875 3079 2939 3134 de
2972 3080 3170 3135 talibus
3200 3057 3551 3135 inconcussas
3598 3098 3690 3134 ra-

423 3168 494 3222 sit
541 3172 883 3228 discernere?
920 3175 996 3229 Eo
1033 3186 1210 3232 autem
1256 3191 1577 3250 argumento
1618 3181 1999 3239 incunctanter

423 3262 821 3328 apertissimum
861 3274 962 3329 est,
994 3268 1285 3337 multarum
1309 3272 1618 3341 lampadum
1646 3274 1848 3329 lumina
1874 3275 1995 3329 nul-

422 3348 476 3401 lo
499 3351 657 3404 modo
680 3368 798 3406 esse
827 3355 1071 3421 confusa,
1100 3358 1193 3413 sed
1217 3361 1553 3417 solummodo
1578 3365 1833 3419 adunata.
1861 3360 1993 3421 Nam

421 3438 467 3492 si
500 3440 641 3508 quis,
670 3442 818 3496 verbi
848 3445 1044 3515 gratia,
1094 3445 1267 3503 lucem
1298 3451 1455 3505 unius
1484 3453 1745 3522 lampadis
1785 3473 1850 3510 ex
1882 3458 1993 3527 ipsa

424 3528 604 3593 domo,
639 3531 690 3584 iu
709 3548 811 3601 qua
836 3532 1036 3600 lucent,
1060 3536 1408 3605 subtraxerit,
1425 3550 1480 3596 et
1505 3542 1757 3598 aliorsum
1782 3546 1996 3602 duxerit

421 3621 729 3687 ardentem,
773 3624 840 3679 de
866 3641 964 3681 suo
1010 3628 1227 3698 proprio
1259 3629 1461 3686 lumine
1508 3633 1650 3688 inter
1688 3646 1992 3691 ceterarum

420 3708 725 3780 lampadum
766 3715 1080 3784 splendores
1113 3719 1243 3774 nihil
1275 3721 1563 3792 relinquet,
1591 3725 1726 3779 nihil
1762 3727 1992 3782 aliarum

416 3799 635 3857 luminis
655 3806 952 3861 subtrahet.
974 3807 1065 3863 Sic
1094 3810 1159 3864 de
1174 3813 1630 3871 celet-isomnibus
1657 3817 1993 3889 lampadibus

413 3891 771 3947 sentiendum.
819 3895 950 3950 Nam
977 3898 1022 3951 si
1043 3901 1107 3953 et'
1132 3900 1279 3970 ipsae
1319 3905 1628 3959 subtractae
1664 3906 1893 3974 fuerint,
1919 3910 1991 3965 nil

412 3981 567 4036 alieni
589 3983 802 4041 luminis
815 4002 995 4042 secum
1019 3992 1357 4059 subtrahent,
1381 3995 1453 4048 uil
1477 3998 1674 4066 proprii
1698 3999 1988 4059 dimitteut.

488 4071 573 4126 15.
604 4071 739 4128 Num
787 4077 949 4131 simili
998 4082 1158 4135 modo
1195 4083 1275 4137 .de
1307 4084 1559 4141 humanis
1609 4090 1990 4161 organicisque

411 4163 635 4218 vocibus
666 4164 1016 4237 intelligitur?
1047 4166 1267 4243 Singula
1315 4191 1566 4245 quaeque
1592 4194 1718 4244 vox,
1757 4181 1870 4236 sive
1892 4182 1990 4236 hu-

415 4267 594 4324 mana,
628 4253 742 4310 sive
788 4256 1066 4324 fistulatis,
1114 4262 1198 4317 vel
1228 4263 1429 4335 lyrica,
1479 4267 1795 4337 qualitatem
1832 4287 1983 4327 suam

2106 3166 2280 3220 tiones
2324 3166 2662 3221 reddentium
2708 3169 2956 3238 dogmate
3005 3169 3384 3240 imbuti,quod
3428 3170 3688 3225 conditor

2105 3255 2375 3310 humanae
2406 3264 2631 3311 naturae
2663 3265 2829 3311 totam
2871 3259 3028 3313 simul
3050 3275 3169 3313 eam
3192 3260 3419 3324 creavit,
3442 3275 3547 3314 nec
3567 3262 3686 3313 ani-

2104 3360 2246 3398 mam
2271 3355 2397 3400 ante
2421 3361 2641 3415 corpus,
2668 3364 2764 3402 nec
2794 3363 2985 3417 corpus
3006 3357 3135 3404 ante
3153 3351 3388 3404 animam
3414 3350 3687 3405 condidit.

2103 3431 2334 3503 Ideoque
2369 3449 2475 3487 non
2500 3435 2947 3490 irrationabiliter
2977 3446 3243 3502 tenemus,
3273 3438 3328 3492 in
3356 3438 3469 3509 ipsa
3501 3440 3683 3510 prima

2102 3525 2409 3580 conditione
2433 3527 2667 3581 animam
2696 3528 2854 3582 simul
2882 3538 2937 3583 et
2962 3545 3159 3599 corpus
3190 3530 3392 3599 absque
3413 3530 3527 3585 ulla
3558 3547 3678 3586 eor-

2103 3617 2468 3685 ruptibilitatis
2495 3627 2549 3673 et
2602 3621 2791 3675 mortis
2835 3623 3135 3692 capacitate
3169 3622 3503 3679 substitisse.
3560 3624 3683 3679 Non

2099 3708 2243 3763 enim
2275 3718 2455 3764 rectae
2479 3711 2672 3766 rationi
2700 3714 2955 3767 convenit
2985 3713 3183 3783 putari,
3213 3716 3556 3770 conditorem
3586 3732 3689 3770 na-

2103 3806 2254 3853 turae
2305 3798 2462 3853 simul
2519 3799 2694 3855 factae
2719 3809 2926 3871 partem
2954 3800 3070 3870 ejus
3112 3802 3473 3858 immortalem
3502 3815 3565 3858 et
3604 3806 3688 3859 in-

2098 3890 2529 3960 corruptibilem,
2571 3892 2807 3947 animam
2845 3893 2990 3957 dico,
3039 3903 3251 3964 partem
3302 3894 3601 3949 mortalem
3630 3905 3690 3950 et

2097 3981 2526 4049 corruptibilem,
2586 3997 2784 4052 corpus
2829 3984 3115 4049 videlicet,
3162 3999 3401 4040 creasse.
3438 3984 3693 4056 Ideoque

2099 4080 2263 4126 totam
2295 4082 2543 4126 naturam
2574 4073 2827 4135 hominis,
2852 4075 3089 4129 animam
3117 4082 3174 4130 et
3207 4090 3427 4145 corpus,
3448 4075 3695 4129 immor-

2097 4162 2258 4218 talem
2290 4171 2345 4216 et
2375 4163 2836 4233 incorruptibilem
2869 4173 3108 4220 creatam
3133 4164 3315 4229 fuisse,
3341 4181 3447 4221 nou
3476 4165 3690 4221 incoa-

2093 4268 2248 4324 grue,
2275 4261 2335 4307 ut
2361 4255 2629 4319 arbitror,
2669 4256 3049 4328 aestimamus.
3087 4255 3225 4310 Nam
3255 4266 3311 4311 et
3335 4256 3569 4325 angelos
3604 4264 3692 4311 ta-

411 4341 612 4400 habere
650 4361 757 4401 non
780 4346 1015 4416 desistit,
1038 4351 1163 4405 dum
1200 4369 1362 4409 unam
1391 4357 1727 4413 harmoniam
1754 4357 1895 4416 inter
1926 4377 1984 4417 se

411 4431 594 4454 _I_-_-_
635 4436 831 4454 -_,0.,..
1233 4443 1247 4454 ι
1325 4445 1336 4454 .
1443 4446 1486 4454 ,Α
1528 4449 1538 4454 -
1697 4450 1753 4454 --Α
1781 4451 1791 4454 -
1881 4453 1887 4454 ,

2102 4343 2172 4398 les
2200 4352 2418 4398 creatos
2449 4344 2614 4400 fuisse
2643 4347 2917 4415 sapientes
2964 4348 3203 4401 tradunt.
3247 4348 3355 4402 Eos
3397 4348 3689 4417 siquidem

411 4431 597 4500 plures
634 4436 842 4493 unitate
862 4455 1100 4511 congrua
1128 4443 1373 4515 analogia
1402 4446 1660 4503 efﬁciunt.
1696 4450 1792 4507 Ubi
1820 4453 1984 4507 etiam

413 4532 656 4591 apertum
683 4539 1060 4599 argumentum
1087 4534 1154 4588 de
1180 4537 1327 4592 sonis
1352 4538 1532 4606 datur,
1561 4542 1701 4610 quod
1733 4543 1784 4596 iu
1810 4559 1868 4599 se
1899 4545 1983 4599 in-

414 4614 583 4668 vicem
630 4632 737 4671 nou
784 4620 1208 4691 confunduntur,
1248 4629 1344 4683 sed
1372 4631 1709 4689 solummodo
1741 4636 1986 4691 adunan-

414 4713 520 4756 tur.
544 4703 676 4760 Nam
708 4708 751 4762 si
780 4708 957 4780 aliqua
986 4728 1088 4768 vox
1120 4731 1186 4770 ex
1219 4716 1349 4787 ipsis
1379 4720 1608 4787 siluerit,
1640 4723 1753 4778 sola
1784 4725 1982 4793 silebit,

412 4808 511 4848 nec
537 4793 601 4848 de
648 4796 876 4852 melodia
903 4800 1112 4857 silentis
1158 4805 1301 4860 inter
1327 4807 1504 4864 adhuc
1544 4821 1799 4868 sonantes
1834 4816 1984 4884 quic-

409 4900 571 4952 quam
599 4888 843 4944 resultat.
870 4891 945 4947 Ex
975 4909 1083 4964 quo
1110 4897 1456 4953 manifestum
1486 4910 1586 4960 est,
1619 4905 1781 4970 quod,
1813 4921 1983 4976 quan-
2006 4944 2018 4956 .

407 4975 479 5030 do
509 4975 647 5032 inter
683 4988 893 5036 ceteras
935 4986 1138 5050 sonuit,
1167 4988 1549 5057 proprietatem
1588 5007 1720 5049 suae
1749 4975 1982 5065 qualita-

406 5077 481 5122 Its
534 5067 860 5125 observavit.
892 5071 1024 5128 Nam
1082 5075 1127 5130 si
1173 5075 1296 5131 aliis
1350 5075 1373 5109 ⁸
1410 5077 1849 5150 confunderetur,
1874 5102 1978 5141 non

410 5163 590 5214 posset
623 5163 789 5211 totam
818 5174 876 5214 se
900 5162 1106 5217 silendo
1136 5165 1476 5222 subtrahere.
1502 5156 1655 5235 Quod
1685 5174 1828 5228 enim
1852 5191 1982 5231 con-

408 5244 652 5301 funditur
681 5247 766 5302 vel
797 5250 1075 5316 miscetur,
1098 5268 1204 5307 non
1237 5255 1393 5310 facile
1420 5258 1472 5312 in
1496 5275 1648 5314 suam
1678 5266 1981 5332 proprieta-

475 5448 492 5481 ‘
526 5448 613 5505 CF
641 5457 794 5521 suae.
904 5453 926 5484 ⁸
952 5456 1210 5521 quomodo
1239 5471 1349 5512 om.
1376 5459 1450 5513 (ΖΙ⁴
1469 5499 1481 5511 .
1575 5462 1596 5492 ⁸
1629 5463 1713 5516 CF
1747 5466 1797 5517 iu
1826 5484 1959 5520 eam.

400 5516 464 5637 Α
479 5522 684 5616 aqima;
716 5517 759 5575 C
787 5521 914 5593 quid
943 5516 1185 5599 corporis
1205 5528 1419 5582 humani
1451 5516 1789 5587 reversurum
1815 5516 1905 5589 sit.

475 5602 518 5634 tu
530 5602 670 5637 dlnl-

475 5602 518 5634 ut
530 5602 670 5645 cum.

2036 5468 2057 5500 ⁵
2082 5486 2229 5522 suam
2257 5485 2363 5523 om.
2397 5469 2502 5523 CF‘.

2036 5471 2057 5500 ⁵
2082 5486 2229 5522 suam
2257 5485 2363 5523 om.
2397 5471 2502 5524 CF‘.
2582 5472 2602 5504 ⁸
2654 5473 2744 5528 Sic
2790 5472 2903 5535 CF;
2955 5474 2992 5529 Α
3037 5490 3155 5527 cum
3193 5473 3331 5528 aliis.
3410 5473 3432 5504 ⁶
3462 5471 3575 5531 Sic
3601 5475 3688 5543 l~;

1983 5539 2002 5568 ⁷
2033 5549 2079 5591 et
2107 5540 2318 5608 spiritus
2340 5556 2448 5595 om.
2483 5542 2568 5597 CF
2612 5546 2634 5574 ⁸
2657 5543 2745 5598 Sic
2767 5542 2872 5607 CF;
2898 5544 2942 5599 Δ
2968 5546 3391 5598 commutatione.
3427 5543 3515 5599 ’Δ
3553 5563 3694 5602 suc-

2091 4434 2314 4503 spiritus
2368 4434 2716 4504 incorporeas
2764 4443 2818 4489 et
2884 4436 3190 4505 spiritualia
3240 4451 3469 4507 corpora
3520 4436 3693 4491 omni

2090 4525 2440 4595 corruptione
2468 4528 2713 4581 carentia
2743 4528 3067 4583 constitutos
3090 4542 3212 4583 esse
3238 4543 3345 4582 non
3370 4527 3644 4582 dubitant
3668 4546 3686 4579 :

2090 4616 2404 4672 hominibus
2436 4633 2564 4674 vero
2609 4626 2666 4674 et
2712 4620 3214 4688 praevaricautibus
3248 4619 3460 4690 angelis
3488 4634 3692 4689 poena

2087 4714 2293 4782 peccati
2314 4722 2527 4769 terrena
2544 4723 2599 4769 et
2627 4715 2994 4784 corruptibilia
3026 4731 3254 4787 corpora
3286 4730 3566 4783 aereaque
3594 4730 3689 4770 su-

2087 4803 2363 4871 peraddita
2386 4818 2526 4867 esse,
2545 4811 2756 4858 terrena
2781 4806 2995 4874 quidem
3013 4806 3341 4871 hominibus,
3359 4818 3525 4860 aerea
3546 4821 3697 4861 vero

2090 4893 2313 4964 angelis.
2332 4892 2436 4948 Sed
2450 4894 2591 4963 quod
2613 4894 2765 4949 nobis
2786 4884 3186 4964 superadditum
3202 4903 3304 4957 est,
3323 4896 3600 4965 quoniam
3618 4914 3694 4951 ex

2090 4984 2450 5051 ltedemptore
2472 4994 2657 5039 nostro
2679 4993 3040 5055 assumptum,
3077 4986 3170 5057 qui
3198 4987 3437 5056 seipsum
3476 4988 3696 5040 exina-

2087 5074 2242 5138 nivit,
2281 5072 2513 5128 formam
2560 5075 2701 5129 servi
2761 5076 3052 5146 accipiens,
3081 5076 3385 5131 movebitur
3416 5077 3471 5130 in
3505 5081 3695 5145 spiri-

2086 5183 2220 5240 tum,
2250 5184 2304 5231 et
2328 5176 2382 5231 in
2410 5176 2580 5245 ipsam
2630 5176 2993 5231 substantiam
3023 5177 3274 5247 primitus
3299 5193 3329 5231 a
3368 5176 3488 5231 Deo
3515 5193 3694 5233 enea-

2084 5275 2216 5331 tam,
2238 5268 2449 5337 quando
2472 5268 2831 5322 absorbrbitur
2855 5285 2995 5323 mors
3027 5269 3081 5323 in
3106 5269 3397 5333 victoriam,
3421 5277 3479 5323 et
3524 5276 3696 5325 totus

1687 5352 1937 5409 VARIAE
1971 5354 2375 5412 LECTIONES.

2582 5472 2602 5504 ⁸
2654 5473 2744 5528 Sic
2786 5472 2903 5543 CF;
2955 5474 2992 5529 Α
3037 5490 3155 5527 cum
3193 5473 3331 5528 aliis.
3410 5473 3432 5504 ⁶
3462 5470 3575 5531 Sic
3601 5475 3688 5543 l';
