3898 6154
178 374 272 434 885

1016 367 1105 425 DE
1147 366 1489 425 DIVISIONE
1528 362 1885 421 NATURAE.
1924 393 1997 405 —
2033 362 2232 419 LIBER
2273 365 2599 433 QUINTUS.

3342 372 3450 427 επις

177 491 347 547 homo,
370 482 613 538 exterior
640 479 891 535 videlicet
916 488 969 535 et
995 480 1244 545 interior,
1287 478 1560 536 sensibilis
1589 486 1645 534 et
1672 477 1752 531 in-
1775 476 1826 537 A
1855 478 2086 551 ϐἀματα,
2117 480 2221 537 boc
2276 491 2362 535 est
2404 481 2704 536 accidentia
2726 523 2739 546 ,
2795 497 2930 550 quae
2975 484 3369 538 rationabiliter
3412 502 3442 539 a

179 574 477 644 telligibilis,
509 572 562 625 in
594 586 757 624 unum
789 570 1135 624 adunabitur.
1165 569 1222 624 Si
1253 570 1338 624 cui
1366 579 1548 623 autem
1576 569 1749 622 incre-

176 667 331 722 dibile
356 668 590 727 videtur,
607 676 805 730 corpus
825 660 1044 729 quidem
1073 670 1350 715 terrenum
1374 659 1573 713 mutari
1592 673 1752 728 posse

179 753 226 807 in
271 753 515 822 spiritum
543 791 558 813 ,
610 750 812 813 videat,
866 750 1139 819 quomodo
1186 748 1520 803 sensibilium
1571 762 1751 802 rerum

176 848 460 919 qualitates
520 846 570 898 in
626 844 948 913 semetipsas
1004 850 1473 906 transmutantur,
1530 856 1758 895 manen-

178 942 315 995 tibus
345 937 689 999 substantiis,
729 951 958 1005 quarum
1000 936 1295 1004 qualitates
1333 944 1459 988 sunt
1493 952 1505 987 :
1546 933 1749 993 videat,

177 1029 439 1100 quomodo
464 1025 720 1095 aquatilis
760 1025 1066 1094 qualitasiu
1093 1026 1303 1095 igneam
1326 1023 1558 1077 vertitur
1579 1022 1753 1091 quali-

176 1132 334 1177 tatem
368 1139 381 1173 :
424 1121 623 1182 videat,
647 1119 920 1187 quomodo
952 1117 1121 1171 nubes
1151 1118 1220 1171 de
1251 1132 1376 1171 aere
1399 1116 1754 1185 conglobatae

176 1213 226 1267 in
250 1227 375 1267 aera
406 1210 757 1281 purissimum
788 1209 1154 1273 resolvuntur,
1190 1210 1260 1262 ita
1289 1219 1348 1262 ut
1376 1208 1508 1262 nihil
1534 1209 1601 1262 de
1630 1209 1757 1262 den-

174 1303 329 1356 sitate
352 1316 537 1355 earum
570 1308 846 1354 remaneat
875 1314 890 1352 :
915 1300 1116 1361 videat,
1141 1300 1412 1367 quomodo
1443 1300 1623 1368 etipse
1638 1313 1752 1361 aer,

173 1401 227 1445 ut
253 1407 417 1460 saepe
446 1391 700 1454 diximus,
731 1391 892 1445 solari
955 1390 1208 1444 claritate
1261 1389 1599 1444 consumitur
1627 1406 1639 1440 :
1678 1389 1756 1441 vi-

175 1484 312 1543 deat,
345 1485 611 1553 quomodo
641 1482 819 1537 fumus
849 1484 900 1536 in
931 1481 1205 1537 ﬂammam
1251 1482 1484 1536 vertitur
1512 1499 1525 1534 :
1555 1480 1752 1544 videat,

174 1572 520 1627 fortissimam
549 1573 981 1627 ratiocinationis
1014 1573 1291 1626 virtutem.
1329 1569 1386 1624 Si
1430 1570 1576 1624 enim
1621 1584 1756 1638 qua-

173 1664 351 1718 litates
373 1680 551 1718 rerum
573 1663 862 1718 visibilium
894 1662 1265 1734 incorporales
1299 1670 1447 1725 sunt,
1472 1660 1613 1714 unde
1638 1660 1756 1713 nul-

174 1754 252 1805 lus
271 1761 420 1806 recte
443 1751 833 1820 disputantium
870 1752 1106 1816 dubitat,
1132 1758 1187 1806 et
1225 1751 1271 1805 si
1306 1750 1486 1804 omnia
1533 1758 1752 1804 terrena

175 1856 398 1909 corpora
429 1856 494 1895 ex
526 1842 764 1911 ipsarum
795 1840 1114 1910 qualitatum
1161 1840 1581 1910 exaggeratioue
1628 1854 1759 1893 con-
1784 1816 1833 1876 Β

175 1929 456 1999 globantur
483 1947 497 1983 :
524 1930 652 1999 quid
674 1930 870 1984 mirum
892 1930 973 1984 vel
999 1930 1313 1985 incredibile
1344 1940 1427 1984 est
1454 1931 1494 1996 ί,
1516 1929 1658 2000 quod
1690 1944 1758 1984 ex

177 2020 603 2089 incorporalibus
624 2020 977 2089 qualitatibus
1013 2021 1317 2086 conﬁcitur,
1369 2022 1423 2075 in
1465 2023 1487 2054 ³
1537 2037 1623 2076 res
1671 2020 1755 2074 in-

178 2111 481 2182 corporales
514 2128 668 2183 posse
699 2111 914 2167 redire?
948 2112 1094 2167 DISC.
1121 2110 1286 2165 Plane
1316 2111 1648 2165 intuentibus
1676 2124 1761 2163 re-

180 2218 291 2256 rum
337 2204 670 2259 substantias
696 2213 752 2258 et
782 2202 1092 2273 qualitates,
1131 2201 1525 2257 transfusiones
1545 2215 1759 2272 quoque

189 2308 228 2352 't
261 2298 702 2369 compositiones,
721 2312 821 2352 nec
843 2312 947 2351 non
974 2305 1028 2351 et
1051 2296 1409 2350 adnnatioues
1435 2302 1488 2350 et
1515 2310 1760 2366 progres-

205 2404 351 2443 roues
378 2404 444 2442 ex
483 2386 924 2457 prirnordialibus
967 2386 1167 2451 causis,
1202 2386 1364 2455 inque
1410 2386 1631 2440 easdem
1673 2400 1761 2441 re-

178 2483 336 2545 .ritns,
370 2480 617 2535 fortassis
645 2494 744 2534 nec
766 2480 964 2534 mirum
988 2494 1087 2534 nec
1112 2478 1425 2535 incredibile
1468 2479 1758 2535 videbitur.

180 2570 298 2626 Milli
370 2582 554 2625 autem
601 2570 798 2624 nullius
852 2570 1180 2624 sententiam
1233 2569 1644 2639 praescribenti,
1678 2569 1762 2624 vel

180 2660 406 2729 litigiose
432 2658 842 2725 refcllenti,,etsi
865 2659 931 2713 de
959 2659 1153 2713 talibus
1178 2658 1335 2712 aliter
1359 2659 1609 2723 senserit,
1630 2659 1762 2713 satis

182 2759 384 2804 actum.
415 2748 532 2803 Non
556 2748 698 2803 enim
726 2748 846 2818 plus
875 2762 1078 2817 quaero
1108 2748 1272 2802 certis
1297 2738 1596 2802 rationibus
1640 2761 1763 2801 sua-

179 2840 287 2894 deri
324 2840 753 2895 substantiarum
779 2839 1159 2893 adunationem
1192 2840 1396 2909 absque
1424 2838 1547 2892 ullis
1577 2836 1764 2892 confu-

182 2931 415 2995 sionum,
445 2930 524 2985 vel
562 2931 942 2994 mixturarum,
987 2930 1506 2999 compositionumve
1551 2937 1766 3000 pertur-

180 3022 484 3078 bationibus
529 3037 624 3075 seu
679 3021 1238 3085 transmutationibus,
1272 3020 1590 3091 qualitatqu
1633 3034 1765 3087 quo-

184 3128 303 3181 que,
321 3127 390 3167 ex
420 3114 615 3183 quibus
644 3114 777 3166 haec
800 3114 981 3167 omnia
1004 3113 1280 3167 sensibilia
1321 3127 1547 3181 corpora
1572 3112 1592 3143 ³
1615 3126 1762 3165 com-

182 3217 333 3276 pacta
360 3216 507 3272 sunt,
541 3208 766 3261 reditum
794 3215 849 3261 et
898 3205 1221 3261 solutionem
1254 3209 1306 3261 in
1341 3208 1485 3275 ipsas
1510 3206 1763 3260 substau-
1790 3171 1840 3238 ο

184 3298 299 3360 tias,
326 3300 445 3355 sine
472 3301 667 3370 quibus
687 3297 982 3354 subsistere
1013 3314 1117 3353 non
1151 3308 1396 3370 possunt.
1437 3297 1589 3352 Nulla
1606 3298 1763 3351 'enim

184 3391 437 3458 qualitas,
475 3406 569 3445 seu
604 3392 901 3462 quantitas,
932 3406 1026 3446 seu
1058 3392 1421 3460 quodcunque
1449 3390 1591 3442 aliud
1623 3388 1764 3442 acci-

183 3480 309 3534 dens
334 3496 434 3549 per
452 3494 513 3533 se
543 3481 680 3534 valet
713 3481 1027 3536 subsistere.
1060 3480 1137 3533 Ar.
1162 3495 1260 3547 per
1286 3479 1388 3534 hoc
1410 3494 1515 3533 non
1541 3488 1766 3542 temere,

185 3581 239 3625 ut
282 3574 547 3638 arbitror,
573 3573 820 3636 dixerim,
853 3574 1025 3642 ipsum
1068 3573 1296 3627 reditum
1319 3614 1332 3636 ,
1367 3573 1433 3628 de
1472 3588 1580 3643 quo
1629 3588 1769 3626 nunc

186 3670 499 3726 tractamus,
529 3680 633 3718 non
671 3664 1123 3728 substantiarum,
1171 3678 1310 3733 quae
1362 3660 1769 3717 ituriittttibiliter

183 3763 236 3807 et
270 3755 633 3810 insolabiliter
662 3756 712 3808 in
748 3771 806 3809 se
833 3763 1172 3824 permanent,
1198 3754 1292 3808 sed
1340 3753 1660 3822 qualitatum
1714 3760 1770 3806 et

185 3844 547 3911 quantitatum
593 3842 928 3912 aliorumque
983 3839 1531 3909 accidentium,qnae
1568 3854 1663 3908 per
1707 3854 1767 3894 se

183 3940 235 3985 et
270 3932 551 3986 mutabilia
601 3942 726 3988 sunt
772 3940 828 3987 et
870 3932 1198 3996 transitoria,
1245 3931 1375 3987 locis
1414 3931 1767 4001 temporibus-

183 4035 283 4090 que
312 4022 581 4092 subjecta,
612 4022 1050 4093 generationibus
1094 4033 1149 4076 et
1189 4023 1628 4092 eorruptionibus
1667 4023 1767 4077 ob-

182 4114 365 4177 noxia,
394 4113 633 4167 futurum
656 4129 793 4169 esse.
819 4115 884 4168 Et
910 4114 953 4168 si
984 4114 1057 4167 ita
1086 4124 1188 4176 est,
1210 4123 1268 4168 ut
1306 4124 1437 4168 vera
1471 4114 1610 4168 ratio
1642 4128 1766 4169 sua-

185 4201 291 4266 det,
342 4219 452 4257 non
502 4204 851 4268 transeunda,
908 4205 1002 4258 sed
1047 4204 1290 4271 diligenti
1341 4204 1770 4258 consideratione

186 4289 558 4364 investiganda
592 4295 839 4363 sequitur
885 4294 1150 4364 quaestio.
1198 4293 1337 4348 MAG.
1381 4293 1498 4359 Dic,
1543 4306 1766 4363 quaeso,

184 4398 320 4451 quae
348 4393 408 4437 et
434 4382 612 4452 qualis
641 4384 711 4438 sit
737 4383 846 4448 ilia,
877 4392 1031 4439 acuta
1062 4383 1412 4454 inquisitione
1432 4382 1769 4437 inventione-

185 4487 287 4544 que
310 4473 499 4544 digna.

250 4561 338 4617 ﬂ.
378 4563 523 4617 Drsc.
553 4561 741 4618 Utrum
775 4578 954 4618 rerum
980 4561 1316 4617 conditarum
1343 4561 1692 4626 substantiae,
1716 4569 1771 4619 et

184 4656 487 4718 essentiae,
511 4662 567 4709 et
593 4655 833 4709 rationes
858 4669 925 4708 ex
964 4653 1401 4724 primordialibus
1447 4653 1625 4708 causis
1672 4667 1770 4722 per

182 4745 590 4815 generationem
626 4745 681 4800 in
724 4744 858 4800 locis
905 4744 1374 4815 temporibusque,
1406 4743 1772 4798 diversorum-

184 4848 285 4904 que
312 4836 678 4891 accidentium
731 4838 1083 4906 capacitatem
1131 4835 1430 4906 procedunt
1470 4843 1633 4903 atque
1680 4833 1773 4889 de-

184 4928 474 4993 scendunt,
491 4937 548 4981 ut
569 4928 762 4983 iterum
788 4929 954 4982 linitis
977 4928 1325 4998 temporibus,
1344 4927 1445 4983 hoc
1462 4936 1547 4981 est
1572 4928 1770 4982 mundo

183 5018 426 5072 sensibili
473 5019 783 5085 terminato,
826 5019 878 5072 in
923 5019 1141 5083 easdem
1194 5033 1408 5085 causas,
1460 5032 1526 5073 ex
1575 5019 1770 5087 quibus

184 5109 563 5176 produxerim,
592 5113 809 5166 redeant
841 5128 855 5165 :
887 5127 954 5167 an
986 5127 1200 5182 semper
1222 5113 1274 5166 in
1299 5111 1410 5167 suis
1431 5112 1610 5167 causis
1632 5111 1772 5166 ultra

186 5215 404 5257 omnem
451 5205 850 5274 generationem
900 5212 955 5259 et
1007 5204 1360 5269 solutionem,
1409 5204 1548 5259 ultra
1590 5204 1771 5258 omnia

184 5289 300 5347 loca
332 5302 391 5347 et
429 5303 694 5364 tempora,
717 5304 792 5359 et,
816 5304 873 5349 ut
906 5296 1144 5350 breviter
1170 5296 1345 5350 dicam
1369 5336 1385 5362 ,
1417 5295 1555 5349 ultra
1591 5295 1771 5348 omnia

186 5383 487 5439 accidentia
519 5385 1032 5442 incommutabiliter
1071 5395 1411 5458 permanent,
1437 5388 1508 5441 ita
1547 5397 1604 5441 ut
1629 5388 1771 5457 ipsa-

186 5488 308 5525 rum
338 5474 451 5528 sola
476 5474 641 5531 insita
669 5476 748 5532 eis
783 5476 1104 5532 naturaliter
1143 5486 1201 5533 et
1247 5466 1589 5548 superaddita
1636 5496 1773 5549 συμ-

1802 4519 1850 4580 D

1854 569 2187 638 sapientibus
2213 571 2491 639 passiones
2516 571 2690 624 solt-nt
2716 571 2995 642 appellari,
3029 572 3095 627 ab
3119 572 3197 627 cis
3223 588 3445 643 progre-

1853 658 2071 713 diantur
2106 659 2455 713 materialiter
2482 661 2545 712 ad
2572 662 2713 716 hunc
2748 664 3011 715 mundum
3032 663 3294 718 visibilem
3319 680 3443 734 pro-

1854 749 2173 813 creandum,
2202 757 2260 802 ttt
2287 764 2352 801 eo
2382 751 2574 804 iterum
2607 751 2782 806 soluto
2822 753 2909 805 illa
2959 753 3257 816 solvantur,
3289 763 3344 808 et
3389 757 3440 809 iu

1854 856 1979 897 Sttas
2017 841 2347 896 substantias
2400 852 2769 908 revertantur,
2806 854 2864 897 ut
2912 846 2962 898 in
3015 846 3093 899 eis
3140 846 3444 915 quiescant,

1853 937 2253 1003 terruinumque
2282 948 2413 986 suae
2469 936 2849 990 mutabilitatis
2903 939 3253 1003 constituant,
3294 938 3440 990 omni

1854 1026 1998 1079 ﬂuxu
2031 1029 2393 1098 generationis
2423 1037 2475 1082 et
2503 1026 2865 1095 corruptionis
2891 1043 2984 1095 per
3028 1028 3360 1082 incrementa
3391 1036 3447 1081 et

1856 1116 2194 1170 decrementa
2225 1119 2273 1170 in
2307 1118 2455 1179 locis,
2484 1116 2836 1185 temporibus,
2862 1116 3049 1178 libora,
3073 1120 3293 1186 suisque
3316 1117 3442 1170 sub-

1850 1207 2009 1277 jertis
2047 1208 2364 1261 substantiis
2401 1209 2585 1271 unita,
2618 1217 2670 1261 ut
2718 1208 3068 1261 aeternaliter
3109 1226 3269 1260 untur.
3322 1225 3442 1261 cum

1857 1300 2415 1368 ipsis,inseparabilc,
2466 1310 2520 1353 et
2573 1300 3010 1354 incommutabile
3052 1300 3301 1353 inClTabili
3351 1300 3446 1352 ad-

1857 1390 2111 1443 unatione
2139 1389 2457 1443 cliiciantur.
2498 1390 2631 1444 MAG.
2661 1389 2830 1443 Nimis
2874 1390 2972 1442 ista
3019 1390 3292 1458 inquisitio
3315 1389 3447 1449 alta,

1858 1497 1922 1535 ac
1953 1482 2185 1536 nondum
2220 1481 2270 1535 in
2311 1480 2523 1536 civilem
2555 1480 2719 1533 animi
2761 1480 3168 1550 conceptionem
3208 1478 3449 1548 promul-

1857 1579 2003 1640 gata.
2045 1570 2150 1624 Sed
2192 1572 2320 1640 quia
2352 1570 2448 1624 abs
2472 1579 2523 1623 te
2564 1571 2878 1624 cautissime
2903 1578 2958 1623 et
2983 1570 3231 1623 ordinate
3254 1585 3449 1641 propo-

1856 1662 1959 1717 sita
1999 1670 2100 1725 est,
2133 1677 2235 1715 non
2270 1662 2437 1715 multa
2466 1674 2521 1716 et
2546 1661 2811 1715 laboriosa
2845 1661 3181 1715 rescratione
3207 1659 3446 1730 ittdigel;

1861 1751 1973 1806 fere
2010 1767 2243 1822 namque
2280 1767 2310 1805 a
2359 1760 2411 1806 te
2474 1752 2588 1822 ipso
2643 1750 2819 1806 soluta
2869 1760 2971 1806 est.
3021 1749 3223 1805 Causas
3271 1751 3448 1819 itaque

1860 1845 2099 1900 omnium
2127 1860 2305 1898 rerum
2355 1844 2407 1899 in
2454 1844 2718 1913 sapientia
2766 1852 2979 1898 creatas
3021 1852 3076 1897 et
3124 1843 3445 1897 substitutas

1860 1934 1914 1989 in
1944 1935 2056 2004 ipsa
2087 1934 2438 1989 aeternaliter
2455 1943 2511 1986 et
2534 1932 3055 1987 incommutabiliter
3079 1948 3181 1986 non
3215 1932 3447 1994 dubitas,

1859 2032 1919 2079 ut
1952 2024 2162 2093 opinor,
2196 2030 2609 2093 permanere,et
2634 2022 2702 2077 ab
2741 2022 2857 2092 ipsa
2882 2037 3147 2090 nusquam
3171 2038 3445 2091 nunquam

1862 2117 2136 2179 recedere,
2160 2113 2244 2170 vel
2271 2113 2472 2168 ﬂuxum
2505 2114 2738 2185 aliquem
2798 2115 2912 2184 pati
2961 2116 3028 2169 ad
3077 2130 3139 2169 ea
3186 2128 3323 2183 quae
3363 2115 3446 2167 in-

1861 2206 2059 2262 feriora
2097 2215 2239 2261 sunt.
2272 2205 2388 2260 Non
2416 2207 2558 2261 enim
2590 2221 2686 2276 per
2708 2220 2765 2260 se
2789 2204 3165 2269 subsisterent,
3190 2206 3233 2259 si
3267 2203 3449 2273 aliquo

1861 2296 2022 2351 modo
2050 2297 2117 2350 ab
2148 2296 2259 2366 ipsa
2288 2295 2622 2350 recederent.
2674 2295 2822 2350 Dtsc.
2866 2295 2943 2349 De
2993 2311 3277 2349 causarum
3328 2311 3449 2347 om-
3514 2360 3520 2365 η

1861 2389 2012 2442 nium
2073 2385 2497 2441 incommutabili
2545 2386 2947 2454 perseverantia
3001 2384 3054 2438 in
3104 2385 3217 2454 ipsa
3267 2383 3449 2437 divina

1862 2479 2150 2550 sapientia,
2178 2479 2319 2547 quod
2347 2484 2430 2531 est
2473 2475 2707 2530 Verbum
2756 2475 2850 2530 Dei
2894 2473 3099 2538 Patris,
3142 2476 3194 2527 in
3244 2488 3351 2542 quo
3393 2481 3449 2525 et

1863 2583 1960 2638 per
1986 2569 2128 2638 quod
2164 2576 2220 2622 et
2266 2566 2408 2620 facta
2456 2575 2581 2621 sunt
2624 2574 2678 2619 et
2723 2565 3048 2628 subsistunt,
3091 2562 3236 2617 nullo
3292 2563 3452 2617 modo

1865 2659 2179 2714 dubitarim.
2212 2657 2345 2712 Illud
2394 2657 2662 2727 siquidem
2702 2667 2759 2710 et
2807 2656 2988 2713 divina
3040 2652 3345 2723 Scriptura,
3398 2664 3453 2705 et

1865 2760 2175 2807 sanctorum
2226 2750 2445 2804 Patrum
2525 2749 2743 2803 traditio
2794 2747 3172 2802 incunctanter
3232 2743 3446 2799 asserit.

1866 2841 2009 2896 MAG.
2044 2840 2181 2909 Quid
2209 2841 2304 2895 tibi
2333 2841 2544 2895 videtur
2589 2840 2655 2894 de
2699 2837 3017 2893 substantiis
3058 2851 3262 2899 rerum,
3314 2850 3452 2904 quae

1866 2936 1919 2989 in
1944 2935 2231 3005 praedictis
2257 2933 2435 2988 causis
2467 2932 2488 2963 ⁸
2532 2941 2586 2986 et
2626 2930 2799 2985 factae
2827 2938 2879 2985 et
2915 2929 3239 2983 substitutae
3283 2927 3444 2980 sunt?

1866 3027 2003 3081 Num
2030 3024 2342 3087 verisimile,
2365 3024 2473 3078 imo
2499 3022 2862 3085 verissimum,
2880 3030 2937 3075 ut
2956 3020 3262 3081 credamus,
3286 3018 3449 3070 etiam

1869 3118 2033 3186 ipsas,
2061 3114 2389 3169 substantias
2415 3114 2557 3173 dico,
2584 3112 2636 3165 in
2668 3110 2779 3165 suis
2805 3110 2980 3164 causis
3009 3124 3222 3179 semper
3265 3118 3322 3163 et
3370 3107 3452 3160 iu-

1869 3204 2323 3261 comrruttabiliter
2346 3216 2692 3272 permanere,
2723 3209 2775 3255 et
2801 3198 2869 3254 ab
2898 3201 2977 3254 eis
3007 3214 3282 3268 nunquam
3322 3214 3452 3251 nus-

1869 3310 2029 3365 quam
2061 3294 2208 3347 nullo
2237 3294 2394 3347 modo
2421 3290 2706 3347 recedere?
2751 3290 2820 3347 Ut
2867 3290 3009 3344 enim
3064 3289 3212 3357 ipsae
3259 3304 3455 3342 causae

1868 3386 2243 3459 primoruiales
2272 3401 2375 3438 non
2406 3385 2655 3437 deserunt
2686 3381 3029 3451 sapientiam,
3054 3380 3133 3434 sic
3164 3381 3308 3447 ipsae
3330 3376 3457 3429 sub-

1869 3475 2102 3530 stantiae
2133 3490 2235 3527 non
2263 3474 2519 3526 deserunt.
2545 3487 2754 3533 causas,
2782 3471 2873 3523 sed
2898 3470 2952 3523 in
2981 3469 3059 3523 eis
3080 3483 3294 3537 semper
3325 3468 3456 3520 sub-

1868 3565 2082 3620 sistunt.
2105 3563 2170 3616 Et
2192 3563 2640 3632 quemadmodum
2665 3574 2859 3614 causae
2890 3568 3043 3612 extra
3070 3556 3402 3610 substantias
3436 3556 3455 3585 ⁵

1870 3658 2117 3712 nesciunt
2148 3668 2288 3717 esse,
2322 3654 2391 3706 ita
2422 3651 2758 3706 substantiae
2786 3659 2939 3703 extra
2970 3663 3162 3702 causas
3195 3663 3297 3700 non
3338 3662 3456 3715 pos~

1870 3756 1997 3803 sunt
2039 3748 2222 3799 liuere.
2258 3743 2402 3797 Drsc.
2436 3742 2517 3795 Nil
2548 3741 3004 3802 verisimilius,et
3039 3739 3107 3791 ad
3157 3737 3454 3806 intelligen-

1870 3839 1996 3893 dum
2028 3837 2259 3901 facilius,
2287 3844 2342 3889 et
2366 3833 2579 3888 veritati
2609 3832 2981 3903 propinquius,
3013 3845 3175 3900 quam
3216 3837 3275 3882 ut
3305 3828 3372 3881 ita
3403 3836 3458 3879 et

1871 3931 2175 3992 credamus,
2227 3936 2282 3982 et
2341 3927 2661 3980 inconcusse
2718 3933 3017 3976 teneamus.
3074 3919 3213 3973 MAG.
3266 3916 3458 3971 Restat

1870 4024 2083 4093 itaque,
2114 4022 2180 4075 de
2218 4018 2569 4090 qualitatibus
2600 4008 3029 4068 ’substantiarum
3064 4040 3134 4049 —
3169 4008 3456 4078 qualitates

1871 4121 2050 4166 autem
2073 4111 2213 4170 dico,
2240 4106 2396 4162 sit-uti
2427 4105 2599 4159 solent
2622 4103 2891 4172 sapientes
2917 4099 3121 4163 omnia,
3154 4112 3293 4167 quae
3330 4095 3455 4150 sub-

1871 4201 2086 4256 stantiis
2144 4196 2423 4257 accidunt,
2473 4192 2762 4262 appellare,
2811 4191 2935 4260 quia
2980 4187 3265 4243 mutabiles
3307 4193 3454 4246 sunt,

1871 4298 1926 4345 et
1949 4290 2089 4344 circa
2117 4285 2451 4342 substantias
2478 4298 2605 4338 suas
2631 4281 2918 4336 rolvuntur
2938 4310 3000 4319 —
3024 4279 3168 4332 hunc
3198 4274 3452 4329 mundum

1873 4378 2192 4433 fabricatum
2224 4382 2673 4444 compactumqne
2696 4369 2881 4434 fuisse,
2908 4378 2964 4424 et
3003 4369 3058 4423 iu
3109 4366 3326 4422 easdem
3371 4381 3459 4417 re-

1874 4469 2185 4525 solvendum
2216 4465 2349 4519 fore.
2383 4463 2555 4519 Omne
2584 4461 2752 4526 enim,
2777 4459 2920 4529 quod
2952 4454 3318 4527 temporaliter
3360 4468 3457 4523 per

1877 4561 2276 4634 generationem
2307 4555 2492 4625 incipit
2510 4568 2652 4618 esse,
2677 4564 2897 4607 necesse
2925 4558 3008 4605 est
3033 4547 3251 4603 essendi
3292 4546 3459 4600 linem

1878 4653 2096 4709 habere.
2126 4649 2235 4705 Nec
2255 4650 2333 4704 sic
2355 4657 2532 4702 tamen
2558 4644 2861 4716 praedictas
2881 4640 3303 4697 substantiarutn
3326 4652 3465 4705 qua-.

1875 4746 2054 4800 litates
2080 4757 2207 4798 suas
2229 4738 2582 4801 substantias,
2597 4737 2740 4791 circa
2763 4749 2897 4805 quas
2913 4731 3467 4798 volvuntur,omniuo

1875 4835 2153 4898 deserere,
2185 4840 2240 4887 et
2266 4831 2317 4885 in
2350 4829 2631 4884 materiem
2659 4824 2927 4881 sensibilis
2961 4823 3145 4879 mundi
3170 4822 3465 4879 convenire

1877 4927 2241 4989 arbitramur;
2285 4922 2381 4977 sed
2430 4918 2664 4974 mirabili
2690 4924 2745 4970 et
2771 4914 3027 4971 inell‘abili
3052 4914 3232 4975 modo,
3257 4911 3354 4966 soli
3385 4913 3464 4962 las

1877 5016 2132 5074 bricatori
2157 5015 2298 5069 illius
2320 5012 2625 5083 cognito,et
2644 5008 2786 5064 circa
2813 5022 2942 5062 snas
2972 5002 3455 5070 substantias,qni-

1879 5110 1978 5165 bus
2007 5103 2439 5176 inseparabiliter
2484 5101 2817 5164 adhaerent,
2863 5112 3078 5168 semper
3114 5101 3459 5166 permanent,

1877 5210 1932 5255 et
1966 5199 2109 5253 hunc
2137 5195 2392 5250 mundum
2430 5193 2592 5247 modo
2625 5191 2649 5225 ⁶
2687 5190 2920 5260 quodam
2963 5182 3281 5256 intelligibiti
3302 5195 3458 5234 com-x

1875 5288 2231 5363 positionibus
2266 5285 2380 5342 suis
2416 5283 2886 5356 perficiuutatque
2928 5281 3275 5345 componunt.
3322 5270 3459 5321 Sam

1876 5392 2039 5450 supra
2065 5378 2477 5433 universitatem
2516 5375 2779 5431 visibilem
2811 5384 3002 5428 causas
3026 5374 3081 5421 et
3124 5363 3461 5450 substantias

1874 5448 2115 5526 omnium
2152 5483 2441 5540 corporum
2469 5466 2584 5523 sive
2612 5465 2997 5522 catholicorum
3028 5457 3141 5511 sive
3167 5448 3457 5524 particulas

1473 5568 1726 5624 VARIAE
1759 5562 2159 5624 LECTIONES.

196 5675 205 5682 '
251 5652 272 5685 ⁸
305 5670 388 5713 est
426 5677 534 5715 om.
573 5661 679 5718 CF.

754 5664 777 5696 ²
813 5664 870 5719 in
905 5680 1016 5722 om.
1056 5666 1120 5723 A.

186 5725 272 5782 CF
297 5741 444 5786 motu
469 5734 723 5803 quodam.

1199 5665 1221 5700 ⁸
1247 5680 1465 5737 corpora
1502 5677 1613 5719 om.
1645 5665 1709 5717 Α.

1786 5660 1809 5695 ⁸
1835 5661 2010 5716 causis
2034 5674 2143 5714 om.
2172 5656 2238 5711 Α.

2331 5655 2353 5687 ⁸
2395 5652 2483 5709 Sic
2511 5650 2628 5716 CF;
2683 5649 2726 5707 Α
2774 5641 3137 5705 substantiam.
3233 5635 3457 5701 ‘Sicd.
