3898 6154
467 315 567 371 887

1855 314 1971 373 10A
1982 314 2137 372 NNIS
2179 317 2377 375 SCOTI

3603 317 3693 374 888

468 433 631 498 rium,
658 432 855 504 quibus
883 432 1250 496 constituitur,
1268 447 1375 488 non
1405 431 1855 487 irrationabiliter
1879 430 2059 487 credi-
2090 441 2133 497 Α
2163 434 2289 489 xisti
2320 435 2493 496 enim,
2526 449 2619 489 eas
2645 441 2774 490 ante
2812 448 2974 489 omne
3016 442 3225 503 tempus
3247 447 3545 503 omnemque
3564 450 3687 492 crea-

469 538 588 577 mus
611 538 749 578 esse.
783 523 854 577 Ex
882 523 1311 592 incorporalibus
1341 525 1483 578 enim
1509 530 1563 578 et
1589 523 1697 578 inte
1721 522 2052 595 Ιῑςίιιίιὶιιιιεῑ-ι

474 613 768 682 corporalia
800 622 855 666 et
879 613 1155 667 sensibilia
1187 614 1453 683 originem
1486 615 1705 669 duumt.

541 702 627 757 15.
670 703 812 758 Dtsc.
857 702 1093 758 Restat:
1134 720 1234 759 nec
1280 705 1420 758 alius
1462 706 1639 759 exitus
1689 706 1752 759 de
1790 706 2058 774 praesenti

467 790 790 845 nuaestione
818 792 1030 847 videtur
1060 809 1218 863 posse
1256 794 1507 847 inveniri.
1538 795 1727 849 Adhuc
1759 804 1936 848 tamt‘n
1966 812 2058 851 ve-

470 878 564 933 lim
595 881 835 934 breviter
866 881 1114 943 definias,
1148 883 1323 949 qualis
1352 881 1493 935 inter
1518 897 1711 937 causas
1732 891 1787 935 et
1810 883 2060 937 substan-

472 969 579 1023 tias
604 967 907 1023 dilferentia
949 971 1036 1023 sit.
1087 966 1361 1039 Utraeque
1409 985 1637 1039 namque
1692 970 2062 1040 incorporales

471 1072 527 1115 et
559 1063 923 1134 intelligibiles
962 1074 1108 1118 sunt.
1147 1063 1287 1119 MAG.
1325 1063 1528 1118 Causas
1570 1065 1798 1118 dicimus
1841 1080 2065 1133 gener-.-

473 1150 709 1207 lissimas
738 1154 977 1207 omnium
1017 1171 1195 1208 rerum
1227 1154 1387 1209 simul
1417 1154 1654 1208 rationes
1684 1154 1735 1207 in
1760 1153 1934 1209 Verbo
1970 1154 2065 1209 Dei

472 1243 815 1298 crmstitutas.
869 1245 1212 1299 Substantias
1242 1260 1371 1298 vero
1396 1245 1638 1315 singulas
1683 1247 1703 1275 '
1762 1255 1817 1299 et
1861 1246 2067 1314 Specia-

475 1334 714 1390 lissimas
748 1336 1079 1407 singularum
1110 1346 1166 1392 et
1190 1338 1701 1407 spreialissimarum
1734 1354 1913 1392 rerum
1942 1354 2069 1407 pro-

475 1425 735 1492 prietates
770 1436 825 1481 et
861 1427 1127 1491 rationcs’,
1183 1428 1234 1481 in
1272 1428 1402 1499 ipsis
1450 1429 1631 1483 causis
1662 1429 1980 1483 distributas
2014 1438 2069 1483 ct

479 1517 828 1572 constitutas.
860 1519 1007 1573 Dtsc.
1037 1519 1239 1587 Aperte
1276 1535 1338 1574 ac
1376 1521 1611 1575 breviter
1638 1529 1723 1575 est
1750 1521 2065 1574 discretum.

478 1607 555 1660 Ex
598 1606 729 1677 ipsis
763 1608 943 1677 itaque
991 1611 1173 1665 causis
1214 1618 1270 1664 et
1313 1610 1631 1665 substantiis
1666 1612 1897 1664 tumulus
1946 1611 2065 1676 iste,

465 1699 778 1770 ,coagulatis
801 1701 1045 1756 videlicet
1071 1702 1282 1757 illartun
1307 1702 1681 1772 qualitatibus,
1707 1714 2067 1773 processerat,

2164 537 2342 581 turam
2390 527 2562 581 factas
2600 525 2786 581 fuisse.
2828 524 2966 581 Man.
3005 525 3118 579 Non
3162 533 3438 596 computo;
3477 540 3564 582 nec
3594 525 3687 583 sine

2164 621 2394 685 ratione,
2424 618 2678 689 quoniam
2703 617 2920 688 preprie
2947 625 3230 672 creaturae
3253 616 3499 670 vocabulo
3522 616 3703 687 signitir

2162 717 2377 771 cantnr,
2403 722 2544 777 quae
2569 721 2666 777 per
2691 705 3094 776 generationem
3123 713 3270 757 motu
3295 704 3509 772 quodam
3529 711 3687 774 tempo-

2166 797 2262 850 rali
2293 798 2344 851 in
2384 797 2594 865 species
2621 794 2866 865 proprias
2905 795 3018 849 sive
3050 792 3287 848 visibikzs
3314 793 3422 848 sive
3444 794 3686 849 invisibiles

2165 886 2454 956 prollutmt.
2484 885 2634 951 Quod
2669 894 2850 940 autem
2883 894 3009 939 ante
3046 885 3228 938 omnia
3268 894 3497 952 tempora
3529 892 3573 937 et
3595 883 3685 939 loca

2164 976 2513 1030 substitutum
2540 984 2643 1038 est,
2675 975 2928 1042 quoniam
2963 973 3101 1026 ultra
3139 980 3376 1042 tempora
3405 983 3454 1025 et
3480 972 3578 1026 loca
3605 981 3681 1037 est,

2164 1075 2407 1119 creatura
2438 1064 2651 1132 proprie
2678 1078 2784 1118 non
2814 1063 3030 1126 dicitur,
3049 1062 3301 1131 quamvis
3333 1062 3480 1116 modo
3503 1060 3682 1131 quodam

2166 1153 2416 1223 loquendi
2447 1152 2824 1225 συνεκδοχικῶς
2854 1152 3402 1221 universalitas,quae
3427 1162 3533 1223 post
3556 1152 3680 1208 Deum

2166 1254 2267 1306 est,
2309 1246 2377 1298 ab
2422 1245 2537 1313 ipso
2580 1244 2795 1298 condita
2846 1251 3096 1298 creatura
3132 1244 3416 1298 voeitetur.

2239 1335 2326 1390 17.
2369 1334 2476 1390 Sed
2522 1350 2736 1389 rursum
2788 1334 3090 1404 quaeritur,
3142 1341 3321 1386 utrum
3367 1348 3539 1398 omne,
3576 1333 3681 1404 quod

2172 1427 2544 1496 temporaliter
2569 1436 2834 1491 movetur,
2867 1426 3117 1481 localiter
3142 1426 3307 1480 etiam
3337 1426 3519 1480 moveri
3544 1442 3682 1480 neces-

2169 1519 2369 1573 sarimn
2406 1517 2499 1572 sit.
2536 1517 2593 1571 In
2624 1533 2730 1587 qua
2769 1517 3087 1587 quaestione
3125 1515 3409 1571 multorum
3440 1531 3529 1571 non
3551 1515 3681 1570 solum

2172 1610 2460 1674 catbolice,
2493 1626 2683 1664 verum
2718 1610 2880 1664 etiam
2909 1609 3230 1665 seculariter
3259 1609 3324 1663 de
3350 1610 3527 1663 mundo
3552 1609 3682 1677 dispu-

2174 1703 2403 1759 lantiunt
2444 1702 2711 1757 sententia
2755 1702 3013 1756 variatur.
3056 1700 3198 1756 Sunt
3224 1700 3396 1764 enim,
3420 1700 3499 1771 qui
3524 1700 3683 1757 dicunt.

480 1800 537 1842 et
582 1790 633 1843 in
678 1791 896 1844 easdem
924 1790 945 1821 ³
1006 1792 1198 1846 iterum
1251 1809 1383 1848 suae
1435 1793 1779 1848 resolutionis
1833 1804 2083 1863 tempore
2104 1787 2149 1846 Β
2180 1797 2311 1850 bace
2337 1796 2462 1858 duo,
2492 1794 2669 1848 locum
2704 1794 2824 1848 dico
2855 1801 2910 1849 et
2938 1803 3169 1862 tempus,
3206 1793 3348 1847 circa
3374 1801 3425 1846 et
3447 1799 3573 1844 extra
3596 1803 3683 1842 cor-

483 1895 800 1935 roversurus
837 1889 891 1935 et
923 1881 1248 1937 transiturus
1276 1884 1397 1936 erit.
1434 1883 1571 1939 Man.
1606 1882 1689 1936 Nil
1720 1884 1900 1938 verius
1928 1883 2067 1937 veri-

487 1970 695 2040 latique
721 1971 1075 2041 propinquius
1103 1973 1435 2027 credendum
1463 1983 1546 2028 est
1572 1983 1624 2026 et
1648 1974 2073 2044 intelligendum.

490 2063 611 2128 Ipsa
656 2062 921 2131 siquidem
956 2064 1168 2117 Veritas
1203 2066 1281 2118 ait
1322 2082 1334 2118 :
1377 2064 1593 2119 Caelum
1628 2076 1674 2119 et
1722 2076 1862 2119 terra
1899 2076 2074 2119 trans-

484 2153 656 2217 ibunt,
689 2153 838 2207 verba
870 2163 1045 2208 autem
1084 2171 1199 2208 mea
1246 2172 1346 2208 non
1379 2157 1671 2210 transibunt
1703 2157 1745 2210 δ.
1778 2156 1882 2210 Sed
1912 2174 2078 2226 quor-

486 2258 605 2296 sum
636 2243 842 2298 car-lum
890 2254 945 2299 et
986 2254 1128 2299 terra
1178 2246 1520 2300 transibunt?
1550 2245 1802 2317 Nunquid
1848 2247 1898 2301 in
1938 2247 2079 2301 nihi-

485 2335 639 2390 lum?
671 2337 813 2391 Dtsc.
846 2337 1024 2392 Absit.
1066 2337 1182 2391 Non
1224 2338 1368 2392 enim
1408 2338 1535 2393 illud
1567 2340 1674 2394 ullo
1703 2341 1860 2395 modo
1889 2340 2077 2395 dicen-

490 2424 638 2477 dum.
670 2421 904 2479 Nihilum
938 2434 1117 2479 autem
1160 2442 1301 2480 nunc
1330 2427 1449 2482 dico
1486 2428 1788 2482 absentiam
1818 2436 1874 2482 et
1903 2429 2081 2498 priva-

491 2517 690 2570 tionem
733 2519 1000 2581 ontnium,
1046 2532 1187 2586 quae
1232 2527 1375 2581 sunt,
1407 2527 1465 2572 et
1505 2534 1642 2589 quae
1690 2536 1793 2573 non
1842 2528 1986 2584 sunt,
2026 2520 2078 2574 in

489 2606 633 2673 quod
665 2605 689 2640 ⁸
719 2608 862 2661 nulla
910 2618 1161 2663 creatura
1190 2618 1243 2664 et
1266 2609 1494 2665 visibilis
1522 2619 1577 2664 et
1612 2610 1898 2666 invisibilis
1925 2625 2085 2666 occa-

490 2710 617 2751 sura
647 2697 737 2751 sit.

567 2788 653 2840 l6.
697 2788 834 2844 Man.
876 2788 1144 2855 Quorsum
1176 2792 1340 2862 igitur
1383 2794 1593 2848 caelum
1630 2803 1684 2849 et
1728 2803 1925 2849 terram
1959 2776 2082 2850 c'nm

492 2877 770 2941 o-unibus,
801 2894 939 2948 quae
990 2881 1042 2934 in
1091 2881 1172 2935 eis
1211 2892 1354 2947 sunt,
1387 2885 1714 2938 transitura?
1743 2883 1895 2952 Quod
1940 2885 2086 2939 enim

494 2969 697 3024 Veritas
725 2972 991 3038 promisit,
1025 2972 1412 3029 inevitabiliter
1438 2976 1562 3031 erit.
1609 2976 1755 3031 Dtsc.
1789 2976 1902 3030 Ncn
1931 2977 2088 3031 alior-

496 3077 640 3125 sum,
670 3072 723 3115 ut
761 3078 975 3125 censeo,
1015 3065 1117 3119 nisi
1152 3066 1201 3119 in
1230 3080 1313 3131 ea,
1351 3083 1419 3121 ex
1457 3069 1651 3136 quibus
1680 3076 2084 3138 processerunt.

496 3149 881 3205 I’roecsserunt
911 3162 1090 3207 autem
1116 3169 1180 3207 ex
1209 3156 1390 3208 causis
1417 3157 1841 3226 generalissimis
1881 3166 1934 3211 et
1973 3172 2092 3226 spc-
2116 3130 2160 3191 δ
2192 3163 2357 3218 etiam
2414 3158 2884 3215 ratiocinationem

497 3240 805 3294 cialissimis
845 3243 1183 3307 substantiis,
1227 3258 1322 3312 per
1360 3254 1670 3314 cumpactas
1718 3246 1770 3298 in
1810 3247 2089 3301 materiam

499 3333 810 3400 qualitates,
837 3335 1019 3389 addita
1044 3334 1236 3389 forma.
1267 3336 1323 3390 in
1345 3339 1563 3392 easdem
1591 3338 1753 3409 igitur
1777 3338 2091 3393 incunctan-

502 3433 587 3475 ter
616 3423 940 3476 transibunt.
987 3423 1093 3478 Sed
1138 3440 1277 3493 quae
1320 3436 1447 3480 sunt
1489 3426 1576 3480 illa
1616 3428 1779 3481 verba
1823 3427 2089 3495 veritatis,

501 3528 641 3580 quae
670 3530 941 3581 nunquam
985 3516 1313 3579 transibunt,
1352 3533 1510 3572 nosse
1552 3518 1733 3572 velim.
1782 3518 1896 3573 Non
1947 3519 2090 3574 enim

438 3616 452 3623 '
501 3602 613 3665 illa,
653 3618 791 3671 quae
830 3603 933 3656 ictu
974 3604 1116 3658 aeris
1165 3604 1535 3673 proferuntur,
1565 3607 1763 3676 quibus
1806 3608 1919 3678 ipsa
1955 3609 2093 3664 veri-

501 3700 605 3754 tas,
636 3692 761 3745 dum
789 3708 1043 3759 praesens
1070 3694 1120 3748 in
1149 3709 1313 3749 carne
1339 3695 1537 3761 fuerat,
1566 3698 1875 3755 hominibus
1914 3700 2091 3756 locuta

501 3789 605 3848 est,
634 3781 959 3836 crediderim
994 3799 1135 3840 esse.
1168 3784 1502 3841 Transitoria
1533 3805 1764 3859 namque
1784 3800 1961 3857 erant,
1988 3791 2095 3848 sic—

502 3880 561 3925 ut
610 3879 665 3927 et
704 3881 1008 3927 ceterorum
1058 3875 1335 3930 hominum
1385 3880 1571 3933 verba.
1622 3879 1765 3936 Mac.
1818 3880 1934 3936 Non
1986 3882 2092 3938 alia

505 3969 735 4024 dixerim
763 3969 926 4024 verba
956 3970 1221 4035 veritatis,
1245 3970 1347 4035 vel,
1373 3980 1432 4026 ut
1462 3973 1536 4026 ita
1555 3974 1753 4038 dicam,
1778 3974 1939 4028 verba
1966 3975 2094 4030 Ver-

504 4060 580 4124 l.i,
609 4060 732 4130 quia
759 4061 962 4115 veritas
996 4061 1229 4117 Verbum
1259 4071 1364 4127 est,
1394 4064 1496 4117 nisi
1526 4079 1719 4118 causas
1748 4064 2015 4133 praefatas
2038 4073 2094 4120 et

503 4152 865 4214 substantias,
896 4152 994 4206 hoc
1022 4161 1106 4206 est
1147 4149 1615 4209 incozizmut'abiles
1643 4170 1821 4209 rerum
1851 4155 2093 4210 rationes

502 4242 554 4296 in
582 4242 849 4310 sapientia
892 4242 985 4297 Dei
1030 4242 1233 4304 factas,
1266 4246 1559 4297 secundum
1598 4261 1733 4312 quas
1762 4245 1991 4299 visibilia
2038 4254 2093 4300 et

504 4333 795 4387 invisibilia
824 4334 1038 4387 condita
1084 4344 1232 4397 sunt,
1263 4342 1317 4387 et
1355 4333 1406 4387 in
1453 4349 1588 4403 quas
1625 4334 1832 4389 caelum
1861 4344 1918 4388 et
1948 4344 2092 4390 terra

504 4424 832 4479 transibunt.
862 4423 980 4493 Ipsa
1012 4424 1033 4456 ⁸
1078 4433 1257 4479 autem
1310 4441 1584 4494 nunquam
1616 4440 1881 4495 nusquam
1914 4435 2090 4481 trans—

502 4513 657 4568 ibunt
681 4515 727 4579 ',
750 4515 1006 4585 quoniam
1041 4515 1093 4569 in
1119 4513 1299 4570 Verbo
1321 4515 1413 4570 Dei
1439 4516 1713 4585 unigenito
1741 4515 1900 4571 veluti
1927 4530 2090 4585 quae-

503 4605 626 4656 dam
646 4606 813 4660 verba
832 4604 1121 4660 ineﬂ‘abilia
1143 4615 1198 4661 et
1224 4607 1681 4663 incommutabilia
1708 4608 2094 4676 perpetualitet‘

508 4700 744 4748 manent.
787 4693 936 4761 Quae
965 4696 1150 4761 verba,
1183 4705 1242 4749 ut
1287 4698 1502 4767 opinor,
1538 4698 1743 4751 audivit
1778 4698 2090 4767 Apostolus,

506 4784 722 4851 quando
750 4784 804 4839 in
832 4786 1139 4855 paradisum
1168 4797 1354 4856 raptus
1395 4798 1498 4842 est.
1533 4788 1665 4854 Quis
1699 4789 1842 4843 enim
1870 4790 2086 4860 angelo-

504 4889 623 4927 rum
648 4874 733 4928 vel
760 4875 1036 4929 hominum
1069 4875 1170 4931 fari
1209 4878 1389 4933 verbis
1427 4878 1511 4933 vel
1548 4886 1728 4934 mente
1767 4894 2093 4949 cognoscere

446 5000 459 5009 .
503 4962 695 5032 possit,
725 4979 880 5033 quas,
907 4972 963 5018 et
985 4965 1193 5033 quales,
1223 4974 1278 5019 et
1304 4975 1534 5036 quantas
1561 4967 1801 5023 rationes
1829 4984 2008 5023 rerum
2037 4969 2089 5024 in

503 5052 791 5124 principio,
850 5052 1024 5110 Verbo
1068 5056 1320 5113 videlicet
1365 5072 1483 5123 suo,
1535 5057 1696 5113 Pater
1743 5069 1868 5114 ante
1909 5060 2087 5114 omnia

506 5156 748 5221 tempora
777 5156 832 5204 et
858 5156 984 5204 ante
1003 5164 1216 5205 omnem
1242 5159 1544 5207 creaturam
1572 5151 1779 5207 fecerit.
1807 5152 1947 5207 Dtsc.
1974 5153 2087 5207 Non

505 5254 689 5309 itaque
733 5256 927 5297 causas
976 5248 1031 5295 et
1067 5242 1399 5297 substantias
1436 5257 1638 5307 rerum,
1682 5244 1735 5297 in
1775 5242 1952 5298 Verbo
1993 5243 2087 5298 Dei

511 5331 826 5389 substitutos
851 5373 866 5400 ,
895 5334 949 5388 in
986 5348 1214 5391 nurnero
1252 5341 1534 5403 computos
1555 5336 1963 5390 creaturarum?
1996 5335 2089 5389 Di-

2176 1905 2395 1960 poream
2424 1901 2725 1944 creaturam
2757 1901 2897 1951 csse,
2946 1895 3001 1941 et
3034 1886 3119 1940 ab
3140 1886 3221 1940 eis
3266 1882 3504 1939 contineri
3535 1890 3578 1936 et
3609 1879 3684 1934 cir-

2175 1982 2489 2037 cumscribi.
2529 1981 2597 2034 Et
2640 1981 2761 2049 quia
2808 1978 3035 2033 naturali
3081 1978 3292 2033 ratione
3330 1978 3438 2048 plus
3481 1983 3550 2031 est
3577 1972 3680 2043 quod

2177 2073 2440 2135 continet,
2491 2085 2653 2141 quam
2693 2069 2833 2139 quod
2876 2068 3208 2132 continetur,
3244 2082 3346 2120 non
3391 2066 3511 2120 intra
3548 2073 3678 2134 partes

2178 2165 2395 2230 mundi,
2426 2162 2520 2217 sed
2560 2171 2713 2217 extra
2760 2161 2929 2232 ipsius
2963 2160 3370 2215 universitatem
3397 2157 3500 2211 loca
3522 2163 3564 2209 et
3584 2163 3679 2208 ten.-

2178 2271 2311 2326 pora
2351 2253 2711 2324 computanda
2757 2251 3076 2306 existimant
3107 2268 3121 2303 :
3154 2248 3457 2319 praesertim
3492 2245 3588 2299 dum
3623 2242 3682 2295 in-

2179 2345 2482 2418 corporalia
2512 2354 2672 2409 sunt,
2703 2343 2755 2398 in
2785 2356 3014 2397 numero
3052 2339 3409 2410 corporalium
3450 2351 3537 2391 non
3574 2340 3680 2385 recte

2181 2434 2621 2493 connumeranda
2650 2447 2771 2489 esse
2803 2431 3067 2500 iudicant.
3111 2430 3220 2485 Alii
3248 2443 3372 2484 vero
3401 2426 3503 2480 loca
3524 2431 3565 2478 et
3586 2430 3681 2473 lem-

2181 2544 2312 2599 pora
2354 2528 2494 2582 intra
2540 2521 3366 2580 mundanam‘universalitatem
3410 2513 3679 2572 concludunt.

2179 2618 2391 2674 Aiuntﬂ
2415 2617 2582 2681 enim,
2636 2613 2797 2670 simul
2824 2628 2945 2668 cum
2984 2611 3204 2676 ceteris,
3246 2624 3379 2680 quae
3424 2607 3543 2661 intra
3570 2617 3685 2657 mun-

2184 2711 2311 2765 dum
2345 2708 2716 2770 continentur,
2750 2703 3037 2776 congenita
3070 2710 3131 2757 et
3172 2707 3442 2757 concreata
3474 2695 3621 2756 fuisse,
3644 2699 3685 2744 et

2185 2798 2637 2871 quemadmodum
2668 2804 2861 2851 cuncta
2911 2809 2978 2848 ex
3007 2793 3192 2849 causis
3234 2791 3343 2847 suis
3384 2786 3558 2858 prolata
3576 2789 3685 2842 sunt.

2187 2894 2263 2948 ita
2291 2900 2347 2946 et
2375 2891 2486 2946 illa.
2528 2888 2789 2944 Rationes
2821 2885 3089 2957 siquidem
3117 2887 3140 2918 ⁹
3178 2883 3404 2937 locomm
3444 2885 3491 2932 et
3524 2884 3684 2939 tempo-

2189 2998 2332 3047 rum,
2355 2981 2669 3052 priusquam
2699 2978 2750 3031 in
2775 2975 2976 3031 mundo
2998 2980 3334 3034 crearentur,
3361 2969 3408 3021 in
3431 2958 3687 3052 Verbollei.

2190 3072 2244 3126 in
2294 3049 2401 3140 quo
2448 3067 2594 3123 facta
2644 3075 2771 3122 sunt
2819 3063 3031 3123 omnia,
3075 3062 3485 3131 praecesserunt.
3522 3049 3687 3105 Addunt

2937 3171 2953 3209 :
2999 3153 3047 3208 si
3085 3153 3205 3208 loca
3250 3161 3302 3205 et
3352 3157 3552 3215 tempora
3593 3145 3687 3191 ante

2191 3251 2452 3309 mundum
2483 3248 2656 3313 fuere,
2684 3246 2928 3318 profecto
2956 3253 3179 3298 aeterna
3208 3248 3356 3303 sunt;
3392 3245 3440 3290 et
3460 3234 3498 3289 si
3516 3238 3683 3285 aetema

2193 3351 2341 3407 sunt,
2366 3349 2461 3396 aut
2489 3341 2630 3394 Deus
2659 3347 2810 3402 sunt,
2837 3346 2931 3390 aut
2958 3333 3285 3404 principales
3310 3326 3521 3384 omnium
3540 3330 3687 3376 causae

2192 3433 2246 3487 in
2295 3431 2555 3501 sapientia
2593 3429 2773 3483 divina
2827 3425 3195 3481 substitutae:
3230 3420 3363 3492 quod
3387 3411 3682 3508 stultissimum

2192 3532 2275 3578 est
2301 3521 2597 3577 aestimari.
2630 3519 2747 3574 Duo
2775 3517 2919 3572 enim
2949 3515 3175 3570 maximi
3201 3525 3403 3569 errores
3427 3514 3535 3562 sunt
3556 3503 3682 3557 homi-

2192 3631 2320 3670 num
2339 3656 2353 3679 ,
2384 3621 2444 3669 ut
2470 3613 2546 3667 ait
2572 3609 2906 3682 Augustinus
2933 3624 2950 3663 :
2979 3607 3096 3661 loca
3123 3621 3282 3676 supra
3310 3599 3515 3660 caelum,
3539 3600 3685 3682 et

2192 3720 2322 3773 pora
2341 3676 2471 3756 vante
2501 3676 2757 3755 mundum
2778 3708 2982 3768 putare.
3006 3696 3083 3750 Ac
3105 3710 3206 3766 per
3231 3694 3329 3748 ltoc
3343 3682 3625 3745 concluditur
3639 3676 3683 3734 ⁸⁸.

2196 3772 2440 3862 tempora
2467 3788 2734 3845 secularia
2776 3786 2938 3843 simul
2976 3801 3099 3841 cum
3132 3782 3327 3839 mundo
3353 3787 3457 3833 orta
3481 3782 3525 3829 et
3547 3772 3686 3824 coorta

2194 3896 2337 3946 esse,
2364 3890 2420 3935 et
2447 3878 2593 3934 nullo
2637 3877 2798 3933 modo
2838 3876 3013 3946 ipsum
3038 3871 3407 3943 praecessisse.
3439 3863 3488 3916 ln
3517 3866 3692 3946 numero

2193 3941 2379 4040 itaque
2402 3984 2623 4032 eorum,
2654 3982 2795 4037 quae
2823 3966 2965 4020 intra
3003 3963 3262 4028 mundum
3296 3955 3604 4048 continentur,
3631 3941 3689 3994 l0-

2194 4077 2318 4117 cum
2346 4069 2402 4116 et
2433 4069 2642 4129 tempus
2669 4053 3171 4113 connumerandum
3196 4066 3321 4106 vera
3344 4045 3467 4101 ratio
3489 4044 3618 4107 cogit.
3641 4044 3688 4084 ³ο

2193 4166 2290 4221 per
2338 4151 2463 4215 hoc,
2512 4165 2620 4204 non
2671 4146 2845 4203 solum
2893 4146 2948 4201 in
3002 4145 3157 4215 ipsis,
3209 4135 3445 4212 quicquid
3486 4132 3532 4185 in
3569 4136 3687 4179 mun-

2197 4243 2323 4297 dum
2350 4242 2517 4305 venit,
2542 4239 2789 4311 generari
2817 4268 2888 4279 ——
2914 4236 3161 4293 locorum
3191 4242 3410 4300 namque
3429 4226 3688 4315 tempontmf

2195 4349 2301 4404 que
2327 4332 2568 4388 numeris
2593 4341 2649 4386 et
2674 4330 2917 4385 nascitur
2959 4336 3014 4383 et
3047 4332 3292 4381 movetur
3310 4349 3373 4361 -—
3391 4325 3549 4370 verum
3564 4313 3687 4405 citant

2195 4395 2466 4489 omnibus,
2510 4437 2649 4492 quae
2696 4421 2751 4475 in
2789 4419 2869 4474 eis
2907 4423 3253 4488 generantur,
3298 4411 3615 4492 congenerat‘t.
3647 4395 3689 4492 (ξι

2195 4530 2264 4570 ex
2309 4484 2654 4582 generalibus
2697 4484 3085 4578 causis,'quae
3128 4501 3375 4561 mundum
3409 4484 3683 4565 praecedunt.

2194 4607 2433 4678 prodire.
2478 4605 2632 4673 Quod
2685 4613 2868 4659 autem
2918 4599 3311 4671 proposuimus,
3354 4599 3510 4678 utrum
3549 4583 3686 4678 οξηυέν

2197 4667 2340 4768 quod
2370 4667 2617 4753 movetur
2641 4667 3045 4766 temporali—let;
3073 4701 3292 4746 necesse
3333 4684 3396 4738 5“
3419 4667 3687 4779 θύῆωρῗῗ

2197 4787 2323 4842 liter
2343 4786 2568 4849 moveri,
2604 4786 2794 4841 eodem
2824 4782 2982 4837 modo
3021 4777 3391 4835 catholicorum
3410 4767 3639 4820 auctorum

2200 4877 2419 4933 traditio
2467 4876 2803 4933 dissimiliter
2851 4872 3035 4929 sentit.
3078 4869 3313 4925 Primum
3339 4858 3528 4931 quidem
3561 4849 3685 4940 [κυιξὲ

2200 4968 2371 5024 solum
2421 4984 2518 5039 per
2561 4968 2797 5037 seipsum
2845 4966 2964 5020 sine
3001 4963 3118 5018 loco
3158 4968 3213 5015 et
3258 4961 3475 5022 ιεηιροτθ
3512 4946 3688 5039 mo"?

2194 5061 2399 5129 absque
2420 5034 2525 5113 ulla
2552 5034 2915 5127 discrepantia
2950 5051 3325 5124 dogmatizant.
3355 5042 3424 5095 De
3445 5034 3686 5129 motu-vett)

2194 5152 2493 5223 spiritualis
2556 5158 2865 5215 creaturae,
2905 5146 3082 5201 omnis
3132 5137 3391 5223 materiae,
3415 5118 3685 5223 ροΐρυξθίξξξ

2196 5212 2416 5306 liberae,
2449 5240 2721 5297 nonnullis
2740 5212 3023 5294 dissonant
3046 5232 3278 5289 tbeoriis.
3304 5212 3685 5312 Οιιίᾷθιιῖξίθξψ

2197 5336 2373 5404 ipsum
2419 5333 2534 5388 solo
2583 5340 2844 5403 tempore,
2894 5329 3012 5384 sine
3052 5326 3190 5388 loco,
3230 5310 3416 5373 moveri
3457 5295 3683 5357 autumant.

1802 5448 2056 5504 VARIAE
2095 5447 2492 5505 LECTIONES.

587 5537 601 5568 ¹
643 5538 678 5587 Α
709 5536 1232 5605 lulellioibilibusque.

517 5686 807 5727 αυιισιύηι.

1313 5537 1334 5568 ί
1364 5536 1405 5590 A
1431 5535 1665 5606 singulas
1699 5554 1817 5591 vero
1845 5538 2184 5592 substantias.
2261 5537 2282 5568 ⁸
2314 5539 2355 5591 A
2384 5535 2583 5591 eadem.
2662 5535 2682 5566 ³⁵
2707 5535 2792 5590 CF
2825 5535 3099 5606 transient.
3145 5535 3174 5606 ις

523 5604 542 5633 ⁸
569 5608 605 5655 Α
642 5606 807 5669 Ipsae.
880 5596 902 5640 ³⁷
935 5606 1017 5663 Cl"
1054 5596 1327 5674 transient.
1404 5607 1428 5641 ⁸
1461 5596 1552 5662 Sic
1583 5606 1665 5661 CF
1695 5624 1709 5673 ;
1742 5609 1780 5660 Λ
1819 5607 2027 5662 Dicunt.
2108 5609 2129 5635 "
2162 5612 2201 5663 .-\
2237 5608 2465 5677 quidem.
2547 5607 2590 5638 ¹⁰
2622 5607 2713 5661 Sic
2744 5606 2816 5680 A;
2856 5602 2939 5659 CF
2982 5596 3277 5656 includitur.

2261 5502 2583 5591 sane...
2662 5533 2792 5590 δερ
2825 5532 3099 5586 transient.
3167 5523 3188 5554 ο
3226 5520 3310 5575 Sic
3334 5502 3573 5588 emitr
3593 5508 3681 5592 σξισ·

2261 5608 2442 5635 ...:.r-...
2547 5607 2590 5635 to
2622 5607 2711 5635 ες...
2749 5606 2775 5635 Α
2803 5622 2814 5632 .
2856 5602 2939 5635 ιίῖ·
2982 5596 3277 5635 ῐιυιιιιθὶηιν-
3350 5582 3492 5635 "‘Slc
3535 5567 3624 5630 LF.
3651 5560 3681 5612 Α
