3898 6154
194 262 303 321 $39

1045 243 1134 298 DE
1172 236 1505 297 DIVISIONE
1542 230 1891 289 NATURAE.
1932 260 2001 270 --
2038 230 2235 286 LlBER
2277 232 2599 301 QUINTUS.

2173 100 2195 132 κ

3352 230 3456 285 890

195 393 415 434 onmem
456 387 583 428 vero
605 364 937 438 corporalem
973 372 1276 417 creaturam
1311 371 1414 410 non
1441 352 1609 408 solmn
1635 358 1771 403 Iem-
1800 348 1849 407 Α
1877 360 2021 401 mere
2043 348 2269 404 dixerim
2292 350 2345 403 in
2366 349 2444 404 eis
2465 346 2798 419 praevalere,
2826 347 3082 418 quamdiu
3113 354 3280 401 totum
3299 343 3452 413 illud,

200 469 477 542 poraliter,
508 476 694 517 verum
727 458 889 513 etiam
916 452 1162 509 localiter
1192 444 1497 502 mutabilem
1523 455 1642 495 esse
1668 452 1773 493 non

202 534 496 627 imougrue
535 552 885 606 arbitrantur.
934 542 1044 597 Nec
1087 542 1103 572 ¹
1145 540 1216 593 ibi
1255 550 1443 591 omnes
1480 534 1774 587 dissoaaut.

201 621 444 717 Quonim
474 639 768 697 sententiae
790 635 979 689 beatus
1008 631 1172 685 etiam
1199 629 1220 659 ²
1239 624 1570 697 Augustinus
1598 621 1774 685 favet,

202 712 268 794 dte
298 737 406 790 Deo
434 733 657 800 loquens
682 745 694 781 :
729 725 921 787 Morel,
954 722 1146 790 inquit,
1194 718 1420 785 seipsum
1447 715 1560 768 sine
1590 712 1703 765 loco
1730 719 1776 763 et

193 841 448 898 tempore,
498 830 661 898 movet
700 816 964 872 condituui
1008 812 1248 883 spiritum
1298 823 1391 877 per
1433 815 1631 872 tempus
1666 801 1778 855 sine

200 892 338 984 loco,
364 926 526 971 movet
553 892 737 983 corpus
780 925 872 979 per
899 916 1096 974 tempus
1123 913 1168 957 et
1196 901 1386 955 locum.
1408 895 1513 951 Alii
1537 910 1667 949 vero
1695 893 1776 947 lo-

196 983 329 1065 cum
359 1017 412 1060 et
442 1015 673 1074 tempus,
721 1007 859 1053 teste
894 994 1124 1049 Maximo
1161 992 1212 1045 in
1237 986 1536 1057 Ambignis,
1576 983 1778 1052 Grego-

200 1100 343 1152 rium
370 1093 702 1164 Theologum
729 1095 1014 1158 sequentes
1045 1084 1086 1148 ³,
1141 1077 1519 1149 inseparabilia
1547 1089 1667 1130 esse
1699 1074 1781 1126 in-

198 1193 524 1244 cunctanter
548 1162 817 1243 astruuut,
868 1177 921 1230 iu
964 1183 1188 1236 tantum,
1235 1179 1288 1224 ut
1314 1183 1462 1222 omne
1500 1162 1780 1233 temporale

198 1277 373 1332 locale
413 1275 503 1338 sit,
545 1283 593 1326 et
643 1268 925 1324 conversio:
975 1279 1123 1319 omne
1168 1253 1679 1327 locale'temporule,
1732 1262 1779 1305 et

199 1367 353 1420 nullo
380 1362 535 1416 modo
571 1362 626 1413 in
665 1369 854 1412 natura
884 1369 1056 1408 rerum
1086 1349 1325 1411 inveniri,
1356 1346 1493 1417 quod
1522 1343 1633 1397 solo
1654 1354 1785 1395 teut-

197 1474 326 1529 pore
364 1456 476 1509 sine
509 1451 641 1511 loco,
668 1447 747 1502 vel
784 1446 895 1500 solo
928 1443 1040 1497 loco
1079 1441 1192 1495 sine
1223 1448 1448 1505 tempore
1486 1434 1643 1504 possit
1673 1447 1783 1484 mo-

201 1521 329 1603 rari.
370 1544 479 1600 Sed
507 1542 634 1613 quid
678 1540 870 1594 borum
912 1530 1318 1589 convcnientius
1347 1525 1634 1580 tenendum
1688 1521 1779 1585 sit,

199 1654 306 1694 non
335 1645 423 1692 est
447 1611 687 1688 nostrum
712 1626 1006 1698 dijudieare
1029 1624 1084 1686 ‘;
1116 1618 1480 1687 unusquisque
1502 1615 1565 1668 de
1589 1611 1781 1665 talibus

1877 436 2028 505 Cujus
2056 449 2237 507 partes
2265 451 2412 504 sunt,
2459 438 2834 509 permanserit.
2868 438 2944 493 Eo
2980 451 3112 493 vero
3143 444 3458 493 transeunte

1877 530 2035 584 simul
2070 539 2125 585 et
2163 531 2306 587 illius
2350 532 2592 587 vocabuli
2628 532 2798 585 virtus
2841 531 3193 585 evacuabitur
3230 527 3276 581 ⁸.
3322 526 3459 583 Cum

1877 618 2021 672 enim
2052 634 2155 673 non
2201 619 2384 686 fuerit,
2430 622 2570 690 quod
2604 620 2767 673 locari
2799 629 2855 673 et
2898 618 3270 674 circumscribi
3320 617 3467 687 indi-1

1878 717 2020 778 geat,
2052 712 2320 778 quomodo
2356 711 2460 765 erit
2493 710 2676 765 locus?
2718 710 2773 764 Si
2821 710 2961 763 enim
3002 709 3024 739 ’
3058 709 3191 763 nihil
3238 709 3463 763 locave-

1880 799 1971 863 rit,
2021 800 2169 854 locus
2219 817 2325 855 non
2371 802 2492 855 erit.
2527 802 2609 863 Eo
2655 801 2919 870 siquidem
2967 807 3247 869 pereunte,
3309 800 3453 868 quod

1881 888 2172 943 collocatur
2205 889 2269 956 ιο,
2300 906 2404 959 qua
2451 892 2660 945 ratione
2695 889 2843 944 locus
2870 889 3008 943 erit?
3041 889 3215 943 Locus
3261 890 3459 959 quippe

1882 980 2101 1033 omnino
2127 994 2229 1034 non
2261 992 2363 1044 est,
2393 982 2535 1051 quod
2565 981 2691 1049 quid
2736 994 2840 1033 non
2878 980 3122 1034 collocat.
3159 979 3274 1035 Non
3303 980 3460 1034 aliter

1883 1070 1948 1124 de
1972 1080 2227 1141 tempore.
2277 1072 2500 1138 Quando
2542 1072 2683 1124 enim
2717 1070 2891 1125 nullus
2930 1079 3106 1123 motus
3143 1070 3263 1133 erit,
3297 1084 3456 1138 quem

1884 1174 2131 1213 mensura
2163 1161 2420 1229 temporis
2444 1177 2545 1214 non
2570 1160 2770 1213 dividet
2791 1168 2844 1214 et
2865 1154 3303 1227 comprehendet,
3328 1173 3460 1227 quo-

1885 1251 2043 1302 modo
2074 1258 2281 1318 tempus
2320 1250 2460 1303 erit?
2496 1250 2593 1303 Est
2638 1248 2780 1302 enim
2831 1255 3040 1316 tempus
3072 1262 3344 1303 morarum
3375 1246 3457 1300 vel

1884 1349 2124 1394 motuum
2170 1348 2318 1395 certa
2357 1350 2411 1395 et
2440 1339 2701 1394 naturalis
2743 1338 3028 1393 dimensio.
3071 1337 3337 1391 Pereunte
3365 1336 3462 1406 igi-

1888 1441 1993 1496 tur,
2027 1433 2168 1501 quod
2216 1440 2581 1497 mensuratur,
2634 1439 2687 1486 et
2716 1432 2869 1495 illud,
2907 1430 3046 1498 quod
3092 1430 3330 1494 metitur,
3362 1445 3452 1483 ne-

1886 1523 2122 1577 cessario
2165 1523 2380 1593 peribit.
2422 1522 2479 1576 in
2523 1537 2630 1592 quo
2676 1523 2817 1575 enim
2858 1519 3182 1589 intelligetur
3230 1528 3459 1589 tempus,

1889 1614 2106 1682 quando
2132 1613 2308 1668 nullus
2356 1614 2617 1668 seutietur
2660 1612 2874 1666 motus?
2902 1610 2973 1666 Ut
3020 1610 3164 1666 enim
3207 1620 3383 1665 motus
3410 1612 3462 1665 in

199 1726 598 1800 disputantium
630 1693 777 1776 intra
814 1718 1047 1787 seipsum
1088 1712 1366 1773 deliberet,
1404 1706 1531 1777 quid
1560 1703 1662 1759 sibi
1703 1717 1782 1755 ra-
1809 1693 1857 1752 Β
1885 1703 2113 1772 quodam
2142 1711 2287 1758 moto
2324 1703 2648 1764 continetur,
2695 1700 2766 1754 ita
2802 1710 3009 1770 tempus
3035 1699 3089 1753 in
3131 1700 3362 1767 quodam
3386 1700 3466 1752 d3-

195 1792 519 1876 tionabilius
548 1810 878 1883 sequendum
921 1807 1025 1860 sit:
1056 1817 1154 1857 nos
1184 1809 1362 1855 autem
1408 1797 1688 1851 redeamus
1715 1792 1781 1846 ad

195 1910 564 1983 propositum.
601 1905 745 1958 DlSC.
783 1899 950 1955 Caute
995 1910 1060 1950 ac
1120 1892 1422 1963 vigilanter.
1465 1886 1582 1941 Non
1639 1885 1783 1939 enim

199 2008 469 2063 debemus
504 2003 571 2057 de
601 1996 880 2055 sententiis
931 2004 1246 2060 magnorum
1297 1994 1350 2040 et
1397 1980 1783 2038 venerabilium

196 2100 448 2153 virorum
492 2102 693 2147 temere
725 2086 989 2158 judicare.
1037 2079 1172 2135 Nam
1222 2077 1268 2132 si
1297 2089 1462 2130 unum
1494 2070 1786 2128 dixerimus

198 2187 414 2243 rectius
439 2181 692 2241 sensisse,
737 2174 1039 2230 videbimur
1081 2169 1307 2223 alterum
1336 2163 1619 2226 refellere;
1647 2174 1787 2231 quae

199 2277 446 2332 maxima
486 2280 541 2326 et
576 2264 980 2340 promptissima
1020 2274 1181 2315 causa
1220 2255 1460 2325 litigandi
1487 2251 1626 2308 solet
1663 2264 1788 2306 eve-

200 2368 340 2423 nire.
1243 2366 1255 2377 '

270 2454 364 2509 18.
389 2452 535 2505 MAG.
578 2445 766 2501 Nullus
803 2443 891 2514 pie
925 2447 1085 2510 atque
1118 2435 1384 2494 eatbolice
1408 2429 1789 2504 philosophan—

203 2548 363 2608 tium,
388 2543 713 2608 divinaeque
733 2535 1044 2603 Scripturae
1064 2531 1317 2583 virtutem
1333 2521 1788 2580 considerantium

201 2634 426 2697 dixerit,
476 2638 535 2685 ut
580 2628 792 2698 opinor,
832 2625 947 2678 loca
982 2630 1038 2676 ct
1074 2630 1314 2689 tempora
1362 2623 1488 2671 ante
1533 2613 1787 2668 mundum

203 2724 393 2779 fuisse.
443 2721 586 2775 Dtsc.
635 2718 806 2772 Istaec
850 2710 1238 2769 l'credentibns
1273 2718 1327 2762 et
1370 2701 1792 2774 intelligentibus

204 2831 310 2869 non
342 2808 791 2868 contradixerim.
833 2802 1128 2859 Sanissime
1152 2798 1296 2853 enim
1338 2796 1584 2858 credunt,
1609 2803 1664 2848 et
1693 2787 1791 2861 pu-

205 2904 427 2959 rissime
460 2898 779 2968 intelligunt.
804 2890 1105 2960 Quiduam‘I
1138 2886 1487 2957 praecederet
1509 2882 1788 2947 mundum,

205 2995 307 3049 nisi
338 2992 457 3047 sola
504 2988 818 3049 aeternitas,
858 2979 1177 3054 praesertim
1225 2991 1346 3032 cum
1373 2974 1629 3045 scriptum
1675 2972 1784 3025 sit:

207 3033 307 3049 ...σι
338 3033 457 3047 σν...
504 3033 818 3049 ..ν.-....--.-,
1484 3033 1498 3045 _

207 3084 403 3139 Omnia
436 3083 495 3135 in
520 3088 773 3134 momento
801 3073 938 3128 oculi
976 3072 1119 3140 facta
1157 3068 1324 3122 sunt?
1360 3067 1500 3120 Loca
1533 3072 1711 3118 autem
1739 3070 1792 3117 et
1817 3033 1861 3094 C

209 3182 460 3241 tempora
491 3168 543 3221 in
569 3177 793 3220 numero
819 3160 1057 3215 omnium
1082 3163 1224 3211 sunt.
1255 3154 1384 3209 Item
1422 3172 1434 3207 :
1463 3152 1566 3218 Qui
1596 3152 1710 3207 vivit
1738 3151 1794 3204 in

208 3270 508 3321 aeternum,
550 3256 740 3309 creavit
782 3253 955 3307 omnia
1006 3246 1182 3304 simul.
1216 3244 1356 3300 MAG.
1388 3242 1524 3310 Quid
1552 3258 1682 3312 ergo
1716 3242 1796 3295 di-

204 3362 419 3408 cemus,
452 3344 500 3399 si
525 3342 639 3397 loca
666 3350 721 3396 et
761 3350 998 3410 tempora
1048 3345 1191 3390 ante‘
1215 3334 1469 3386 mundum
1493 3346 1598 3385 non
1624 3331 1792 3394 fuere,

203 3437 302 3491 sed
332 3436 452 3491 sola
483 3433 779 3488 aeternitas
815 3431 987 3500 ipsum
1015 3425 1350 3498 praecessit?
1386 3422 1632 3492 Nunquid
1656 3422 1797 3476 veri-

208 3527 389 3582 simile
418 3532 528 3588 est,
555 3531 611 3575 ut
633 3522 820 3576 eodem
849 3519 1006 3573 modo
1034 3517 1338 3578 credamus,
1375 3529 1474 3568 nec
1499 3523 1619 3583 post
1645 3530 1799 3567 mttu-

210 3617 339 3668 dmn
365 3610 722 3667 ren'tausura?
745 3609 801 3663 Si
830 3609 973 3663 enim
1005 3606 1057 3661 in
1102 3605 1448 3659 universitate
1476 3603 1657 3656 mundi
1680 3603 1799 3658 loca

211 3715 264 3760 et
296 3718 549 3774 tempora
573 3707 971 3769 computantur,
994 3712 1099 3766 qua
1127 3696 1354 3760 ratione,
1380 3695 1554 3748 soluto
1577 3694 1793 3756 mundo,

210 3792 661 3866 permanebunt?
708 3790 899 3845 Totum
949 3788 1210 3857 siquidem
1258 3794 1350 3839 aut
1421 3785 1800 3840 universaliter

212 3894 426 3948 manet,
472 3892 563 3936 aut
601 3877 973 3935 univerSaIiter
1013 3878 1189 3946 perit;
1224 3885 1283 3928 ut
1316 3884 1494 3928 autent
1538 3890 1603 3928 ex
1646 3883 1799 3943 parte

212 3982 470 4037 maneat,
496 3986 560 4026 ex
592 3971 611 4002 ⁷
642 3979 794 4041 parte
825 3976 1032 4037 pereat,
1070 3965 1402 4035 impossibile
1431 3975 1530 4018 est.
1568 3962 1624 4018 Si
1654 3964 1797 4017 enim

211 4081 317 4119 oua
342 4078 482 4133 pars
511 4076 579 4116 ex
625 4069 734 4114 toto
767 4058 1006 4128 perierit,
1051 4067 1218 4112 totum
1269 4056 1472 4109 interit.
1508 4053 1621 4109 Una
1648 4070 1801 4109 nam—

211 4169 318 4225 que
348 4155 598 4221 dempta,
634 4158 804 4204 totum
845 4163 951 4202 non
994 4156 1097 4202 est.
1125 4145 1385 4225 Sitqiliter
1431 4146 1475 4198 si
1533 4159 1639 4198 una
1678 4159 1803 4213 pars

214 4202 316 4225 -.--—
352 4202 598 4221 --ρνιηκι
641 4202 679 4204 κ-
726 4202 729 4203 ν
1678 4202 1693 4213 .

212 4247 364 4301 salva
408 4242 586 4304 fuerit,
624 4250 679 4294 et
723 4251 937 4295 ceterae
984 4202 1311 4298 interierint,
1372 4243 1540 4288 totum
1595 4235 1798 4288 interit.

212 4339 391 4392 Totus
424 4335 604 4402 itaque
649 4339 879 4386 mundus
915 4338 1007 4383 aut
1052 4337 1195 4382 totus
1236 4327 1498 4391 i:-.tcril.it,
1542 4337 1634 4380 aut
1661 4336 1802 4380 totus

213 4440 446 4494 semper
485 4423 607 4476 erit.
663 4418 866 4474 Peribit
912 4427 1113 4472 autem.
1151 4414 1320 4470 Totus
1368 4416 1532 4485 igitur
1584 4415 1803 4484 peribit,

213 4534 401 4587 neque
442 4514 547 4567 ulla
588 4528 713 4582 pars
738 4511 820 4566 sui
847 4519 967 4580 post
998 4524 1149 4563 suum
1188 4508 1462 4562 interitum
1509 4508 1809 4561 remanebit

213 4614 339 4667 sine
373 4606 626 4664 interitu.
657 4606 794 4660 Sunt
838 4612 1015 4658 autem
1053 4612 1235 4671 partes
1264 4602 1380 4670 ejus
1423 4601 1570 4656 locus
1594 4609 1647 4655 et
1676 4610 1809 4655 tetu-

214 4720 341 4775 pus.
397 4701 461 4755 In
520 4700 635 4768 ipso
686 4697 847 4767 igitur
873 4704 926 4750 et
949 4698 1071 4749 cum
1119 4694 1236 4763 ipso
1275 4694 1528 4763 peribunt
1558 4692 1710 4747 locus
1755 4702 1811 4747 et

220 4808 461 4864 tempus.
488 4789 689 4844 Locum
713 4802 855 4842 nunc
880 4786 1000 4840 dico
1051 4801 1156 4838 non
1201 4784 1378 4838 rerum
1417 4783 1807 4849 definitionem,

218 4901 366 4954 quae
414 4895 631 4950 semper
677 4886 858 4932 manet
903 4876 956 4929 in
1010 4876 1212 4940 animo,
1266 4875 1358 4928 sed
1402 4876 1654 4943 spatium,
1704 4891 1810 4943 quo

220 4989 520 5046 corporum
578 4970 848 5040 quantitas
890 4968 1218 5021 extenditur.
1249 4964 1380 5019 Nam
1427 4968 1568 5035 quod
1620 4966 1812 5022 Graeci

221 5068 363 5119 duas
423 5064 542 5117 illas
588 5060 765 5115 mundi
817 5068 1030 5128 partes,
1090 5056 1261 5110 locum
1306 5056 1427 5110 dico
1480 5065 1533 5110 et
1584 5068 1813 5127 tempus,

223 5158 293 5214 ὧν
323 5156 474 5218 ἄνευ,
508 5156 607 5207 hoc
628 5164 729 5211 est.
761 5153 877 5206 sine
904 5152 1098 5220 quibus
1123 5157 1338 5202 ceterae
1364 5157 1545 5217 partes
1568 5164 1686 5202 esse
1710 5163 1811 5203 non

224 5256 482 5318 possunt,
522 5243 808 5313 appellant,
856 5241 1054 5295 tamdiu
1078 5240 1206 5295 illud
1246 5239 1563 5294 vocabulum
1606 5256 1710 5293 non
1738 5251 1817 5294 te-

1886 1810 2074 1849 meuso
2110 1804 2278 1849 motu.
2322 1792 2475 1848 Sicut
2517 1808 2646 1863 ergo
2706 1800 2882 1846 motus
2920 1806 3025 1844 non
3078 1790 3204 1857 erit,
3252 1790 3466 1859 quando

1884 1888 2027 1942 nulla
2072 1904 2201 1958 pars
2248 1886 2429 1939 mundi
2486 1884 2806 1949 movebitur,
2846 1884 2920 1939 ita
2973 1892 3203 1951 tempus,
3253 1882 3466 1950 quando

1885 1978 2063 2032 nullus
2088 1977 2493 2032 mensurabitur
2519 1984 2716 2028 motus.
2757 1973 2831 2027 De
2863 1974 3079 2028 interitu
3111 1983 3289 2027 autem
3317 1988 3468 2026 mun-

1886 2068 1938 2123 di
1962 2083 2025 2121 ac
2053 2070 2119 2120 de
2154 2065 2257 2119 line
2287 2065 2462 2119 nullus
2486 2062 2872 2118 catholicorum
2903 2061 3144 2132 ambigit.
3179 2061 3292 2116 Non
3321 2061 3464 2115 enim

1885 2155 1997 2210 sola
2030 2155 2166 2208 ratio
2205 2162 2259 2208 et
2312 2152 2574 2208 naturalis
2623 2152 2939 2216 necessitas,
2976 2152 3117 2220 quod
3152 2150 3468 2204 interiturus

1887 2246 1976 2309 sit,
1999 2261 2188 2301 verum
2213 2244 2373 2299 etiam
2417 2244 2719 2298 divinarum
2750 2241 3028 2296 literarmn
3057 2240 3340 2295 verissima
3371 2254 3470 2291 au-

1886 2339 2114 2392 ctoritas
2152 2335 2488 2404 comprobat.
2528 2332 2742 2387 Maximi
2785 2346 3020 2401 namque
3058 2330 3128 2384 ob
3176 2331 3277 2384 hoc
3303 2331 3345 2362 ¹¹
3376 2346 3464 2384 sa-

1887 2430 2096 2499 pientes
2127 2426 2306 2482 mundi
2353 2440 2460 2479 non
2503 2423 2618 2478 ausi
2647 2431 2771 2477 sunt
2809 2422 3005 2477 docere
3033 2420 3116 2474 vel
3146 2420 3464 2483 concedere,

1888 2520 2030 2575 hunc
2052 2518 2309 2573 mundum
2340 2514 2617 2585 temporali
2648 2512 2912 2593 principio
2942 2527 3038 2581 per
3063 2510 3464 2581 generationem

1889 2612 2197 2675 inchoasse,
2223 2623 2289 2663 ue
2329 2614 2652 2678 cogerentur
2679 2604 2860 2668 fateri,
2890 2602 3049 2657 finem
3094 2600 3349 2670 temporis
3373 2614 3470 2669 per

1889 2718 2138 2760 occasum
2168 2701 2475 2756 habiturum
2513 2712 2652 2752 esse.
2680 2695 2811 2750 Nam
2836 2695 2879 2749 si
2905 2695 3162 2749 mundum
3188 2691 3469 2761 temporali

1891 2792 2152 2862 principio
2176 2789 2429 2844 inchoare
2471 2787 2846 2849 concederent,
2878 2784 2983 2838 fine
3008 2797 3222 2853 quoque
3266 2791 3472 2850 tempo-

1891 2884 1966 2938 ris
1993 2880 2268 2937 terminari
2314 2893 2510 2949 negare
2554 2892 2661 2932 non
2706 2882 2943 2945 possent.
2993 2873 3224 2941 Ideoque
3255 2870 3469 2925 illorum
3515 2886 3523 2893 ·

1891 2973 2106 3044 quidam
2150 2970 2406 3026 mttndum
2437 2977 2628 3031 totum,
2678 2967 2781 3020 hoc
2807 2972 2891 3019 est
2939 2963 3219 3018 materiem
3259 2959 3374 3029 ejus
3418 2970 3474 3012 et

1894 3061 2146 3126 formam,
2170 3066 2518 3115 coaeternam
2566 3056 2677 3110 Deo
2712 3053 2897 3118 fuisse,
2937 3052 3153 3122 quidam
3180 3051 3352 3105 solam
3392 3050 3475 3104 iu-

1896 3154 2122 3210 formem
2157 3152 2438 3207 materiem
2476 3158 2723 3205 astruere
2749 3145 2926 3203 conati
2965 3152 3111 3202 sunt.
3137 3142 3364 3197 formam
3393 3157 3474 3194 so-

1895 3242 2001 3297 lam
2023 3250 2078 3297 et
2109 3239 2483 3296 formationem
2531 3236 2716 3291 mundi
2758 3236 2868 3290 Deo
2895 3234 3271 3294 attribuentes,
3309 3240 3479 3284 mate-

1895 3334 2029 3389 riem
2087 3347 2215 3387 vero
2259 3331 2374 3399 ejus
2424 3339 2699 3385 aeternam
2746 3337 2801 3382 et
2847 3336 3193 3382 coaeternam
3234 3323 3344 3377 Deo
3380 3336 3479 3390 per

1896 3424 2126 3493 seipsam
2150 3421 2475 3499 substitisse,
2506 3419 2601 3474 Dei
2624 3428 2803 3473 tamen
2827 3416 3137 3472 formatoris
3161 3414 3475 3485 indiguisse,

1896 3522 1947 3568 et
1978 3528 2035 3567 se
2066 3513 2235 3581 ipsam
2264 3511 2499 3565 formare
2526 3524 2629 3564 non
2655 3508 2907 3564 valuisse.

1967 3600 2213 3657 19.8mm
2241 3609 2418 3654 autem
2442 3608 2497 3654 et
2521 3598 2882 3655 ecclesiastica
2907 3596 3147 3652 doctrina
3173 3593 3479 3648 firmissime

1897 3694 2087 3752 credit.
2103 3703 2157 3747 et
2170 3690 2593 3747 luculentissime
2606 3689 2882 3760 perspicit,
2898 3704 3061 3742 unmn
3080 3695 3132 3742 et
3148 3686 3480 3755 omnipoten-

1899 3792 2006 3840 tem
2025 3784 2213 3849 Deum,
2231 3783 2550 3853 principium
2565 3797 2887 3850 causamque
2902 3781 3139 3836 omnium
3151 3820 3164 3843 ,
3182 3794 3321 3847 quae
3334 3790 3480 3840 sunt,

1899 3887 1952 3932 et
1973 3890 2111 3947 quae
2128 3890 2233 3931 non
2252 3881 2395 3937 sunt,
2425 3874 2706 3929 materiem
2723 3872 2935 3927 dedisse
2950 3870 3148 3925 mundo
3162 3879 3215 3923 et
3230 3868 3481 3933 formam,

1900 3969 2115 4039 quando
2149 3966 2339 4031 voluit,
2373 3965 2641 4035 finemque
2670 3964 2921 4018 daturum
2956 3976 3094 4026 esse,
3130 3961 3345 4029 quando
3369 3970 3482 4013 sta—

1904 4062 2041 4115 tuit:
2074 4060 2166 4131 qui
2213 4058 2338 4114 fecit
2366 4058 2547 4113 omnia
2587 4057 2640 4110 in
2679 4053 3042 4110 aeternalibus
3067 4052 3266 4117 causis,
3299 4050 3480 4121 prius-

1901 4167 2060 4222 quam
2095 4152 2283 4205 tierent
2319 4146 2703 4217 temporalibus
2735 4144 3020 4199 momentis
3062 4160 3074 4196 :
3107 4141 3197 4212 qui
3243 4149 3326 4196 est
3360 4139 3485 4193 ﬂuis

1902 4244 2160 4306 omnium,
2203 4240 2327 4310 quia
2366 4239 2419 4293 in
2463 4238 2637 4308 ipsum
2677 4242 3030 4296 revertentur,
3075 4247 3214 4302 quae
3255 4230 3323 4285 ab
3369 4231 3486 4299 ipsa

1833 4368 1880 4426 Ι)
1906 4326 2144 4402 prefecta
2169 4339 2313 4390 sunt.
2337 4337 2390 4382 et
2414 4328 2465 4380 in
2489 4327 2605 4395 ipso
2632 4333 2914 4380 moventur
2939 4333 2992 4376 ct
3016 4330 3178 4377 stant.
3225 4320 3485 4374 Dominus

1911 4426 2023 4496 ipse
2057 4424 2122 4477 de
2150 4422 2374 4477 transitu
2406 4418 2608 4485 mundi,
2638 4426 2697 4471 ut
2720 4417 2877 4488 paulo
2903 4414 3148 4484 superius
3186 4413 3484 4468 introduxi-

1914 4530 2055 4579 mus,
2085 4513 2158 4566 ait
2188 4527 2202 4565 :
2232 4510 2447 4565 Caelum
2482 4518 2530 4563 et
2568 4519 2708 4563 terra
2757 4507 3068 4569 transibunt,
3117 4503 3267 4558 verba
3312 4513 3484 4557 autem

1913 4622 2027 4658 mea
2057 4619 2159 4657 non
2185 4601 2497 4655 transibunt.
2536 4599 2604 4653 Et
2634 4613 2700 4652 ne
2735 4598 2856 4665 quis
2893 4597 3173 4650 transitum
3198 4593 3380 4648 mundi
3423 4593 3492 4646 de

1916 4695 2033 4749 loco
2064 4695 2115 4748 in
2149 4693 2345 4756 locmn,
2388 4691 2472 4745 vel
2517 4692 2583 4745 de
2630 4698 2867 4758 tempore
2915 4688 2965 4740 in
3009 4693 3239 4756 tempus,
3291 4684 3373 4738 vel
3427 4683 3493 4736 de

1916 4787 2088 4840 forma
2133 4782 2330 4838 visibili
2362 4783 2414 4837 in
2448 4782 2674 4836 formam
2705 4779 2965 4835 visibilem
2987 4819 3001 4842 ,
3032 4778 3113 4831 vel
3141 4778 3205 4831 de
3236 4776 3495 4845 qualitate

1917 4881 1970 4934 in
2008 4879 2341 4950 qualitatem,
2382 4874 2467 4929 vel
2517 4873 2582 4928 de
2619 4872 2915 4942 quantitate
2954 4871 3006 4923 in
3045 4869 3394 4938 quantitatem
3436 4866 3492 4921 in

1917 4971 2001 5024 his
2022 4969 2200 5023 verbis
2224 4966 2514 5020 arbitretur
2536 4964 2580 4995 ι’
2610 4977 2766 5032 posse
2788 4959 3030 5028 intelligi,
3055 4959 3235 5012 audiat
3261 4956 3495 5025 Prophe-

1918 5074 2029 5118 tam
2087 5061 2395 5116 rubricatori
2444 5056 2626 5111 mundi
2677 5055 2988 5109 (licentem:
3029 5051 3199 5122 Opera
3246 5062 3493 5103 manuum

1916 5165 2127 5208 tuarum
2154 5159 2270 5205 sunt
2296 5147 2458 5212 caeli;
2489 5147 2585 5216 ipsi
2614 5145 2873 5215 peribunt,
2910 5156 2966 5196 tu
3002 5152 3171 5195 autem
3206 5154 3493 5209 rermuuec.

1919 5244 2010 5298 llle
2037 5251 2215 5295 autem
2252 5250 2439 5309 aperte
2483 5237 2638 5303 dixit,
2669 5236 2929 5308 peribunt,
2962 5243 3022 5289 ut
3055 5232 3338 5300 intelligas,
3368 5226 3494 5295 quid

1517 5352 1771 5411 VARIAE
1807 5354 2212 5414 LECTIONES.

304 5482 324 5513 ³
356 5479 462 5558 Sig
483 5476 611 5558 CF;
640 5480 684 5534 Α
714 5481 832 5558 Non
882 5482 1084 5558 'etiam
1114 5496 1223 5558 om.
1256 5484 1322 5538 Λ..
1356 5482 1376 5514 ³
1410 5480 1501 5537 Sic
1601 5476 1979 5558 ;.CF_§equeus
2014 5481 2128 5545 (pro
2154 5488 2429 5558 sequente:
2451 5495 2526 5558 se.
2555 5477 2830 5558 llasimo).
2892 5473 2914 5505 ⁵
2940 5475 2980 5525 Α
3010 5469 3316 5558 ιζΰυάίίιπὲέ

1538 5554 1554 5583 ⁷
1582 5556 1671 5607 Sic
1696 5547 1779 5601 LF
1803 5547 1891 5617 ;'.\
1925 5561 2016 5604 aut
2040 5567 2103 5603 ea:
2137 5561 2307 5622 parte.

1360 5626 1401 5657 “
1436 5625 1497 5679 ob
1531 5627 1625 5678 Itur:
1665 5639 1776 5677 out.
1811 5629 1875 5681 Λ,

230 5551 380 5614 Iun,
426 5550 483 5603 ιθ.
510 5549 669 5604 Istae.
749 5554 768 5582 ³
794 5554 885 5606 διε
907 5554 944 5604 Α
970 5568 984 5613 ;
1030 5557 1070 5605 Δ
1111 5555 1247 5617 Quid
1275 5558 1432 5608 enim.

228 5641 350 5680 om.
388 5621 497 5678 Cl".
568 5621 612 5652 ¹⁶
650 5621 739 5677 Sic
771 5622 899 5693 CF;
945 5628 987 5676 A
1019 5628 1244 5679 locatur.

2409 5523 2418 5537 .
2451 5495 2526 5533 se.
2555 5477 2830 5545 Maximo).
2892 5474 2914 5505 ⁵
2940 5475 2980 5525 Α
3010 5474 3316 5535 diiudicari.
3398 5476 3417 5505 '
3448 5474 3490 5529 C

2409 5552 2430 5583 ³
2466 5553 2557 5605 Sic
2595 5552 2720 5618 Cl";
2751 5554 2796 5605 A
2837 5543 3183 5603 revocabttur.
3295 5547 3314 5577 ⁸
3352 5562 3492 5602 cum

1985 5624 2024 5652 ¹²
2057 5623 2147 5677 Sit:
2182 5622 2306 5688 (Ἐς
2341 5623 2384 5674 Α
2411 5632 2578 5693 pum.
