3898 6154
489 180 579 237 Si)!

1868 178 2151 245 JOANNIS
2188 182 2390 241 ΒίτοΠ

3615 198 3704 256 892

485 296 556 347 sit
596 290 910 345 transibunt.
966 289 1021 346 Si
1058 301 1237 346 autem
1287 292 1417 346 caeli
1464 291 1776 353 transibunt,
1832 293 1961 362 quid
1998 293 2064 347 de
2093 300 2138 354 Λ
2169 294 2479 348 mutabilem
2505 295 2751 350 videlicet
2782 304 3094 350 naturarum
3133 297 3363 353 omnium
3393 301 3704 360 stabilitatem

485 384 588 447 his,
622 398 759 449 quae
783 383 918 441 intra
950 384 1208 437 ambitum
1230 383 1344 450 ejus
1365 385 1727 446 continentur,
1750 385 2059 437 existiman-

484 474 653 526 dum?
691 471 749 526 Si
782 473 922 527 enim
953 472 1404 527 excellentissima
1435 490 1560 543 pars
1594 474 1774 526 mundi
1821 475 2056 543 peritura

483 562 573 622 sit,
602 562 836 628 nunquid
867 563 1183 631 putandum,
1223 562 1502 618 inferiores
1530 578 1868 617 remansuras
1897 562 2059 617 esse?

484 650 547 703 Et
573 650 795 721 si,quod
822 650 1061 704 continet
1085 659 1139 705 et
1162 654 1343 710 ambit.
1371 654 1605 720 perierit,
1633 655 1889 723 nunquid,
1914 654 2058 722 quod

480 738 782 791 continetur
815 748 870 792 et
903 740 1156 803 atnbitur,
1182 742 1519 796 salvabitur?
1558 744 1671 797 Non
1698 745 1839 797 enim
1864 744 2056 798 verisi-

480 827 622 891 mile,
655 827 795 895 qnod
834 829 1046 893 melius,
1076 831 1250 895 obire,
1286 842 1342 886 et
1379 834 1519 903 quod
1548 833 1804 899 deterius,
1835 836 2055 900 salvari,

475 920 793 999 praesertim
830 935 952 975 cmn
994 922 1260 992 Propheta
1312 939 1416 979 non
1462 925 1677 991 dixerit,
1727 942 1891 995 opera
1942 943 2058 980 ma-

476 1025 640 1063 unum
664 1019 876 1065 tuarunt
907 1022 1032 1068 sunt
1058 1015 1297 1082 caelum;
1332 1016 1504 1085 ipsum
1533 1018 1867 1086 peribitzsed
1900 1034 2057 1087 opera

474 1114 723 1153 manum
746 1110 954 1155 tuarum
977 1114 1099 1157 sunt
1126 1104 1290 1169 caeli;
1325 1106 1423 1175 ipsi
1447 1107 1705 1176 peribunt.
1752 1107 1849 1162 Ubi
1876 1118 2058 1175 aperte

478 1189 638 1244 datur
661 1191 922 1263 intelligi,
957 1196 1098 1262 quod
1139 1195 1158 1227 ¹
1203 1212 1306 1250 non
1349 1197 1520 1251 solum
1564 1198 1688 1253 illud
1736 1200 2056 1268 astrigernm

473 1278 700 1343 caelum,
728 1283 870 1350 quod
899 1285 1299 1339 universitatem
1332 1287 1598 1341 sensibilis
1632 1297 1914 1341 creaturae
1952 1290 2059 1341 cir—

473 1369 789 1422 cumscribit
813 1381 868 1423 et
888 1373 1078 1435 ambit,
1104 1389 1285 1427 verum
1307 1376 1469 1427 etiam
1492 1376 1696 1429 caelum
1722 1378 2055 1441 aetherentn,

474 1455 528 1510 in
559 1472 664 1525 quo
696 1470 897 1527 septem
921 1462 1165 1531 planetae
1190 1478 1379 1517 cursus
1408 1480 1533 1517 suos
1561 1476 1841 1534 peragunt,
1876 1476 1929 1518 et
1966 1482 2057 1519 ae-

470 1563 624 1605 reum
655 1552 884 1616 caelum,
910 1555 1048 1622 quod
1073 1555 1213 1609 inter
1242 1565 1436 1609 terram
1466 1568 1515 1609 et
1551 1559 1727 1611 lunam
1755 1567 2049 1621 coartatur,

2164 383 2217 435 itt
2263 384 2642 437 essentialiaus
2688 394 2742 439 et
2776 385 3218 439 substantialibus
3266 388 3457 451 causis,
3504 404 3702 458 quarum

2163 470 2436 524 immobile
2473 470 2875 531 fundamentum
2912 475 3035 526 cst’
3064 474 3324 542 sapientia
3363 474 3559 540 Patris,
3589 495 3705 546 quae

2157 575 2267 614 non
2316 558 2658 616 iuclinabitur
2706 563 2758 617 in
2809 562 3046 617 scculum
3097 563 3281 617 seculi.
3320 563 3464 618 Solet
3504 582 3703 638 namque

2161 651 2439 721 Scriptura
2467 668 2621 707 sacra
2656 662 2831 709 terrae
2876 655 3091 708 nomine
3127 664 3439 710 naturarum
3482 661 3703 716 stabilita-

2160 750 2266 795 tem
2298 742 2786 796 incommutabilem
2818 743 3146 813 signilicare,
3182 752 3238 797 et
3281 745 3509 800 maxime
3548 749 3703 802 Imma-

2161 846 2262 884 nae
2310 840 2534 885 naturae
2576 831 2922 887 soliditatem.
2979 830 3116 886 liinc
3153 830 3482 902 Apostolus:
3516 834 3703 905 Moniﬁu

2154 929 2291 985 cate,
2322 921 2510 990 inquit,
2539 921 2765 975 membra
2791 932 2980 985 vestra,
3013 938 3147 992 quae
3186 933 3305 977 sunt
3348 940 3499 992 super
3523 934 3697 979 terrent.

2160 1012 2436 1083 Tanquam
2492 1014 2696 1067 diceret
2742 1029 2759 1065 ς
2813 1011 3131 1067 Mortiﬁcate
3183 1013 3314 1067 vitia
3369 1023 3557 1079 vestra,
3594 1030 3701 1083 quae

2158 1113 2280 1158 sunt
2303 1118 2463 1172 supra
2484 1103 2808 1157 soliditatem
2840 1111 3084 1166 naturae,
3113 1112 3171 1156 ut
3201 1102 3491 1157 eradicatis
3524 1106 3593 1158 eis
3617 1106 3701 1157 vir-

2156 1200 2327 1245 tutum
2346 1192 2589 1261 germina
2620 1199 2883 1245 crescant.
2924 1192 3040 1261 Ipsa
3071 1200 3154 1245 est
3191 1200 3340 1245 terra
3378 1194 3699 1261 repromissio-

2158 1279 2263 1342 nis,
2296 1281 2347 1332 in
2387 1295 2547 1349 quam
2574 1280 2801 1348 populus
2837 1279 3070 1333 ﬁdelium
3103 1280 3169 1334 de
3200 1280 3464 1351 Aegypto,
3506 1283 3596 1336 hoc
3616 1293 3697 1343 est,

2157 1370 2222 1423 de
2249 1369 2429 1425 labore
2451 1386 2543 1424 seu
2576 1372 2808 1425 tenebris
2831 1401 2899 1412 ——
2929 1388 3051 1425 nam
3080 1381 3368 1442 utrumque
3399 1374 3643 1445 Aegyptus
3666 1377 3698 1406 “

2157 1461 2546 1529 interpretatur
2566 1490 2634 1502 ---
2664 1462 2951 1525 liberatus,
2979 1471 3035 1516 et
3060 1478 3159 1532 per
3206 1479 3360 1519 mare
3408 1464 3701 1534 baptismatis

2156 1549 2513 1615 introductus,
2544 1561 2599 1607 et
2625 1551 2677 1604 in
2712 1552 2925 1605 deserto
2945 1552 3245 1621 praesentis
3276 1554 3421 1609 vitae
3453 1556 3701 1609 excercita-
3773 1612 3781 1619 ,

468 1644 765 1711 periturmn
811 1645 899 1697 sit.
954 1646 1061 1698 Acr
1108 1662 1339 1716 namque
1384 1648 1728 1716 corpulentus
1769 1659 2049 1718 terraeque

2158 1650 2241 1693 tus
2268 1656 2583 1694 reversurus
2608 1649 2708 1696 cst.
2749 1641 2867 1710 ipsa
2902 1651 2986 1696 est
3016 1653 3182 1709 terra,
3230 1659 3397 1713 quam
3441 1646 3526 1700 ﬁlii
3569 1647 3699 1716 spiri‘

468 1734 745 1802 proximus
799 1734 1086 1802 aliquando
1135 1739 1349 1790 nomine
1394 1737 1525 1791 caeli
1580 1748 1842 1803 vocatur,
1889 1749 1950 1791 ut
1997 1739 2050 1792 in

467 1822 682 1884 Genesi,
716 1826 930 1893 quando
960 1826 1196 1880 volatilia
1238 1830 1336 1880 sub
1379 1828 1715 1883 ﬁrmamento
1749 1830 1882 1884 caeli
1940 1838 2052 1883 trao

468 1929 600 1967 nare
646 1915 667 1945 ³
701 1913 843 1969 facta
879 1924 1026 1979 sunt,
1061 1917 1349 1986 aliquando
1381 1920 1595 1974 nomine
1643 1928 1839 1983 terrae,
1895 1929 1953 1975 ut
1997 1922 2051 1976 in

467 2001 679 2055 l‘salmo
711 2020 724 2055 :
751 2003 989 2058 Laudute
1026 2022 1140 2059 cum
1168 2009 1230 2060 de
1260 2018 1420 2070 terra,
1462 2008 1738 2064 dracones.
1785 2011 1840 2064 Si
1891 2011 2054 2083 igitur

473 2092 651 2145 omnia
681 2093 862 2146 mundi
891 2094 1191 2158 intervalla,
1220 2096 1636 2167 tenuissimaque
1666 2114 1889 2169 corpora
1933 2117 2057 2170 per-

469 2179 608 2235 itura
668 2190 796 2236 sunt
842 2181 863 2213 ³
890 2222 905 2245 ,
947 2195 1176 2253 putasne
1224 2201 1390 2253 aquas
1422 2195 1700 2257 terrasque
1748 2204 2050 2257 mansuras,

465 2277 592 2329 dum
626 2276 834 2329 illarmn
868 2287 1056 2329 natura
1085 2278 1391 2345 passibilior
1418 2279 1503 2339 sit,
1542 2288 1598 2333 et
1644 2281 1711 2335 ad
1746 2284 2049 2351 corruptio-

464 2383 586 2423 nem
627 2367 835 2421 facilior
875 2368 993 2437 plus
1024 2384 1182 2438 quam
1231 2369 1367 2439 ignis
1410 2379 1466 2424 et
1508 2371 1691 2425 aeris?
1747 2370 1981 2428 Joannes
2030 2372 2053 2405 ⁸

465 2456 742 2527 theologus
785 2457 836 2509 in
875 2456 1194 2528 Apocalypsi
1237 2471 1333 2511 sua
1366 2459 1500 2515 dixit
1533 2460 1554 2490 ⁵
1576 2499 1589 2524 ,
1617 2460 1682 2514 de
1713 2475 2053 2516 consumma-

464 2547 607 2601 tione
648 2549 825 2601 tnundi
860 2549 1234 2617 prophetans:
1277 2546 1512 2604 Primum
1557 2552 1694 2606 enim
1736 2553 1957 2617 caelum,
2000 2566 2051 2611 et

461 2638 631 2705 printa
675 2647 815 2691 terra
864 2639 1012 2703 abiit,
1063 2648 1111 2693 et
1156 2655 1299 2692 mare
1338 2640 1454 2710 jam
1501 2658 1602 2695 non
1655 2651 1750 2697 est.
1798 2643 2048 2703 Salomon

463 2730 591 2785 item
623 2748 636 2783 :
671 2731 856 2795 Omne,
894 2733 1079 2801 inquit,
1112 2732 1250 2803 quod
1275 2734 1395 2802 fuit,
1427 2734 1619 2804 ipsum,
1659 2736 1799 2806 quod
1840 2739 1957 2802 erit,
1999 2747 2048 2792 et

462 2834 565 2871 non
591 2829 665 2873 est
697 2836 847 2874 omne
881 2837 1054 2875 recens
1079 2824 1174 2876 sub
1199 2823 1327 2878 sole.
1372 2824 1448 2878 Ac
1492 2825 1537 2879 si
1587 2835 1771 2895 aperte
1801 2827 2045 2883 diceret:

462 2907 622 2962 Solus
654 2908 815 2975 Deus,
837 2910 1183 2983 omniumque
1219 2912 1269 2967 in
1300 2928 1364 2967 eo
1392 2930 1608 2982 causae,
1639 2927 1763 2973 ante
1790 2920 2045 2975 mundum

465 3001 585 3066 fuit,
612 3011 667 3057 et
698 3002 810 3073 ipse
844 3011 966 3073 post
991 3006 1264 3070 mundum,
1307 3016 1362 3062 et
1396 3007 1447 3071 iu
1478 3022 1544 3063 eo
1580 3018 1894 3066 cunctorum
1925 3027 2047 3067 cau-

462 3107 578 3157 sae,
603 3092 747 3148 solus
779 3094 885 3149 erit
914 3113 927 3148 :
958 3095 1069 3165 ipse
1106 3111 1235 3150 vero
1280 3098 1531 3164 mundus,
1559 3099 1648 3169 qui
1676 3100 1776 3156 sub
1803 3101 1916 3156 sole
1939 3110 2044 3166 est,

467 3191 525 3235 et
570 3183 638 3237 ab
682 3184 918 3238 aeternis
961 3186 1140 3243 causis
1174 3196 1353 3241 ortum
1398 3188 1629 3258 accepit,
1672 3189 1724 3244 in
1768 3189 1790 3222 ⁸
1830 3191 2045 3245 easdem

462 3284 657 3325 causas
696 3287 1012 3329 reversurus
1042 3288 1144 3330 est.
1184 3274 1300 3330 Non
1330 3279 1473 3331 enim
1511 3277 1535 3310 '
1568 3278 1691 3342 erit,
1721 3280 1862 3349 quod
1905 3296 2046 3337 nunc

458 3374 565 3416 cst.
601 3363 773 3418 Omne
810 3365 978 3429 enim,
1005 3367 1144 3434 quod
1173 3366 1361 3438 incipit
1389 3383 1506 3423 esse
1528 3370 1668 3438 quod
1698 3386 1800 3423 non
1831 3380 1967 3435 erat,
1990 3379 2045 3426 et

462 3451 661 3504 desiuit
707 3466 825 3505 esse
868 3455 1009 3519 quod
1050 3463 1153 3518 est,
1195 3456 1307 3525 jam
1350 3474 1454 3511 non
1504 3466 1605 3511 est.
1665 3459 2046 3517 Animadverte

461 3541 829 3610 apertissimas
878 3543 1092 3599 divinae
1139 3543 1453 3615 Scripturae
1501 3549 1566 3601 de
1615 3549 1829 3604 interitu
1864 3552 2044 3605 mundi

461 3630 778 3684 sententias.
832 3628 1090 3685 Dominus
1138 3635 1462 3704 generaliter
1517 3637 1888 3693 extremitates
1931 3638 2046 3706 ejus

461 3721 719 3791 colligens
752 3741 764 3775 :
792 3721 1025 3786 Caelum,
1066 3723 1259 3793 inquit,
1285 3735 1333 3778 et
1374 3736 1513 3780 terra
1554 3730 1867 3784 transibant.
1919 3730 2046 3787 Pro-

464 3811 623 3881 pheta
662 3812 916 3867 interiora
942 3815 1112 3882 spatia
1143 3813 1376 3869 aetheris
1414 3825 1467 3869 ct
1504 3817 1683 3871 aeris:
1718 3816 1888 3888 Opera
1934 3837 2047 3873 ma-

464 3918 623 3955 nuunt
666 3914 875 3957 tuarum
907 3914 1027 3958 sunt
1067 3904 1230 3969 caeli;
1278 3905 1376 3974 ipsi
1401 3906 1657 3975 peribunt.
1709 3908 2046 3978 Evangelista

460 3990 694 4053 Joannes
722 4012 735 4047 :
777 3994 951 4060 Mare,
993 3996 1185 4065 inquit,
1208 3996 1325 4066 jam
1358 4014 1459 4050 non
1485 4007 1580 4050 est.
1630 3998 1704 4051 Ex
1736 3999 1820 4052 his
1854 4000 2046 4053 incun-

462 4089 671 4137 ctanter
698 4083 976 4149 docemur,
1007 4085 1205 4138 nullam
1232 4087 1413 4139 mundi
1442 4097 1646 4155 partem
1675 4104 2044 4144 remansuram

460 4185 601 4235 esse,
632 4186 772 4242 quae
801 4174 1082 4229 interitura
1123 4192 1228 4230 non
1257 4177 1344 4230 sit.
1392 4178 1535 4231 Dtsc.
1584 4178 1722 4246 Quid
1749 4196 1875 4251 ergo
1898 4182 2042 4236 dice-

463 4262 617 4316 mus?
654 4262 787 4316 Nam
817 4263 841 4295 ⁸
870 4273 925 4317 et
968 4264 1107 4319 idem
1148 4265 1402 4320 Salomon
1440 4269 1515 4321 ait
1550 4265 1861 4323 :Ceueratio
1889 4272 2043 4335 venit,

2154 1730 2314 1785 tualis
2367 1730 2530 1785 Israel
2582 1731 2963 1799 possidebunt,
3012 1732 3226 1801 quando
3272 1733 3445 1789 Deum
3490 1733 3609 1789 facie
3647 1736 3698 1789 ad

2155 1818 2346 1873 faciem
2417 1820 2828 1889 contemplaturi
2889 1831 3033 1875 sunt.
3093 1823 3411 1893 Eademque
3472 1825 3698 1879 Abraham

2152 1908 2493 1977 patriarchae
2520 1908 2745 1978 lignrate
2775 1921 3071 1965 monstrata
3117 1920 3220 1978 est,
3265 1922 3325 1968 et
3371 1914 3423 1968 in
3467 1926 3696 1970 aetemam

2155 2000 2545 2065 possessionem
2580 2000 2723 2052 data.
2765 1999 2869 2053 Sed
2897 2001 2939 2053 si
2982 2001 3073 2055 tibi
3096 2003 3411 2072 praedictae
3440 2006 3694 2059 divinarum

2156 2090 2557 2158 Scripturarum
2599 2091 2664 2146 de
2702 2091 2919 2146 interitu
2964 2093 3121 2163 hujus
3168 2104 3423 2151 terrenae
3468 2097 3618 2161 mulis,
3655 2098 3693 2150 in

2152 2194 2256 2248 qua
2314 2193 2455 2234 nunc
2514 2179 2744 2234 vivimus
2800 2181 2851 2233 in
2911 2181 3317 2238 similitu-linem
3374 2184 3693 2253 jumentorqu

2152 2271 2438 2339 procreati,
2468 2288 2569 2327 non
2598 2271 2865 2328 sntiiciunt
2887 2277 3183 2331 sententiae
3208 2278 3272 2343 “,
3296 2280 3439 2335 aliae
3460 2298 3520 2335 ex
3543 2283 3692 2335 eadem

2154 2360 2429 2429 Scriptura
2458 2362 2733 2416 addcndae
2762 2374 2905 2418 sunt.
2951 2363 3140 2419 Vertex
3185 2369 3545 2436 apostolorum
3566 2411 3581 2435 ,
3615 2369 3694 2423 l‘c-

2153 2459 2267 2504 trus
2298 2450 2566 2515 videlicet,
2612 2451 2662 2504 in
2695 2452 2928 2521 Epistula
2969 2455 3201 2509 secunda
3251 2455 3295 2486 “
3328 2476 3342 2510 :
3373 2457 3513 2511 Caeli
3539 2470 3693 2517 au'em.

2153 2539 2346 2609 inquit,
2381 2541 2470 2611 qui
2493 2557 2631 2593 nunc
2656 2552 2797 2608 sunt,
2834 2553 2881 2596 et
2926 2553 3066 2596 terra
3108 2544 3287 2598 eodem
3337 2548 3489 2601 verba
3529 2550 3698 2617 repositi

2150 2640 2293 2696 sunt,
2327 2632 2435 2701 igni
2476 2633 2717 2685 reservati
2747 2634 2800 2686 in
2828 2631 2911 2685 die
2924 2617 3117 2702 judicii
3144 2646 3193 2687 et
3219 2637 3523 2705 perditionis
3544 2638 3697 2707 impio-

2152 2720 2573 2775 rum/tominum.
2610 2718 2844 2776 Joannes
2879 2724 2928 2776 in
2961 2724 3281 2795 Apocalypsi
3316 2740 3334 2779 :
3383 2726 3513 2793 Vidi,
3538 2729 3697 2797 inquit,

2150 2809 2352 2863 caelum
2376 2827 2560 2865 novum
2580 2821 2629 2865 et
2654 2822 2848 2867 terram
2872 2830 3055 2867 novant
3076 2831 3096 2880 ,'
3120 2816 3351 2886 primum
3374 2819 3509 2872 enim
3532 2818 3698 2871 caelum

2146 2908 2197 2953 et
2237 2901 2408 2970 prima
2438 2910 2577 2955 terra
2605 2902 2752 2967 abiit,
2797 2914 2844 2957 et
2883 2920 3027 2958 mare
3064 2906 3180 2977 jam
3229 2924 3333 2963 non
3379 2922 3473 2963 est.
3518 2907 3699 2963 Caelum

2149 3000 2323 3044 autem
2361 3008 2547 3045 nouunt
2580 3001 2628 3046 et
2656 3003 2846 3047 terram
2885 3011 3092 3063 novam,
3143 2996 3248 3064 vel,
3296 3009 3357 3053 ut
3395 3001 3469 3053 ait
3502 2998 3699 3053 Petrus;

2152 3077 2327 3135 Novas
2361 3082 2532 3136 caelos
2571 3092 2618 3137 et
2656 3099 2841 3140 novam
2887 3094 3105 3152 terram,
3146 3087 3367 3143 beatum
3420 3088 3698 3160 Gregorium

2147 3170 2545 3230 Nazianzenum
2577 3176 2880 3245 theologum
2910 3188 3217 3249 sequentes,
3248 3183 3315 3238 de
3342 3184 3699 3239 restauratimze

2150 3265 2418 3320 humanae
2465 3275 2691 3323 naturae
2718 3269 2771 3323 in
2798 3270 3082 3339 pristinum
3126 3282 3355 3340 statum,
3405 3277 3566 3347 deque
3602 3272 3698 3343 ejus

2148 3352 2202 3407 in
2235 3355 2511 3424 antiquam
2534 3357 2847 3428 dignitatem
2883 3361 3058 3417 reditu
3091 3378 3198 3418 non
3230 3364 3412 3436 longe,
3454 3377 3510 3422 ut
3548 3366 3698 3430 video,

2148 3458 2180 3497 a
2229 3445 2458 3501 veritate
2509 3448 2698 3502 remoti
2759 3448 3122 3520 intelligimus.
3179 3454 3327 3510 Dtsc.
3390 3457 3467 3512 De
3516 3455 3699 3510 interitu

2148 3535 2356 3599 mundi,
2389 3536 2495 3589 imo
2519 3538 2681 3590 etiam
2714 3538 2884 3607 ipsius
2911 3540 3081 3596 reditu
3122 3542 3175 3596 in
3223 3553 3477 3601 aeternas
3518 3558 3697 3606 causas,

2147 3639 2214 3677 ex
2242 3624 2434 3692 quibus
2462 3624 2775 3691 deﬂuxerat,
2803 3629 2934 3683 satis
2960 3638 3044 3684 est
3071 3631 3421 3700 disputatum.
3466 3633 3567 3689 Sed
3611 3645 3698 3702 quo

2147 3715 2253 3769 line
2277 3716 2670 3782 terminabitur,
2698 3719 2938 3786 apertius
2965 3721 3150 3777 audire
3173 3721 3361 3776 velim.

2216 3807 2302 3861 20.
2349 3807 2488 3864 MAG.
2540 3807 2730 3874 Miror,
2779 3825 2948 3880 quare
2995 3812 3096 3866 hoc
3135 3813 3460 3883 interrogas,
3510 3813 3623 3867 dum
3657 3821 3700 3866 tu

2148 3898 2263 3967 ipse
2312 3898 2472 3968 paulo
2524 3900 2769 3968 superius
2830 3901 3206 3958 incunctanter
3246 3904 3521 3960 deﬁnieris
3565 3903 3702 3958 tinem

2149 3989 2351 4049 mundi,
2380 4004 2508 4044 suas
2531 3989 2781 4045 videlicet
2814 4001 3063 4047 aeternas
3093 4008 3289 4049 causas
3335 3995 3392 4050 in
3427 3995 3591 4050 Verbo
3621 3993 3701 4047 Dei

2148 4080 2499 4136 aeternaliter
2543 4090 2597 4136 et
2638 4082 3152 4140 incommutabiliter
3185 4087 3559 4148 subsistentes.
3585 4095 3634 4141 et
3658 4086 3703 4139 iu

2148 4173 2514 4243 superioribus
2566 4174 2709 4229 inter
2754 4190 2852 4230 nos
2895 4175 3196 4231 confectum
3223 4187 3332 4245 est,
3366 4180 3419 4233 in
3460 4178 3701 4237 omnibus,

2150 4279 2288 4334 quae
2327 4266 2380 4320 in
2420 4275 2568 4320 motu
2596 4265 2678 4320 vel
2720 4266 2773 4319 in
2812 4275 2953 4321 statu
2982 4268 3026 4299 "
3055 4278 3210 4335 sunt,
3239 4270 3322 4324 vel
3347 4281 3527 4336 certe,
3565 4279 3618 4324 ut
3642 4270 3701 4320 ita

457 4355 722 4421 generatio
766 4356 904 4409 vadit
943 4372 964 4421 ;
1018 4367 1157 4411 terra
1205 4374 1321 4412 vero
1371 4360 1426 4414 in
1486 4371 1750 4414 aeternum
1808 4374 1931 4417 stat.
1982 4363 2037 4418 Si

2153 4355 2348 4420 dicam,
2381 4355 2433 4408 in
2467 4354 2651 4409 mobili
2677 4364 2819 4410 statu
2850 4366 2905 4411 et
2933 4357 2985 4410 in
3017 4367 3163 4412 motu
3204 4360 3416 4426 stabili,
3455 4375 3556 4415 non
3580 4357 3701 4411 aliud

462 4443 759 4507 transierit,
808 4447 1074 4513 quomodo
1121 4456 1251 4512 stat,
1298 4456 1354 4503 et
1400 4450 1562 4504 stabit
1619 4451 1669 4504 in
1718 4455 2039 4507 aeternum?

461 4528 600 4586 MAG.
666 4532 724 4587 lit
775 4534 859 4589 his
910 4536 1089 4591 verbis
1134 4537 1441 4593 Salomonis
1485 4556 1590 4595 non
1648 4542 1791 4597 illam
1838 4554 2044 4613 partem

461 4620 667 4685 mundi,
698 4638 835 4691 quae
864 4626 1038 4679 media
1066 4634 1122 4682 et
1147 4627 1324 4682 intima
1352 4639 1453 4694 est,
1478 4631 1732 4701 quoniam
1765 4631 1903 4688 infra
1927 4649 2046 4688 eam

461 4709 593 4762 nihil
640 4723 759 4777 est,
811 4715 861 4769 in
916 4732 1021 4786 qua
1074 4732 1241 4786 genus
1278 4720 1566 4775 luunanum
1612 4724 1785 4777 adhuc
1827 4724 2051 4779 mortale

458 4806 518 4851 et
569 4803 914 4872 corruptibile
955 4807 1190 4875 possidet
1243 4810 1574 4878 generatioui
1621 4820 1675 4864 et
1723 4814 2053 4882 corruptioni

455 4888 774 4959 obnoxium,
813 4897 1142 4966 accipimus,
1191 4901 1284 4955 sed
1329 4901 1470 4955 illam
1519 4912 1753 4967 terram,
1805 4904 1871 4959 de
1938 4923 2044 4977 qua

459 4976 727 5053 Propheta
768 4985 932 5040 dicit:
966 4987 1069 5054 Qui
1096 4990 1331 5060 fundasti
1355 5003 1547 5047 terram
1593 5010 1750 5064 super
1789 4976 2048 5052 stabilita-

453 5082 562 5130 tem
586 5090 734 5132 suam
748 5092 772 5145 ;
802 5094 904 5134 non
934 5081 1269 5139 inclinabitur
1293 5086 1345 5140 in
1365 5085 1593 5140 seruiunt
1621 5087 1817 5154 seculi;
1847 5090 2047 5146 incom-

2149 4459 2273 4499 esse
2302 4444 2648 4513 principium,
2682 4444 2826 4499 aliud
2852 4446 3036 4511 linem,
3061 4448 3154 4502 sed
3180 4464 3345 4503 unum
3376 4458 3429 4504 et
3453 4451 3503 4505 id
3530 4450 3700 4518 ipsum-

2150 4533 2207 4588 Si
2231 4548 2358 4604 ergo
2380 4534 2639 4603 principia
2665 4535 2844 4588 mundi
2867 4543 2996 4589 sunt
3017 4550 3235 4602 causae,
3267 4552 3334 4592 ex
3362 4538 3551 4610 quibus
3571 4546 3704 4592 ortus

2151 4634 2235 4680 est
2268 4624 2334 4690 “,
2365 4639 2544 4678 nonne
2566 4623 2705 4678 ﬁnes
2730 4623 2970 4693 ejusdem
3002 4630 3225 4682 eaedem
3250 4644 3468 4693 causae,
3497 4631 3549 4684 in
3587 4641 3703 4698 quas

2151 4716 2512 4772 reversurus?
2544 4716 2658 4770 Non
2686 4716 2830 4771 enim
2863 4718 2916 4772 in
2961 4719 3189 4775 nihilum
3228 4721 3518 4791 redigetur,
3548 4719 3632 4773 sed
3659 4717 3702 4768 in

2153 4808 2331 4865 causis
2360 4807 2494 4873 suis,
2522 4815 2669 4862 motu
2694 4821 2792 4863 suo
2828 4807 2993 4871 linito,
3024 4810 3409 4878 perpetualiter
3434 4808 3706 4865 salvabitur

2144 4911 2200 4955 et
2227 4900 2485 4970 quiescet.
2516 4896 2584 4950 At
2612 4896 2658 4951 si
2689 4896 2917 4951 Verbum
2950 4895 3149 4962 Patris,
3180 4898 3232 4952 in
3275 4915 3381 4970 quo
3410 4907 3466 4953 et
3497 4904 3629 4956 sunt.
3660 4900 3706 4947 et

2147 4991 2286 5047 facta
2317 4996 2443 5045 sunt
2464 4987 2663 5049 omnia,
2686 5002 2852 5041 causa
2872 4988 3111 5042 omnium
3134 5004 3418 5045 causarum
3439 4998 3525 5044 est
3541 4983 3706 5041 visibi-

2148 5084 2278 5138 lium
2307 5092 2362 5138 et
2394 5078 2747 5135 invisibilium
2781 5095 2796 5133 :
2831 5079 3073 5151 nunquid
3103 5080 3219 5150 ipsa
3249 5094 3533 5136 causarum
3560 5085 3705 5133 causa

1763 5245 2017 5303 VARIAE
2055 5241 2456 5304 LECTIONES.

540 5358 557 5391 ¹
590 5358 725 5428 quod
757 5374 844 5413 om
871 5358 979 5415 CF.

470 5428 512 5483 Α
545 5432 651 5482 dix.
670 5432 757 5483 rit.

470 5514 645 5565 ptum.

472 5584 696 5623 "Lenta
730 5581 838 5624 cet.

1086 5363 1107 5394 ³
1134 5360 1221 5416 Sic
1250 5362 1374 5431 CF;
1409 5363 1453 5418 Δ
1476 5374 1640 5427 terra,
1660 5380 1827 5419 mare.

844 5431 866 5462 ⁸
899 5436 987 5483 Sic.
1016 5430 1136 5493 CF;
1174 5434 1215 5487 Α
1241 5446 1288 5487 et
1321 5430 1396 5487 in.
1487 5435 1505 5465 ⁷
1532 5438 1669 5490 enim
1718 5452 1829 5490 om.
1857 5440 1920 5492 Α.

1913 5372 1936 5399 ³
1962 5365 2049 5422 CF
2075 5370 2313 5437 peritura
2346 5369 2471 5424 sint.

2012 5438 2033 5469 ⁵
2066 5439 2159 5516 Sic
2195 5443 2277 5503 A;
2324 5439 2410 5516 ΟΕ
2453 5440 2619 5516 Nunt.
2657 5445 2702 5516 ,θ
2730 5453 2808 5495 est
2834 5457 2943 5516 oui.
2979 5444 3042 5495 A.
3134 5443 3173 5473 ¹⁰
3201 5440 3291 5494 Sic
3324 5440 3402 5498 A:
3430 5438 3550 5516 CF-

752 5502 795 5532 ¹¹
824 5502 859 5555 S
881 5516 913 5556 c
933 5502 1056 5581 χι)
1100 5503 1470 5581 A‘sententiae
1499 5520 1661 5581 supra
1687 5508 2016 5577 interposuit
2048 5514 2127 5564 sic
2156 5528 2170 5564 :
2215 5513 2528 5581 praedictae
2559 5512 2868 5565 divinarum
2900 5511 3303 5581 Scriptur-trutu
3326 5508 3617 5581 sentcntiae
3644 5513 3699 5553 «τι

932 5573 974 5602 ⁸³
1008 5575 1097 5627 Su;
1124 5571 1206 5626 CF
1236 5591 1249 5642 ;
1287 5579 1328 5628 Δ
1353 5576 1405 5629 iu
1435 5571 1675 5630 secunda
1708 5594 1803 5629 sua
1836 5571 2093 5648 epistola.

2564 5371 2586 5403 ⁸
2613 5368 2705 5426 Sic
2728 5370 2851 5433 CF;
2892 5371 2937 5425 Α
2958 5370 3345 5435 Joltanttesqne.
3421 5368 3444 5398 ⁸
3472 5365 3563 5419 Sic
3582 5361 3697 5423 CF;

2564 5457 2619 5495 tt.
2683 5445 2702 5474 '
2730 5453 2808 5495 est
2834 5457 2943 5494 οιιι.
2979 5444 3042 5495 Α.
3134 5443 3173 5473 ⁸ο
3201 5440 3291 5494 Sic
3324 5440 3402 5498 A:
3430 5435 3519 5491 CF
3565 5446 3697 5500 teng-

3245 5455 3291 5493 ιο
3324 5455 3402 5498 A:
3430 5455 3508 5491 ιιι·
3565 5455 3700 5498 war

2190 5576 2233 5612 ¹⁶
2273 5580 2316 5632 Α
2353 5583 2403 5633 in
2437 5591 2579 5635 statu
2620 5585 2695 5637 vel
2732 5583 2785 5635 in
2814 5593 2978 5636 mutu.
3026 5576 3037 5581 ’
3073 5584 3115 5613 ⁸⁸
3141 5594 3215 5635 est
3249 5598 3355 5635 om.
3391 5576 3499 5632 CF.
