3898 6154
280 224 381 284 893

1114 214 1205 277 DE
1248 217 1586 280 DlVlSlONE
1628 218 1978 277 NA'HJRAE.
2018 250 2087 262 —
2126 218 2325 274 LIBER
2366 216 2688 286 QUINTUS.

3420 218 3527 273 895

280 340 398 399 huis
422 338 603 394 inundi
636 346 722 396 est
752 341 796 406 ί,
838 339 892 395 ln
923 350 1089 409 quam
1114 341 1347 406 desinet,
1389 342 1603 411 quando
1650 338 1852 402 omnia,
1881 341 1931 401 Α
1960 348 2041 393 est
2071 338 2194 394 linis
2222 339 2462 393 omnium
2493 336 2783 393 visibilium
2812 346 2866 391 ct
2886 334 3256 402 invisibilium,
3280 341 3534 409 quoniam

277 444 413 499 quae
454 429 509 483 in
540 437 688 483 motu
738 439 883 496 sunt,
915 430 1087 497 ineo,
1133 430 1278 499 quod
1319 439 1595 501 appetunt,
1640 429 1694 483 in
1739 428 1857 498 ipso

270 520 517 575 videlicet
544 520 642 576 Dei
681 518 879 586 Verbo,
913 531 1090 576 motus
1126 522 1209 577 sui
1246 521 1409 576 ﬁnem
1444 521 1776 576 constituant
1810 519 1855 585 ',

272 612 411 667 ultra
442 628 603 684 quem
629 612 792 669 ﬁnem
819 613 999 670 nullus
1035 614 1198 671 ullius
1221 614 1243 647 ³
1284 622 1566 671 creaturae
1587 613 1856 684 appetitus

262 706 409 760 erit?
436 703 552 759 Non
578 705 723 760 enim
753 705 918 760 habet
947 705 1195 772 ulterius,
1222 722 1332 776 quo
1371 706 1580 770 tendat,
1613 704 1697 759 vel
1724 703 1853 775 quid

264 804 435 867 petat.
469 793 805 850 Universalis
834 794 1034 865 quippe
1076 795 1241 850 totius
1271 804 1558 849 creaturae
1597 793 1720 848 ﬁnis
1757 793 1850 848 Dei

268 882 505 939 Verbum
542 890 647 937 est.
698 881 1030 953 Principium
1084 883 1266 952 itaque
1296 890 1350 937 et
1397 882 1519 937 ﬁnis
1564 882 1749 937 rnundi
1795 882 1849 936 in

269 974 448 1032 Verbo
471 973 569 1030 Dei
605 974 930 1039 subsistunt,
959 982 1037 1041 et,
1067 983 1127 1030 ut
1152 976 1396 1045 apertius
1420 975 1620 1039 dicam,
1673 974 1849 1043 ipsum

269 1064 508 1123 Verbum
551 1075 696 1128 sunt,
737 1065 881 1134 quod
916 1073 1002 1120 est
1044 1064 1321 1134 multiplex
1360 1065 1480 1119 sine
1508 1052 1614 1119 ﬁne
1646 1061 1768 1117 ﬁnis
1797 1069 1852 1117 et

259 1158 592 1230 principium
617 1154 843 1234 ἄναρχον
870 1153 912 1219 ⁸,
944 1155 1043 1210 hoc
1068 1163 1171 1219 est,
1200 1154 1320 1210 sine
1351 1153 1612 1225 principio
1636 1161 1850 1222 praeter

265 1249 507 1306 Patrem.
551 1245 688 1305 Hinc
735 1246 900 1302 etiam
946 1245 1183 1301 breviter
1226 1244 1481 1315 colligere
1529 1257 1846 1312 possumus,

263 1335 407 1407 quod
447 1334 629 1390 multis
656 1333 1159 1393 ratiocinationibus
1207 1332 1436 1389 suadere
1469 1346 1752 1396 conamur,
1783 1346 1849 1389 ac

262 1430 342 1483 sic
369 1427 600 1485 delinire
629 1443 642 1480 :
672 1426 754 1481 Ah
789 1426 905 1495 ipso
929 1433 984 1480 et
1011 1424 1078 1479 ad
1120 1424 1294 1495 ipsum
1332 1424 1543 1489 omnia;
1591 1431 1673 1478 est
1700 1423 1844 1477 enim

260 1516 588 1587 principium
612 1523 667 1569 et
685 1514 825 1571 ﬁnis.
839 1512 993 1580 Quod
1008 1513 1173 1568 etiam
1199 1512 1486 1582 Apostolus
1505 1512 1846 1583 apertissime

260 1605 531 1663 conclusit
553 1604 781 1660 dicens:
814 1601 1076 1669 Quoniam
1116 1619 1182 1658 ea:
1220 1604 1356 1670 ipso,
1381 1612 1429 1657 et
1454 1620 1547 1673 per
1572 1603 1765 1673 ipsum,
1794 1611 1844 1656 et

1957 431 2140 485 omnia
2193 430 2423 485 visibilia
2471 429 2524 484 in
2574 428 2951 497 intelligibilia,
2994 436 3051 482 et
3094 428 3447 501 intelligibilia
3477 434 3533 488 in

1956 518 2129 587 ipsum
2163 518 2330 573 Deum
2359 517 2665 573 transibunt
2705 516 2937 571 mirabili
2966 526 3021 572 et
3057 516 3310 573 ineﬁ‘abili
3337 520 3538 575 aduna—

1955 607 2126 671 tione,
2169 621 2275 661 non
2320 616 2523 671 autem,
2574 614 2634 661 ut
2662 620 2823 676 saepe
2874 606 3131 672 diximus,
3178 609 3533 667 essentiarum

1954 706 2049 754 aut
2077 698 2101 730 ⁸
2129 696 2550 751 substantiarum
2599 695 2917 752 confusione
2943 707 3035 751 aut
3071 698 3312 753 interitu.
3339 697 3403 753 Et
3432 699 3536 754 hoc

1953 797 2124 843 totum
2150 787 2430 845 .Dominus
2478 794 2533 841 et
2579 784 2830 841 Salvator
2862 800 3046 845 noster
3087 787 3245 843 Jesus
3290 786 3537 845 Christus

1953 878 2286 949 resurgendo
2314 892 2345 931 a
2380 875 2607 931 mortuis
2636 876 2689 929 in
2718 875 2901 945 seipse
2921 885 2976 931 et
2999 876 3251 945 perfecit,
3277 885 3336 931 et
3352 892 3537 935 exem-

1950 971 2097 1040 plum
2142 967 2404 1032 omnium,
2456 981 2596 1036 quae
2634 965 2813 1020 futura
2852 979 3011 1031 sunt,
3062 967 3534 1034 praemonstravit.

1950 1064 2258 1131 Resurgens
2298 1059 2497 1129 quippe
2540 1056 2743 1113 nullum
2785 1071 2972 1113 sexum
3022 1056 3226 1115 imbuit.
3277 1056 3536 1123 Quamvis

1947 1153 2093 1208 enim
2126 1152 2178 1206 in
2211 1150 2326 1219 ipso
2355 1165 2514 1214 sexu,
2542 1147 2766 1204 masculi
2796 1146 3065 1212 videlicet,
3099 1146 3151 1201 in
3179 1161 3287 1217 quo
3324 1162 3391 1203 ex
3419 1148 3535 1206 vir-

1949 1242 2075 1312 gine
2109 1249 2290 1305 natus,
2320 1247 2378 1294 et
2415 1240 2558 1295 inter
2597 1238 2845 1295 homines
2875 1254 3045 1308 usque
3075 1247 3096 1278 υ
3138 1239 3206 1293 ad
3233 1240 3537 1306 passionem

1945 1341 2322 1395 conversatus,
2364 1339 2489 1401 post
2526 1329 2979 1386 resurrectionem
3018 1329 3296 1399 discipulis
3329 1331 3442 1385 suis
3468 1328 3536 1390 ad

1945 1422 2370 1478 conﬁrmandam
2419 1422 2631 1475 illorum
2679 1420 2838 1476 ﬁdem
2887 1421 3168 1490 apparuit;
3232 1435 3336 1477 non
3386 1422 3532 1476 enim

1945 1513 2100 1567 aliter
2122 1514 2295 1583 ipsum
2321 1521 2728 1582 cognoscerent,
2758 1511 2858 1566 nisi
2885 1511 2938 1565 in
2980 1510 3162 1565 habitu
3190 1511 3295 1567 illis
3321 1513 3536 1582 cognito

1946 1618 2006 1658 se
2033 1603 2207 1673 ipsum
2242 1603 2617 1659 manifestaret
2645 1619 2657 1655 :
2691 1600 2821 1657 nulli
2864 1610 3041 1656 tamen
3063 1600 3107 1632 ¹⁰
3136 1599 3369 1653 ﬁdelium
3409 1599 3537 1654 licet

256 1698 315 1750 iu
342 1696 480 1766 ipso,
508 1704 556 1749 et
578 1695 646 1748 ad
673 1694 843 1765 ipsum
875 1694 1074 1751 omnia.
1101 1692 1168 1749 Et
1196 1694 1299 1748 hoc
1333 1694 1497 1748 etiam
1522 1702 1839 1748 naturarum
1873 1687 1916 1744 Β
1942 1696 2185 1761 credere,
2220 1695 2303 1749 vel
2331 1694 2373 1726 ¹¹
2409 1694 2518 1749 ullo
2547 1694 2704 1748 modo
2733 1693 2993 1762 cogitare,
3022 1692 3193 1762 ipsum
3216 1700 3536 1760 postresur-

258 1784 528 1851 omnium,
559 1797 701 1853 quae
743 1782 918 1838 factae
970 1789 1117 1847 sunt,
1154 1782 1589 1853 quinquepertita
1616 1782 1842 1848 divisio,

252 1892 393 1947 quae
423 1874 491 1929 ab
512 1873 800 1945 apostolica
828 1874 1158 1938 auctoritate,
1187 1882 1247 1928 ut
1283 1872 1548 1928 Maximus
1572 1874 1625 1927 in
1656 1872 1842 1927 Ambi-

259 1967 376 2039 guis
404 1966 680 2021 tricesimo
706 1966 934 2034 septimo
972 1964 1207 2034 capitqu
1244 1965 1449 2030 scribit,
1501 1966 1697 2019 tradita
1744 1973 1843 2030 est,

262 2038 594 2109 lucidissime
635 2038 889 2116 declarat,
939 2054 1251 2122 reditusque
1288 2054 1481 2108 iterum
1509 2063 1563 2107 et
1590 2053 1844 2111 adunatio

260 2142 560 2198 earundem
603 2156 700 2211 per
739 2140 956 2196 easdem
1005 2141 1295 2197 divisiones
1338 2151 1392 2195 et
1441 2140 1845 2195 convolutiones

262 2230 429 2285 totius
478 2238 765 2285 creaturae
811 2231 865 2283 in
916 2246 1103 2295 unum,
1151 2242 1207 2285 et
1252 2240 1524 2300 postremo
1567 2230 1621 2284 in
1670 2230 1844 2298 ipsum

261 2318 454 2374 Deum.
490 2317 669 2375 Prima
704 2319 970 2390 siquidem
1016 2319 1258 2374 omnium
1305 2330 1619 2374 naturarum
1652 2319 1846 2374 divisio

261 2417 367 2475 est,
400 2423 544 2478 quac
568 2418 805 2464 creatam
834 2424 866 2463 a
912 2424 1020 2463 non
1048 2420 1253 2474 creata,
1295 2425 1432 2479 quae
1455 2418 1539 2464 est
1565 2410 1726 2473 Deus,
1759 2425 1847 2465 se-

261 2508 475 2569 gregat.
524 2498 770 2554 Secunda
815 2510 1056 2555 creatam
1099 2502 1290 2556 dividit
1337 2502 1388 2555 in
1437 2501 1742 2557 sensibilem
1792 2508 1847 2556 et

264 2588 675 2657 intelligibilem.
711 2587 885 2642 Tertia
932 2590 1240 2646 sensibilem
1278 2591 1331 2644 in
1359 2591 1380 2622 ⁵
1408 2591 1615 2646 caelum
1643 2590 1848 2646 discer-

264 2680 342 2733 nit
367 2688 426 2733 et
454 2688 678 2733 terram.
713 2679 916 2744 Quarta
963 2691 1179 2751 separat
1221 2682 1526 2751 paradisum
1571 2690 1627 2735 et
1660 2682 1846 2743 orbem

267 2777 559 2822 terrarum.
591 2768 790 2833 Quinta
821 2770 1169 2840 omniumque
1202 2772 1389 2825 ultima
1422 2772 1614 2826 divisio
1638 2780 1719 2827 est
1746 2772 1846 2826 ho-

265 2859 428 2913 minis
479 2857 533 2912 in
572 2859 869 2913 masculum
919 2869 973 2914 et
1002 2859 1278 2914 feminam.
1325 2860 1381 2914 lu
1425 2877 1553 2929 quo,
1599 2860 1848 2916 videlicet

265 2949 505 3014 homine,
530 2949 708 3004 omnis
734 2959 982 3005 creatura
1009 2950 1231 3005 visibilis
1256 2961 1311 3006 et
1336 2951 1615 3007 invisibilis
1631 2953 1845 3007 condita

260 3048 363 3096 εει.
389 3038 628 3111 Ideoque
655 3040 858 3110 o/ﬁcina
900 3041 1132 3094 manium
1161 3041 1376 3107 dicitur,
1422 3042 1674 3113 quoniam
1702 3042 1754 3096 iu
1781 3056 1847 3096 eo
1876 3035 1921 3096 C

258 3137 474 3203 omnia,
523 3152 662 3206 quae
709 3145 830 3209 post
878 3137 1046 3191 Deum
1092 3147 1241 3204 sunt,
1292 3139 1656 3194 continentur.
1710 3137 1847 3194 llinc

265 3230 432 3286 etiam
471 3231 717 3287 medietas
763 3229 902 3286 solet
946 3229 1240 3301 appellari,
1290 3242 1533 3289 extrema
1581 3232 1848 3302 siquidem

259 3321 533 3395 longeque
556 3337 587 3376 a
617 3337 678 3377 se
714 3322 996 3388 distantia,
1022 3323 1324 3393 spiritualia
1349 3323 1553 3379 scilicet
1582 3326 1853 3394 et'corpo-

264 3412 420 3478 ralia,
475 3411 530 3466 in
577 3426 637 3467 se
663 3410 1074 3480 comprehendit
1118 3419 1174 3466 et
1217 3411 1270 3465 in
1318 3412 1577 3467 unitatem
1620 3412 1849 3484 colligit,

263 3516 497 3571 corpore
522 3509 577 3556 et
605 3501 784 3555 anima
814 3501 1121 3557 consistens
1160 3502 1200 3555 ⁸.
1251 3502 1480 3573 Ideoque
1514 3504 1569 3559 in
1595 3519 1852 3560 consum-

268 3592 510 3646 matione
549 3605 729 3645 rerum
773 3590 1013 3645 omnium
1057 3589 1427 3647 fabricationis
1470 3593 1643 3662 ipsum
1672 3594 1852 3647 divina

270 3683 570 3740 introduxit
595 3682 844 3751 historia,
882 3681 1210 3755 signiﬁcans,
1243 3683 1647 3739 universitatem
1692 3684 1855 3741 facta-

271 3791 389 3831 rum
422 3789 605 3830 rerum
633 3775 687 3828 in
718 3774 834 3846 ipso
863 3774 1149 3828 contineri.
1174 3773 1406 3829 Proinde
1434 3790 1501 3830 ex
1531 3776 1855 3829 admixtione

270 3868 556 3924 divisionis
583 3867 819 3921 hominis
845 3867 900 3921 in
942 3866 1208 3935 duplicem
1237 3881 1423 3920 sexum
1456 3866 1853 3935 praedictarum

270 3960 593 4016 divisionum
617 3957 804 4026 incipit
829 3971 1086 4011 ascensus
1108 3966 1162 4011 et
1199 3957 1474 4011 adunatio.
1528 3956 1584 4010 ln
1616 3971 1857 4010 resurre-

272 4049 449 4104 ctione
470 4048 612 4103 enim
636 4062 796 4101 sexus
816 4044 1111 4110 auferetur,
1148 4055 1203 4100 et
1223 4055 1414 4099 natura
1437 4045 1781 4109 adunabitur,
1804 4054 1859 4100 et

272 4138 373 4192 erit
401 4136 743 4192 solummodo
769 4136 951 4201 homo,
986 4130 1126 4193 sicut
1170 4134 1341 4201 ﬁeret,
1375 4137 1419 4190 si
1449 4153 1552 4191 non
1584 4147 1855 4206 peccaret.

274 4228 476 4283 Deinde
500 4227 650 4281 orbis
679 4236 944 4281 terrarum
977 4227 1224 4296 paradiso
1244 4227 1265 4258 ⁷
1306 4227 1652 4293 adunabitur,
1676 4238 1728 4281 et
1750 4243 1857 4282 non

272 4318 371 4372 erit
395 4317 500 4371 nisi
527 4318 826 4387 paradisus.
860 4317 1059 4370 Deinde
1081 4317 1288 4371 caelum
1309 4325 1364 4371 et
1386 4325 1521 4371 terra
1545 4318 1859 4373 adunabun-

1946 1785 2239 1842 rcctionem
2265 1783 2371 1838 ullo
2386 1798 2517 1838 sexu
2542 1783 2789 1838 detineri.
2815 1780 2882 1835 In
2905 1780 3112 1836 Christo
3134 1784 3269 1836 enim
3292 1781 3419 1836 Jesu
3445 1797 3532 1835 ue-

1942 1892 2042 1945 que
2069 1873 2340 1928 masculus
2376 1883 2452 1927 est
2494 1888 2656 1943 neque
2684 1872 2903 1942 femina,
2935 1872 3031 1927 sed
3060 1872 3236 1927 solum
3261 1888 3451 1926 verum
3478 1882 3533 1927 et

1947 1975 2115 2022 totum
2142 1966 2435 2029 hominem,
2476 1980 2671 2034 corpus
2707 1965 2926 2028 dico,et
2953 1964 3211 2028 animam,
3247 1973 3302 2019 et
3330 1963 3534 2019 intelle-

1944 2070 2111 2124 ctum,
2154 2059 2360 2129 absque
2400 2058 2510 2112 ullo
2555 2073 2689 2113 sexu
2725 2057 2811 2111 vel
2845 2056 3023 2126 aliqua
3064 2055 3533 2127 comprehensibili

1945 2152 2136 2218 forma,
2164 2152 2417 2222 quoniam
2445 2153 2583 2204 haec
2610 2150 2710 2203 tria
2739 2151 2790 2203 in
2818 2149 2935 2218 ipso
2964 2163 3130 2202 unum
3155 2156 3297 2209 sunt,
3316 2154 3374 2201 et
3394 2147 3535 2201 Deus

1947 2242 2111 2309 facta,
2162 2244 2278 2297 sine
2315 2242 2705 2312 proprietatum
2767 2238 3213 2293 transmutatione
3263 2236 3346 2292 vel
3398 2251 3533 2290 con-

1949 2335 2176 2390 fusione.
2208 2334 2374 2388 Totus
2402 2347 2634 2401 namque
2664 2331 2803 2385 Deus
2832 2340 2934 2393 est,
2964 2339 3018 2384 et
3055 2339 3199 2383 totus
3225 2329 3531 2394 lmmo,una

1946 2424 2267 2487 substantia,
2297 2420 2398 2482 vel,
2429 2429 2488 2474 ut
2514 2420 2767 2473 usitatius
2794 2419 2993 2482 dicam,
3022 2432 3128 2471 una
3166 2431 3420 2487 persona,
3455 2417 3533 2472 lo-

1948 2515 2049 2570 cali
2077 2524 2132 2569 et
2156 2512 2436 2583 temporali
2470 2520 2618 2565 motu
2652 2524 2870 2573 carens,
2898 2511 3025 2563 dum
3051 2508 3121 2562 sit
3155 2523 3317 2577 super
3349 2508 3530 2562 omnia

1949 2610 2064 2663 loca
2091 2617 2145 2662 et
2183 2616 2425 2675 tempora
2460 2604 2604 2658 Deus
2637 2611 2692 2657 et
2734 2602 2918 2666 homo,
2950 2601 3152 2668 absque
3179 2599 3287 2652 ulla
3332 2596 3530 2663 forma,

1949 2714 2070 2754 cum
2099 2698 2170 2753 sit
2205 2696 2379 2751 forma
2412 2694 2655 2749 omnium
2684 2702 2738 2748 et
2761 2700 3020 2762 paternae
3045 2689 3377 2744 substantiae
3403 2688 3535 2744 eba-

1950 2798 2147 2852 racter,
2171 2788 2376 2857 absque
2396 2785 2502 2839 ulla
2532 2783 2916 2849 similitudine,
2955 2781 3080 2834 dum
3123 2781 3303 2836 omnia
3338 2779 3533 2836 similia

1949 2880 1997 2936 ei
2019 2894 2138 2934 esse
2159 2885 2413 2948 appetunt
2428 2877 2492 2928 “.
2517 2873 2835 2929 Humanitas
2863 2872 3127 2942 siquidem
3142 2870 3344 2927 Christi
3368 2886 3533 2925 unum

1952 2987 2075 3027 cum
2099 2970 2305 3024 Dcitate
2331 2967 2471 3023 facta
2516 2966 2661 3020 nullo
2684 2965 2802 3020 loco
2840 2963 3171 3026 continetur,
3215 2963 3362 3017 nullo
3395 2971 3534 3017 tem-

1952 3078 2084 3134 pore
2112 3067 2376 3125 movetur,
2410 3057 2556 3113 nulla
2605 3056 2780 3111 forma
2817 3070 2911 3110 seu
2959 3070 3091 3110 sexu
3128 3054 3534 3110 circumscribi-

1954 3161 2062 3216 tur,
2090 3151 2213 3221 quia
2240 3165 2404 3219 super
2427 3148 2563 3204 haec
2588 3148 2770 3203 omnia
2811 3145 3048 3201 exaltata
3085 3153 3190 3210 est,
3226 3154 3282 3200 et
3311 3161 3418 3200 non
3449 3160 3537 3202 so-

1951 3242 2061 3296 lum
2090 3256 2252 3312 super
2272 3240 2424 3303 haec,
2451 3252 2636 3294 verum
2663 3237 2829 3292 etiam
2851 3253 3007 3306 super
3029 3252 3205 3291 omnes
3229 3246 3465 3301 mrtutes,
3486 3245 3536 3290 et

1951 3340 2248 3403 potestates,
2277 3337 2596 3396 ceterosque
2628 3325 2938 3397 spirituales
2958 3325 3203 3385 ordines.
3242 3325 3368 3395 quia
3394 3327 3538 3380 sedet

1953 3421 2023 3476 ad
2052 3420 2288 3475 dextram
2322 3416 2527 3480 Patris,
2556 3431 2720 3486 quam
2748 3417 3044 3471 sessionem
3097 3415 3242 3470 nulla
3287 3423 3537 3471 creatura

1952 3517 2135 3580 potest
2162 3509 2449 3579 attingere.
2487 3506 2722 3561 Proinde
2747 3521 2854 3561 non
2883 3504 3154 3560 immerito
3178 3505 3534 3577 redarguendi

1956 3608 2102 3664 sunt,
2133 3599 2227 3669 qui
2251 3612 2449 3666 corpus
2474 3596 2810 3651 Dominicum
2837 3604 2960 3666 post
3003 3598 3454 3652 resurrectionem
3483 3596 3536 3651 in

1956 3689 2132 3759 aliqua
2164 3699 2320 3758 parte
2347 3688 2529 3741 mundi
2567 3694 2832 3742 conantur
2867 3687 3195 3742 constituere
3218 3687 3283 3751 ¹³,
3312 3695 3366 3742 et
3396 3686 3542 3743 loca-

1957 3781 2082 3836 liter
2105 3789 2159 3835 et
2190 3781 2555 3850 temporaliter
2583 3779 2808 3844 moveri,
2842 3780 2981 3834 etin
3027 3795 3093 3834 co
3141 3794 3297 3843 sexu,
3331 3781 3383 3834 in
3431 3796 3539 3850 quo

1958 3872 2208 3940 apparuit
2240 3870 2460 3932 mundo,
2488 3870 2625 3923 intra
2667 3868 2924 3923 mundum
2950 3868 3202 3923 detineri.
3259 3868 3541 3936 Quomodo

1958 3963 2102 4016 enim
2136 3962 2276 4016 inter
2295 3960 2476 4016 omnia
2503 3967 2683 4027 potest
2705 3972 2828 4012 esse
2852 3972 3067 4026 corpus,
3093 3959 3308 4026 quodin
3334 3960 3539 4014 unitate

1960 4054 2256 4109 divinitatis
2284 4067 2446 4123 super
2480 4050 2659 4104 omnia
2684 4050 2980 4104 exaltatum
3018 4049 3136 4104 est?
3166 4049 3369 4104 Deinde
3408 4066 3538 4104 con-

1960 4144 2328 4208 siderandum,
2354 4142 2497 4211 quod
2527 4142 2641 4210 ipse
2670 4155 2960 4210 resurgens
2989 4153 3019 4193 a
3046 4139 3275 4192 mortuis
3307 4140 3357 4192 in
3384 4155 3538 4207 para-

1960 4238 2138 4291 disum
2172 4250 2420 4290 reversus
2462 4242 2563 4289 est.
2613 4231 2729 4286 Non
2759 4232 2902 4287 enim
2938 4230 3262 4286 credendum
3293 4241 3397 4291 est,
3447 4228 3541 4282 ali-

1963 4331 2104 4400 quod
2136 4329 2291 4398 spatii
2321 4326 2579 4396 temporis
2602 4325 2742 4380 inter
2770 4324 2999 4378 reditum
3039 4321 3208 4390 ipsius
3233 4336 3263 4374 a
3287 4335 3537 4384 mortuis,

278 4417 379 4476 tur,
427 4417 483 4465 et
517 4423 621 4462 non
659 4408 764 4461 erit
803 4408 905 4463 nisi
951 4408 1125 4463 solum
1146 4407 1383 4481 caelum.
1434 4408 1502 4462 Et
1532 4412 1847 4477 notandum,

1967 4380 2104 4400 τη--
2328 4380 2365 4381 νκ
2432 4380 2483 4396 ,κ
3061 4380 3075 4390 .
3525 4380 3532 4384 ,

1963 4426 2016 4474 et
2039 4418 2270 4489 paradisi
2297 4416 2572 4471 introitum
2603 4415 2787 4476 fuisse,
2819 4428 2919 4467 nec
2942 4413 3110 4489 ipsum
3136 4414 3442 4480 paradisum
3487 4411 3539 4464 in

275 4502 416 4570 quod
453 4515 667 4570 semper
704 4499 957 4554 interiora
1004 4501 1056 4554 in
1088 4500 1366 4569 superiora
1399 4509 1850 4559 transmutantur.

277 4592 452 4647 Sexus
474 4592 669 4662 quippe
690 4592 742 4646 in
768 4592 1038 4647 hominem
1067 4600 1332 4657 movetur,
1360 4594 1611 4663 quoniam
1633 4594 1857 4649 inferior

274 4694 357 4740 est
382 4700 548 4739 sexus
579 4684 814 4738 homine.
846 4682 1005 4739 Orbis
1050 4691 1337 4748 terrarum,
1377 4685 1469 4753 qui
1508 4684 1733 4741 inferior
1752 4695 1853 4751 est,

278 4775 333 4829 in
387 4774 720 4846 paradisum.
775 4774 1046 4839 Terrena,
1104 4776 1230 4845 quia
1284 4775 1541 4831 inferiora
1587 4786 1741 4843 sunt,
1800 4779 1856 4833 in

279 4866 533 4921 caelestia
569 4865 919 4920 mutabuntur
946 4879 1196 4934 corpora.
1233 4865 1436 4921 Deinde
1482 4868 1645 4925 totius
1687 4869 1858 4924 sensi-

280 4955 402 5013 bilis
421 4966 702 5013 creaturae
721 4957 977 5012 adunatio
1005 4968 1061 5012 et
1089 4958 1143 5012 in
1176 4958 1561 5030 intelligibilem
1589 4973 1859 5018 transum-

283 5048 414 5101 tatio
444 5046 708 5118 sequitur,
744 5046 815 5100 ita
841 5056 896 5101 ut
937 5047 1189 5117 universa
1221 5058 1468 5104 creatura
1509 5051 1858 5123 intelligihilis

283 5134 565 5191 elﬁciatur.
604 5135 886 5192 Postremo
932 5138 1258 5194 unixersalis
1315 5151 1563 5195 creatura
1615 5142 1858 5199 Creatori

283 5234 626 5302 adunabitur,
656 5243 712 5291 et
734 5236 840 5291 erit
876 5235 930 5291 in
955 5235 1069 5292 ioso
1097 5246 1151 5292 et
1176 5252 1299 5292 cum
1326 5236 1442 5307 ipso
1467 5240 1652 5294 ulniin'.
1684 5241 1750 5295 Et
1773 5242 1860 5295 hic

1959 4487 2120 4582 quem
2145 4526 2174 4564 a
2207 4506 2432 4562 mortuis
2459 4520 2744 4575 resurgens
2769 4487 3009 4567 intravit,
3041 4501 3261 4556 localcm
3290 4516 3430 4555 esse.
3458 4502 3542 4555 vel

1962 4603 2014 4655 in
2044 4602 2220 4670 aliqua
2252 4607 2403 4669 parte
2435 4594 2595 4664 lmjus
2623 4596 2806 4650 mundi
2835 4594 3105 4651 sensibilis
3128 4592 3411 4648 contineri.
3441 4594 3546 4648 Nc—

1960 4705 2086 4761 que,
2113 4690 2329 4759 quando
2358 4678 2747 4742 manifestahat
2767 4700 2825 4740 se
2851 4684 3129 4754 discipulis
3157 4683 3289 4749 Suis,
3320 4681 3545 4740 creden~

1962 4787 2087 4843 dum
2120 4792 2224 4848 est,
2273 4789 2423 4838 extra
2474 4781 2783 4851 paradisum
2829 4777 3016 4842 fuisse,
3062 4777 3156 4832 sed
3199 4776 3360 4832 simul
3403 4777 3541 4831 etin

1963 4876 2211 4947 paradiso
2237 4881 2375 4938 erat,
2402 4882 2458 4928 et
2485 4887 2543 4926 se
2570 4872 2741 4942 ipsum
2768 4869 2882 4924 suis
2907 4867 3182 4938 discipulis
3205 4868 3544 4921 detnonstra-

1965 4958 2075 5020 ba't.
2103 4964 2194 5019 ille
2222 4963 2365 5018 enim
2388 4960 2500 5031 jam
2530 4961 2581 5014 in
2609 4958 2858 5030 paradiso
2878 4967 3015 5023 erat,
3040 4958 3166 5026 quia
3206 4956 3259 5010 in
3283 4956 3401 5026 ipso
3446 4964 3541 5013 hu-

1966 5074 2121 5113 mana
2175 5066 2366 5110 natura
2420 5061 2723 5108 restaurata
2770 5061 2851 5105 est
2881 5069 2895 5104 :
2931 5050 3004 5104 illi
3036 5064 3193 5112 vero,
3247 5053 3440 5119 quibus
3482 5058 3542 5100 se

1967 5146 2350 5206 manifestavit.
2379 5145 2613 5199 nondum
2658 5143 2709 5197 in
2739 5141 3011 5212 paradiso,
3041 5124 3152 5196 hoc.
3188 5148 3270 5194 est
3307 5140 3540 5192 nondum

1968 5247 2265 5294 restaurata
2296 5236 2349 5289 in
2381 5242 2570 5289 natura
2599 5243 2756 5290 erant
2782 5233 2845 5289 ιδ.
2878 5232 3061 5303 Neque
3101 5228 3315 5301 quando
3343 5242 3538 5282 evanc~

1547 5375 1801 5433 VARIAE
1844 5372 2248 5433 LECTIONES.

362 5490 379 5523 ¹
406 5494 449 5547 Λ
475 5491 598 5548 ﬁnis
629 5500 708 5546 est
739 5490 943 5547 mundi.
1052 5494 1074 5527 ³
1120 5490 1212 5547 Sic
1248 5489 1372 5557 CF;
1409 5493 1453 5549 Α
1488 5494 1827 5549 constituent.

297 5570 394 5615 ter.
463 5565 483 5595 ⁸
517 5564 609 5618 Sic
649 5562 732 5616 LF
762 5579 777 5630 ;
814 5562 859 5616 A
890 5563 1194 5617 subsistens.
1300 5562 1320 5593 '
1350 5566 1461 5628 Sic;
1495 5566 1578 5621 LF
1631 5566 1671 5619 A
1713 5567 1766 5618 in

297 5632 339 5662 ¹⁰
381 5642 551 5687 tamen
576 5649 687 5688 oin.
719 5638 782 5689 Α.
864 5633 904 5664 ³³
934 5636 972 5686 Α
1006 5647 1118 5687 aut.

289 5705 405 5772 jtmt
433 5723 481 5759 m
512 5712 768 5775 parudno
795 5714 908 5760 erat
936 5732 1003 5743 -—
1037 5714 1185 5759 erant
1221 5720 1333 5758 out.
1365 5704 1471 5761 Cl“.

1819 5567 2092 5635 paradisi».

1199 5632 1240 5662 "
1269 5631 1354 5686 3'10
1384 5635 1499 5705 (Ἐς
1537 5642 1575 5692 Λ
1609 5640 1655 5692 ei
1676 5653 1786 5692 esse
1818 5631 2067 5705 apparuit
2098 5636 2317 5692 similm.

1964 5495 1982 5527 ³
2009 5493 2098 5548 Sic
2125 5492 2210 5547 CF
2237 5509 2251 5561 ;
2288 5493 2330 5549 Α
2359 5493 2538 5547 nullus
2565 5490 2788 5546 nullius.
2902 5485 2924 5517 ⁸
2961 5486 2998 5536 Λ
3035 5482 3304 5551 ἄναρχος.
3338 5480 3359 5511 ⁸
3383 5479 3429 5535 Α
3453 5481 3535 5534 in-

2201 5568 2220 5591 n
2247 5565 2336 5591 Ω...
2378 5563 2451 5591 an
2479 5580 2489 5591 .
2548 5560 2584 5591 l7
2611 5574 2653 5591 ,η
2783 5559 2805 5591 θ
2839 5555 2926 5591 Sin
2962 5553 3047 5591 CI?
3080 5568 3096 5583 ο
3186 5554 3216 5591 Δ
3251 5567 3519 5591 nuntians“,

2201 5554 2337 5621 "'Stc
2369 5563 2492 5623 AC;
2547 5560 2584 5614 F
2608 5574 2677 5614 et.
2783 5559 2805 5591 θ
2839 5555 2928 5611 Sic
2962 5554 3047 5608 CF
3080 5568 3097 5618 ;
3179 5554 3221 5605 A
3251 5567 3539 5621 quousque.

2202 5637 2317 5692 itm.
2399 5636 2441 5666 ³³
2478 5633 2568 5686 Si:
2596 5628 2720 5696 Gl";
2755 5630 2795 5681 Δ
2846 5637 3100 5680 astruere.
3188 5623 3232 5655 “
3267 5621 3372 5677 Ille
3402 5639 3542 5677 enim
