3898 6154
349 194 450 254 εθδ

1714 178 2003 240 JOANNIS
2062 177 2257 239 SCOTI

3534 177 3648 232 895

353 299 542 354 scebat
571 295 639 350 ab
665 292 839 350 oculis
869 306 1082 355 eorum,
1109 288 1356 344 localiter
1386 289 1454 343 ab
1480 288 1560 342 eis
1600 288 1918 352 recedebat,
1952 306 1999 363 Α
2057 300 2247 343 terram
2269 298 2317 342 et
2345 287 2569 353 Caelum,
2604 289 2874 345 ostendens
2901 304 3059 345 unam
3096 287 3236 357 apud
3266 297 3426 342 seruet
3468 289 3650 357 ipsum

356 394 454 449 Sed
492 392 545 445 in
580 390 936 444 subtilitatem
971 384 1269 453 spiritualis
1316 383 1557 449 corporis
1602 382 1920 436 earnclibus

359 490 541 545 adhuc
601 486 933 555 postolowtn
960 480 1136 534 ovnlis
1169 479 1577 546 inconspienam
1610 492 1668 529 se
1694 477 1710 506 ¹
1740 476 1925 530 oceul-

360 583 531 637 tabat.
585 579 722 633 llinc
756 578 917 630 datur
944 572 1193 641 intelligi.
1232 586 1339 623 non
1369 571 1516 624 aliud
1545 584 1667 623 esse
1715 567 1931 636 paradio

361 692 504 739 sunt,
547 673 598 725 in
653 685 811 740 quem
846 683 1136 738 resurgens
1185 669 1462 734 ingressus
1493 664 1514 694 ¹
1545 670 1653 722 est.
1709 666 1929 728 praeter

361 765 532 833 ipsam
565 762 836 814 humanae
865 770 1091 812 naturae
1128 757 1520 825 integritatem,
1547 767 1709 820 quam
1747 750 1801 803 in
1844 763 1932 804 se-

365 855 485 921 ipso
526 858 947 913 restauravcrat,
982 860 1034 902 et
1074 849 1125 901 in
1156 864 1258 917 qua
1287 848 1497 915 primus
1531 845 1715 907 homo,
1747 841 1790 895 si
1824 855 1931 893 non

364 951 640 1012 peccaret,
666 928 942 1007 gloriosus
974 947 1337 1008 permaneret.
1375 937 1492 1006 Ipse
1518 944 1601 990 est
1628 934 1936 1003 paradisus,

366 1034 456 1101 qui
517 1029 719 1086 sanctis
765 1024 1120 1099 promittitur,
1156 1020 1211 1075 in
1238 1034 1400 1091 quem
1431 1035 1499 1075 ex
1545 1028 1722 1091 parte,
1769 1020 1951 1075 anima

367 1120 638 1182 videlicet,
664 1119 775 1188 jam
808 1115 1038 1188 ingressi
1066 1122 1212 1176 sunt,
1236 1129 1302 1168 ex
1332 1121 1502 1183 parte,
1520 1126 1746 1181 corpore
1768 1111 1889 1165 dico
1905 1109 1945 1175 ³,

371 1220 525 1267 extra
552 1211 726 1263 adhuc
754 1216 899 1262 sunt.
943 1206 1215 1261 Adunavit
1245 1206 1426 1273 itaque
1455 1204 1507 1257 in
1539 1218 1599 1257 se
1628 1202 1813 1257 orbem
1844 1212 1951 1256 ter-

369 1317 552 1358 rarum
582 1298 853 1369 paradiso.
882 1296 989 1366 Ipsi
1017 1296 1281 1365 siquidem
1312 1294 1461 1349 orbis
1500 1302 1764 1347 terrarum
1794 1305 1951 1360 para-

282 1447 286 1451 .
368 1392 520 1446 disns
552 1398 687 1442 erat.
718 1387 912 1441 Totum
944 1401 1199 1454 namque,
1238 1386 1378 1452 quod
1408 1386 1473 1438 de
1509 1385 1641 1437 orbe
1680 1392 1948 1437 terrarum

370 1488 679 1551 acceperat,
730 1475 1066 1531 materialem
1114 1474 1368 1529 videlicet
1414 1488 1633 1528 carnem
1675 1488 1797 1526 cum
1838 1471 1950 1525 suis

370 1571 739 1629 accidentibus
763 1569 965 1637 absque
988 1575 1230 1636 peccato,
1263 1575 1319 1620 et
1348 1566 1555 1619 virilem
1603 1565 1865 1624 habitum,
1895 1564 1947 1616 in

2053 381 2330 436 visibilium
2347 391 2612 434 naturam.
2633 382 2892 434 Atlunacit
2914 380 3181 435 sensibilia
3196 393 3244 434 et
3261 380 3647 451 intelligibilia,

1978 472 1990 484 '
2050 488 2311 540 unamque
2337 470 2562 525 ostendit
2593 471 2897 524 eminentem
2920 489 3122 537 eorum,
3148 489 3283 542 quae
3305 473 3455 541 facta
3495 482 3649 539 sunt,

2052 573 2319 626 naturam,
2343 562 2575 631 quadam
2602 561 2822 631 mystica
2845 563 3047 615 ratione
3068 572 3386 631 cooptatum.
3418 563 3652 617 Adultu-

2051 651 2119 704 vit
2149 667 2241 720 per
2272 653 2525 706 rationem
2567 652 3020 723 supernaturalem
3045 670 3109 707 ac
3152 657 3371 709 modum
3409 667 3649 710 creatam

2053 751 2299 797 naturam
2324 759 2428 798 non
2448 752 2673 797 creatae.
2700 742 2848 798 Disc.
2871 743 3008 809 Quid
3030 744 3192 814 igitur
3213 745 3503 800 dicemus?
3531 745 3649 812 Qua

2052 833 2261 887 ratione
2300 834 2383 887 vel
2426 834 2776 889 similitudine
2821 835 3145 890 credendum
3186 847 3302 903 est,
3350 837 3647 893 Dominum

2057 921 2260 989 absque
2282 921 2389 974 ulla
2412 922 2650 977 sensibili
2674 931 2727 977 et
2745 923 3151 993 circumscripta
3182 924 3381 989 forma,
3397 934 3457 981 et
3478 928 3650 981 maxi-

2054 1024 2143 1065 me
2163 1010 2366 1080 absque
2393 1010 2500 1075 illa,
2530 1026 2691 1080 quam
2724 1012 2998 1068 nascendo
3036 1029 3104 1067 ex
3150 1012 3374 1085 Virgine
3404 1018 3643 1085 accepit,

2053 1088 2450 1157 resurrexisse?
2465 1102 2532 1156 Et
2548 1103 2804 1171 quoniam
2825 1103 2913 1158 ille
2934 1104 3239 1174 exemplum
3266 1108 3548 1175 generalis
3568 1117 3645 1160 at-

2051 1209 2158 1263 que
2207 1193 2420 1248 futurae
2467 1194 2881 1249 resurrectionis
2917 1204 2972 1250 et
3008 1205 3144 1261 erat,
3181 1204 3236 1251 et
3286 1207 3392 1262 est,
3423 1198 3474 1253 si
3518 1198 3649 1253 abs-

2050 1298 2156 1352 que
2199 1283 2309 1338 ullo
2355 1299 2488 1339 sexu
2536 1284 2855 1351 resurrexit,
2899 1287 3208 1342 necessario
3250 1288 3531 1357 sequitur,
3594 1299 3649 1345 ut

2050 1386 2239 1427 omnes
2290 1374 2537 1428 homines
2584 1374 2637 1427 in
2700 1377 3097 1430 resurrectione
3136 1385 3194 1432 et
3225 1388 3347 1448 post
3390 1395 3648 1445 resurre-

2049 1461 2283 1516 ctionem
2308 1463 2689 1517 universaliter
2714 1478 2845 1519 sexu
2867 1474 3109 1519 careant.
3136 1465 3274 1522 MAG.
3308 1467 3427 1524 lloc
3452 1482 3647 1539 super-

2048 1550 2212 1605 fluum
2227 1561 2311 1607 est
2331 1567 2615 1622 quaerere,
2631 1555 2884 1624 quoniam
2910 1554 2962 1608 in
2978 1555 3249 1624 prioribus
3286 1557 3308 1591 '
3325 1558 3487 1613 libris
3503 1560 3644 1614 mul-

371 1663 702 1736 Spiritnalem
751 1662 804 1715 in
836 1629 1014 1730 seipso
1057 1629 1287 1712 mutavit
1326 1666 1597 1711 naturam.
1636 1656 1715 1710 Ac
1754 1654 1949 1709 deinde
1980 1629 2023 1685 Β
2055 1642 2312 1736 ξβίίείῑεῗῗ
2336 1653 2392 1736 (ξι
2440 1644 2647 1698 ratione
2689 1660 2910 1700 suasum
2939 1655 3052 1711 εει,
3082 1655 3138 1701 ει
3179 1651 3467 1705 seruemus
3500 1651 3645 1707 beati

370 1772 476 1811 non
506 1754 678 1809 solum
726 1751 1136 1814 immanitatem,
1185 1763 1346 1818 quam
1381 1755 1662 1818 acceperat
1691 1755 1745 1801 et
1794 1760 1951 1799 reno—

368 1853 589 1900 vaverat
615 1844 668 1898 in
696 1842 894 1910 seipso,
926 1841 981 1895 in
1018 1840 1396 1909 aequalitatem
1425 1838 1698 1910 angelicae
1725 1848 1952 1892 naturae

368 1932 626 1989 exaltavit
654 1940 710 1985 et
737 1930 971 1993 reduxit,
1008 1928 1151 1998 quod
1193 1943 1292 1998 per
1337 1929 1708 1981 ascensionem
1749 1926 1868 1995 ejus
1897 1927 1950 1980 in

370 2022 577 2079 caelum
600 2020 960 2091 signiﬁcatum
986 2026 1089 2082 est,
1113 2018 1328 2086 quando
1348 2017 1653 2071 videntibus
1676 2014 1951 2084 discipulis

370 2113 613 2170 elevatus
641 2120 725 2166 est
751 2112 804 2165 in
834 2124 982 2174 aera,
1014 2109 1157 2163 nube
1185 2123 1308 2163 eum
1334 2107 1661 2177 suscipiente
1689 2108 1755 2160 ab
1780 2106 1951 2160 oculis

367 2217 579 2265 eorum,
613 2215 751 2269 quae
779 2207 836 2255 et
880 2198 1177 2253 claritatem
1212 2197 1380 2266 ipsius
1410 2205 1464 2251 et
1512 2195 1949 2265 spiritualitatem

370 2290 684 2352 indicabat;
721 2288 856 2344 dixit
883 2288 1047 2354 enim,
1084 2287 1398 2357 priusquam
1424 2293 1742 2355 pateretur:
1768 2284 1948 2348 Pater,

367 2380 606 2449 clari/ica
657 2377 857 2432 Filium
909 2386 1055 2430 tuum
1086 2391 1106 2431 :
1139 2392 1324 2430 verum
1357 2376 1521 2430 etiam
1553 2389 1715 2443 super
1762 2388 1951 2429 omnes

369 2470 591 2541 angelos
619 2479 674 2524 et
717 2469 948 2523 virtutes
973 2466 1257 2531 caelestes,
1290 2474 1366 2531 et,
1399 2473 1458 2520 ut
1486 2465 1723 2519 breviter
1750 2464 1949 2533 dicam,

372 2577 535 2631 super
571 2561 774 2627 omnia,
816 2574 956 2630 quae
986 2567 1113 2613 sunt
1136 2566 1192 2612 et
1219 2571 1358 2627 quae
1382 2572 1489 2610 non
1518 2564 1661 2621 sunt,
1695 2556 1952 2611 sublima-

369 2654 463 2708 vit.
504 2654 569 2707 Et
590 2653 732 2723 quod
765 2652 817 2706 in
843 2652 1023 2720 seipso
1060 2649 1462 2721 particulariter
1506 2648 1751 2719 perfecit,
1786 2663 1949 2720 gene—

370 2744 562 2798 raliter
609 2743 1020 2798 resurrectionis
1053 2751 1293 2810 tempore
1331 2741 1385 2794 in
1424 2750 1532 2794 tota
1582 2741 1813 2795 humana
1857 2756 1952 2794 na-

376 2844 493 2891 tura
537 2836 873 2905 perfecturus
921 2843 1023 2899 est,
1074 2835 1179 2889 hoc
1218 2844 1325 2899 est,
1371 2850 1478 2887 non
1521 2832 1693 2889 solum
1744 2834 1948 2897 omnia,

2052 1730 2297 1804 Gregorii
2327 1732 2551 1805 ejusque
2575 1736 2919 1805 expositoris,
2960 1737 3179 1793 Maximi
3214 1739 3365 1807 dico,
3392 1750 3479 1795 est
3509 1758 3642 1797 cou-

2051 1823 2291 1891 clusum,
2334 1825 2476 1894 quod
2529 1826 2582 1880 in
2627 1825 2803 1880 futura
2855 1827 2966 1881 vita
3006 1837 3128 1897 post
3176 1832 3643 1887 resurrectionem

2052 1925 2244 1971 natura
2288 1918 2564 1973 hominum
2594 1920 2814 1976 omnino
2842 1935 2972 1975 sexu
2995 1961 3009 1986 ,
3050 1922 3151 1976 hoc
3175 1932 3277 1988 est,
3307 1923 3449 1978 virili
3478 1932 3538 1980 et
3568 1924 3646 1980 fe-

2053 2008 2227 2061 minea
2276 2007 2449 2062 forma
2499 2009 2736 2072 carebit,
2783 2010 3034 2079 quoniam
3067 2012 3121 2065 in
3163 2013 3335 2081 ipsam
3376 2012 3639 2080 formam,

2050 2112 2193 2166 quae
2221 2098 2285 2151 ad
2316 2097 2603 2168 imaginem
2626 2098 2717 2153 Dei
2749 2096 2889 2152 facta
2917 2108 3021 2164 est,
3063 2115 3345 2155 reversura
3373 2110 3478 2155 est.
3504 2103 3640 2156 Ima-

2051 2203 2120 2259 go
2148 2198 2328 2243 autem
2358 2190 2449 2245 Dei
2481 2206 2584 2245 non
2632 2200 2716 2245 est
2752 2191 3023 2246 masculus
3063 2206 3236 2262 neque
3273 2191 3512 2257 femina;
3543 2194 3637 2248 ista

2051 2280 2404 2335 enimdivisio
2420 2291 2644 2335 naturae
2669 2290 2891 2352 propter
2904 2290 3180 2352 peccatum
3199 2280 3338 2336 facta
3367 2293 3472 2336 est.
3492 2282 3635 2336 DISC.

2052 2372 2109 2426 ln
2140 2371 2318 2426 futura
2346 2372 2526 2442 itaque
2552 2374 2659 2428 vita
2707 2389 2880 2444 neque
2913 2374 3180 2429 masculus
3205 2374 3329 2440 erit,
3363 2390 3544 2445 neque
3568 2376 3642 2430 fe-

2055 2461 2220 2527 mina,
2254 2462 2299 2515 si
2328 2462 2437 2516 sola
2469 2463 2782 2532 simplicitas
2813 2473 3039 2519 naturae
3060 2464 3348 2534 duplicem,
3380 2470 3470 2533 qui
3501 2481 3641 2521 nunc

2053 2560 2156 2616 est,
2200 2567 2386 2607 sexum
2422 2554 2472 2607 in
2499 2554 2729 2623 seipsam
2761 2555 3109 2623 absorpserit.
3144 2554 3281 2610 MAG.
3308 2553 3421 2609 Cur
3444 2554 3513 2609 de
3542 2556 3642 2611 hoc

2056 2644 2326 2709 haesitas,
2378 2660 2500 2699 cum
2527 2645 2594 2699 de
2625 2645 2933 2701 hominibus
2961 2646 3012 2700 in
3049 2646 3445 2700 resurrectione
3472 2660 3640 2715 gene-

2056 2736 2246 2791 raliter
2274 2736 2488 2792 Veritas
2509 2737 2654 2792 dicat
2680 2755 2693 2791 :
2727 2737 2908 2809 Neque
2934 2738 3147 2802 nubent,
3172 2754 3333 2809 neque
3358 2738 3638 2803 nubentur,

2054 2827 2143 2881 sed
2170 2837 2321 2880 erunt
2348 2828 2479 2881 sicut
2508 2827 2682 2897 angeli
2718 2830 2773 2882 in
2804 2830 2947 2883 caelo
2966 2829 2992 2883 ?
3019 2827 3270 2898 Nunquid
3316 2828 3541 2896 angelos
3575 2842 3641 2883 ex

371 2940 511 2994 quae
541 2925 652 2995 ipsa
686 2933 807 2994 post
854 2932 1134 2993 peccatum
1187 2924 1257 2979 dc
1303 2925 1405 2978 hoc
1444 2923 1645 2977 mundo
1683 2923 1947 2978 materiali
1985 2965 2026 3023 Ο
2060 2918 2329 2974 intellectu
2369 2929 2423 2975 et
2461 2921 2724 2991 spirituali
2765 2938 2994 2993 corpore
3037 2932 3288 2978 constare
3333 2923 3643 2979 credimus?

372 3024 691 3081 attraxerat,
725 3024 1004 3071 convertet
1042 3015 1094 3069 in
1140 3015 1417 3085 spiritum,
1453 3029 1639 3068 verum
1669 3016 1833 3069 etiam
1885 3014 1954 3068 ad

374 3107 757 3175 aequalitatem
801 3106 1050 3161 caelestis
1098 3105 1321 3177 gloriae,
1369 3123 1529 3176 quam
1570 3107 1745 3175 angeli
1786 3106 1959 3176 possi—

372 3198 522 3260 dent,
573 3198 848 3265 perducet.
900 3197 970 3250 Et
994 3211 1063 3251 ne
1101 3198 1339 3263 mireris,
1382 3199 1525 3267 quod
1555 3199 1623 3252 de
1668 3199 1865 3254 talibus
1901 3199 1956 3253 in

372 3286 492 3339 aliis
516 3285 665 3339 libris
691 3285 848 3354 hujus
876 3296 1092 3339 nostrae
1121 3286 1500 3355 disputationis
1527 3286 1691 3341 multa
1724 3296 1955 3341 tractata

371 3385 519 3439 sunt,
567 3383 623 3429 et
673 3390 817 3427 nunc
852 3374 1051 3429 iterum
1090 3377 1535 3445 recapitulantur,
1589 3378 1842 3447 quoniam
1875 3380 1956 3433 sic

371 3465 504 3519 ordo
530 3472 583 3518 et
624 3462 921 3517 necessitas
966 3462 1412 3517 inveniendarmn
1464 3479 1666 3528 rerum,
1699 3481 1834 3535 quas
1878 3467 1959 3523 itt-

372 3553 662 3623 qnirimus,
688 3552 873 3622 exigit,
905 3560 965 3605 ut
997 3551 1214 3605 easdem
1257 3553 1554 3607 sententias
1579 3564 1633 3608 et
1660 3571 1953 3625 argumen-

369 3642 609 3695 tationes
639 3640 1011 3710 multipliciter
1039 3648 1347 3709 repetamus
1366 3650 1421 3695 et
1449 3642 1807 3710 reVolvanuts,
1833 3662 1897 3700 ac
1933 3645 1956 3676 ‘

377 3732 541 3786 veluti
579 3731 811 3801 quadam
852 3732 1281 3806 ἁνακεφαλαιῶσιι
1326 3734 1377 3787 in
1404 3738 1718 3790 memoriam
1743 3753 1958 3795 revoce-

366 3838 514 3879 mus.
547 3822 658 3879 l-loc
684 3830 863 3877 autem
891 3823 1032 3888 dico,
1061 3824 1313 3891 quoniam
1339 3825 1388 3878 in
1413 3827 1782 3895 superioribus
1806 3829 1957 3885 libris

378 3911 543 3965 multa
569 3912 592 3943 ⁸
636 3913 702 3968 de
734 3912 904 3966 reditu
949 3920 1177 3966 naturae
1203 3912 1351 3972 beati
1395 3914 1612 3970 Maximi
1658 3921 1957 3975 sententias

375 4004 779 4059 introdueentes
814 4004 835 4035 ⁸
882 4005 1386 4075 praegustavimus:
1421 4008 1515 4062 sed
1558 4024 1701 4063 nunc
1747 4010 1957 4080 plenius

377 4102 615 4148 tractare
643 4093 920 4149 debemus.
950 4093 1094 4149 Idem
1131 4094 1314 4165 itaque
1349 4095 1617 4151 Maximus
1647 4113 1752 4152 non
1780 4100 1956 4167 solum

377 4191 433 4242 in
454 4189 757 4259 Ambiguis,
788 4204 979 4243 verum
1009 4189 1171 4242 etiam
1202 4189 1253 4242 in
1280 4190 1500 4245 scholiis
1530 4191 1595 4245 de
1622 4193 1956 4248 adunatione

2061 3010 2219 3067 Omni
2266 3021 2443 3067 tamen
2484 3015 2890 3083 circumscripta
2940 3014 3110 3069 forma
3156 3029 3252 3069 eos
3298 3029 3486 3069 carere
3535 3029 3641 3069 non

2060 3103 2387 3158 dubitamus.
2421 3104 2553 3159 Nam
2600 3109 2742 3174 quod
2789 3120 2949 3176 saepe
2984 3106 3037 3160 in
3084 3108 3319 3160 humana
3346 3104 3521 3175 elligie
3549 3120 3641 3174 ap-

2058 3194 2303 3262 paruisse
2331 3194 2450 3249 illos
2478 3195 2657 3249 divina
2689 3203 2877 3249 narrat
2923 3186 3321 3262 ltistoria,'nott
3361 3211 3460 3250 nos
3497 3196 3641 3265 cegit

2059 3277 2368 3352 aestimare,
2401 3302 2496 3342 eos
2522 3288 2611 3341 tali
2661 3287 2833 3358 elligie
2870 3287 3189 3341 naturaliter
3216 3287 3467 3342 detineri.
3506 3285 3639 3341 Illud

2056 3376 2200 3430 enim
2228 3390 2328 3446 pro
2352 3384 2594 3447 tempore
2627 3377 2827 3432 factum
2860 3386 2964 3443 est,
2994 3378 3249 3448 quoniam
3280 3377 3439 3432 aliter
3465 3379 3632 3432 homi-

2057 3467 2215 3521 nibus
2246 3482 2507 3537 apparere
2546 3467 2586 3531 ⁸,
2621 3477 2676 3523 et
2705 3484 2827 3523 cum
2877 3468 3185 3523 hominibus
3226 3468 3391 3537 loqui,
3419 3478 3510 3522 aut
3543 3469 3639 3521 im-

2059 3557 2312 3626 possibile
2343 3567 2436 3611 aut
2477 3574 2583 3612 non
2631 3559 2789 3614 facile
2830 3567 2969 3614 erat.
3020 3559 3075 3613 Si
3106 3575 3237 3631 ergo
3275 3558 3448 3630 angeli
3494 3558 3638 3611 omni

2060 3645 2229 3700 forma
2261 3648 2670 3719 circumscripta
2712 3658 2940 3714 carent,
2969 3650 3096 3718 quid
3121 3650 3339 3709 mirum,
3374 3648 3634 3709 homines,

2057 3737 2184 3792 dum
2210 3738 2463 3807 aequales
2485 3738 2690 3809 angelis
2714 3738 2930 3803 fuerint,
2961 3739 3106 3792 omni
3139 3753 3269 3793 sexu
3296 3737 3318 3768 '
3348 3746 3404 3792 et
3446 3737 3637 3792 forma-

2060 3841 2179 3879 rum
2214 3826 2721 3895 circumscriptione
2766 3827 3069 3881 carituros?
3096 3825 3282 3895 Neque
3309 3827 3453 3881 enim
3485 3826 3636 3880 aliter

2058 3916 2312 3984 aequales
2348 3917 2429 3971 eis
2466 3926 2648 3981 erunt,
2692 3931 2866 3986 neque
2909 3918 3010 3972 hoc
3049 3917 3360 3972 incredibile
3407 3919 3633 3970 videar.

2058 4005 2330 4074 Quaedam
2354 4023 2589 4077 namque
2603 4022 2829 4079 corpora
2849 4016 2973 4062 sunt
2993 4006 3193 4078 liquida
3225 4022 3290 4062 ac
3315 4006 3634 4077 spiritualia,

2058 4101 2485 4179 circumscriptis
2507 4101 2695 4155 lormis
2716 4101 2979 4155 carentia.
3004 4100 3155 4167 Quod
3179 4111 3359 4153 autem
3378 4099 3633 4168 liquidum

2058 4202 2114 4248 et
2146 4192 2189 4225 ³⁸
2215 4193 2491 4263 spirituale
2516 4203 2621 4258 est,
2651 4194 3082 4263 purissimaeque
3118 4192 3460 4247 substantiae
3478 4232 3494 4254 ,
3521 4206 3636 4245 cor-

374 4287 746 4332 creaturarum
773 4277 1010 4346 disputat
1037 4278 1452 4348 quadragesimo
1478 4291 1670 4334 octavo
1691 4282 1953 4351 capitulo,
1987 4297 2032 4354 D
2061 4285 2333 4355 poralibus
2384 4284 2776 4353 qnantitatibus
2823 4299 2888 4338 ac
2928 4283 3270 4338 lineamentis
3316 4298 3413 4337 seu
3461 4283 3634 4352 aliqua

375 4376 469 4423 ubi
495 4368 745 4431 turrium,
798 4382 936 4437 quas
974 4365 1133 4421 Ozias
1173 4367 1479 4423 aediﬁcavit
1524 4369 1577 4423 in
1628 4367 1952 4438 Jerusalem,

374 4458 643 4512 theoriam
673 4457 942 4527 exposuit.
976 4455 1208 4526 Angulus
1256 4458 1522 4528 fortassis,
1558 4461 1753 4532 inquit,
1784 4480 1955 4518 sermo

370 4548 678 4617 Scripturae
706 4549 837 4601 dixit
865 4549 1004 4618 ipsas
1043 4564 1133 4617 per
1164 4547 1430 4604 Christum
1454 4552 1621 4621 factas
1659 4554 1955 4623 differentes

371 4645 736 4702 «paratarum
762 4646 1122 4691 creaturarum
1144 4640 1508 4695 adunationes.
1531 4643 1797 4698 Aduuavit
1819 4647 1956 4700 enim

373 4724 658 4789 hominem,
686 4724 853 4792 ipsam
880 4726 1163 4780 secundum
1189 4728 1481 4783 masculum
1503 4739 1551 4783 et
1573 4731 1821 4799 [entinam
1846 4734 1955 4803 dif-

373 4806 651 4876 ferentiam
681 4814 894 4881 mystice
922 4815 978 4868 in
1011 4816 1254 4885 spiritum
1293 4818 1559 4884 auferens,
1582 4830 1632 4873 et
1663 4825 1955 4892 proprieta-

373 4904 532 4964 tibus,
564 4918 698 4973 quae
739 4921 832 4974 per
875 4906 1141 4974 passiones
1188 4918 1310 4962 sunt
1348 4910 1403 4962 in
1433 4911 1704 4978 antbobus,
1737 4910 1953 4969 liber'am

373 5005 599 5050 naturae
625 4994 878 5047 rationem
907 4997 1243 5053 constituens.
1274 4998 1536 5056 Aduuavit
1575 5014 1749 5058 autent
1779 5016 1825 5059 et
1857 5017 1957 5061 ter-

374 5100 512 5150 ram,
540 5100 674 5156 quae
699 5095 771 5139 est
795 5088 1079 5141 secundum
1112 5091 1405 5147 sensibilem
1433 5096 1737 5164 paradisum
1780 5111 1827 5152 et
1863 5116 1952 5153 or-

375 5179 488 5230 bem
530 5188 816 5244 terrarum,
867 5181 1249 5248 separationem
1291 5183 1571 5253 expetens.
1615 5186 1877 5243 Adunavit
1907 5199 1953 5244 et

2063 4374 2205 4428 mole
2233 4374 2640 4442 circumscripta
2670 4372 2932 4427 contineri
2972 4386 3129 4442 posse
3160 4387 3268 4425 non
3305 4372 3483 4434 video,
3514 4386 3635 4441 quo-

2062 4466 2207 4518 niam
2233 4478 2359 4518 vera
2390 4464 2526 4517 ratio
2555 4463 2678 4517 talia
2707 4462 3022 4517 existimare
3055 4476 3161 4516 non
3185 4476 3271 4515 me
3301 4461 3453 4515 sinit.
3478 4461 3635 4529 Quat-

2064 4562 2187 4609 tuor
2210 4552 2476 4621 siquidem
2506 4551 2771 4621 simplicia
2797 4550 2981 4605 mundi
3011 4549 3280 4605 elementa
3307 4549 3471 4605 nullis
3489 4565 3634 4606 coar-

2064 4652 2248 4699 tantur
2289 4643 2514 4709 furnus;
2560 4644 2761 4714 ubique
2800 4644 2944 4698 enim
2976 4643 3028 4696 in
3059 4642 3259 4696 mundo
3298 4651 3447 4707 sunt,
3489 4642 3633 4711 cujus

2063 4735 2208 4790 nulla
2246 4750 2372 4804 pars
2394 4744 2480 4789 est
2507 4733 2717 4790 illorum
2748 4748 3012 4789 concursu
3035 4748 3246 4787 carens.
3273 4731 3431 4800 Quod
3463 4742 3631 4786 autem

2062 4828 2260 4898 ubique
2286 4836 2369 4883 est
2412 4827 2464 4881 in
2514 4828 2734 4893 mundo,
2780 4828 3049 4898 quomodo
3094 4826 3270 4896 aliqua
3318 4826 3494 4881 forma
3535 4827 3633 4881 cir-

1990 4982 1995 4983 ,
2060 4923 2351 4978 cumscribi
2384 4921 2584 4993 possit?
2633 4921 2771 4975 Sunt
2808 4921 2971 4991 igitur
2995 4935 3225 4988 corpora
3253 4917 3445 4974 formis
3472 4918 3635 4974 sensi-

2062 5016 2261 5070 bilibus
2283 5014 2545 5068 carentia.
2574 5012 2712 5079 Quid
2734 5011 2802 5066 de
2829 5010 2994 5065 radiis
3012 5009 3293 5064 oculorum
3324 5008 3632 5065 dicendum!

2063 5105 2249 5159 Nonne
2283 5114 2338 5159 et
2367 5106 2465 5174 ipsi
2493 5104 2740 5174 corporei
2774 5113 2920 5168 sunt,
2971 5103 3116 5157 omni
3151 5102 3322 5157 forma
3349 5097 3631 5158 carentes!

2062 5193 2120 5249 Si
2152 5203 2331 5250 autem
2360 5195 2563 5250 dixeris
2588 5193 2808 5267 angelos
2834 5192 3197 5265 intelligibiles
3218 5191 3421 5247 formas
3446 5191 3508 5257 “,
3534 5190 3626 5243 ba.

1662 5322 1916 5382 ιΙΛΒΙΑΕ
1955 5329 2361 5387 LECTIONES.

454 5434 546 5525 ise
571 5452 679 5525 mn.
716 5436 780 5490 Α.
853 5440 1011 5525 "sli"
1040 5439 1161 5525 ςῐθς
1193 5442 1657 5525 ῥιζεῦζςξριιδιρει.
1693 5516 1703 5525 _
1734 5449 1755 5479 ⁸
1788 5449 1877 5503 Sic
2069 5454 2206 5525 Arx
2237 5464 2389 5517 parte
2420 5454 2629 5506 animus
2666 5460 2712 5509 vi
2739 5456 2908 5508 ἔιιῖὶςμι
2946 5460 3048 5518 iam
3084 5457 3349 5523 ingressae
3379 5472 3441 5509 ex
3470 5468 3618 5525 parte

376 5521 597 5564 coruom
630 5510 771 5561 circo.
884 5512 906 5539 ⁸
932 5512 974 5562 Α
1012 5520 1080 5568 et.

378 5580 404 5612 ⁸
436 5588 685 5639 apparere
702 5594 813 5631 om.
851 5583 889 5630 Α
900 5617 914 5633 .

1190 5513 1211 5543 ⁸
1248 5515 1337 5565 Stc
1364 5514 1487 5578 CF;
1522 5516 1563 5568 A
1595 5516 1808 5571 multm.

1917 5521 1935 5550 ⁸
1959 5521 2046 5575 Sic
2071 5523 2154 5575 (2F
2178 5538 2192 5585 ;
2231 5526 2272 5574 Α
2298 5525 2726 5579 ἱηινυιιηεεηίιειδ.

1012 5584 1029 5614 ³
1055 5585 1145 5638 Sic
1170 5582 1293 5650 CF;
1332 5587 1370 5637 Α
1403 5589 1623 5639 daniel
1656 5602 1783 5643 Scxu
1817 5601 1871 5644 et
1899 5582 2219 5646 formarem.

2823 5528 2839 5555 ⁷
2872 5528 2962 5580 δια
2990 5527 3074 5581 Gl"
3103 5545 3117 5588 ;
3192 5543 3209 5577 κ
3242 5528 3614 5591 superioribus.

2324 5595 2363 5627 ”
2388 5599 2428 5647 Λ
2465 5611 2547 5649 ac.
2645 5597 2687 5648 Α
2717 5599 2919 5667 [orntus
2957 5597 3329 5668 iutildgibtlcs.
