3898 6154
162 247 253 307 83⁸1

992 241 1079 296 DE
1117 236 1456 294 DlVlSIONE
1493 232 1840 290 NATURAS.
1880 261 1952 272 —
1986 229 2187 285 LIBER
2226 224 2547 295 QUINTUS.

3301 222 3410 277 898

158 362 295 425 bere,
323 357 545 412 omnino
575 354 811 409 concedo
832 395 846 418 ,
892 369 957 408 ac
986 369 1082 422 per
1128 355 1229 407 hoc
1273 351 1517 406 homines
1563 348 1727 403 etiam
1758 354 1803 408 Α
1832 358 1952 397 esse
1988 341 2307 396 substitutas
2332 379 2346 404 ,
2392 352 2553 393 nemo
2584 337 2818 391 ﬁdelium
2850 335 3077 391 dubitat.
3128 329 3231 395 Qui
3266 348 3411 387 enim

161 466 207 504 In
263 448 666 502 resurrectione
729 447 743 475 ‘
807 445 1055 499 similiter
1110 440 1474 511 intelligihiles
1530 438 1735 492 formas

163 538 430 594 habituros
455 551 591 598 esse,
623 552 725 590 non
755 534 926 589 solum
956 549 1063 589 non
1099 536 1325 602 denego,
1357 548 1541 588 verum
1570 530 1733 584 etiam

163 627 379 682 afﬁrmo.
425 626 530 680 Sed
552 640 690 694 (litae
716 634 770 679 et
805 624 994 693 quales
1020 638 1162 677 nunc
1192 624 1242 676 in
1274 620 1477 689 angelis
1505 628 1665 680 sunt;
1681 625 1739 670 et

164 719 211 772 iu
237 716 548 772 hominibus
585 715 825 777 futurae,
870 715 1089 768 omnino
1134 727 1220 767 me
1250 713 1499 782 ignorare
1544 710 1737 770 fateor,

164 810 316 861 donec
340 816 592 871 transeat,
623 816 684 859 ut
724 805 799 859 ait
843 805 1208 874 Augustinus,
1255 818 1443 870 corpus
1472 814 1644 852 meum
1686 800 1742 850 in

167 902 401 970 aﬁ'cctum
433 899 713 952 voluntatis
744 914 906 951 meae.
955 895 1069 950 Non
1117 896 1306 965 ignoro
1336 903 1513 946 tamen
1545 890 1743 945 multos

168 1003 492 1057 magnosque
521 988 813 1054 sapientes,
840 986 931 1054 qui
965 984 1184 1038 omnino
1211 982 1368 1036 aliter
1388 982 1456 1036 de
1496 980 1746 1035 humanis

168 1080 480 1146 corporibus
529 1085 648 1146 post.
693 1076 1146 1129 resurrectionem
1197 1072 1465 1134 sentiunt,
1516 1085 1745 1139 quorum

167 1169 465 1223 sententias
490 1155 824 1236 in'processu
860 1165 1022 1233 hujus
1058 1165 1181 1218 libri
1211 1180 1316 1219 non
1355 1164 1557 1234 pigebit
1586 1163 1752 1216 intro-

169 1259 398 1320 ducere,
432 1272 498 1309 ne
539 1257 817 1310 videamur
859 1271 953 1311 eos
1000 1255 1084 1309 vel
1113 1268 1371 1325 spernere
1419 1252 1501 1308 vel
1531 1268 1636 1306 non
1677 1252 1750 1306 le-

167 1350 325 1420 gisse.
354 1349 497 1402 Disc.
520 1346 867 1416 Consequens
889 1346 1268 1416 disputationis
1293 1347 1426 1400 ordo
1452 1345 1639 1413 exigit,
1672 1353 1750 1407 ut,

169 1442 293 1510 quid
333 1441 564 1510 quisque
605 1438 1095 1494 ecelesiasticorum
1125 1438 1459 1507 sapientum,
1510 1450 1647 1504 quos
1678 1434 1753 1487 le-

170 1533 291 1603 gisti
314 1561 387 1572 —
411 1547 516 1584 non
542 1530 684 1583 enim
714 1543 902 1583 omnes
931 1536 982 1581 te
1017 1528 1208 1597 legisse
1235 1527 1446 1596 opinor,
1483 1526 1624 1593 quod
1645 1524 1757 1578 cui-

170 1637 329 1692 quam
358 1619 685 1690 impossibile
706 1628 790 1674 est
810 1650 879 1659 —
907 1619 974 1673 de
998 1619 1192 1672 talibus
1218 1617 1469 1678 senserit,
1488 1616 1755 1686 proferas,

1837 432 2065 494 dubitat,
2093 440 2186 484 aut
2207 429 2438 483 intidelis
2462 437 2545 483 est
2561 437 2650 481 aut
2676 427 2953 495 insipiens.
2979 425 3213 480 Proinde
3234 435 3417 486 omne,

1839 524 2064 594 quodin
2114 537 2333 578 causam
2371 537 2523 575 suam
2574 521 2871 582 reducitur,
2914 519 2966 572 in
3020 518 3193 572 Deum
3242 514 3424 570 redire

1839 630 1938 669 cur
1986 613 2359 668 dubitaretur?
2412 612 2478 665 Et
2523 626 2591 665 ne
2641 610 2841 671 rearis,
2899 624 2987 664 me
3019 618 3221 663 temere
3254 610 3423 664 Deum

1841 717 2069 757 vocasse
2100 703 2267 767 nihil,
2299 710 2355 756 et
2386 700 2527 754 nulla
2576 701 2901 755 auctoritate
2931 698 3206 753 suil‘ultum
3234 739 3250 764 ,
3296 698 3425 753 audi

1843 794 2063 848 beatum
2100 794 2410 862 Dionysium
2453 791 2832 861 AreOpagitam
2876 791 2928 844 in
2965 791 3141 859 primo
3187 790 3427 859 capitulo

1845 884 1912 940 de
1954 884 2151 939 divinis
2180 882 2500 938 Nominibus
2543 901 2557 936 :
2589 882 2858 944 Diximus,
2896 881 3093 950 inquit,
3129 898 3246 933 cum
3282 883 3428 934 the!»

1847 981 2042 1053 logicos
2089 981 2417 1034 characteres
2465 980 2820 1047 exposuimus,
2864 994 3048 1041 unum,
3079 977 3427 1046 incognitum,

1847 1071 2280 1143 superesscntiale
2305 1111 2320 1134 ,
2365 1087 2457 1140 per
2491 1087 2546 1123 se
2580 1071 2865 1138 optimum,
2901 1068 3040 1137 quod
3081 1068 3289 1136 quidem
3320 1077 3392 1119 est
3414 1107 3430 1130 ,

1850 1168 2043 1219 trinam
2071 1165 2323 1217 unitatem
2347 1163 2488 1226 (lico,
2520 1160 2725 1231 ὁμόθεον
2756 1170 2801 1212 et
2838 1159 3133 1233 ὁμοάγαθιιν,
3164 1176 3324 1227 neque
3354 1160 3433 1210 (ἱὶ-

1851 1275 1965 1311 cere
1991 1272 2152 1326 neque
2178 1254 2464 1325 intelligere
2496 1253 2741 1324 possibile
2764 1262 2838 1307 est
2867 1264 2883 1303 :
2913 1252 3003 1305 sed
3041 1261 3089 1303 et
3128 1260 3433 1302 sanctarum

1853 1347 2102 1401 uirtutum
2150 1343 2415 1413 angelicae
2450 1345 2708 1405 unitates,
2736 1357 2868 1412 quas
2907 1342 3011 1393 sive
3055 1339 3434 1406 speculativas,

1854 1440 1958 1490 sive
1985 1436 2273 1503 acceptivas
2309 1443 2508 1503 Oportet
2536 1433 2707 1485 dicere
2733 1473 2746 1495 ,
2779 1431 3232 1500 superincognitae
3264 1440 3310 1482 et
3348 1447 3436 1481 su-

1855 1525 2169 1595 perluceutis
2209 1525 2489 1588 bonitatis,
2519 1533 2566 1577 et
2601 1538 2830 1576 arcanae
2858 1531 2978 1574 sunt
3010 1531 3057 1574 et
3100 1510 3396 1590 incognitae
3421 1561 3436 1585 ,

1857 1626 1901 1668 et
1939 1615 2063 1668 solis
2102 1615 2227 1683 ipsis
2264 1614 2574 1677 subsistunt,
2612 1613 2702 1681 qui
2735 1627 2891 1680 super
2929 1611 3199 1664 scieniam
3240 1608 3435 1680 angeli-

170 1713 305 1766 utin
350 1711 579 1765 arbitrio
602 1710 828 1780 legentis
857 1718 1112 1779 ponatur,
1161 1724 1321 1777 quem
1369 1709 1390 1737 ³
1420 1708 1547 1761 velit
1580 1708 1752 1775 sequi.
1790 1722 1831 1779 Β
1860 1722 2010 1769 cam,
2049 1705 2221 1774 dignis
2252 1704 2361 1757 suis
2400 1704 2421 1737 ⁷
2462 1702 2684 1772 angelis.
2738 1700 2838 1755 His
2886 1701 3166 1771 deiformes
3203 1702 3439 1770 angelica

170 1804 320 1859 Nunc
351 1813 531 1857 autem
561 1811 667 1857 ate
691 1817 914 1872 quaero,
944 1816 1050 1872 qua
1079 1799 1292 1855 ratione
1325 1799 1523 1853 dicitur
1554 1798 1755 1868 perire,

168 1892 308 1956 quod
362 1892 417 1946 in
470 1891 840 1960 primordiales
891 1905 1123 1954 causas,
1175 1888 1257 1943 vel
1304 1898 1449 1943 certe
1497 1889 1548 1941 in
1587 1889 1758 1958 ipsum

175 1986 340 2039 Deum
391 1982 708 2054 perhibetur
743 1996 1130 2042 reversurum,
1181 1979 1307 2033 dum
1362 1978 1480 2047 plus
1528 1993 1761 2047 pronun-

171 2078 423 2132 ciandum
468 2075 540 2130 sit
562 2074 743 2128 vivere
786 2082 841 2126 et
886 2083 1226 2141 permanere,
1267 2083 1427 2138 quam
1459 2067 1680 2122 interire
1709 2074 1762 2121 et

174 2165 412 2219 transire
431 2164 457 2217 ?

237 2256 328 2310 21.
352 2256 496 2309 MAG.
522 2253 658 2308 lluic
681 2263 800 2307 tuae
822 2249 1229 2322 interrogationi
1254 2247 1496 2303 breviter
1514 2261 1579 2300 ac
1607 2244 1763 2299 facile

175 2348 500 2418 respondeo,
532 2347 673 2401 beati
723 2346 960 2415 Dionysii
990 2341 1345 2412 Areopagitae
1390 2337 1761 2409 propheticam

173 2438 507 2492 sententiam
527 2436 843 2506 exponentis
864 2450 1080 2490 sensum
1107 2431 1455 2487 considerans
1482 2446 1495 2482 :
1522 2425 1763 2482 Pretiosa

171 2529 224 2581 in
245 2537 531 2596 conspectu
553 2525 756 2578 Domini
783 2541 921 2578 mors
947 2533 1247 2578 sanctorum
1270 2521 1403 2590 ejus.
1438 2520 1764 2574 Sanctorum

174 2619 447 2690 siquidem
480 2627 706 2671 mortem
731 2632 835 2671 non
858 2616 1018 2670 aliam
1045 2616 1100 2668 in
1129 2614 1231 2668 hoc
1257 2628 1413 2666 versu
1438 2611 1764 2680 Proplietam

171 2712 383 2765 dixisse
420 2709 647 2774 aStruit,
684 2717 897 2775 praeter
927 2706 1140 2761 illorum
1174 2703 1457 2758 transitum
1509 2703 1563 2755 in
1596 2700 1763 2754 Deum

172 2797 659 2867 contemplationis
684 2797 1022 2859 celsitudine,
1052 2794 1233 2849 omnia
1273 2790 1505 2846 visibilia
1537 2799 1591 2843 et
1632 2788 1766 2843 invi-

173 2892 359 2947 sibilia
392 2898 711 2961 superantes
737 2889 912 2942 adhue
960 2887 1014 2941 in
1044 2900 1269 2954 corpore
1294 2884 1592 2939 constituti.
1626 2880 1765 2934 Num

170 2992 230 3037 et
260 2981 467 3037 Petrus
496 2980 585 3033 ille
606 2976 969 3048 apostolorum
996 2983 1187 3029 vertex
1211 2982 1455 3027 mortuus
1477 2980 1593 3024 erat
1620 2969 1769 3023 omni

1858 1796 2150 1849 imitatione
2182 1803 2226 1859 ⁸,
2265 1807 2519 1866 quantum
2545 1795 2685 1858 licet,
2709 1794 2993 1848 coadunali
3014 1794 3232 1849 humani
3253 1797 3440 1858 animi,

1858 1888 2154 1956 quoniam!
2190 1888 2474 1942 secundant
2529 1903 2734 1940 omnem
2798 1886 3199 1940 intellectualem
3259 1903 3445 1956 apera-

1860 1978 2049 2030 tionent
2109 1978 2464 2047 requiescunt,
2529 1978 2653 2030 talis
2718 1986 2890 2030 autem
2959 1977 3018 2045 ﬁt
3080 1977 3442 2047 dei/iratorum

1861 2066 2157 2119 animarum
2199 2066 2269 2119 ad
2330 2082 2589 2119 summum
2645 2065 2840 2120 lumen.
2891 2066 3058 2120 Deum
3097 2066 3364 2131 videlicet,
3400 2067 3444 2098 ¹⁰

1863 2158 2040 2211 unitas
2066 2159 2107 2189 “
2133 2171 2153 2208 :
2184 2157 2405 2212 laudant
2431 2161 2599 2227 ipsum
2621 2160 2888 2227 potissime
2908 2176 2998 2227 per
3026 2163 3277 2224 omnium,
3311 2176 3447 2229 φατε

1862 2260 2003 2313 sunt,
2031 2249 2365 2303 oblationem.
2395 2248 2462 2303 In
2490 2250 2588 2303 hoc
2618 2266 2732 2303 vere
2770 2261 2818 2302 et
2857 2251 3332 2319 supernaturaliter
3372 2252 3439 2302 il-

1864 2340 2111 2395 luminati
2146 2357 2211 2395 ea:
2250 2343 2548 2395 beatissima
2581 2358 2699 2395 cum
2734 2342 2846 2410 ipso
2886 2343 3108 2408 unitate,
3149 2358 3283 2411 quae
3321 2359 3437 2394 om-

1866 2437 2011 2490 nium
2049 2437 2261 2507 quidem
2296 2445 2371 2489 est
2394 2476 2409 2500 ,
2434 2452 2569 2505 quae
2595 2443 2715 2488 sunt
2736 2475 2751 2501 ,
2783 2433 3027 2501 console,
3062 2435 3230 2504 ipsum
3268 2443 3445 2487 autem

1866 2528 2017 2593 nihil,
2048 2540 2104 2582 ut
2132 2528 2393 2592 omnibus,
2415 2543 2549 2596 quae
2584 2536 2726 2589 sunt,
2756 2525 3257 2597 superessentialiter
3292 2526 3442 2579 exal-

1867 2628 2055 2672 tatum.
2082 2618 2465 2671 Animadverte
2495 2618 2794 2687 praefatum
2821 2616 3147 2688 theologum,
3171 2618 3444 2686 quomoda

1868 2708 2245 2763 incunctanter
2279 2723 2549 2762 summum
2598 2707 2803 2773 lumen,
2835 2707 3003 2762 Deum
3040 2708 3310 2774 videlicet,
3351 2712 3445 2778 qui

1870 2817 2084 2856 omnem
2114 2802 2533 2857 intellectualem
2561 2810 2617 2856 et
2642 2801 2960 2856 rationalem
3002 2801 3263 2855 illuminat
3294 2817 3451 2856 crea-

1873 2903 2072 2959 turam,
2100 2895 2317 2949 nomine
2343 2894 2486 2963 quod
2512 2903 2594 2949 cst
2636 2894 2789 2958 nihil,
2820 2894 3080 2949 insinuat.
3125 2894 3189 2947 Et
3220 2894 3453 2965 subjecit

1873 2984 2158 3047 rationem,
2186 2999 2283 3037 cur
2309 2983 2442 3036 nihil
2472 2992 2712 3037 vocatur.
2745 2981 2884 3048 Quia
2907 2998 3062 3050 super
3084 2983 3281 3047 omnia,
3318 2998 3454 3051 quae

173 3082 494 3135 creaturae,
520 3078 577 3123 et
616 3068 867 3122 transivit
890 3067 944 3121 in
982 3066 1169 3128 Deum,
1197 3064 1413 3133 quando
1438 3061 1666 3116 Domino
1694 3060 1769 3113 in-

1874 3085 2033 3139 sunt,
2074 3074 2576 3145 superessentialiter
2614 3073 2899 3128 exaltatur.
2944 3074 3241 3128 Commune
3291 3075 3457 3145 igitur

174 3165 519 3237 terroganti,
544 3177 702 3232 quem
744 3176 803 3215 se
838 3174 956 3214 esse
985 3159 1209 3222 diceret,
1240 3155 1555 3225 respondit:
1597 3152 1675 3206 Tu
1714 3168 1767 3205 es

173 3258 432 3313 Christus
490 3253 660 3307 Filius
708 3252 804 3306 Dei
859 3251 999 3305 vivi?
1049 3249 1187 3304 Nutu
1239 3248 1487 3303 similiter
1534 3245 1771 3300 Joannes

170 3346 517 3418 evangelista
549 3344 818 3404 omnibus,
846 3356 987 3411 quae
1014 3340 1160 3394 facta
1187 3346 1330 3402 sunt,
1359 3336 1644 3391 defunctus
1664 3346 1769 3400 est,

176 3439 474 3494 altitudine
518 3436 758 3490 theoriae
781 3442 975 3488 cuncta
1009 3446 1271 3502 superans
1301 3438 1355 3484 et
1380 3429 1624 3484 clamans
1656 3445 1669 3481 :
1704 3426 1771 3481 In

174 3531 442 3600 principio
482 3536 596 3581 erat
633 3525 889 3590 Verbum,
922 3533 969 3577 et
1014 3521 1235 3575 Verbum
1265 3530 1375 3574 erat
1404 3520 1545 3588 apud
1583 3518 1769 3582 Deum,

173 3631 221 3674 et
266 3620 420 3672 Deus
454 3626 567 3671 erat
623 3614 883 3679 Verbum,
934 3620 1150 3680 totaque
1195 3610 1361 3680 ipsius
1409 3607 1671 3662 mirabilis
1720 3614 1776 3661 et

173 3705 483 3764 inelfabilis
515 3704 769 3774 Theologi
796 3702 1041 3757 tlieoria?
1069 3701 1207 3755 Audi
1243 3700 1560 3769 Apostolum
1599 3698 1776 3752 adhuc

172 3794 407 3852 mortali
452 3807 680 3862 corpore
720 3795 1020 3857 detentum,
1081 3798 1353 3843 mortuum
1402 3798 1579 3841 tamen
1622 3802 1681 3842 se
1723 3794 1778 3840 et

164 3890 514 3947 cruciﬁxum
575 3887 1020 3957 pronunciautcm
1072 3903 1084 3937 :
1139 3883 1271 3938 Milli
1338 3884 1563 3937 mundus
1616 3884 1780 3938 cruci-

177 3984 322 4043 ﬁsus
348 3988 455 4043 est,
483 3978 675 4047 inquit,
709 3988 756 4031 et
778 3994 871 4048 ego
895 3978 1112 4030 mundo.
1136 3976 1283 4030 Talis
1310 3977 1490 4044 itaque
1511 3985 1593 4029 est
1614 3975 1779 4030 inter-

173 4070 289 4125 itus
343 4079 668 4124 sanctorum
716 4067 1187 4136 contemplationis
1233 4066 1430 4121 virtute
1482 4066 1537 4120 in
1605 4066 1778 4136 ipsum

176 4166 356 4218 Deum
392 4161 813 4226 transeuntium,
843 4169 898 4215 et
918 4162 1120 4227 omnia,
1150 4176 1290 4231 quae
1318 4172 1460 4222 sunt,
1493 4172 1547 4216 et
1571 4161 1808 4231 seipsos.

166 4254 436 4308 ilciﬁcati
466 4252 489 4283 ³
531 4252 813 4306 altitudine
870 4238 1087 4306 dii-inae
1132 4253 1337 4321 gratiae
1385 4252 1777 4321 superantinm.

171 4346 253 4400 Eo
284 4347 488 4414 itaque
535 4346 716 4407 modo,
743 4359 851 4414 quo
884 4345 938 4405 ii,
969 4344 1061 4412 qui
1108 4344 1306 4398 virtute
1346 4350 1507 4413 atque
1553 4344 1780 4399 scientia

1871 3167 2136 3229 omnium,
2177 3180 2315 3234 quae
2359 3164 2499 3219 facta
2543 3176 2692 3229 sunt,
2727 3165 2890 3221 veluti
2947 3166 3178 3234 quodam
3229 3166 3454 3219 interitu

1872 3256 2052 3310 redire
2076 3255 2127 3308 in
2154 3269 2367 3319 causas,
2400 3269 2537 3323 quae
2581 3255 2632 3308 in
2665 3254 2772 3309 Deo
2798 3256 3133 3320 subsistunt;
3171 3256 3447 3325 proprium

1872 3361 2002 3400 vero
2038 3346 2415 3401 intellectualis
2459 3355 2514 3400 et
2552 3346 2835 3401 rationalis
2870 3347 3208 3401 substantiae
3231 3388 3245 3412 ,
3287 3363 3453 3400 unum

1873 3455 1998 3493 cum
2037 3439 2142 3493 Deo
2172 3438 2371 3493 virtute
2402 3437 2872 3507 contemplationis
2893 3479 2906 3501 ,
2935 3447 2989 3492 ct
3034 3438 3174 3492 Deus
3210 3453 3307 3506 per
3339 3454 3460 3508 gra—

1877 3527 2007 3581 tiam
2058 3525 2197 3580 fieri.
2244 3525 2392 3580 Disc.
2442 3525 2608 3579 Plane
2650 3526 2940 3595 perspicio,
2993 3543 3098 3579 non
3141 3524 3286 3581 aliud
3338 3542 3460 3581 csse

1876 3619 2080 3673 mundo
2126 3617 2323 3685 perire,
2365 3633 2527 3687 quam
2572 3618 2624 3671 in
2668 3633 2864 3673 causas
2898 3633 3025 3674 suas
3065 3620 3277 3685 redire,
3309 3630 3361 3675 et
3407 3622 3462 3675 in

1877 3709 2072 3763 melius
2120 3709 2337 3761 mutari.
2395 3709 2500 3762 Sed
2562 3709 2685 3777 quia
2746 3724 2875 3777 pars
2935 3709 3208 3765 sensibilis
3271 3711 3460 3764 mundi

1881 3800 2114 3859 maxima
2142 3810 2223 3854 est
2258 3815 2454 3868 corpus
2478 3800 2804 3862 humanum,
2841 3815 2946 3853 non
2987 3800 3126 3855 mole
3158 3801 3251 3854 sed
3287 3800 3464 3868 digni-

1882 3900 1992 3946 tate
2032 3890 2311 3945 rationalis
2354 3892 2588 3953 animae,
2628 3906 2732 3959 qua
2762 3888 3028 3943 formatur
3064 3900 3119 3944 et
3158 3891 3462 3944 virilicatur

1880 3993 1936 4038 et
2000 3983 2206 4053 regitur
2251 3992 2307 4035 ct
2364 3982 2705 4041 continetur,
2762 3980 2827 4034 de
2877 3979 3046 4049 ipsius
3112 3981 3283 4034 reditu
3350 3990 3461 4033 tra-

1882 4084 2033 4127 ctare
2080 4073 2214 4127 ordo
2241 4086 2417 4126 rerum
2471 4070 2637 4141 exigit
2677 4078 2732 4124 et
2760 4069 3135 4140 disputationis
3173 4070 3362 4136 series,
3405 4071 3464 4125 ni

1882 4160 2059 4216 fallor.

1952 4252 2044 4307 22.
2084 4252 2224 4307 MAG.
2262 4251 2321 4306 lu
2360 4251 2465 4307 hoc
2503 4267 2609 4306 non
2648 4250 2891 4317 falleris;
2940 4250 3010 4306 ita
3057 4252 3199 4305 enim
3254 4260 3463 4306 instans

1886 4343 1970 4397 via
1997 4342 2265 4412 carpenda
2313 4348 2415 4395 est.
2447 4340 2591 4395 Dtsc.
2622 4338 2908 4411 Ingredere
2937 4340 3135 4408 itaque.
3167 4337 3308 4394 MAG.
3352 4339 3464 4392 lle-

173 4439 517 4508 implentur,
555 4436 730 4491 adhuc
762 4439 814 4490 in
846 4436 949 4489 hac
992 4436 1099 4489 vita
1130 4436 1407 4490 constituti
1446 4436 1562 4491 solo
1601 4436 1783 4490 animo
1817 4406 1862 4465 ί)
1887 4434 2058 4488 ditum
2087 4432 2379 4488 secundum
2405 4431 2622 4485 immani
2652 4431 2895 4500 corporis
2915 4461 2983 4470 —
3020 4447 3141 4484 nam
3170 4432 3375 4500 primus
3407 4433 3460 4487 in

170 4530 508 4590 intereunt,
538 4535 681 4581 totus
708 4525 969 4590 tnuudus,
1007 4526 1222 4594 quando
1263 4525 1659 4591 terininabitur,
1705 4527 1784 4580 in-

168 4618 399 4674 tcribit.
448 4615 508 4670 ln
536 4615 709 4686 ipsum
738 4616 904 4681 enim,
936 4616 1027 4685 qui
1068 4624 1287 4685 pr0pter
1326 4617 1787 4684 superessentiali-

168 4719 355 4763 tatem
412 4719 552 4761 suae
578 4714 803 4759 naturae
830 4705 963 4759 nihil
993 4706 1189 4759 dicitur
1214 4745 1229 4769 ,
1284 4720 1599 4760 reversurus
1620 4706 1644 4739 ⁸
1677 4715 1781 4770 est,

166 4815 283 4857 non
313 4806 387 4853 ut
411 4808 564 4851 totus
583 4796 884 4861 deilicetur,
911 4805 1006 4850 aut
1029 4812 1152 4851 cum
1175 4796 1286 4852 Deo
1306 4813 1469 4852 unum
1493 4798 1781 4864 eiliciatur,

172 4913 233 4956 ιιι
281 4890 577 4946 caelestes
617 4889 866 4952 virtutes,
907 4898 961 4942 et
988 4888 1207 4942 humani
1251 4890 1418 4944 animi
1468 4891 1775 4960 illuminati,

158 4982 442 5055 purgati,
490 4978 738 5048 perfecti,
786 4977 879 5032 sed
940 4988 1000 5032 ut
1045 4979 1461 5051 unumquodque
1500 4982 1522 5013 ⁸
1570 4998 1781 5051 eorum,

156 5078 392 5135 qod-us
445 5069 864 5133 constituitur“,
910 5069 961 5122 in
1002 5084 1151 5134 suas,
1193 5079 1253 5124 ut
1306 5086 1467 5141 saepe
1513 5073 1781 5141 diximus,

162 5172 515 5218 revertatur
564 5176 777 5215 causas.
805 5159 1013 5216 Causas
1061 5169 1241 5215 autem
1290 5164 1528 5218 omnium
1572 5165 1624 5219 in
1677 5166 1784 5223 Deo

1888 4522 2155 4579 elementa
2198 4522 2395 4577 solutio
2430 4522 2547 4593 ejus
2588 4532 2671 4577 est
2699 4553 2768 4563 —
2799 4523 3253 4578 resurrectionem
3297 4526 3467 4595 ipsius

1887 4632 2041 4681 esse,
2102 4615 2460 4670 communiter
2513 4616 2692 4670 omnis
2746 4615 2986 4671 Ecclesia
3045 4616 3266 4672 fatetur.
3316 4620 3464 4674 Disc.

1888 4709 2140 4764 Omnium
2193 4709 2410 4777 proprie
2465 4718 2719 4778 recteque
2767 4709 3099 4764 credentium
3161 4714 3465 4767 communis

1886 4798 2155 4854 confessio
2182 4808 2284 4864 est,
2334 4815 2440 4852 non
2484 4799 2630 4853 aliud
2670 4814 2792 4854 esse
2841 4799 3073 4854 reditum
3096 4802 3391 4856 secundum
3422 4806 3465 4834 η

1887 4905 2172 4961 Corporum
2187 4899 2403 4960 praeter
2432 4905 2619 4944 eorum
2646 4891 3124 4958 resurrectionem,
3148 4901 3202 4946 et
3226 4909 3287 4947 ex
3312 4908 3468 4963 quat-

1889 4993 2010 5039 tuor
2031 4983 2214 5038 mundi
2237 4982 2539 5047 elementis,
2571 4982 2624 5035 in
2645 4981 3152 5051 quae"solvuntur,
3172 4986 3469 5041 revocatio-

1890 5092 2033 5131 nem.
2068 5074 2258 5130 Utrum
2305 5089 2436 5128 vero
2481 5073 2805 5128 resurrectio
2841 5090 3128 5144 corporum
3171 5074 3463 5130 secundum

1891 5168 2143 5238 gratiam,
2167 5180 2236 5219 an
2266 5165 2559 5220 secundum
2598 5174 2877 5233 naturam,
2903 5182 2972 5220 an
3014 5174 3244 5234 utraque
3267 5165 3310 5196 “
3340 5176 3478 5219 eon-

1486 5278 1741 5336 V'ARIAE
1777 5277 2173 5342 LECTlONES.

242 5392 262 5423 ’
302 5387 417 5444 Sic
446 5384 569 5456 _CF;
615 5386 660 5439 A
684 5395 800 5456 post
846 5386 1296 5456 resurrectionem.

164 5463 189 5495 ⁸
221 5463 328 5516 Sic
360 5454 468 5512 CF
493 5473 509 5520 ;
535 5458 579 5509 A
604 5454 765 5511 unum
788 5456 945 5526 quod.

163 5535 209 5584 Α
239 5532 500 5584 unitate.
584 5532 606 5563 9
645 5527 690 5580 Α
721 5529 863 5597 quia.

962 5525 1005 5556 ’θ
1045 5524 1214 5581 Deum
1254 5527 1493 5584 uidelicet
1523 5544 1632 5585 om.
1661 5530 1768 5587 CF.

163 5602 207 5637 "
263 5600 314 5654 Α
346 5607 590 5666 utroque
1618 5628 1625 5641 .

619 5690 884 5748 PnnOL.
940 5687 1200 5751 CXXII.

1148 5402 1305 5467 ptem;
1428 5386 1518 5443 Sic
1545 5389 1661 5467 CF;
1708 5391 1752 5445 A
1791 5390 1971 5467 quod._
2091 5388 2336 5467 ἀείραι(
2368 5402 2479 5467 om.
2515 5386 2579 5440 A.

1043 5463 1065 5494 ⁸
1105 5454 1197 5511 Sic
1221 5455 1341 5521 CF;
1372 5457 1416 5510 A
1465 5454 1835 5515 constituatur.
1952 5460 1971 5491 "
2014 5457 2105 5513 Sic
2144 5454 2263 5519 CF;
2310 5458 2353 5511 A
2385 5459 2413 5510 ά

1045 5524 1214 5581 Deum
1254 5527 1493 5584 uidelicet
1523 5544 1632 5585 om.
1661 5530 1768 5587 CF.
1847 5533 1886 5563 “
1917 5529 2008 5585 Sic
2036 5527 2121 5584 CF
2147 5545 2161 5595 ;
2185 5529 2227 5581 Α
2268 5530 2413 5582 uuio.

2675 5385 2698 5418 ⁵
2728 5386 2818 5443 Sic
2855 5385 2977 5450 CF;
3013 5387 3057 5439 A
3101 5400 3332 5438 reversus
3361 5397 3468 5443 est.

1952 5460 1971 5491 "
2014 5457 2105 5513 Sic
2144 5453 2263 5519 CF;
2310 5458 2353 5511 A
2385 5459 2671 5528 dignantur
2707 5457 2812 5510 illis
2858 5456 3082 5524 angelis.
3157 5453 3179 5485 ⁸
3219 5455 3311 5510 Sic
3349 5456 3468 5520 CF,

1952 5531 2008 5585 iic
2036 5527 2121 5584 CF
2147 5545 2161 5595 ;
2185 5529 2227 5581 Α
2268 5530 2413 5582 uitio.
2523 5528 2564 5558 ¹²
2597 5528 2880 5580 secundum
2911 5540 3019 5579 om.
3051 5526 3117 5578 A.
3198 5524 3242 5557 “
3277 5526 3465 5596 Aqua.

2523 5528 2564 5558 ¹²
2597 5528 2880 5580 secundum
2911 5540 3019 5579 om.
3051 5526 3117 5578 A.

2994 5694 3074 5755 29
