3898 6154
468 199 571 253 899
1847 186 2062 242 JOANN

2170 186 2367 243 SCOTI
3622 188 3709 245 ΜΟ

472 313 723 365 currente
753 311 846 369 Stl,
878 301 1274 373 quaerendum,
1303 317 1427 356 nam
1458 300 1570 355 t'crc
1600 314 1801 371 paucos
1842 300 1907 354 de
1946 300 2048 353 hoc
2079 307 2121 363 Α
2151 300 2297 367 pitur
2346 300 2366 330 ‘
2415 302 2466 353 in
2525 308 2684 362 terra,
2748 307 2796 351 et
2841 308 2954 364 post
3006 308 3206 367 tcntpus
3261 309 3401 353 terra
3430 340 3443 364 ,
3498 318 3622 372 quae
3667 307 3706 358 ei

470 406 767 454 tractantes
794 396 989 465 reperi.
2149 392 2511 444 commendata
2562 402 2705 453 sunt,
2752 391 2941 444 reddit.
3004 388 3216 444 Semina
3261 393 3545 460 germinum
3580 397 3704 448 senti-

535 490 626 544 23.
659 487 800 544 MAG.
832 477 942 542 Nec
976 501 1077 558 ego
1108 487 1385 550 recordor,
1414 502 1499 539 me
1545 485 1595 539 in
1625 484 1808 538 latinis
1839 482 2041 538 codici-
2150 491 2365 544 nuntur,
2395 491 2441 534 et
2489 481 2715 550 primum
2766 480 3092 543 moriuntur;
3130 480 3177 532 si
3206 482 3346 533 enim
3374 497 3475 533 non
3502 484 3700 536 moriun.

470 582 572 640 bus
601 581 815 653 legisse,
846 594 953 633 non
991 580 1134 649 quod
1175 577 1429 633 fortassis
1464 577 1531 631 de
1577 576 1678 630 hac
1723 574 2046 644 quaestione
2150 581 2256 633 tur,
2313 588 2413 624 non
2448 570 2795 638 vivi/icuntur.
2839 569 3128 638 Signacula
3170 570 3224 623 in
3271 571 3420 624 nobis
3445 571 3574 625 Deus
3595 573 3699 641 fecit

473 680 762 731 tractatum
793 686 822 724 a
847 671 1079 741 quodam
1111 669 1267 725 nobis
1294 669 1471 724 adhuc
1499 668 1770 737 incognito
1806 682 1910 720 non
1942 666 2044 729 sit,
2151 663 2548 715 resurrectionis
2592 678 2685 732 per
2731 678 2927 731 ungues
2969 661 3144 714 decem
3173 672 3222 714 et
3254 663 3464 727 decem,
3496 667 3693 718 testi-to-

470 770 524 817 ut
565 761 789 832 opinor;
820 776 925 817 non
967 760 1110 816 enim
1151 758 1447 830 putandum
1480 767 1585 821 cst,
1631 757 1904 811 Romanae
1943 754 2049 807 lin-
2148 753 2295 805 nium
2351 752 2622 822 perln'bens
2654 753 2718 806 de
2744 762 2923 806 nostra
2952 769 3059 821 spe.
3126 751 3236 808 Sed
3274 762 3325 806 et
3355 754 3432 808 sic
3468 771 3553 824 per
3574 772 3696 809 coro-

472 854 610 925 gttae
644 859 899 907 auctores
928 852 1067 906 hanc
1095 865 1342 921 magnam
1373 848 1745 918 quaestionem
1791 846 2044 899 intactam
2152 860 2273 897 nam
2317 844 2526 908 capitis,
2554 861 2744 915 perque
2788 844 3007 914 capillos
3047 852 3278 897 nostram
3309 847 3693 900 resurrectionem

468 942 923 1014 praetermisisse,
947 950 1039 994 aut
1064 949 1299 996 notatam
1325 955 1430 994 non
1463 946 1719 993 tractasse
1745 951 1758 989 :
1787 936 1880 990 sed
1906 935 2050 1005 quod
2149 934 2435 1003 praedicat.
2484 934 2637 999 Quod
2659 937 2798 988 enim
2822 935 3028 987 videtur
3069 935 3123 988 in
3154 936 3303 987 nobis
3331 945 3578 989 mortuum
3600 953 3694 991 cor-

474 1037 525 1091 tn
572 1050 763 1089 manus
780 1042 995 1088 nostras
1030 1032 1065 1093 ¹,
1102 1032 1146 1086 si
1173 1031 1299 1100 quid
1341 1031 1461 1085 inde
1490 1030 1771 1085 definitum
1812 1038 1913 1091 est,
1942 1044 2047 1081 non
2150 1044 2271 1094 pus,
2303 1028 2400 1079 hoc
2425 1038 2522 1091 est,
2546 1027 2747 1097 capilli,
2769 1028 2998 1098 quotidie
3031 1029 3213 1095 secati,
3238 1036 3285 1081 et
3318 1044 3511 1097 ungues
3537 1030 3693 1083 iterum

470 1125 732 1197 pervenit.
767 1125 995 1191 Ideoque
1025 1122 1150 1177 dum
1182 1121 1272 1174 diu
1301 1136 1397 1190 per
1425 1134 1510 1173 me
1531 1120 1701 1188 ipsum
1733 1119 1796 1171 de
1829 1118 1930 1171 hoc
1958 1131 2047 1169 eo-
2151 1127 2454 1183 crescunt’,
2506 1119 2861 1189 εἰριιὶβεαηέεδ
2894 1120 3289 1173 resurrectionis
3339 1136 3496 1188 spem.
3526 1120 3587 1174 Et
3607 1138 3690 1176 non

476 1216 733 1287 gitabam,
774 1213 851 1267 nil
900 1213 1042 1266 aliud
1093 1211 1223 1265 mihi
1270 1210 1609 1273 occurrebat,
1653 1218 1867 1278 praeter
1904 1206 2047 1273 quod
2151 1221 2225 1264 est
2254 1210 2550 1280 fabulosum
2579 1213 2752 1265 dicere
2788 1222 3000 1282 propter
3029 1211 3327 1266 incredulos
3371 1215 3591 1283 exempto
3615 1232 3696 1268 na-

472 1303 805 1359 resurrectio
842 1309 1177 1356 mortuorum
1211 1298 1536 1368 generaliter
1574 1296 1838 1350 bonorum
1881 1295 2053 1349 malu-
2151 1310 2320 1353 turae.
2368 1299 2649 1355 Palumbes
2696 1319 2838 1366 ares,
2872 1301 3125 1355 animalia
3176 1319 3279 1355 non
3307 1304 3463 1358 simul
3494 1304 3695 1359 velociter

474 1406 703 1462 rumque
748 1406 853 1444 nun
895 1390 995 1446 nisi
1044 1388 1157 1442 sola
1210 1386 1589 1456 Redemptoris
1640 1385 1825 1439 mundi
1872 1385 2045 1454 gratia
2153 1392 2406 1455 uolantia,
2434 1393 2732 1445 moriuntur
2777 1402 3105 1459 semenstres,
3152 1402 3203 1445 et
3234 1402 3351 1461 post
3386 1394 3694 1462 quadraginta

472 1484 651 1538 futura
678 1481 769 1545 sit,
799 1480 941 1534 nulla
971 1478 1201 1533 naturali
1231 1479 1426 1533 virtute
1448 1484 1695 1545 cogente,
1722 1475 1778 1529 in
1815 1484 2043 1538 tantum,

2166 1482 2262 1535 fies
2289 1483 2535 1535 continuo
2567 1482 2894 1536 reviviscunt.
2947 1483 3193 1554 κάνθαροι
3248 1521 3264 1545 ,
3288 1484 3385 1535 hoc
3419 1496 3491 1535 est
3512 1483 3693 1535 scabro-

477 1584 536 1627 ut
570 1573 614 1627 si
659 1573 799 1626 Deus
828 1569 1058 1624 Verbum
1084 1583 1212 1622 caro
1234 1566 1435 1621 factum
1468 1584 1579 1633 non
1622 1566 1796 1629 licret,
1827 1574 1880 1619 et
1909 1566 2048 1619 inter
2086 1620 2124 1642 η
2155 1588 2266 1637 nes,
2294 1571 2531 1641 futuram
2553 1573 2634 1626 sui
2663 1583 2880 1626 mortem
2910 1574 3204 1636 sentientes,
3236 1575 3292 1625 in
3320 1574 3576 1642 sphaeram
3599 1574 3695 1641 ﬁmi

472 1664 721 1719 homines
750 1670 1100 1715 conversatus
1135 1674 1241 1712 non
1271 1667 1452 1722 esset,
1481 1667 1536 1711 et
1566 1667 1729 1711 totam
1759 1656 2049 1711 lnnuanam
2087 1656 2125 1676 "
2153 1679 2207 1716 se
2229 1662 2365 1731 ipsos
2412 1662 2759 1727 abscondunt,
2800 1662 3101 1732 sepelientes
3150 1664 3321 1732 ipsam
3367 1665 3619 1732 sphaeram
3649 1664 3695 1716 in

487 1763 732 1808 naturam
766 1767 870 1805 non
902 1750 1203 1819 reciperet,
1233 1750 1284 1803 in
1312 1764 1414 1819 qua
1448 1763 1635 1818 passus
1669 1757 1752 1802 est
1782 1756 1836 1801 et
1866 1763 2051 1802 resur-
2152 1763 2293 1808 terra
2341 1764 2389 1808 et
2438 1755 2743 1819 obruentes;
2794 1772 2857 1809 ac
2902 1756 2977 1809 sic
3029 1772 3093 1810 ea:
3125 1774 3221 1810 suo
3273 1759 3486 1811 humore
3532 1758 3693 1808 iterum

485 1847 647 1908 rexit,
677 1843 817 1897 nulla
849 1851 1181 1895 mortuorum
1227 1840 1555 1894 resurrectio
1584 1837 1741 1891 iuret.
1779 1838 1840 1892 Et
1878 1848 1937 1892 ut
1975 1839 2053 1893 sic
2152 1843 2485 1897 inveniuntur
2528 1861 2594 1897 ex
2620 1845 2729 1898 suis
2778 1844 3008 1915 reliquiis
3052 1847 3431 1900 reviviscentes.
3464 1845 3530 1899 De
3552 1842 3695 1897 Phoe-

482 1923 874 2006 intelligerem,
913 1948 979 1989 eo
1018 1932 1159 2002 quod
1202 1932 1315 2002 ipse
1358 1932 1523 1994 dixit,
1555 1940 1820 1984 attractus
1858 1945 2048 1985 eram:
2155 1933 2270 1987 nice
2316 1949 2410 1986 ave
2460 1932 2693 1987 Arabica
2725 1936 3046 2004 superﬂuum
3100 1936 3230 1989 mihi
3261 1947 3336 1989 est
3368 1936 3557 1999 dicere;
3594 1934 3692 2003 jam

483 2027 597 2098 Ego
633 2041 749 2080 sum
788 2024 1096 2078 resurrectio
1125 2031 1170 2075 et
1204 2024 1350 2085 vita;
1387 2037 1449 2074 ac
1480 2021 1522 2074 si
1553 2035 1650 2090 per
1678 2019 1844 2073 solam
1877 2020 2054 2074 incar—
2155 2039 2378 2092 namque
2427 2023 2481 2075 in
2528 2039 2683 2077 aures
2715 2024 2999 2078 multorum
3030 2027 3164 2079 venit
3192 2026 3428 2095 ﬁdelium
3466 2037 3507 2079 et
3535 2026 3693 2092 inﬁde-

473 2116 747 2173 nationem
774 2112 1244 2186 ipsiustgenerale
1265 2114 1367 2166 hoc
1389 2112 1612 2176 tlonnm,
1635 2111 1781 2165 nullo
1803 2119 2049 2179 excepto,
2153 2112 2302 2166 lium.
2338 2112 2481 2166 Haec
2537 2123 2611 2166 est
2645 2124 2816 2168 autem
2846 2116 3011 2183 ipsius
3035 2134 3217 2180 causa.
3251 2116 3689 2187 Quingentesimsm

477 2225 651 2281 genus
690 2209 985 2263 humanum
1013 2205 1282 2274 acceperit
1310 2202 1352 2270 ⁸,
1386 2204 1832 2258 resurrectionem
1868 2202 2053 2256 videli-
2153 2219 2351 2256 annum
2401 2220 2653 2273 peragens
2688 2207 2983 2273 praenoscit
3030 2216 3230 2275 tempus
3268 2208 3448 2259 mortis
3491 2222 3603 2259 suae
3628 2206 3690 2256 ia-

477 2309 566 2354 cet
594 2315 623 2353 a
654 2298 910 2362 mortuis,
936 2296 1042 2351 hoc
1085 2303 1169 2350 est
1199 2294 1593 2349 restitutionem
1633 2301 1688 2346 et
1716 2293 2053 2362 redintegra-
2153 2307 2314 2350 stare.
2373 2297 2684 2367 Sepulcrum
2721 2300 2859 2353 enim
2904 2309 3154 2369 operatur
3181 2301 3520 2363 aromatibus,
3552 2298 3688 2351 illud-

475 2391 679 2444 tionem
730 2389 894 2443 tutins
942 2386 1177 2443 hominis
1222 2395 1486 2447 naturae,
1531 2399 1669 2454 quae
1725 2397 1954 2453 corpore
1998 2390 2054 2436 et
2153 2404 2251 2458 que
2274 2388 2447 2457 ferens
2475 2391 2609 2443 venit
2640 2389 2694 2443 in
2722 2389 2979 2443 civitatem
3008 2388 3397 2460 Aegyptiorum,
3423 2406 3547 2458 quae
3565 2405 3691 2443 voca-

480 2481 661 2534 anima
694 2478 986 2532 constituta
1023 2487 1124 2531 est.
1157 2476 1214 2530 Si
1248 2483 1426 2530 autem
1467 2475 1560 2529 Dei
1595 2471 1830 2529 Verbum
1865 2475 2052 2528 liuma-
2153 2488 2241 2530 tur
2269 2476 2546 2548 EliOpolis,
2580 2479 2633 2531 id
2666 2488 2738 2532 est
2789 2481 2915 2533 solis
2967 2480 3170 2543 civitas,
3203 2490 3250 2534 et
3276 2481 3468 2550 plantis
3499 2482 3594 2535 suis
3620 2495 3685 2549 pe-

475 2587 603 2626 nam
639 2581 885 2624 naturam
918 2585 1025 2623 non
1065 2568 1393 2637 susciperet,
1425 2575 1479 2622 et
1522 2567 1576 2621 in
1611 2582 1675 2622 ea
1713 2582 1778 2620 ex
1828 2567 2053 2621 mortuis
2153 2577 2297 2621 ctora
2325 2584 2420 2621 sua
2452 2569 2674 2621 multum
2724 2570 3038 2637 percutiens,
3075 2570 3244 2640 ignem
3288 2571 3353 2624 de
3382 2587 3474 2624 suo
3511 2584 3697 2639 corpore

480 2679 588 2718 non
620 2669 958 2730 resurgeret,
988 2660 1167 2713 nullus
1213 2659 1432 2713 omnino
1470 2657 1881 2713 resurrectionis
1931 2672 2052 2726 gra-
2152 2655 2441 2726 proferens,
2475 2656 2702 2711 incendit
2751 2657 3039 2727 subjectum
3082 2661 3137 2712 in
3180 2658 3292 2712 loco
3352 2659 3563 2728 sepulcri
3600 2674 3695 2710 inu-

477 2755 607 2807 tiam
635 2752 882 2817 haberet,
907 2751 1025 2814 scd,
1048 2750 1189 2805 sicut
1217 2758 1521 2804 ceterorum
1554 2746 1862 2802 animalium
1894 2747 2049 2800 cada-
2153 2746 2360 2810 teriam,
2416 2762 2479 2799 ac
2513 2746 2587 2799 sic
2633 2748 2858 2816 seipsum
2893 2758 3057 2800 totum
3087 2749 3367 2813 comburit,
3415 2759 3459 2800 et
3500 2747 3538 2778 ¹⁶
3580 2757 3700 2799 totas

474 2862 626 2910 vera,
667 2847 718 2898 in
749 2855 965 2900 terreno
990 2843 1209 2913 pulvere
1239 2840 1623 2913 perpetualiter
1659 2841 1892 2895 humana
1932 2854 2051 2891 cnr-
2153 2855 2334 2893 carnes
2363 2848 2486 2893 sua's
2519 2855 2635 2891 cum
2675 2840 2895 2894 ossibus.
2950 2839 3137 2893 Divina
3185 2851 3362 2894 autem
3398 2840 3700 2894 administris.

477 2953 605 3007 pora
654 2943 1056 3006 permanerent.
1102 2932 1215 2988 lloe.
1266 2934 1428 2987 etiam
1476 2930 1730 3002 putabam
1757 2970 1771 2995 ,
1828 2929 2052 2983 audiens
2086 2981 2126 3007 ρ
2159 2931 2295 2984 ticne
2322 2931 2479 2984 nubes
2502 2932 2748 2996 mittitur,
2775 2941 2821 2985 et
2846 2930 2999 3001 pluit,
3028 2943 3075 2985 et
3103 2933 3385 3001 exstinguit
3407 2949 3584 3001 corpus
3609 2932 3702 2984 suis

476 3029 793 3101 Apostolum
837 3029 1137 3090 dicentem,
1175 3025 1319 3094 quod
1347 3023 1486 3077 Deus
1530 3020 1752 3075 Verbum
1783 3021 1847 3074 sit
1874 3020 2055 3089 primi—
2087 3020 2128 3041 υ
2160 3033 2543 3078 consumentem
2582 3025 2622 3054 “
2668 3024 2958 3093 ﬂammam,
2986 3034 3194 3079 mortua
3221 3024 3426 3095 quidem
3461 3025 3570 3092 jam
3609 3023 3703 3076 esi-

477 3122 580 3174 tiae
625 3129 972 3172 mortuorum.
1019 3115 1164 3170 llaec
1198 3125 1318 3169 erat
1375 3127 1494 3168 mea
1548 3112 1615 3165 (le
1661 3110 2058 3164 resurrectione
2157 3124 2318 3169 stente
2341 3131 2456 3178 ave,
2478 3123 2526 3168 et
2547 3116 2750 3185 penitus
2772 3115 3298 3181 ardente;e:rstincta
3329 3127 3496 3168 autem
3514 3115 3703 3184 ﬂamma

482 3218 819 3262 mortuorum
859 3207 1061 3276 opinio.
1098 3206 1202 3260 Sed
1230 3213 1511 3275 postquam
1551 3205 1720 3257 sancti
1748 3201 2055 3271 Epipliauii.
2160 3206 2413 3277 reliquiae
2434 3208 2608 3261 carui;
2638 3207 2750 3276 ejus
2775 3217 3112 3275 consumptae
3142 3205 3524 3277 relinquuntur,
3550 3215 3594 3260 et
3627 3218 3705 3273 per

476 3299 712 3369 episcopi
737 3298 1085 3353 Constantine
1110 3296 1294 3369 Cypri,
1317 3297 1645 3351 Ancoratum
1670 3293 1691 3324 ³
1714 3291 1856 3365 [seu]
1882 3294 1926 3330 ν
1944 3307 2059 3347 ser-
2159 3312 2320 3349 unam
2346 3295 2483 3350 diem
2507 3312 2611 3350 non
2638 3306 2966 3366 apparentes,
2992 3313 3213 3350 vermem
3242 3298 3477 3367 gignunt}
3505 3297 3587 3366 qui
3613 3310 3704 3348 eer-

481 3405 694 3445 tnunem
719 3390 786 3443 de
820 3387 948 3442 Fide
993 3387 1117 3457 legi,
1146 3389 1431 3457 magnique
1451 3385 1693 3454 Gregorii
1719 3383 1971 3454 Tlteologi
1995 3383 2061 3438 de
2160 3386 2261 3440 mis
2289 3385 2585 3457 plumescit,
2620 3397 2667 3440 et
2710 3403 2871 3442 norus
2914 3388 2997 3455 ﬁt,
3036 3389 3191 3441 tertia
3230 3389 3317 3441 die
3361 3388 3626 3447 solidatur,
3660 3394 3703 3436 et

484 3480 722 3547 lmagine
751 3477 1188 3547 disputationem,
1225 3477 1422 3529 mutavi
1463 3475 1810 3538 sententiam,
1841 3484 1901 3527 ut
1942 3474 2058 3527 illo-
2158 3476 2431 3530 solidatus:
2470 3475 2642 3530 locum
2673 3476 3051 3546 inquirentibus
3098 3485 3147 3530 et
3176 3477 3585 3531 ministrantibus
3610 3473 3706 3526 loco

485 3586 605 3624 rum
651 3567 958 3621 auctoritati
1015 3565 1379 3630 consentiens,
1424 3580 1706 3634 meamque
1748 3565 2057 3634 opinionem
2159 3587 2214 3625 σε
2260 3570 2431 3638 ipsum
2482 3569 2805 3639 manifestat,
2862 3580 2909 3624 et
2954 3572 3147 3625 iterum
3207 3572 3263 3625 in
3323 3588 3471 3625 suam
3516 3567 3704 3624 recurrit

481 3657 875 3730 parvipendens
908 3657 952 3722 ⁸,
976 3656 1428 3711 resurrectionem
1457 3667 1786 3711 mortuorum
1830 3654 2059 3709 naturali
2160 3659 2408 3729 patriam,
2450 3658 2588 3712 unde
2617 3660 2768 3722 venit,
2796 3670 2843 3712 et
2893 3660 3193 3712 combustus
3217 3659 3528 3729 jurenescit.
3567 3655 3711 3710 Audi-

480 3752 681 3805 virtutc
708 3747 942 3803 futuram
966 3760 1087 3802 esse
1114 3746 1485 3802 concederem.
1509 3746 1740 3815 Ideoque
1765 3745 2058 3800 eorundem
2162 3748 2229 3802 sti
2267 3747 2646 3816 Epipltanium.
2682 3748 2738 3800 Si
2782 3762 2911 3816 ergo
2963 3748 3016 3802 in
3047 3749 3420 3802 restaurandis
3466 3746 3713 3802 rebusin:-

483 3842 645 3897 vcrba
685 3840 809 3895 huic
851 3849 1067 3894 nostrae
1112 3838 1380 3908 praesenti
1431 3837 1777 3906 disputationi
1821 3836 2061 3890 inserere
2163 3836 2418 3904 maniqne
2464 3836 2707 3904 corporis
2741 3837 2989 3904 partibus
3044 3836 3308 3891 naturalis
3338 3838 3420 3891 vis
3462 3844 3713 3907 operatur,

489 3947 595 3987 non
620 3932 973 4001 incongruum
1008 3928 1264 3999 judicavi.
1299 3927 1583 3982 Praelatns
1626 3928 1806 3996 itaque
1835 3926 2062 3996 Epiplia-
2163 3926 2326 3995 inque
2368 3925 2690 3980 animalibus
2718 3927 3178 3982 irrationabilibds
3228 3927 3623 3987 resuscitandis,
3666 3933 3717 3975 ut

484 4020 612 4075 nius
636 4059 653 4084 ,
684 4020 751 4074 de
809 4018 1208 4073 resurrectione
1248 4017 1562 4086 disputans,
1593 4015 1936 4085 Graecosque
1984 4031 2061 4070 re-
2164 4016 2393 4088 praefati
2445 4018 2683 4072 auctoris
2711 4018 3009 4087 approbant
3034 4018 3277 4088 exempla
3314 4037 3330 4072 :
3365 4018 3490 4088 quid
3519 4017 3717 4075 minim.

482 4110 875 4168 surrectionem
895 4107 1114 4162 omnino
1141 4118 1398 4177 negantes
1419 4105 1914 4172 convincens,haec
1938 4106 2013 4159 ait
2045 4124 2061 4160 ;
2165 4108 2210 4164 si
2254 4108 2433 4164 vitalis
2481 4116 2537 4162 et
2570 4109 2832 4164 naturalis
2883 4109 3078 4174 virtus,
3106 4124 3247 4178 quae
3287 4124 3562 4180 nunquam
3608 4107 3721 4161 sult-

486 4200 674 4259 (i'raeci
700 4201 909 4273 quidem
929 4200 1136 4270 penitus
1161 4199 1588 4253 resurrectionem
1617 4197 2011 4268 negant,l)eum
2040 4196 2062 4227 ⁸
2165 4198 2419 4251 stantiam
2467 4199 2824 4252 humanorum
2856 4211 3140 4268 corporum
3182 4198 3406 4264 deserit,
3452 4201 3505 4255 in
3535 4206 3722 4252 tantum

482 4294 782 4363 ignorantes
830 4291 1045 4360 ejusque
1085 4289 1369 4354 mandata;
1418 4302 1752 4344 veruntamen
1796 4300 2060 4360 resurgent
2094 4324 2139 4381 ο
2166 4288 2459 4359 praevalet,
2508 4298 2568 4343 ut
2595 4290 2762 4359 ipsius
2786 4291 3102 4359 operatione
3138 4290 3251 4360 ipsa
3281 4306 3507 4361 corpora
3555 4291 3619 4343 ad
3648 4288 3718 4340 vi-

489 4386 647 4438 etiam
690 4382 940 4436 nolentes.
975 4379 1099 4451 Ipsa
1132 4381 1265 4434 enim
1310 4390 1553 4434 creatura
1584 4380 1738 4449 plane
1762 4396 1848 4434 eos
1877 4381 2059 4433 redar-

490 4478 625 4546 guit,
680 4473 1022 4541 manifestans
1078 4471 1309 4541 quotidie
1364 4472 1759 4525 resurrectionis
1810 4470 2055 4540 formam.

493 4561 697 4616 Occidit
734 4578 955 4629 namque
976 4562 1112 4626 dies,
1141 4572 1188 4615 et
1232 4572 1555 4615 mortuorum
1590 4562 1876 4616 intbuimur
1900 4563 1920 4593 τ
1950 4578 2061 4615 mo-

490 4653 658 4716 dum;
697 4651 874 4705 ablata
914 4662 1060 4706 nocte
1098 4653 1268 4707 oritur
1285 4653 1415 4717 dies,
1438 4669 1529 4706 nos
1568 4654 1856 4725 inspirans,
1889 4663 1938 4707 et
1984 4669 2065 4707 re-

499 4743 836 4797 surrectionis
879 4745 1085 4814 signum
1120 4744 1413 4799 insinuans.
1462 4743 1792 4815 Colliguntur
1837 4746 2062 4814 fructus,

489 4843 538 4888 et
593 4843 761 4888 status
803 4835 1151 4902 praesentium
1199 4846 1425 4898 secatur,
1481 4847 1687 4888 uestrae
1730 4837 1850 4890 hinc
1892 4846 2066 4891 trans-

503 4925 809 4979 mutationis
853 4924 1072 4996 deﬁnita
1116 4943 1315 4995 specie.
1356 4927 1646 4980 seminatur
1681 4936 1821 4980 terra
1865 4937 1912 4980 et
1951 4943 2067 4995 pra-

501 5017 690 5083 ducit,
761 5018 884 5088 quia
952 5016 1186 5083 deposita
1246 5019 1445 5072 sentina
1513 5028 1627 5088 post
1692 5034 1948 5081 messem,
2013 5017 2066 5071 id

492 5118 598 5173 est,
646 5118 767 5178 post
819 5104 1190 5160 collectionem
1235 5107 1471 5176 frugum,
1499 5119 1786 5179 resurgent.
1840 5106 2068 5161 Locusta

491 5211 699 5255 mortua
754 5209 800 5250 et
850 5195 1088 5265 sepulta,
1137 5197 1273 5267 quod
1323 5215 1388 5251 ex
1434 5215 1493 5252 ea
1545 5200 1858 5268 projectum,
1891 5199 2070 5252 conci-

2169 4387 2277 4433 tam
2306 4379 2683 4442 restituantur,
2710 4389 2766 4432 et
2792 4380 2861 4434 ad
2906 4381 3072 4435 totius
3104 4381 3379 4438 humanae
3407 4390 3623 4437 naturae
3647 4380 3720 4434 in-

2163 4466 2505 4536 tegritatem?
2524 4465 2839 4522 Ceterarum
2862 4484 3098 4538 namque
3116 4471 3456 4537 animalium,
3475 4471 3720 4526 ninnium-

2163 4573 2267 4628 que
2297 4572 2477 4613 rerum
2504 4558 2840 4613 sensibilium
2871 4559 3083 4615 diversa
3114 4570 3170 4615 et
3201 4562 3457 4630 specialia
3491 4576 3721 4632 corpora.

2163 4654 2418 4725 quoniam
2460 4662 2517 4707 et
2553 4653 2607 4706 in
2651 4652 2783 4722 ipsis
2820 4652 3001 4706 vitalis
3029 4663 3229 4719 mutus,
3253 4655 3381 4710 dum
3414 4654 3599 4710 fumis
3627 4654 3725 4708 suis

2165 4747 2532 4810 continentur,
2582 4744 2724 4815 viget
2753 4754 2810 4799 et
2857 4753 3054 4810 movet,
3088 4747 3215 4800 dum
3262 4747 3574 4811 solvuntur.
3600 4745 3723 4806 silet,

2167 4851 2505 4907 nequaquam
2554 4844 2733 4891 tamen
2769 4851 2956 4891 eorum
3002 4826 3362 4891 substantiam
3406 4838 3725 4905 ἀείδει-ἣκει

2168 4925 2429 4980 neraliter
2451 4939 2573 4978 cum
2590 4926 2791 4978 mundo
2817 4925 3122 4979 transibunt
3150 4925 3217 4989 “,
3250 4941 3319 4981 eo
3362 4928 3522 4983 modo
3570 4935 3728 4980 trans-

2168 5014 2355 5081 eundi,
2403 5014 2472 5068 de
2496 5029 2604 5084 quo
2643 5013 2797 5083 plura
2827 5015 3074 5084 superius
3104 5016 3475 5075 tractavimus.
3527 5018 3592 5073 Et
3615 5030 3731 5088 quo-

2171 5104 2317 5159 niam
2348 5112 2538 5159 cuncta
2569 5103 2846 5158 seusibilia
2890 5113 2946 5159 et
2978 5103 3335 5175 intelligihilia
3382 5108 3435 5162 in
3483 5108 3733 5161 huiusne

2172 5207 2402 5253 naturae
2443 5195 2777 5266 plenitudine
2802 5196 3018 5250 condita
3050 5206 3195 5263 sunt,
3239 5213 3370 5254 num
3397 5198 3596 5255 rationi
3622 5194 3733 5253 resi-

1801 5305 2055 5363 VARIAE
2097 5304 2502 5363 LECTIONES.

565 5429 583 5458 ί
607 5423 695 5477 Sic
726 5419 810 5473 CF
836 5439 851 5483 ;
890 5422 934 5476 Α
960 5439 1120 5477 meas.
1196 5422 1217 5452 ¹
1249 5420 1338 5475 Sic
1374 5419 1489 5487 CF;
1510 5420 1556 5492 7A
1576 5420 1717 5492 ejus.

492 5511 556 5551 ex
609 5492 751 5562 conj.
828 5494 914 5545 Ἀ
954 5508 1142 5562 parum
1177 5492 1419 5562 pendens.
1500 5490 1933 5562 fiA‘Dominum.

495 5564 613 5627 Cf;
663 5561 720 5614 Α
747 5573 992 5616 crescent.
1087 5561 1130 5592 ¹⁶
1161 5561 1204 5614 Α
1231 5576 1313 5613 ac.

1793 5421 1816 5454 ⁸
1853 5419 1937 5476 CF
1974 5420 2245 5488 acciperet.
2320 5422 2343 5455 ⁸
2369 5419 2461 5473 Sic
2487 5419 2557 5484 C;
2582 5419 2667 5474 Cl"
2699 5454 2701 5467 .

1793 5507 1933 5545 num.
2029 5490 2050 5522 ’
2091 5488 2183 5543 Sic
2215 5487 2340 5552 LF;
2379 5489 2421 5542 Α
2449 5490 2701 5543 imitatur.

1392 5561 1430 5591 “
1482 5560 1566 5615 CF
1606 5570 2017 5613 consumantem.
2056 5560 2214 5629 (sic!)
2290 5560 2336 5600 ἰ
2367 5557 2457 5612 Sic
2499 5557 2583 5612 Cl"
2610 5577 2626 5626 ;
2658 5561 2985 5615 Atransibit.

2320 5422 2343 5455 ι
2369 5416 2461 5473 Sic
2487 5417 2557 5484 C;
2582 5416 2667 5474 Cl"
2699 5428 3027 5475 accuratum.
3104 5418 3146 5451 “
3168 5436 3263 5476 seu
3284 5436 3392 5477 om.
3423 5420 3563 5478 ACF
3585 5440 3599 5486 ;
3625 5420 3731 5475 add.

2799 5494 2826 5527 ⁸
2853 5488 2945 5563 Sic
2972 5489 3057 5546 CF
3080 5508 3096 5560 ;
3125 5491 3173 5547 Δ
3199 5493 3534 5563 conspicitur.
3612 5491 3634 5523 ’
3656 5491 3735 5545 Sic
