3898 6154
220 261 316 322 901

1063 266 1154 320 DE
1196 262 1538 323 DIVISIONE
1577 262 1925 319 NATIJRAE.
1965 294 2036 303 —
2074 262 2273 319 LIBER
2313 261 2638 332 QUINTUS.

3378 270 3482 323 90!

193 376 330 435 'stit.
362 374 408 430 si
432 382 602 429 totum
645 373 903 429 mundun.
958 389 1080 430 cum
1111 379 1363 436 omnibus
1394 380 1507 436 suis
1555 379 1803 451 partibus
1832 388 1879 445 Α
1907 389 2046 437 rere,
2096 389 2255 444 quam
2301 388 2529 444 corpora
2581 374 2633 427 in
2679 375 2967 428 caelestem
2999 376 3311 444 qualitatem
3356 394 3487 432 cnn-

218 475 469 536 tesnpore
505 464 868 520 restitutionis
926 466 1095 535 ipsius
1140 479 1389 535 naturae,
1421 471 1477 525 in
1516 486 1622 541 qua
1661 477 1806 524 totus

214 554 550 617 continetur,
600 554 839 623 generali
881 556 1112 623 quadam
1164 559 1579 615 resurrectionis
1625 558 1806 629 specie

213 655 654 699 resurrecturum
669 643 1066 702 deliberemus?
1080 647 1406 703 Praesertim
1422 663 1543 704 cum
1562 650 1805 703 omnium

212 734 575 796 sensibilium,
608 735 734 789 dum
766 735 821 789 in
867 750 928 791 se
958 736 1069 806 ipsa
1099 738 1117 769 ¹
1158 739 1535 794 consideratur
1586 750 1802 803 natura,

214 840 321 882 una
370 826 671 896 eademque
716 827 1064 897 perspicitur,
1113 838 1170 883 et
1215 829 1269 882 in
1311 830 1416 884 hoc
1454 829 1657 884 mundo
1697 844 1805 885 non

213 919 648 989 magnitudinem
696 933 990 988 corporeae
1019 920 1194 982 molis,
1240 923 1335 976 sed
1386 921 1807 992 iucorporalium

211 1010 645 1065 substantiarum
682 1011 1060 1065 adunatiunem
1088 1015 1291 1081 absque
1325 1013 1469 1067 omni
1511 1013 1724 1067 cumulo
1753 1022 1807 1068 et

213 1103 461 1173 partium
492 1102 908 1171 exaggeratione
929 1103 1010 1156 vel
1058 1105 1451 1173 compositione
1477 1120 1601 1158 vera
1627 1106 1809 1160 cousi-

209 1194 371 1248 derat
393 1194 536 1247 ratio
561 1206 576 1246 :
608 1193 749 1247 sicut
791 1194 846 1248 in
891 1196 1119 1249 monade
1149 1205 1198 1249 et
1226 1197 1277 1251 itt
1299 1206 1487 1251 centro
1513 1212 1617 1252 non
1639 1214 1808 1268 quan-

210 1287 429 1340 titatem
458 1286 537 1339 vel
560 1285 877 1354 qualitatem
927 1301 1276 1341 numerorum
1304 1297 1357 1342 et
1390 1288 1677 1353 linearum,
1714 1288 1809 1341 sed

209 1374 388 1428 solam
422 1374 700 1437 virtutem,
728 1388 866 1444 quae
898 1374 1042 1428 nulla
1074 1375 1233 1440 mole,
1261 1376 1409 1432 nullo
1437 1378 1636 1448 spatio,
1663 1376 1810 1431 nulla

209 1463 527 1532 quantitate
575 1472 629 1519 et
680 1463 941 1532 qualitate
976 1451 1468 1532 circumscribitur,
1528 1466 1808 1537 perspicit.

211 1554 309 1609 Est
330 1556 485 1609 enim
519 1564 627 1610 tota
654 1569 751 1626 per
777 1565 946 1611 totum
972 1557 1025 1612 in
1051 1557 1249 1628 seipsa,
1273 1559 1417 1613 nullo
1440 1558 1558 1614 loco
1580 1558 1806 1623 ambita,

207 1647 362 1701 nullo
394 1656 643 1718 tempore
674 1657 835 1703 mota.
868 1647 1103 1705 Proinde
1146 1651 1190 1705 si
1221 1652 1274 1705 in
1307 1650 1660 1707 universitate
1686 1665 1809 1705 sen-

1902 480 2083 532 versa',
2125 479 2392 536 omneque
2436 475 2714 521 terrenum
2756 458 3138 521 ttnit'ei'saliter
3163 467 3485 536 deponcntu

1903 556 2225 621 existimari,
2244 556 2491 611 sensibus
2511 555 2819 611 mortalium
2852 556 3414 625 incomprehensibilia
3442 566 3488 620 ο,

1903 649 2159 718 omnique
2211 645 2366 702 locali
2414 646 2917 715 circumscriptione
2964 647 3157 702 libera.
3227 644 3287 701 Si
3340 646 3488 700 enim

1904 739 2169 812 simplicia
2216 738 2399 794 mundi
2450 735 2611 805 hujus
2652 736 3021 806 corruptibilis
3066 736 3375 802 eletuenta,
3432 746 3488 789 nt

1905 847 2067 903 saepe
2107 833 2383 895 diximus,
2432 844 2634 907 omne,
2682 830 2826 898 quod
2871 830 3013 884 intra
3060 828 3324 884 ambitum
3372 826 3492 896 ejus

1905 927 2233 988 continetur,
2255 930 2559 993 penetrant,
2587 922 2895 991 nulliusque
2929 922 3327 992 circumscripti
3362 936 3489 975 cor-

1907 1016 2056 1086 poris
2093 1015 2335 1070 densitas
2372 1014 2571 1077 obstat,
2619 1028 2686 1067 ne
2728 1012 2928 1082 ubique
2974 1012 3028 1066 in
3069 1013 3251 1067 omnia
3297 1010 3495 1066 diﬂ‘un-

1907 1108 2138 1161 dantur:
2171 1106 2417 1174 quisnam
2446 1107 2511 1159 de
2547 1102 2777 1157 visibilis
2805 1101 2960 1170 hujus
2989 1102 3271 1157 machinae
3296 1111 3491 1158 natura

1908 1198 2193 1268 diligenter
2237 1196 2669 1267 disputantium,
2740 1194 2966 1264 ejusque
3026 1195 3418 1249 catholicorum
3468 1195 3491 1229 τ

1908 1288 2264 1345 subtilitatem
2318 1302 2385 1341 ac
2433 1286 2596 1341 veluti
2657 1286 2930 1353 quandam
2993 1285 3492 1354 incnrporalitatcm

1910 1381 2112 1435 mentis
2157 1379 2402 1434 contuitu
2446 1377 2908 1447 investigandum,
2960 1391 3065 1429 non
3116 1376 3495 1431 incunctanter

1913 1476 2148 1534 asserat,
2176 1471 2303 1523 aera
2356 1467 2730 1523 tenuissimum
2770 1467 2952 1523 omnia
2992 1465 3249 1521 caelestia
3290 1474 3344 1521 et
3388 1476 3495 1521 ter-

1912 1561 2106 1615 restria
2133 1600 2147 1625 ,
2194 1574 2404 1615 necnon
2432 1566 2487 1614 et
2522 1560 2679 1613 aerea
2725 1566 2781 1612 et
2821 1557 3107 1627 Neptunia,
3138 1557 3282 1611 nullo
3308 1558 3493 1612 obsta-

1911 1651 2031 1706 culo
2070 1651 2414 1712 demorante,
2468 1657 2794 1720 penetrare,
2866 1662 3038 1719 eoque
3092 1648 3390 1702 mirabilius
3441 1657 3498 1702 et

206 1737 459 1791 sibilium
485 1738 715 1792 humana
740 1739 1019 1807 praecellit
1048 1749 1258 1803 natura,
1288 1749 1343 1796 et
1363 1742 1641 1811 superiora
1666 1755 1806 1796 sem-
1836 1733 1881 1792 Β
1910 1740 2177 1810 spirituali
2228 1739 2474 1794 tenuitati
2536 1737 2889 1808 propinquius
2936 1738 3148 1806 igneum
3198 1738 3450 1807 spiritum
3479 1777 3492 1800 ,

206 1842 306 1899 per
344 1829 609 1885 inferiora
657 1829 724 1885 ad
754 1847 813 1887 se
840 1833 1153 1899 attrahunt;
1209 1848 1315 1887 non
1342 1832 1484 1888 enim
1512 1833 1652 1889 ratio
1675 1833 1806 1888 sinit

208 1922 504 1991 superiora
535 1922 602 1976 ab
645 1922 994 1978 inferioribus
1023 1925 1292 1990 consumi,
1326 1924 1584 1979 inferiora
1623 1935 1804 1979 autem

208 2014 263 2067 in
312 2014 603 2083 superiora
659 2015 891 2070 transire
937 2016 1260 2071 certissimis
1322 2016 1809 2086 approbationibus

205 2104 531 2173 approbat:
567 2119 694 2158 num
736 2104 1033 2161 verisimile
1087 2114 1188 2167 est,
1234 2107 1525 2161 humanam
1558 2118 1807 2162 naturam

204 2205 409 2249 cuncta
439 2195 582 2249 intra
611 2211 670 2251 se
698 2204 752 2251 et
781 2195 921 2251 intra
944 2212 1002 2251 se
1030 2198 1245 2252 comlita
1279 2198 1498 2255 sibimet
1529 2199 1812 2269 copulatu-

207 2298 326 2339 ram
354 2293 417 2338 et
448 2285 808 2339 adunaturam
840 2285 893 2340 in
942 2285 1050 2341 line
1085 2287 1327 2341 omnium
1362 2289 1708 2344 existimare?
1737 2288 1813 2348 De

204 2375 493 2447 spirituali
530 2385 712 2432 autem
762 2378 1120 2433 humanorum
1167 2393 1453 2448 corporum
1483 2388 1605 2448 post
1629 2395 1816 2434 resur-

209 2468 523 2522 rectionem
554 2468 854 2524 subtilitate
884 2468 1125 2539 ejusdem
1160 2469 1444 2541 Epiphanii
1482 2473 1810 2526 sententiam

207 2574 318 2613 non
351 2560 821 2628 praetereundam
859 2575 979 2615 esse
1007 2561 1263 2617 arbitror.
1314 2560 1449 2617 Nam
1482 2565 1549 2617 de
1587 2579 1815 2633 corpore

203 2651 419 2704 Christi
467 2657 592 2719 post
621 2652 1095 2718 resurrectionem,
1137 2654 1192 2708 in
1221 2669 1327 2725 quo
1358 2652 1812 2723 perfectissimum

208 2742 386 2796 totius
414 2741 688 2795 humanae
712 2743 1127 2798 resurrectionis
1153 2745 1453 2815 praecessit
1482 2745 1812 2815 exemplum,

206 2834 511 2902 disputans
534 2835 667 2887 haec
701 2834 814 2886 ait:
843 2831 1069 2887 Intravit
1109 2835 1297 2905 januis
1334 2834 1571 2900 clausis;
1603 2834 1818 2889 carnale

202 2923 351 2977 enim
402 2922 573 2992 ipsius
603 2938 793 2992 corpus
881 2922 1160 2992 spirituale
1202 2925 1484 2978 resurrexit
1525 2939 1543 2978 :
1583 2934 1629 2977 et
1661 2922 1682 2955 ⁸
1712 2939 1816 2978 non

202 3014 364 3069 aliud
414 3023 626 3083 praeter
652 3014 792 3085 quod
818 3024 913 3068 est.
965 3012 1032 3068 Et
1073 3014 1213 3084 quod
1265 3026 1360 3078 est,
1396 3014 1591 3069 Deitati
1620 3014 1816 3068 coadu-

1908 1830 2135 1901 simplex
2175 1831 2221 1893 ⁸,
2267 1844 2480 1899 purum,
2522 1829 2666 1883 omni
2694 1843 2958 1898 corporeo
2993 1844 3152 1883 sensu
3202 1839 3492 1886 remotum.

1854 1915 1867 1919 ’
1910 1936 2017 1976 nou
2059 1920 2231 1975 solum
2262 1931 2458 1974 cuneta
2487 1919 2669 1973 mutuli
2707 1920 2879 1989 spatia
2923 1919 3146 1987 implere
3185 1929 3236 1973 et
3265 1919 3494 1980 ambire,

1910 2025 2098 2065 rerum
2143 2011 2308 2066 etiam
2358 2010 2533 2081 ipsum
2586 2010 2965 2065 tenuissimum
3013 2011 3141 2064 aéra
3196 2010 3359 2064 nimia
3411 2011 3496 2065 sui

1910 2103 2207 2159 subtilitate
2256 2111 2313 2157 et
2362 2100 2792 2172 incorporalibus
2837 2100 3049 2155 naturis
3093 2100 3448 2156 similitudine
3477 2143 3493 2165 ,

1911 2196 2037 2249 dum
2061 2194 2131 2249 sit
2158 2194 2379 2249 intimus
2402 2194 2667 2258 omnium,
2693 2203 2909 2247 tranare
2944 2195 2987 2245 ’.
3041 2192 3411 2263 Similiterque
3433 2193 3501 2247 de

1913 2302 2050 2356 aqua
2099 2285 2329 2356 simplici
2378 2294 2623 2340 et'terra
2668 2286 3055 2348 sentiendum;
3115 2300 3241 2339 nam
3281 2294 3336 2339 et
3381 2285 3499 2354 ipsi:

1914 2379 2113 2448 ubique
2137 2377 2388 2431 onmilms
2424 2376 2743 2447 corporibus
2784 2376 2971 2429 insunt
3002 2375 3297 2429 secundum
3344 2390 3497 2429 suam

1914 2467 2239 2538 analogiam.
2308 2465 2449 2532 Quid
2495 2466 2732 2527 mirum,
2790 2463 3209 2518 resurrectionis
3270 2478 3501 2533 corpora

1915 2556 2055 2611 ultra
2104 2571 2321 2611 omnem
2370 2555 2680 2611 sensibilem
2742 2554 3058 2623 qualitatem
3106 2552 3454 2607 ascendentia
3487 2593 3500 2613 .

1914 2650 2061 2705 omni
2108 2648 2251 2705 mole
2295 2657 2351 2705 et
2398 2647 2671 2703 localitate
2698 2645 2965 2710 absoluta,
3002 2653 3074 2708 et,
3108 2654 3167 2698 ut
3199 2646 3273 2699 ita
3302 2645 3501 2706 dicam,

1916 2738 1970 2794 in
2012 2739 2261 2810 spiritum
2305 2738 2526 2795 omnino
2567 2751 2851 2799 conversa,
2898 2734 3153 2804 vitaeque
3203 2734 3501 2799 simillima,

1917 2845 2081 2901 super
2119 2844 2300 2893 omne,
2346 2830 2488 2898 quod
2536 2842 2729 2883 sensus
2773 2841 3072 2897 corporeus
3118 2835 3297 2896 potest
3342 2827 3505 2880 attin-

1916 2937 2074 2994 gere,
2128 2918 2382 2976 iueﬂ‘abili
2427 2935 2522 2975 sua
2562 2918 2826 2989 spirituali
2880 2916 3181 2972 subtilitate
3224 2914 3506 2970 exaltari?

1920 3016 1994 3069 De
2041 3029 2108 3069 eo
2150 3027 2321 3077 vero,
2365 3011 2507 3082 quod
2555 3010 2883 3065 resurrectio
2928 3023 3217 3079 corporum
3269 3008 3503 3062 naturali

200 3104 356 3157 navit
376 3101 500 3156 "in
520 3101 858 3157 subtilitatem
874 3101 1088 3172 spiritus
1111 3112 1373 3157 ornatum.
1395 3099 1454 3157 Si
1469 3105 1606 3156 enim
1622 3101 1694 3156 ibi
1715 3119 1816 3157 non
1847 3097 1890 3158 C
1921 3105 2124 3159 virtute
2168 3105 2538 3172 cooperatrice
2583 3103 2652 3155 sit
2695 3099 2872 3154 futura
2896 3142 2910 3164 ,
2956 3109 3010 3153 ot
3049 3114 3154 3153 non
3198 3114 3297 3168 per
3335 3097 3504 3153 solam

202 3202 323 3247 erat
356 3192 633 3247 subtilitas
676 3193 938 3261 quaedam
985 3192 1221 3263 spiritus,
1258 3209 1443 3263 corpus
1466 3193 1816 3262 ponderosum

203 3282 447 3346 accepit.
484 3279 588 3334 Sed
613 3290 668 3334 ut
710 3281 1028 3346 ostenderet,
1059 3281 1184 3351 quia
1214 3282 1312 3335 hoc
1353 3280 1688 3350 corruptibile
1720 3297 1817 3334 no-

203 3383 392 3426 strum
445 3371 696 3424 induetur
734 3371 1180 3441 incorruptionem
1217 3371 1271 3425 in
1320 3374 1576 3435 veritate;
1624 3390 1743 3426 nam
1772 3375 1817 3427 si

202 3460 449 3515 mortale
471 3471 571 3523 est,
596 3462 845 3514 induetur
865 3462 1315 3516 immortalitatem
1336 3477 1355 3518 :
1379 3464 1592 3518 intrarit
1608 3465 1817 3535 quidem

196 3557 401 3628 ianuis
457 3556 677 3619 clausis,
734 3565 790 3607 ut
832 3556 1122 3609 ostenderet
1178 3556 1572 3609 crassimembre
1610 3557 1818 3610 subtili-

201 3648 477 3711 membre,
503 3656 549 3700 et
584 3646 803 3700 mortale
834 3645 1147 3710 immortale,
1188 3656 1235 3699 et
1264 3645 1600 3715 corruptibile
1640 3648 1817 3700 incor-

205 3738 495 3809 ruptibile.
530 3736 595 3792 Ut
637 3750 810 3792 autem
860 3754 1035 3792 omnes
1064 3738 1396 3808 redargueret
1422 3738 1719 3791 incredulos
1758 3739 1815 3792 in

202 3843 408 3886 nostra
438 3828 636 3899 salute,
676 3829 794 3882 dico
844 3838 1019 3882 autent
1060 3827 1462 3891 resurrectione,
1492 3828 1545 3880 in
1573 3826 1814 3880 subtilem

197 3936 593 3978 transmutans
626 3937 813 3990 corpus
855 3920 1123 3990 spiritum,
1148 3918 1550 3989 contemperavit
1584 3933 1817 3971 resurre-

202 4013 474 4067 ctionem.
507 4008 742 4072 Intuere,
771 4018 1029 4077 quantum
1058 4008 1434 4061 incunctanter
1454 4005 1813 4076 spiritualium

202 4116 522 4174 corporum
561 4099 1009 4154 resurrectionem
1047 4109 1104 4153 et
1142 4099 1195 4153 in
1224 4097 1576 4153 subtilitatem
1608 4097 1816 4151 incom-

210 4194 659 4267 prencusibilem
709 4192 961 4256 reditum,
987 4192 1135 4246 omni
1172 4191 1427 4246 tarditate
1460 4199 1515 4245 et
1558 4189 1818 4259 qualitate

216 4300 496 4345 terrenae
516 4285 697 4352 molis,
713 4286 983 4355 totiusque
998 4284 1252 4354 ponderis
1272 4283 1550 4353 corporeis
1571 4282 1819 4339 sensibus

204 4377 658 4442 suceumbentis,
690 4375 1060 4446 localibusque
1091 4375 1282 4445 spatiis
1305 4374 1725 4445 circumscripti,
1750 4374 1819 4427 ab

1922 3196 2191 3251 incarnati
2224 3194 2386 3251 Verbi
2440 3194 2670 3263 gratiam
2703 3191 2770 3257 ¹⁶,
2833 3206 2975 3246 nunc
3025 3191 3255 3261 primttm
3307 3191 3508 3259 incipio

1919 3288 2180 3357 cogitare,
2219 3294 2274 3339 ct
2306 3284 2401 3337 ‘ubi
2431 3284 2581 3354 prius
2621 3281 2940 3345 titubabam,
2984 3280 3037 3334 in
3083 3278 3397 3349 operatione
3428 3280 3509 3333 vi—

1919 3379 2116 3433 delicet
2138 3374 2394 3438 naturali,
2422 3384 2603 3428 utrmn
2634 3372 3047 3427 resurrectionis
3072 3372 3141 3425 sit
3168 3369 3411 3425 ell'ectiva
3433 3398 3508 3413 ~—

1918 3471 2137 3528 lmmani
2176 3469 2371 3540 quippe
2408 3467 2669 3537 corporis.
2694 3466 3205 3535 redintegrationem
3249 3464 3348 3519 soli
3393 3463 3503 3520 Ile-

1918 3565 2216 3635 demptoris
2235 3565 2439 3635 gratiae
2468 3560 2790 3625 tribuebant,
2813 3562 2953 3615 sicut
2972 3570 3025 3616 et
3051 3569 3104 3613 tu
3130 3559 3418 3629 aliquando
3434 3590 3507 3601 --

1918 3657 1988 3710 ibi
2029 3654 2144 3722 jam
2186 3663 2368 3709 certus
2394 3652 2598 3707 eﬂicior
2640 3652 2848 3707 ratione
2887 3652 3045 3706 duce.
3096 3651 3310 3705 Nullum
3356 3652 3501 3705 enim

1920 3748 2241 3805 miraculum
2296 3750 2348 3802 in
2400 3749 2503 3802 hoc
2549 3747 2749 3802 mundo
2799 3757 2990 3801 contra
3039 3758 3286 3802 naturam
3332 3748 3503 3802 Deum

1918 3839 2113 3893 l'ecisse
2153 3838 2380 3909 legimus
2410 3856 2422 3889 :
2449 3836 2544 3892 scd
2582 3836 2762 3890 causis
2786 3836 3122 3890 naturalibus
3160 3838 3507 3891 administra-

1919 3929 2044 3983 tit'is
2092 3938 2146 3983 et
2192 3927 2595 3989 ellectricibus,
2638 3924 2796 3992 jussu
2848 3925 2940 3979 Dei
2987 3934 3276 3989 movente,
3333 3925 3506 3980 factas

1915 4034 2036 4073 esse
2076 4032 2424 4088 quascunque
2451 4016 2712 4068 virtutum
2758 4015 3133 4083 theophanias,
3164 4016 3342 4068 divina
3374 4030 3502 4067 nar-

1918 4118 2012 4169 rat.
2043 4108 2290 4162 historia.
2367 4106 2430 4159 Et
2489 4105 2533 4159 si
2596 4104 2915 4159 miraculum
2977 4105 3366 4159 miraculorum
3420 4116 3506 4158 est

1918 4196 2184 4270 generalis
2229 4203 2565 4251 mortuorum
2611 4196 2959 4260 resurrectio,
3007 4194 3161 4264 cujus
3206 4192 3501 4248 maximum

1917 4287 2221 4357 exemplum
2245 4286 2537 4361 praecessit
2564 4286 2614 4340 in
2638 4284 2877 4348 Christo,
2909 4286 2960 4339 in
2987 4294 3216 4351 tantum,
3242 4295 3300 4341 ut
3324 4294 3507 4341 cetera

1922 4378 2036 4434 iere
2073 4378 2254 4433 omnia
2299 4374 2565 4430 naturalia
2610 4382 2925 4444 argumenta
2962 4373 3018 4430 in
3049 4373 3507 4445 praeliguratione

208 4469 429 4541 spiritu
448 4438 701 4535 absorpta
716 4438 1818 4537 pronuntiat,purissimeintelligensttpo-
1848 4438 1895 4497 υ
1924 4467 2096 4538 ipsius
2134 4465 2270 4521 facta
2314 4464 2479 4519 fuisse
2507 4472 2652 4517 recte
2676 4438 3064 4534 intelligantur
3082 4481 3096 4518 :
3140 4438 3268 4518 num
3293 4466 3508 4523 veritati

204 4559 431 4615 stolum
481 4556 1110 4613 dicentem:Semiaatur
1155 4571 1343 4625 corpus
1368 4557 1617 4620 animale,
1640 4563 1817 4625 surget

202 4666 422 4721 corpus
440 4647 733 4719 spirituale.
756 4647 897 4701 DlSC.
922 4646 1157 4711 lntueor,
1182 4656 1235 4700 et
1254 4648 1429 4716 magni
1454 4646 1554 4700 viri
1578 4647 1817 4699 auctori-

211 4751 403 4797 tatem
430 4738 747 4807 amplector.
767 4738 845 4791 De
869 4736 1249 4807 spiritualitate
1273 4737 1537 4805 siquidem
1565 4748 1617 4789 et
1636 4738 1819 4790 illaca-

204 4834 383 4889 Iitate
400 4830 645 4887 omnium
661 4828 986 4901 generaliter
1007 4827 1364 4883 humanorqu
1393 4842 1681 4897 corporum
1699 4836 1821 4896 post

205 4921 719 4987 resurrectionem,
744 4920 961 4990 quando
987 4920 1222 4974 humana
1265 4927 1456 4973 natura
1476 4960 1491 4985 ,
1527 4934 1668 4988 quae
1696 4934 1819 4972 cor-

203 5029 357 5086 pore
406 5020 470 5065 et
510 5012 692 5065 anima
738 5018 988 5075 constat,
1035 5009 1277 5078 aequalis
1320 5012 1423 5064 erit
1469 5009 1713 5079 angelis,
1765 5017 1820 5063 et

204 5115 556 5163 sanctorum
593 5103 810 5157 Patrum
846 5101 1169 5157 auctoritate
1215 5100 1347 5156 mihi
1379 5101 1494 5173 jam
1532 5100 1553 5131 ⁸
1595 5116 1817 5155 suasum

208 5208 304 5257 est
351 5205 406 5262 ⁸,
453 5206 513 5253 et
555 5195 696 5249 intra
730 5208 815 5249 me
850 5192 1105 5265 perspexi
1152 5194 1438 5258 rationem,
1479 5192 1815 5257 consultans,

203 5290 291 5348 nil
333 5287 495 5343 aliud
540 5284 874 5356 probabilius
901 5285 1222 5355 veritatique
1248 5285 1603 5355 propinquius
1627 5300 1820 5340 occur-

1924 4557 2217 4629 putandum
2260 4565 2345 4610 est
2386 4572 2491 4610 non
2534 4555 2859 4619 convenire,
2907 4569 3007 4610 nos
3054 4556 3390 4622 existimare,
3438 4572 3508 4614 ex

1923 4662 2208 4703 causarum
2251 4646 2577 4701 naturalium
2613 4643 2861 4699 el'l'ectiva
2897 4646 3137 4714 potentia
3173 4645 3388 4702 divinae
3412 4662 3511 4701 ro-

1922 4741 2115 4796 luntati
2140 4739 2352 4794 subdita
2378 4739 2572 4808 ipsam,
2596 4737 3048 4793 resurrectionem
3072 4717 3509 4802 dico,fuiuram?

1922 4832 2063 4888 Msc.
2094 4830 2370 4887 Ambabus
2395 4829 2579 4899 itaque
2623 4827 3103 4898 cooperatricibus,
3136 4827 3250 4898 ipsa
3285 4829 3505 4899 quidem

1922 4933 2115 4978 natura
2137 4932 2192 4977 et
2217 4921 2413 4992 gratia,
2443 4919 2769 4973 resurrectio
2787 4916 3118 4988 perficietur.
3144 4918 3291 4974 Dtsc.
3319 4918 3507 4974 Credi-

1922 5016 2116 5070 derim.
2184 5012 2291 5068 Sed
2338 5011 2466 5083 quid
2510 5010 2580 5065 ad
2622 5010 2893 5081 gratiam,
2949 5009 3082 5081 quid
3132 5009 3200 5063 ad
3254 5017 3504 5064 naturam

1920 5105 2138 5176 proprie
2189 5104 2241 5157 in
2295 5103 2397 5158 hac
2442 5099 2860 5155 resurrectionis
2920 5100 3139 5157 actione
3193 5099 3503 5169 pertineat,

1923 5210 2031 5251 non
2058 5194 2192 5249 satis
2215 5192 2519 5263 conspicor.
2571 5187 2782 5246 Nullam
2810 5190 3075 5261 siquidem
3103 5191 3245 5244 inter
3267 5204 3360 5243 eas
3384 5202 3505 5241 esse

1889 5290 2082 5340 ’nemo
2123 5284 2354 5339 solerter
2394 5282 2692 5353 sapientiae
2720 5289 2927 5338 secreta
2966 5278 3277 5335 rimantium
3305 5275 3507 5331 dixerit

1469 5393 1724 5451 VARIAE
1762 5391 2140 5449 LECTIONES

850 5518 886 5552 ἰ
912 5524 1100 5579 corpus
1129 5523 1237 5563 om.
1281 5506 1387 5579 CF.

285 5512 307 5544 ⁸
347 5511 475 5580 ipsa
506 5523 617 5565 om.
651 5504 757 5565 CF.
850 5518 886 5552 ἰ
912 5524 1100 5579 corpus
1129 5523 1237 5563 om.
1281 5506 1387 5563 CF.

285 5596 345 5634 ns
379 5580 440 5633 in
488 5580 860 5635 subtilitatem.
964 5577 987 5609 ⁵
1010 5581 1128 5649 jam
1156 5595 1266 5634 om.
1299 5577 1402 5649 (illi.

203 5596 345 5640 suus
379 5580 440 5633 in
488 5580 860 5635 subtilitatem.

204 5649 627 5710 catholicorum
657 5666 767 5706 om.
797 5650 865 5706 Α.

1506 5506 1527 5539 ³
1552 5516 1601 5561 et
1643 5522 1751 5563 om.
1791 5505 1836 5559 Α

1538 5583 1558 5614 ³
1581 5592 1655 5633 est
1684 5594 1795 5633 Olli.
1828 5575 1935 5633 CF.

968 5653 989 5687 ⁸
1015 5648 1106 5704 Sic
1132 5651 1176 5704 Α
1207 5649 1325 5715 CF;
1360 5648 1398 5702 F
1432 5664 1576 5704 corr.
1612 5648 1920 5719 simplicem.

1969 5504 2011 5536 '°
2037 5504 2130 5560 Sic
2172 5502 2297 5569 CF;
2329 5512 2375 5558 Α
2416 5512 2633 5576 praeter
2693 5502 2836 5572 quod
2884 5500 3055 5569 fuerat
3113 5500 3205 5555 sed
3254 5498 3389 5554 illud
3422 5503 3504 5557 in-

2036 5575 2057 5607 I
2083 5574 2168 5607 ρει
2200 5576 2575 5607 ἱωκυηιιηηιηι-
2619 5569 3104 5607 ,σηιιηη-ιιιοηιὸιιίηιι
3218 5572 3239 5603 τ
3263 5569 3352 5607 Qin
3378 5571 3491 5607 (εν.

2036 5575 2057 5607 ⁸
2083 5574 2168 5630 CF
2200 5569 2576 5629 immortalium
2617 5569 3125 5639 coniprelteasibilia.
3218 5572 3239 5603 '
3263 5569 3354 5628 Sic
3378 5571 3491 5634 (2ὶέ

2008 5654 2030 5687 ¹
2057 5647 2097 5702 ιτ
2128 5659 2390 5701 trasnare.
2466 5644 2508 5675 ¹⁹
2536 5644 2625 5697 Sic
2651 5639 2736 5696 CF
2753 5656 2767 5706 ;
2801 5640 2842 5693 A
2873 5652 2978 5694 non
3010 5639 3124 5696 sola
3155 5643 3190 5698 i.
3223 5658 3275 5698 v.
3303 5644 3497 5716 gratia.
