3898 6154
464 250 571 309 9b?)

1799 247 2079 304 JOANNIS
2119 246 2310 304 SCOTl

3584 248 3678 307 9οι

463 362 840 421 dill‘erentiam.
872 361 1010 415 MAG.
1037 361 1147 413 luto
1188 375 1456 429 magnam,
1487 358 1835 428 diligentique
1862 358 2036 427 inqni-
2067 367 2109 419 Λ
2139 359 2310 412 dictas
2335 357 2593 427 quaedam
2625 356 2988 423 constituitur,
3027 373 3164 429 quae
3193 358 3378 415 dicitur
3405 361 3533 418 bene
3553 378 3675 428 esse,

465 456 663 510 sitione
707 453 989 521 lucitlaque
1038 450 1353 504 inventione
1396 449 1631 519 dignam.
1678 448 1735 502 ltt
1774 462 1835 501 ea
1868 446 2037 515 siqui-

466 548 586 600 dem
632 545 868 598 tltcoriae
929 552 1081 613 parte
1131 544 1145 573 ¹
1181 542 1283 596 tria
1344 542 1609 611 quaedam
1655 541 1851 594 intueri
1879 540 2039 594 debe-

467 651 622 688 mus:
671 640 725 687 et
772 632 945 702 primo
984 631 1359 685 inexbanstam
1400 629 1617 683 divinae
1657 627 1913 682 bonitatis
1954 626 2035 679 itt-

469 725 783 793 ﬁnitamque
839 739 934 793 per
988 737 1051 777 ea
1112 732 1165 776 et
1221 722 1273 774 itt
1328 736 1429 784 ea,
1490 732 1629 789 quae
1678 718 1819 772 facta
1871 725 2035 781 sunt,

468 814 832 878 dimisionem,
880 814 1072 869 deinde
1122 812 1290 883 ipsius
1334 810 1615 866 divisionis
1661 810 1681 839 ²
1732 808 2037 879 generalem

464 904 882 974 bipertilatnquc
933 902 1320 970 scaturigincm
1370 899 1424 953 iit
1473 913 1533 951 ea
1564 939 1577 962 ,
1627 913 1767 967 quae
1819 898 2035 959 dantur,

463 1005 516 1046 et
557 1010 639 1056 ea,
688 1010 828 1061 quae
872 993 1159 1047 donantur.
1226 990 1350 1044 Tria
1394 990 1574 1057 itaque
1617 996 1737 1042 sunt
1788 988 2036 1042 conside-

464 1086 653 1149 randa,
698 1084 933 1148 bonitas,
980 1084 1203 1154 ejusque
1230 1083 1376 1145 data,
1418 1091 1470 1136 et
1510 1082 1691 1135 dona:
1734 1096 1873 1150 quae
1911 1096 1938 1132 a
1981 1095 2039 1134 se

464 1177 692 1230 invicem
721 1175 981 1229 discernit
1004 1174 1229 1227 rationis
1269 1174 1432 1237 acies,
1462 1174 1786 1242 propriaque
1814 1170 2038 1241 singulis

461 1273 693 1333 eonptat.
751 1263 940 1316 Datum
980 1263 1159 1332 itaque
1193 1263 1407 1319 divinae
1433 1262 1690 1316 bonitatis
1714 1272 1797 1315 est
1824 1262 2038 1314 univer—

461 1354 640 1408 sitatis
680 1353 1012 1415 substitutio,
1059 1362 1112 1406 et
1156 1353 1450 1407 secundum
1497 1353 1775 1423 generales
1820 1361 1873 1406 et
1918 1368 2037 1422 spe-

461 1447 626 1498 ciales
666 1444 900 1497 rationes
938 1452 1255 1497 cunctarum
1296 1455 1664 1499 creaturarum
1706 1443 2033 1511 distributio,

460 1550 620 1601 quant
670 1533 1143 1602 superesseutialis
1193 1534 1445 1598 bonitas,
1512 1550 1649 1602 qttae
1712 1535 1851 1588 Deus
1910 1545 2033 1598 est,

462 1625 839 1679 naiversalitcr
860 1626 1109 1679 omnibus
1136 1625 1359 1696 largitur
1387 1643 1415 1679 a
1442 1642 1653 1679 summo
1679 1640 1849 1694 usque
1878 1626 2036 1679 deor-

2144 450 2259 504 sine
2286 466 2389 519 qua
2424 450 2567 519 ipsae
2594 452 2985 514 extremitates,
3015 467 3134 506 esse
3161 452 3400 508 videlicet
3423 463 3473 507 et
3492 470 3679 526 semper

2140 555 2278 602 esse,
2312 555 2410 594 nec
2445 556 2569 595 vere
2607 550 2748 605 sunt,
2781 543 3027 610 quamvis
3071 543 3197 606 sint,
3227 558 3324 597 nec
3353 551 3490 598 recte
3516 544 3678 601 dicun-

2142 643 2229 688 tur
2244 649 2363 689 esse
2380 635 2528 674 "'—
2548 649 2669 689 esse
2697 636 2837 689 enim
2867 644 2922 689 et
2948 651 3160 705 semper
3183 650 3321 699 esse,
3342 635 3539 691 sublato
3563 640 3678 694 bene

2138 737 2275 786 esse,
2315 737 2414 778 nec
2440 736 2565 777 vere
2593 737 2712 777 esse
2739 731 2854 785 est,
2882 738 2980 777 nec
3003 739 3129 778 vere
3154 738 3364 792 semper
3388 738 3505 778 esse
3527 739 3542 778 :
3569 725 3675 781 illud

2139 814 2281 868 enim
2311 828 2435 868 vere
2464 822 2517 867 et
2544 820 2627 867 est
2650 821 2703 866 et
2731 828 2942 882 semper
2960 821 3063 877 est,
3088 812 3231 883 quod
3271 813 3406 868 bene
3449 829 3509 868 ac
3544 815 3673 870 beate

2140 901 2384 956 subsistit
2410 932 2481 941 —
2511 901 2599 956 illa
2631 902 2790 957 insita
2819 902 3098 967 medietas,
3137 901 3240 956 hoc
3274 911 3359 956 est
3394 903 3521 957 bene
3557 918 3672 969 esse,

2140 992 2337 1046 donum
2368 992 2581 1047 divinae
2606 991 2863 1048 bonitatis
2902 1000 3005 1055 est,
3035 990 3203 1047 libero
3228 1007 3293 1046 ac
3314 992 3452 1046 bono
3472 992 3676 1047 volunta-

2142 1084 2210 1138 tis
2235 1083 2610 1139 intellectualis
2630 1094 2684 1137 et
2712 1083 2986 1138 rationalis
3018 1068 3295 1138 creaturae
3338 1093 3479 1138 motu
3522 1086 3676 1152 adjun-

2140 1185 2244 1229 cto.
2309 1173 2404 1228 llis
2449 1175 2590 1227 enim
2631 1174 2838 1227 duobus
2893 1172 3119 1227 eﬂicitur
3169 1174 3304 1227 bene
3342 1188 3489 1237 esse,
3537 1174 3676 1227 libera

2140 1266 2387 1321 videlicet
2430 1265 2721 1329 voluntate,
2769 1266 3015 1335 donoque
3060 1264 3260 1327 divino,
3305 1265 3446 1334 quod
3493 1267 3675 1334 gratiam

2139 1366 2484 1411 sacrosancta
2530 1364 2687 1409 vocat
2725 1354 3023 1425 Scriptura.
3063 1354 3167 1409 Sed
3206 1354 3337 1408 illud
3375 1356 3557 1410 donum
3593 1370 3678 1408 non

2138 1445 2388 1499 omnibus
2413 1443 2733 1513 generaliter
2753 1442 3111 1496 distribuitur.
3159 1442 3274 1497 Soli
3324 1444 3510 1513 quippe
3544 1460 3679 1512 ange-

2139 1536 2272 1591 licae
2297 1536 2667 1604 humanaeque
2698 1543 2922 1589 naturae
2945 1535 3173 1589 donatur
3196 1535 3483 1590 dciticatio.
3531 1533 3679 1604 Νι-ψΑι

2139 1626 2243 1680 i-llis
2287 1625 2685 1690 universalitcr,
2735 1627 2826 1681 sed
2872 1626 3002 1680 solis
3038 1626 3263 1696 angelis,
3317 1628 3411 1697 qui
3447 1627 3684 1683 Creatoris

460 1730 600 1778 sum,
644 1713 746 1768 ltoc
786 1724 886 1776 est,
937 1715 1004 1768 ab
1034 1714 1377 1769 itttelleetuali
1411 1722 1626 1779 natura,
1654 1730 1791 1783 quae
1819 1729 2026 1769 summa
2060 1705 2107 1765 Β
2134 1716 2215 1770 sui
2257 1715 2542 1770 dilectione
2565 1717 2836 1780 ardentes,
2870 1715 3090 1770 stabiliti
3114 1717 3155 1747 ⁸⁷
3198 1716 3252 1769 itt
3275 1718 3679 1788 contemplatione

459 1804 697 1859 omnium
739 1815 1107 1860 creaturarum
1156 1816 1277 1870 est,
1328 1822 1497 1876 usque
1543 1808 1608 1859 ad
1655 1807 2031 1876 corporalem,

459 1914 596 1967 quae
641 1898 805 1953 imum
844 1910 896 1955 et
922 1910 1221 1955 extremum
1266 1899 1635 1953 universitatis
1678 1899 1915 1967 possidet
1958 1898 2034 1951 lo-

459 2004 601 2043 cum.
649 1988 870 2042 Summa
916 1988 1312 2059 igiturbonitas
1338 1988 1430 2042 dat
1458 1990 1741 2042 universae
1784 1990 2033 2043 conditae

460 2089 684 2133 naturae
720 2094 857 2139 esse,
904 2078 1155 2147 quoniam
1209 2077 1378 2147 ipsam
1421 2092 1488 2132 ex
1533 2093 1637 2132 non
1677 2077 2034 2132 existentibus

462 2171 514 2223 in
541 2171 829 2225 existenlia
863 2171 1104 2225 adduxit.
1156 2170 1289 2225 Hinc
1315 2170 1503 2225 beatus
1528 2169 1815 2241 Dionysius
1839 2179 2035 2239 quarto

464 2262 697 2333 capitulo
730 2262 750 2293 ³
794 2263 858 2317 de
915 2262 1130 2318 caelesti
1172 2262 1439 2316 lerarcltia
1490 2260 1794 2326 :Primum,
1839 2263 2031 2333 ittquit,

463 2332 692 2407 o‘ntnium
748 2354 879 2408 illud
932 2353 1102 2407 dicere
1138 2370 1339 2417 verum,
1386 2364 1439 2406 ut
1487 2353 1712 2408 bonitate
1754 2354 2034 2409 universali

458 2445 898 2514 superesscnlialis
930 2444 1176 2499 divinitas
1200 2442 1405 2508 Porum,
1446 2462 1579 2515 quae
1605 2455 1748 2509 sunt,
1780 2448 2033 2500 essentia:

460 2537 775 2590 substitucus
803 2537 871 2589 ad
896 2553 1004 2590 esse
1029 2537 1249 2591 adduxit
1287 2536 1325 2591 ⁸.
1368 2537 1459 2591 Est
1490 2538 1626 2592 enim
1677 2537 1773 2592 hoc
1805 2538 2032 2593 omnium

458 2627 690 2680 causae“
732 2636 777 2679 et
828 2642 982 2694 super
1032 2627 1207 2681 omnia
1244 2627 1490 2681 bonitatis
1536 2628 1557 2658 ⁸
1608 2628 1872 2697 proprium
1901 2669 1915 2691 ,
1946 2628 2033 2693 ‘ad

463 2716 875 2769 communionem
915 2716 935 2746 "
974 2733 1055 2781 ea,
1086 2734 1217 2787 quae
1257 2728 1398 2782 sunt,
1440 2735 1639 2783 vocare,
1674 2718 1729 2772 ut
1760 2719 2036 2787 unicuique

459 2824 663 2872 eorum,
710 2824 845 2878 quae
873 2818 1011 2873 sunt,
1059 2824 1122 2862 ex
1174 2809 1386 2879 propria
1429 2809 1679 2877 deﬁnitur
1719 2810 1962 2880 analogia
1989 2813 2031 2864 ⁸.

460 2900 651 2953 Omnia
674 2899 857 2969 igitur,
882 2915 1014 2969 quae
1034 2911 1175 2963 sunt,
1193 2902 1504 2970 participant
1526 2910 1548 2942 ο
1571 2902 1944 2971 providentiam
1972 2920 2037 2957 ex.

460 2990 878 3059 supercssentiali
923 3000 970 3044 et
1014 2991 1379 3045 causatissima
1420 2991 1462 3023 ¹⁰
1506 2990 1786 3048 Dirinitate
1814 3010 2036 3047 manan-

2133 1806 2375 1862 veritatis
2430 1807 2473 1848 ¹³
2525 1816 2871 1877 permanent,
2927 1808 3160 1877 solisque
3201 1808 3502 1863 hominibus
3532 1826 3677 1863 secuit-

2134 1898 2256 1951 dunt
2285 1899 2604 1968 propositum
2637 1903 2847 1953 vocatis.
2891 1899 3005 1954 lluc
3053 1900 3287 1961 accedit,
3342 1901 3477 1971 quod
3513 1902 3673 1955 donum

2136 1990 2339 2061 gratiae
2365 2004 2536 2059 neque
2563 1989 2703 2042 intra
2729 1990 2987 2044 terminos
3019 1990 3267 2044 conditae
3291 2001 3513 2045 naturae
3538 1994 3674 2045 conti-

2136 2090 2313 2144 netur,
2342 2090 2517 2150 neque
2544 2079 2840 2135 secundum
2887 2080 3184 2135 naturalem
3235 2081 3482 2135 virtutem
3519 2096 3675 2150 opera.

2136 2181 2247 2235 tur,
2294 2170 2387 2224 sed
2430 2168 2950 2240 superessentialiter
3002 2179 3057 2223 et
3102 2169 3240 2224 ultra
3282 2184 3472 2225 omnes
3506 2182 3676 2223 creatas

2140 2258 2410 2314 naturales
2441 2260 2481 2290 ιν
2518 2258 2752 2312 rationes
2790 2256 3013 2312 edoctus
3045 2273 3169 2311 suos
3193 2259 3422 2328 peragit.
3466 2259 3619 2325 Itaque
3641 2259 3675 2308 si

2137 2364 2233 2418 per
2272 2347 2440 2402 solam
2490 2347 2723 2401 divinam
2766 2348 2995 2416 gratiam
3028 2349 3367 2402 resurrectio
3397 2356 3675 2403 mortuorum

2139 2438 2320 2503 fuerit,
2354 2438 2573 2493 omnino
2603 2437 2863 2492 naturalis
2904 2437 3075 2492 virtus
3116 2440 3483 2505 evacuabitttr,
3513 2438 3676 2491 vitalis-

2138 2544 2241 2600 que
2272 2539 2467 2592 motus,
2502 2531 2591 2598 qui
2629 2543 2807 2581 rerum
2836 2528 3169 2582 substantias
3196 2544 3471 2599 nunquam
3498 2527 3679 2588 deserit,

2139 2622 2252 2676 sive
2277 2621 2323 2674 vi
2359 2629 2411 2675 et
2442 2628 2707 2691 potestate
2741 2620 2972 2685 siluerit,
3019 2631 3076 2672 ut
3125 2620 3176 2674 itt
3223 2621 3452 2675 monade
3489 2621 3678 2680 numeri,

2140 2713 2251 2767 sive
2277 2720 2396 2768 actu
2420 2721 2473 2767 et
2501 2713 2814 2784 operatione
2843 2722 3027 2784 aperta
3048 2713 3092 2744 '°
3115 2713 3205 2777 sit,
3235 2721 3294 2767 ut
3317 2713 3519 2768 numeri
3542 2728 3568 2766 a
3593 2725 3682 2765 tuo-

2140 2810 2276 2864 nade
2301 2809 2671 2878 procedentes,
2707 2819 3018 2877 ceteraque,
3045 2822 3183 2875 quae
3201 2823 3267 2860 ex
3290 2807 3512 2860 occultis
3537 2802 3684 2857 causis

2140 2901 2193 2956 itt
2221 2911 2433 2971 apertos
2451 2900 2671 2954 etl'ectus
2701 2899 2981 2969 prodeunt.
3021 2898 3086 2951 Et
3111 2899 3307 2975 iterum
3341 2897 3409 2964 ³³,
3436 2897 3476 2950 si
3501 2906 3684 2949 natura

2140 2992 2208 3045 lis
2234 2993 2401 3047 virtus
2440 2991 2853 3046 resurrectionis
2882 2989 3121 3045 ell‘ectiva
3153 3000 3237 3044 est
3276 2991 3479 3059 absque
3506 2987 3682 3055 adjuto-

458 3092 559 3134 tem
577 3081 638 3133 “.
662 3079 781 3134 Non
804 3080 936 3133 enim
962 3078 1202 3147 fortassis
1226 3092 1388 3135 essent
1412 3099 1609 3143 eorum,
1629 3099 1762 3152 quae
1789 3093 1929 3147 sunt,
1955 3100 2034 3136 es-
2063 3047 2108 3109 C
2143 3083 2223 3136 rio
2250 3081 2475 3152 gratiae,
2514 3080 2782 3150 quomodo
2830 3080 3201 3149 Redemptoris
3248 3080 3470 3133 humani
3508 3076 3688 3149 generis

457 3172 789 3231 δεδαίαταιιὶδὶ
817 3188 848 3224 a
874 3172 1128 3240 principio
1146 3184 1466 3225 assunterent
1488 3172 1548 3223 ".
1568 3170 1858 3226 Existcntia
1874 3174 2035 3244 igitur

460 3265 633 3315 ontnia
683 3278 792 3315 esse
823 3262 935 3329 ejus
960 3262 1272 3330 participant
1300 3282 1315 3326 ;
1344 3278 1453 3315 esse
1499 3262 1636 3314 enim
1663 3262 1891 3315 omnium
1937 3273 2030 3326 est,

460 3367 729 3417 superesse
756 3351 797 3381 ¹³
829 3350 1092 3403 divinitas.
1156 3350 1426 3406 Hactenus
1468 3350 1771 3422 Dionysius.
1822 3353 1885 3406 Et
1929 3367 2033 3407 nou

458 3440 629 3495 solum
672 3439 1139 3509 superessentialis
1179 3440 1392 3494 bonitas
1440 3441 1534 3494 dat
1585 3442 1837 3496 omnibus
1879 3457 2033 3507 esse,

459 3545 645 3582 verum
692 3529 854 3583 etiam
903 3528 1247 3583 aeterualiter
1289 3545 1428 3583 esse.
1492 3530 1680 3584 Omnis
1709 3531 1906 3600 quippe
1945 3526 2073 3606 es-_°

465 3620 633 3672 scotia
676 3629 731 3672 et
772 3617 1071 3673 substantia
1105 3633 1207 3672 non
1257 3618 1471 3673 aliunde
1496 3629 1551 3673 ct
1574 3628 1659 3673 est
1685 3629 1739 3674 et
1766 3621 2033 3686 subsistit,

461 3710 560 3762 nisi
586 3709 652 3763 ab
677 3724 739 3761 ea
766 3709 1202 3778 superessentiali
1237 3720 1291 3764 et
1321 3708 1823 3779 supersubstantiali
1852 3707 1898 3743 ιδ
1943 3712 2037 3766 bo-

463 3803 652 3864 nitate,
701 3815 841 3871 quae
882 3816 976 3870 per
1021 3815 1079 3854 se
1115 3816 1241 3855 vere
1280 3810 1365 3854 est
1402 3810 1457 3855 et
1496 3801 1760 3855 subsistit.
1822 3800 2035 3856 Nullum

460 3878 698 3961 namque
719 3890 1071 3947 substantiale
1095 3891 1172 3947 vel
1199 3891 1490 3948 essentialc
1510 3893 1706 3947 bonum
1730 3908 1827 3963 per
1849 3909 1906 3949 se
1929 3905 2034 3959 est,

461 3992 677 4053 praeter
706 3982 875 4051 ipsam
903 3982 1091 4046 solam,
1115 3983 1267 4053 cujus
1300 3983 1645 4053 participatio
1673 3984 1763 4037 dat
1783 3985 2034 4039 omnibus

461 4076 597 4128 bona
640 4088 782 4138 esse,
806 4072 935 4127 solis
970 4072 1158 4129 electis
1198 4074 1364 4128 donat
1405 4072 1665 4127 deiﬁcari.
1708 4073 1860 4127 Nulla
1889 4076 2034 4128 enim

460 4166 691 4219 essentia
717 4164 798 4218 vel
825 4165 1123 4218 substantia
1150 4166 1191 4201 ¹⁵
1214 4177 1296 4219 est
1323 4165 1500 4218 divina
1529 4164 1770 4220 bonitate
1797 4151 2030 4229 condila,

459 4273 597 4327 quae
623 4274 727 4311 non
746 4255 1091 4311 aeternaliter
1106 4264 1159 4310 et
1176 4255 1686 4311 incommutabiliter
1700 4268 2028 4326 permaneat.

464 4347 537 4401 Ea
571 4346 858 4417 siquidem,
884 4360 1021 4416 quae
1057 4354 1315 4415 perpetuo
1345 4360 1696 4414 perseverare
1732 4358 2026 4417 nequeunt,

460 4436 761 4492 accidentia
808 4444 932 4491 sunt
982 4436 1300 4490 substantiis
1347 4437 1691 4503 superaddita
1721 4477 1736 4503 ,
1787 4446 1843 4491 et
1888 4440 2031 4495 circa

462 4544 554 4582 eas
574 4528 913 4597 eettglobata,
945 4528 1105 4597 inque
1134 4543 1227 4582 cas
1272 4544 1571 4583 reversuro.
1617 4530 1711 4585 Est
1739 4531 1919 4601 itaque
1944 4533 2039 4588 da-

453 4630 575 4693 ntum
604 4618 815 4679 divinae
844 4617 1097 4672 bonitatis
1128 4630 1315 4672 natura
1353 4620 1546 4683 omnis,
1585 4635 1722 4690 quae
1765 4622 1816 4675 in
1856 4638 2040 4678 essen-

465 4710 593 4762 tiam
622 4709 777 4762 ducta
806 4720 909 4771 est,
930 4719 984 4762 et
1008 4710 1388 4779 perpetualiter
1406 4712 1724 4776 custoditur,
1748 4729 1812 4766 ne
1834 4724 2035 4783 pereat.

469 4800 533 4853 At
556 4814 685 4853 vero
706 4799 954 4867 quoniam
978 4800 1119 4855 inter
1143 4814 1263 4855 esse
1285 4808 1339 4855 et
1362 4801 1704 4857 acternaliter
1729 4801 1902 4858 “esse
1923 4820 2037 4859 me-

2137 3175 2388 3228 virtutcm
2442 3172 2494 3226 in
2554 3172 2948 3227 resurrectione
3013 3181 3351 3226 mortuorum
3418 3168 3686 3241 praevalere
3848 3236 3849 3239 η

2134 3262 2386 3333 possibile
2425 3272 2506 3317 est
2544 3261 2787 3325 credere,
2836 3276 2958 3315 cum
3011 3261 3123 3329 ipse
3172 3259 3419 3314 dixerit:
3450 3258 3547 3326 Ego
3591 3270 3683 3309 sunt
3848 3274 3849 3329 ᾖ

2135 3352 2442 3407 resurrectio
2494 3362 2541 3405 et
2592 3352 2693 3404 vita
2739 3350 2765 3403 γ
2827 3348 2941 3405 Non
2994 3350 3135 3404 enim
3190 3351 3334 3403 banc
3395 3348 3682 3404 Dontiuicatu

2136 3444 2455 3499 sententiam
2484 3443 2549 3497 tle
2575 3442 2970 3496 resurrectione
3010 3441 3335 3504 animarum,
3381 3455 3515 3511 quae
3537 3446 3609 3491 est
3632 3435 3684 3489 de

2137 3543 2310 3590 morte
2336 3533 2628 3604 injustitiae
2650 3542 2702 3586 et
2731 3531 3022 3602 impietatis
3050 3532 3115 3586 ad
3138 3528 3389 3599 iustitiae
3423 3539 3474 3585 et
3506 3526 3685 3598 pietatis

2136 3629 2324 3691 vitam,
2356 3626 2458 3680 hoc
2494 3633 2577 3678 est
2608 3625 2658 3677 in
2698 3624 2941 3679 veritatis
2968 3624 3496 3693 contemplationem,
3522 3621 3685 3676 solum-

2138 3719 2294 3773 modo
2329 3716 2583 3770 debemus
2622 3718 2886 3785 accipere,
2922 3730 3106 3769 verum
3164 3715 3329 3769 etiam
3375 3716 3440 3769 de
3485 3724 3687 3767 resurre-

2137 3808 2316 3863 ctione
2339 3822 2645 3877 corporum,
2678 3805 2830 3874 cujus
2859 3805 3154 3875 principale
3194 3805 3501 3875 exentplum
3530 3804 3576 3857 itt
3609 3814 3687 3854 sua

2137 3900 2351 3970 propria
2403 3913 2566 3954 carne
2629 3896 3101 3967 praemonstravit.
3169 3894 3312 3949 Sana
3378 3896 3549 3952 itaque
3605 3890 3689 3943 title

2135 4005 2419 4059 possumus
2444 3989 2733 4043 attribuerc
2761 3986 3170 4041 resurrectionis
3214 3985 3467 4039 virtutem
3506 3992 3553 4037 et
3587 3985 3690 4034 dato

2137 4080 2353 4135 divinae
2401 4079 2658 4134 bonitatis
2707 4078 3001 4133 secundum
3063 4076 3369 4130 naturalem
3423 4075 3690 4129 elfectivaut

2135 4169 2454 4240 potentiam,
2492 4177 2548 4223 et
2586 4168 2725 4223 dono
2754 4165 2995 4234 ejusdem
3020 4167 3281 4222 bonitatis
3308 4166 3590 4222 secundum
3616 4176 3692 4213 su-

2136 4261 2584 4332 perexcelleuteut
2650 4273 2840 4314 omnes
2896 4268 3116 4314 naturas
3170 4260 3422 4331 gratiam.
3483 4256 3602 4311 Nam
3647 4260 3693 4303 et

2141 4354 2275 4408 haec
2302 4353 2426 4417 duo,
2458 4351 2640 4406 datum
2663 4350 2782 4404 dico
2804 4359 2859 4404 et
2883 4350 3101 4414 donum,
3131 4365 3160 4403 a
3195 4365 3256 4404 se
3286 4352 3509 4404 invicem
3535 4360 3692 4412 segre-

2144 4441 2288 4513 gavit
2313 4439 2543 4495 Jacobus
2567 4438 2863 4509 apostolus,
2893 4438 3077 4493 dicens
3104 4457 3118 4492 :
3152 4436 3319 4493 Omne
3363 4439 3536 4493 datum
3578 4434 3692 4502 opti-

2144 4550 2284 4587 mum
2312 4544 2360 4586 et
2384 4548 2532 4585 omne
2554 4532 2747 4585 donum
2768 4530 3049 4600 perfectum
3069 4530 3132 4584 de
3152 4547 3362 4583 sursum
3388 4539 3482 4592 est,
3508 4529 3693 4581 darer

2142 4624 2270 4678 dens
2296 4640 2328 4676 a
2357 4620 2518 4675 Patre
2546 4622 2821 4675 luminum.
2860 4622 2936 4675 Ac
2973 4622 3015 4673 si
3057 4629 3240 4689 aperte
3267 4621 3507 4675 diceret:
3530 4613 3692 4673 Omnis

2144 4723 2459 4767 naturarum
2489 4712 2610 4766 data
2647 4710 2954 4765 substitutio
2988 4718 3044 4764 et
3092 4711 3436 4773 restauratio,
3475 4721 3602 4776 quae
3633 4716 3686 4754 ει

2144 4805 2271 4861 dato
2290 4812 2345 4859 et
2366 4804 2505 4859 dono
2528 4803 2911 4868 conformatur,
2933 4800 3215 4870 omnisque
3243 4800 3476 4869 perfecta
3504 4807 3687 4854 eorum.

1766 4993 2019 5049 VARIAE
2057 4993 2456 5051 LECTIONES.

542 5165 556 5194 ¹
610 5156 698 5210 Sic
746 5149 853 5215 CF,
886 5150 930 5206 A
958 5152 1155 5206 theoria
1185 5150 1240 5203 id
1268 5157 1342 5203 est
1368 5149 1434 5202 de
1463 5146 1834 5201 resurrectione
1865 5145 1985 5198 tria.

466 5299 770 5353 necessitate
828 5286 1116 5345 substituit.
1217 5290 1239 5321 ⁸
1273 5290 1317 5341 Α
1355 5303 1546 5341 causae
1592 5286 1841 5340 omnium.

458 5371 615 5439 juxta
647 5361 1199 5439 analogiaecuju‘sque
1225 5358 1597 5439 deﬁnitionem:

464 5447 813 5490 emanantem.

470 5507 751 5559 Dtviuitas.
829 5502 873 5534 “
904 5501 995 5556 Sic
1022 5498 1141 5565 CF;
1193 5500 1236 5552 Α
1265 5495 1617 5565 substantiali.

470 5576 536 5613 ια’
575 5590 684 5627 ωδε
713 5588 819 5626 om.
854 5570 959 5625 CF.
1037 5570 1078 5601 ¹⁷
1120 5563 1207 5623 Sic
1233 5568 1306 5629 A;
1336 5563 1418 5620 CF
1442 5563 1729 5618 stabilitati.

472 5645 513 5699 Δ
541 5653 738 5710 reperta
768 5642 857 5694 sit.
930 5642 971 5671 ¹¹
1014 5640 1055 5693 Α
1086 5655 1278 5694 rerum.

2103 5152 2121 5180 ²
2145 5145 2183 5198 Α
2214 5146 2485 5199 divisionis
2528 5145 2713 5199 ipsius.

542 5165 556 5194 ¹
610 5162 698 5210 Sic
746 5162 853 5215 tit",
886 5162 930 5206 A
958 5162 1155 5206 ttteoria
1185 5162 1238 5203 ta
1268 5162 1342 5203 est
1368 5162 1434 5202 de
1463 5162 1834 5201 resurrectione
1865 5162 1985 5198 tria.
2103 5162 2121 5180 -
2145 5162 2183 5198 Α
2214 5162 2485 5199 atvtstonts
2528 5162 2713 5216 ipsius.
2834 5162 2854 5175 ο
2882 5162 2928 5197 Λ
2979 5162 3209 5211 capitum
3250 5162 3456 5212 quarto.
3571 5162 3586 5168 ν
3614 5162 3690 5189 mc

463 5227 582 5285 CF:
614 5226 655 5279 A
692 5224 946 5285 Primum,
980 5222 1169 5289 inquit,
1197 5220 1425 5273 omnium
1457 5217 1589 5271 illud
1616 5216 1838 5270 dicimus
1866 5215 2150 5269 secundum
2186 5216 2451 5269 veritatem
2477 5216 2614 5286 quod
2644 5214 2786 5268 Deus
2814 5229 2989 5267 omnes
3030 5223 3298 5266 creaturas
3340 5212 3561 5264 bonitate
3602 5220 3692 5260 non

466 5299 770 5339 ηρηριςὶιιιιε
828 5293 1116 5339 substituit.
1217 5290 1239 5321 ⁸
1273 5290 1317 5339 Α
1355 5303 1546 5339 causae
1592 5286 1841 5339 omnium.
1955 5284 1976 5317 ‘
2002 5286 2045 5339 Α
2080 5284 2180 5338 Dei
2206 5281 2471 5338 bonitatis.
2565 5285 2584 5315 ⁷
2616 5285 2661 5338 Α
2689 5284 3228 5337 communicationem.
3346 5283 3370 5315 ⁸
3397 5283 3439 5334 Δ
3495 5288 3690 5337 mea".

2134 5301 2179 5338 ιι
2206 5300 2471 5338 υοηηαιιε.

1701 5356 1721 5386 ⁸
1749 5357 1789 5408 Α
1822 5355 2055 5408 divinam
2083 5354 2427 5408 participant.

909 5378 920 5413 ε
949 5361 1199 5429 cujusque
1225 5358 1597 5425 deﬁnitionem.
1701 5357 1721 5386 ’
1749 5357 1789 5409 Α
1822 5357 2055 5410 divinam
2083 5357 2427 5423 participant.
2524 5357 2568 5384 '°
2597 5364 2646 5407 et
2676 5357 3029 5406 causalissimc

909 5432 951 5463 ¹¹
978 5432 1021 5484 Α
1044 5428 1315 5494 Quomodo
1345 5426 1480 5478 enim
1506 5425 1662 5495 quidq
1685 5441 1788 5477 tam
1815 5436 1947 5486 erat,
1975 5425 2021 5477 si
2050 5440 2224 5477 rerum
2254 5441 2468 5477 causam
2494 5439 2596 5477 non
2622 5423 3029 5493 participabaut.

909 5501 995 5548 Sic
1022 5498 1141 5548 (1F:
1193 5500 1236 5548 Α
1265 5495 1617 5548 substantiali.
1696 5496 1739 5526 ”
1768 5497 1860 5548 Sic.
1885 5496 1999 5548 (JF:
2052 5496 2096 5547 Α
2125 5495 2415 5548 essentiatis
2465 5495 2779 5546 substantia.
2859 5492 2901 5522 "
2943 5493 3029 5546 Sic

1770 5510 1860 5547 διο
1885 5510 1999 5547 lal‘l
2052 5510 2096 5547 Α
2125 5510 2415 5547 εεδεηιιαιιε
2465 5510 2779 5546 διιυδιιιηιια.

1814 5511 1860 5549 tc.
1885 5511 1958 5548 (δι’
1986 5513 1999 5558 ;
2052 5511 2096 5547 Α
2125 5511 2415 5548 essenttatts
2465 5511 2656 5546 suosmt

1810 5574 1849 5603 ιε
1896 5569 1934 5617 Δ
1972 5567 2199 5618 ret-italis
2227 5564 2656 5633 contemplatione

2834 5144 2854 5175 ³
2882 5142 2928 5197 Α
2979 5141 3209 5211 capitulo
3250 5154 3456 5212 quarto.
3567 5139 3588 5168 ⁸
3613 5134 3691 5189 Sic

2565 5285 2584 5315 ⁷
2616 5285 2661 5338 Α
2689 5284 3238 5355 communicationem.
3346 5283 3458 5355 “AA
3495 5288 3690 5355 vigente,

2524 5353 2568 5384 '°
2597 5364 2646 5407 et
2676 5354 3044 5406 causalissima
3073 5366 3182 5404 om.
3213 5352 3279 5405 Δ.
3369 5352 3407 5383 ¹¹
3435 5350 3473 5403 Α
3509 5349 3687 5400 Deitas

2529 5439 2596 5474 on
2624 5423 3029 5474 narticinabant.
3121 5420 3165 5450 ⁸³
3191 5423 3236 5474 Δ
3267 5410 3691 5474 superruentium

2859 5437 3029 5479 aoant.
3121 5437 3165 5450 "
3191 5437 3236 5474 Λ
3267 5437 3688 5490 superruentium

2859 5492 2901 5522 "
2943 5493 3033 5546 Sic
3068 5489 3187 5553 AF;
3227 5492 3269 5547 C
3324 5481 3688 5559 perpetualitct-

2757 5563 2795 5595 ⁸⁸
2828 5561 3091 5616 naturales
3113 5546 3222 5618 om.
3250 5546 3335 5615 Α)
3391 5546 3434 5590 ’δ
3471 5556 3561 5612 Sic
3582 5546 3684 5608 ας
