3898 6154
270 302 381 358 903

1132 295 1218 351 DE
1259 292 1596 351 DIVISIONE
1638 290 1982 348 NATURAE.
2026 307 2093 320 -
2128 286 2326 342 LIBER
2366 282 2685 353 QUINTUS.

3430 281 3534 341 906

265 419 363 487 qui
398 388 540 484 digni
571 420 694 467 sunt
724 419 944 465 acterna
970 410 1320 474 beatitudine,
1352 407 1640 469 deiﬁcatio,
1692 421 1853 476 quam
1887 413 1930 468 Α
1960 403 2425 473 contemplandam
2477 400 2541 463 ⁸⁸,
2590 398 2681 452 sed
2728 407 2784 451 ut
2830 413 2924 469 per
2956 413 3046 453 eas
3094 399 3538 469 contemplativae

262 506 466 562 Graeci
514 507 697 560 θέωσιν
756 502 974 565 dictmt,
1023 502 1091 556 ab
1132 516 1243 555 uno
1276 500 1417 555 lontr
1475 507 1705 562 manat,
1753 498 1854 552 hoc

261 608 377 661 est,
405 598 473 650 de
496 610 707 650 sursum
738 594 754 624 ¹
783 608 811 645 a
841 593 1000 647 Patre
1042 591 1320 646 luminum.
1355 589 1537 658 Itaque
1562 588 1768 653 datum,
1795 596 1857 640 ut

259 689 662 760 praediximus,
717 686 768 740 in
815 684 1190 739 universaliter
1235 684 1258 714 ²
1302 690 1673 739 creaturarum
1729 679 1856 733 sub-

259 779 555 834 stitntioue
596 778 933 832 substantiali
956 819 968 841 ,
1013 777 1212 831 donum
1258 792 1384 831 vero
1412 772 1720 845 specialiter
1747 770 1767 802 ³
1802 771 1853 823 in

258 868 614 923 deiﬁcatione
658 867 950 921 electorum
996 864 1429 935 superessentiali
1468 860 1712 932 accipere
1764 861 1858 913 de-

255 961 486 1014 bemus.
535 957 652 1013 Non
686 958 829 1012 enim
860 957 1020 1012 aliter
1055 957 1231 1011 divina
1273 955 1608 1026 providentia
1637 953 1853 1007 univer-

256 1051 475 1115 sitatis,
519 1065 679 1120 quam
731 1047 1003 1113 condidit,
1044 1049 1287 1103 ordinem
1315 1046 1640 1101 substituere
1668 1043 1852 1105 voluit,

256 1157 371 1197 nec
406 1141 524 1196 ﬁeri
574 1140 777 1206 debuit,
822 1154 919 1195 nec
956 1138 1210 1209 possibile
1255 1136 1376 1202 fuit,
1426 1136 1526 1191 nisi
1586 1142 1646 1189 ut
1683 1135 1859 1204 primo

255 1234 429 1288 daret
462 1232 723 1287 essentias
751 1239 807 1287 et
833 1231 1180 1294 substantias,
1210 1230 1405 1300 quibus
1450 1238 1631 1298 postea
1679 1227 1863 1281 distri-

253 1322 467 1377 bueret
488 1330 822 1386 ornamenta,
866 1322 970 1377 hoc
1014 1329 1121 1387 est,
1165 1320 1391 1374 virtutes
1436 1319 1661 1374 donaret
1705 1316 1857 1387 juxta

254 1414 592 1485 dignitatem
622 1424 675 1469 et
702 1414 1011 1486 angelorum
1050 1422 1104 1467 et
1134 1414 1432 1471 hominum,
1470 1426 1607 1482 quos
1632 1411 1860 1481 praesci-

252 1505 329 1557 rit
352 1513 408 1558 et
421 1505 817 1575 praedestinavit
831 1504 1121 1574 conformes
1133 1505 1249 1574 ﬁeri
1267 1504 1519 1574 unigeniti
1528 1503 1624 1557 Dei
1644 1502 1799 1557 Verbi
1815 1502 1853 1555 ⁸.

257 1592 331 1647 Ut
371 1594 544 1663 igitur
565 1594 804 1650 breviter
832 1594 1215 1649 concludamus
1240 1595 1299 1649 ἐ
1329 1604 1519 1649 natura
1548 1604 1632 1650 est
1653 1595 1858 1658 datum,

250 1686 448 1757 gratia
476 1701 607 1741 vero
638 1688 833 1741 donum
869 1706 882 1741 :
913 1697 1107 1742 natura
1134 1702 1199 1741 ex
1226 1702 1331 1742 non
1374 1688 1730 1743 existentibus
1764 1687 1817 1741 in
1839 1687 1861 1718 ⁸

248 1776 562 1831 existentia
588 1777 819 1842 adducit,
841 1779 1042 1833 donum
1069 1794 1200 1835 vero
1228 1779 1488 1849 quaedam
1516 1780 1856 1835 e‘xistentium

248 1867 411 1920 ultra
459 1868 642 1921 omnia
680 1868 965 1924 existentia
999 1869 1051 1923 in
1098 1870 1269 1940 ipsum
1315 1869 1480 1924 Deum
1516 1870 1714 1924 evehit.
1758 1870 1861 1925 Eos

246 1958 442 2022 enim,
462 1960 554 2028 qui
584 1956 817 2013 divinam
842 1976 1001 2029 super
1024 1962 1203 2016 omnia
1236 1962 1668 2017 communionem
1694 1962 1861 2032 parti-

248 2045 476 2113 cipant,
505 2045 644 2099 inter
662 2046 838 2101 omnia
861 2048 1234 2102 connumerari
1261 2064 1384 2103 vera
1406 2063 1511 2102 non
1543 2048 1673 2102 sinit
1702 2049 1859 2101 ratio.

248 2136 335 2189 De
371 2149 440 2189 se
472 2135 586 2205 ipsa
611 2136 631 2167 ⁷
658 2152 887 2207 namque
918 2135 1130 2191 Veritas
1159 2137 1232 2192 ait
1264 2155 1277 2192 :
1312 2135 1411 2191 Ubi
1436 2155 1528 2209 ego
1547 2138 1720 2209 fuero,
1755 2135 1863 2191 illic

246 2238 299 2281 et
326 2228 585 2282 minister
613 2245 776 2283 meus.
818 2230 994 2298 Ipsum
1036 2231 1059 2262 ⁸
1100 2230 1475 2285 incunctanter
1496 2245 1658 2299 super
1682 2229 1861 2286 omnia

247 2334 388 2373 esse
440 2320 734 2375 credimus.
793 2319 1019 2375 Ministri
1065 2321 1229 2391 igitur
1280 2321 1446 2389 ipsius
1485 2334 1648 2388 super
1680 2319 1861 2372 omnia

246 2416 417 2469 sunt,
445 2406 614 2459 ceteri
641 2422 789 2471 vero,
821 2407 910 2477 qui
957 2407 980 2439 ’
1027 2407 1277 2462 virtutem
1324 2422 1489 2477 purae
1529 2406 1862 2475 contempla-

247 2498 434 2551 tionis
476 2495 569 2568 [de
595 2497 780 2551 ordine
811 2498 1256 2567 theophaniarum
1305 2497 1375 2571 ¹⁰]
1419 2514 1524 2553 non
1572 2498 1862 2569 attingunt,

247 2571 807 2663 inferiorcs‘ordines
831 2590 1098 2653 obtinent,
1132 2590 1244 2644 sive
1274 2589 1324 2643 in
1361 2590 1720 2660 theophaniis,
1752 2588 1866 2644 sive

250 2678 310 2732 in
373 2675 700 2731 inferiorum
745 2685 1055 2732 naturarum
1099 2679 1541 2734 sublimitatibus.
1606 2679 1660 2732 ln
1711 2679 1863 2732 theo-

245 2768 491 2838 pbaniis
525 2775 702 2821 autem
733 2767 840 2821 dixi
879 2767 1177 2837 pluraliter,
1212 2770 1463 2838 quoniam
1508 2785 1609 2824 nec
1661 2768 1866 2823 intelle-

245 2857 479 2911 ctuales
511 2872 610 2910 nec
631 2857 918 2913 rationales
939 2869 1165 2914 naturae
1190 2861 1376 2915 eodem
1403 2861 1561 2915 modo
1584 2862 1864 2914 veritatem

248 2946 740 3017 contemplaturae
786 2958 930 3013 sunt,
971 2950 1064 3005 sed
1113 2951 1402 3020 unicuique
1447 2967 1632 3006 earum
1678 2965 1868 3006 secun-

247 3041 393 3092 dum
444 3039 723 3107 propriam
780 3040 1082 3110 analogiam
1129 3042 1355 3097 altitudo
1404 3043 1648 3098 theoriae
1686 3043 1868 3097 distri-

245 3128 455 3182 buitur
485 3136 650 3196 atque
680 3127 954 3185 delinitur.
1004 3129 1117 3184 Hoc
1146 3130 1273 3184 dicit
1309 3131 1375 3185 de
1410 3130 1651 3202 angelica
1684 3141 1739 3185 et
1769 3132 1865 3186 hu-

247 3235 423 3273 mana
442 3229 661 3281 natura,
677 3237 813 3290 quae
830 3221 1271 3278 sublimissimum
1297 3224 1661 3278 universitatis
1674 3224 1862 3278 condi-

247 3324 345 3365 tae
388 3310 645 3363 obtinent
683 3310 857 3365 locum
891 3312 952 3362 “.
993 3311 1103 3366 Hoc
1126 3326 1305 3367 autem
1328 3314 1577 3378 dicimus,
1602 3329 1706 3368 non
1723 3314 1866 3384 quod

244 3402 366 3455 ulla
386 3409 646 3455 creatura
669 3412 883 3473 praeter
904 3402 1064 3458 Verbi
1082 3406 1471 3461 humanitatem
1500 3408 1564 3472 ",
1591 3407 1729 3461 ultra
1753 3423 1868 3460 om-

242 3509 354 3546 nes
389 3493 754 3561 tbeopbanias
786 3495 954 3563 possit
986 3497 1298 3563 ascendere,
1330 3513 1578 3568 eumque,
1607 3500 1696 3569 qui
1723 3500 1865 3554 solus

242 3584 417 3636 habet
441 3582 911 3647 immortalitatem,
940 3597 989 3640 et
1019 3587 1183 3641 lucem
1210 3589 1409 3643 habitat
1435 3590 1863 3654 inaccessibilem,

243 3673 412 3727 nulla
460 3673 789 3743 theophzmia
841 3676 1155 3747 interposita
1205 3681 1511 3750 attingere,
1570 3681 1665 3735 sed
1720 3681 1865 3751 quod

242 3764 725 3832 theophaniarum
764 3768 1025 3835 quaedam
1063 3777 1243 3824 tautae
1286 3770 1585 3825 altitudinis
1618 3781 1765 3836 sunt,
1806 3779 1867 3827 ut

242 3871 433 3925 supra
469 3854 517 3886 ¹³
545 3870 759 3911 omnem
789 3868 1089 3913 creaturam
1122 3863 1363 3931 proxima
1397 3861 1508 3917 Deo
1534 3862 1867 3933 contempla-

243 3948 415 4001 tione
452 3946 828 4017 intelligantur
856 3952 1105 4016 exaltari,
1135 3968 1197 4007 ac
1228 3953 1387 4008 veluti
1418 3954 1863 4024 theophauiarum

243 4038 636 4108 theophaniae
666 4039 961 4096 creduntur
980 4059 1118 4098 esse.
1150 4045 1291 4099 Deus
1320 4045 1462 4099 enim
1489 4052 1709 4101 omnino
1736 4046 1864 4101 nulli

241 4137 564 4185 creaturae
594 4130 817 4188 visibilis
847 4150 944 4203 per
972 4137 1205 4206 seipsum
1250 4146 1365 4200 est,
1410 4139 1504 4193 sed
1541 4140 1593 4193 in
1635 4140 1865 4195 nubibus

241 4222 524 4277 theoriae
575 4223 791 4278 videtur
841 4225 885 4257 ³⁸
937 4236 992 4281 et
1042 4228 1342 4292 videbitur,
1395 4230 1527 4284 sicut
1595 4230 1670 4283 ait
1716 4231 1862 4299 Apo-

238 4310 442 4366 stolus
486 4324 503 4363 :
552 4309 837 4377 Rapiemur
875 4316 928 4369 in
975 4317 1197 4372 nubibus
1246 4319 1450 4372 obviam
1507 4318 1756 4383 Christo,
1814 4331 1861 4374 et

237 4402 327 4453 sic
382 4417 600 4469 semper
648 4420 764 4457 cum
813 4406 924 4474 ipso
978 4408 1170 4461 erimus
1226 4409 1289 4462 ".
1330 4409 1555 4465 Ceterae
1607 4426 1735 4466 vero
1762 4427 1859 4466 na-

1956 498 2181 551 virtutes
2247 495 2414 563 ipsam
2473 491 2799 555 laudarent,
2866 491 2917 544 in
2982 492 3093 545 suis
3152 492 3433 546 ordinibus
3485 501 3538 545 et

1956 604 2171 658 semper
2198 596 2322 642 sunt
2352 595 2405 640 et
2434 593 2591 639 erunt
2623 585 2854 652 quietae.
2888 582 3093 653 absque
3123 583 3274 637 loeali
3305 584 3537 637 cireum-

1957 682 2248 750 scriptione
2294 686 2347 733 et
2397 677 2678 747 temporali
2726 675 3102 729 mutabilitate.
3159 675 3341 731 Finito
3386 692 3537 730 nam-

1957 786 2062 840 que
2094 770 2292 825 mundo
2319 768 2407 837 qui
2432 766 2691 821 localibus
2711 767 2899 835 spatiis
2920 775 2972 819 et
3002 767 3388 836 temporalibus
3426 783 3539 821 tuo-

1956 862 2100 919 tibus
2128 860 2382 922 ambitur,
2407 858 2533 928 quid
2562 857 2667 912 erit
2690 857 2931 911 localiter
2965 858 3428 927 circumscriptum
3450 869 3549 911 aut

1962 949 2238 1019 temporali
2290 947 2631 1001 mutabilitati
2685 945 2983 1014 subjectum
3038 947 3123 1000 "1'
3172 947 3343 1001 Erunt
3396 952 3539 1002 enim

1958 1042 2137 1097 omnia
2184 1041 2362 1109 quieta
2391 1081 2405 1104 ,
2444 1038 2660 1107 quando
2717 1037 2849 1091 nihil
2901 1050 2994 1107 per
3034 1038 3434 1108 generationem
3488 1038 3539 1090 in

1960 1132 2217 1185 mundtnu
2245 1131 2445 1192 veniet,
2477 1128 2608 1181 nihil
2640 1142 2735 1195 per
2758 1127 3154 1195 corruptionem
3192 1128 3244 1179 in
3285 1127 3542 1181 mundum

1961 1221 2278 1277 resolvetur.
2317 1218 2548 1273 Mundus
2573 1218 2768 1287 quippe
2819 1217 3038 1287 peribit,
3097 1218 3348 1287 nullaque
3378 1219 3546 1287 ipsius

1959 1326 2087 1382 pars
2110 1311 2410 1364 remanebit
2444 1328 2457 1363 :
2494 1324 2557 1363 ac
2585 1324 2681 1378 per
2712 1310 2813 1362 hoc
2849 1322 3024 1376 neque
3054 1316 3241 1361 totum.
3273 1307 3547 1361 'l‘ransibit

1960 1401 2103 1455 enim
2131 1401 2183 1455 in
2210 1415 2336 1454 suas
2366 1414 2577 1462 causas,
2610 1414 2674 1452 ex
2705 1398 2899 1468 quibus
2935 1396 3215 1467 processit,
3249 1397 3300 1451 in
3350 1398 3548 1466 quibus

1962 1507 2138 1562 neque
2168 1492 2281 1546 loca
2313 1500 2456 1551 sunt,
2501 1505 2671 1559 neque
2709 1499 2974 1558 tempora,
3011 1489 3104 1543 sed
3133 1488 3373 1543 locorum
3408 1499 3543 1543 tetu-

1961 1596 2259 1652 porumque
2290 1580 2559 1651 simplices
2590 1579 2943 1648 sinceraeqnc
2971 1579 3227 1642 rationes,
3271 1579 3323 1632 in
3353 1579 3550 1648 quibus

1963 1677 2142 1732 omnia
2188 1691 2351 1730 unum
2397 1684 2541 1740 sunt,
2593 1688 2766 1743 neque
2794 1672 2916 1728 ullis
2959 1672 3552 1727 accidentibusdiscer-

1966 1778 2187 1823 nuntur.
2218 1766 2409 1823 Omnia
2451 1769 2605 1822 enim
2640 1766 2924 1834 simpiieia,
2966 1765 3111 1818 omni
3158 1763 3551 1833 compositione

1965 1861 2390 1915 substantiarum
2439 1860 2907 1927 accidentittmqt:e
2952 1858 3188 1911 carentia
3217 1897 3231 1920 ,
3273 1865 3328 1909 ct
3373 1864 3429 1908 ιιι
3470 1856 3549 1907 sic

1965 1952 2161 2015 dicam,
2210 1950 2390 2003 unitas
2426 1948 2684 2018 simplex,
2735 1956 2789 2001 et
2834 1947 3113 2016 multiplex
3144 1947 3403 2000 adunatio
3435 1961 3563 1997 oni-

1965 2045 2114 2098 nium
2146 2053 2520 2098 creaturarum
2553 2042 2602 2095 in
2632 2041 2744 2095 suis
2767 2042 3067 2095 rationibus
3095 2050 3149 2094 ct
3179 2040 3375 2103 causis,
3412 2039 3551 2108 ipsa-

1965 2150 2084 2190 rum
2116 2143 2295 2189 autem
2327 2149 2611 2189 causarum
2643 2142 2696 2187 et
2733 2132 3000 2186 rationum
3032 2132 3083 2185 in
3108 2129 3286 2185 Verbo
3312 2130 3409 2184 Dei
3434 2130 3552 2183 uni-

1965 2227 2167 2295 genito,
2219 2225 2271 2279 in
2320 2240 2427 2296 quo
2467 2232 2521 2278 et
2556 2223 2694 2278 facta
2746 2231 2873 2278 sunt
2912 2232 2966 2277 et
3004 2223 3306 2277 subsistunt
3345 2221 3567 2275 omnia..

1966 2317 2144 2372 llahes
2174 2317 2334 2387 igitur
2363 2315 2719 2369 differentiam
2746 2323 2799 2368 et
2823 2313 3208 2383 pmprietatem
3235 2322 3460 2367 naturae
3491 2322 3562 2366 et.

1964 2408 2189 2478 gratiae,
2238 2405 2350 2460 dati
2396 2404 2643 2459 videlicet
2693 2412 2747 2458 et
2789 2404 2934 2464 doni,
2970 2417 3268 2471 eorumque
3309 2418 3553 2457 Commu—

1965 2496 2196 2551 nionem.
2225 2496 2369 2550 Dtsc.
2394 2494 2598 2555 llabeo,
2620 2493 2883 2563 planeque
2911 2493 2974 2555 "‘,
3002 2492 3053 2545 ui
3084 2489 3261 2554 fallor,
3292 2489 3548 2559 intelligo,

1966 2604 2028 2645 ac
2060 2604 2155 2660 per
2183 2589 2286 2642 hoc
2324 2586 2562 2640 breviter
2601 2585 2871 2656 colligam,
2912 2599 3051 2654 quae
3078 2599 3107 2638 a
3150 2593 3202 2638 te
3229 2582 3370 2638 dicta
3401 2593 3547 2637 sunt.

1966 2681 2105 2735 MAG.
2132 2666 2351 2749 Collige.
2379 2678 2521 2732 Disc.
2553 2676 2595 2707 ¹⁹
2629 2675 2885 2729 Naturam
2937 2676 3119 2730 dixisti
3169 2690 3289 2730 esse
3342 2675 3545 2739 datum,

1966 2772 2193 2843 gratiam
2246 2785 2375 2824 vero
2406 2769 2603 2825 donum
2649 2767 2714 2820 ὀ.
2748 2767 2887 2822 MAG.
2948 2767 3043 2822 Ita.
3094 2767 3236 2821 DISC.
3284 2764 3553 2820 Addidisti

1966 2865 2128 2917 etiam
2170 2862 2448 2931 utriusque
2479 2860 2883 2930 proprietatem,
2913 2867 2966 2913 et
3005 2869 3228 2912 naturae
3248 2854 3452 2932 dedisti
3484 2854 3551 2907 dc

1969 2957 2138 3010 nihilo
2181 2970 2301 3011 esse
2332 2963 2378 3009 et
2417 2969 2631 3025 semper
2683 2967 2923 3013 manere,
2977 2951 3183 3019 gratiae
3225 2965 3355 3004 vero
3401 2947 3554 3001 deiti-

1970 3065 2114 3114 care,
2139 3051 2240 3103 hoc
2272 3058 2373 3112 est,
2404 3046 2615 3102 cllicere
2656 3047 2904 3100 homines
2931 3045 2976 3075 “
3013 3044 3062 3097 in
3107 3042 3274 3097 Deum
3321 3040 3554 3096 transire

1970 3158 2082 3206 eos,
2107 3158 2241 3212 quos
2269 3144 2315 3172 "
2338 3138 2606 3193 at‘llnentia
2626 3139 2837 3193 divinae
2857 3135 3116 3191 bonitatis
3136 3134 3323 3205 gratis,
3348 3132 3554 3201 absque

1973 3240 2196 3287 naturae
2241 3230 2479 3285 subsidio
2524 3228 2589 3294 3',
2639 3227 2802 3283 nullis
2835 3226 3281 3296 praecedentibus
3323 3222 3552 3284 meritis,

1974 3322 2175 3376 exultat
2202 3336 2366 3391 super
2405 3321 2585 3376 omnia
2616 3334 2755 3390 quae
2796 3326 2923 3372 sunt
2964 3326 3019 3372 et
3045 3332 3185 3388 quae
3213 3314 3557 3369 continentur

1974 3418 2115 3468 intra
2146 3414 2512 3468 universitatis
2532 3410 2781 3467 conditae
2808 3410 3087 3465 terminos.
3112 3407 3406 3463 Commune
3427 3420 3556 3459 vero

1974 3523 2186 3572 earum,
2214 3515 2440 3561 naturae
2466 3506 2585 3561 dico
2610 3514 2663 3560 et
2694 3504 2920 3576 gratiae,
2954 3501 3274 3570 intelligitur
3298 3514 3419 3554 esse
3459 3499 3555 3552 ltll-

1974 3613 2168 3653 manae
2204 3596 2539 3652 substantiae
2591 3596 2940 3656 resurrectio,
2973 3593 3073 3647 hoe
3100 3600 3201 3652 est,
3246 3589 3555 3645 mortalium

1974 3703 2259 3758 corporum
2293 3687 2345 3742 in
2380 3686 2701 3742 immortalia
2729 3686 3008 3747 transitus,
3039 3691 3094 3739 et
3122 3680 3555 3751 corruptibilium

1974 3778 2027 3832 in
2074 3778 2521 3848 incorruptibilia,
2578 3787 2633 3831 et
2678 3777 2990 3831 animalium
3037 3775 3088 3829 in
3138 3773 3461 3844 spiritualia,
3503 3781 3560 3824 et

1971 3866 2343 3937 temporalium
2367 3877 2420 3920 et
2445 3866 2694 3921 localium
2722 3867 2772 3920 in
2798 3875 3015 3920 aeterna
3042 3864 3297 3931 omnique
3318 3863 3554 3916 circum-

1970 3960 2258 4028 scriptione
2280 3960 2463 4013 libera.
2496 3958 2634 4013 Mac.
2654 3958 2817 4011 Recte
2847 3957 2892 3987 “
2916 3955 3176 4026 collegisti
3202 3971 3219 4019 ;
3250 3955 3385 4007 haec
3410 3953 3563 4003 enim

1970 4049 2196 4103 suadere
2225 4049 2385 4112 volui,
2419 4058 2491 4107 et,
2526 4057 2585 4101 ut
2623 4047 2796 4111 video,
2838 4047 2932 4101 tibi
2959 4047 3004 4077 ’⁸
3042 4046 3208 4100 suasi.
3260 4044 3407 4097 Dtsc.
3446 4040 3553 4093 Ad-

1973 4143 2079 4196 huc
2115 4149 2292 4194 tameu
2322 4138 2553 4202 haesito,
2586 4138 2838 4209 quoniam
2868 4154 2973 4193 non
3005 4147 3113 4192 tam
3143 4136 3286 4191 clare
3309 4142 3555 4188 conten»

1971 4233 2109 4303 plor,
2138 4231 2407 4302 quomodo
2448 4247 2555 4285 non
2604 4231 2774 4286 solum
2817 4233 3083 4286 humanae
3115 4238 3342 4283 naturae
3371 4242 3556 4280 resur-

1970 4322 2284 4386 rectionem,
2316 4337 2502 4376 verum
2533 4322 2694 4375 etiam
2720 4323 2958 4374 otnuium
2993 4335 3169 4375 rerum
3194 4316 3555 4382 sensibilium,

1971 4428 2107 4483 quas
2151 4411 2310 4482 hujus
2352 4412 2536 4466 mundi
2580 4412 2816 4466 ambitus
2868 4411 3309 4481 comprehendit,
3353 4408 3556 4464 videris

238 4500 421 4546 turae
457 4529 476 4557 ,
558 4506 694 4559 quas
754 4495 995 4550 condidit
1058 4498 1172 4568 ipsa
1239 4501 1440 4556 veritas
1508 4517 1613 4556 non
1676 4503 1742 4557 ad
1808 4518 1866 4559 se
1900 4494 2232 4559 Dassererc.
2261 4502 2399 4557 MAG.
2425 4502 2603 4557 Mirari
2627 4519 2728 4559 non
2754 4503 3079 4568 desino,cur
3108 4512 3213 4558 tam
3239 4502 3555 4573 frequentet:

1565 4701 1816 4756 VARIAE
1852 4699 2255 4757 LECTIONES.

323 4859 344 4890 ³
400 4853 503 4908 Sic
538 4854 609 4917 A;
637 4853 721 4909 CF
752 4855 1011 4908 deorsum.

238 4926 266 4960 ³
309 4930 364 4982 Α
415 4924 798 4978 concludamus
838 4925 1072 4979 breviter.

233 5013 425 5069 quae.
510 5013 554 5026 ι’
587 5013 678 5048 me
713 5013 775 5057 ιιι,
805 5013 871 5049 ex
900 5013 1163 5061 margine,
1186 5013 1398 5062 opmor,
1427 5013 1594 5057 nuta;

235 5080 360 5124 rem
399 5065 523 5118 dixi
544 5063 906 5131 pluraliter—
928 5066 1155 5119 obtinent
1181 5064 1348 5117 locum
1374 5079 1481 5115 οιιι.
1530 5064 1594 5115 Α.

1090 4856 1109 4885 ³
1147 4853 1507 4908 universaliter
1540 4870 1646 4907 om.
1691 4856 1753 4908 Α.

1151 4922 1173 4954 ⁵
1210 4925 1264 4977 in
1309 4940 1417 4978 om.
1446 4923 1552 4977 CF.

237 5151 451 5206 super.

1849 4856 1870 4887 ⁸
1908 4855 2199 4924 specialiter
2222 4870 2331 4908 om.
2364 4856 2425 4908 A.

1649 4924 1668 4956 ⁷
1702 4926 1816 4992 ipsa
1854 4940 1961 4978 om.
1989 4925 2055 4978 A.

508 4993 555 5026 ¹⁰
586 4993 678 5048 Sic
713 4996 775 5057 Λ,
805 5011 871 5049 ex
900 4995 1163 5061 margine,
1186 4995 1398 5062 opinor,
1426 4993 1603 5057 illata;
1633 4993 1697 5046 de
1719 4994 1899 5047 ordine
1920 4995 2351 5060 theOphaniarum
2374 5010 2481 5048 om.
2511 4995 2616 5049 CF.

1674 5064 1717 5095 "
1760 5063 1850 5118 Sic
1885 5063 2003 5127 CF;
2044 5076 2233 5133 praeter
2266 5064 2403 5118 verbi
2428 5066 2805 5118 humanitatem
2850 5081 2956 5120 om.
2999 5069 3061 5120 Α.

537 5132 578 5163 ¹²
612 5133 703 5188 Sic
735 5133 942 5215 tJF;”A
972 5145 1019 5188 et
1047 5135 1276 5215 videtur.
1353 5134 1397 5215 ’ξ
1432 5132 1558 5215 Post
1587 5135 1809 5187 verbum
1842 5135 2034 5215 erimus
2078 5134 2121 5187 A
2159 5136 2304 5215 haec
2324 5135 2515 5215 .habet
2546 5151 2559 5187 :
2593 5134 2657 5189 In
2696 5136 3017 5215 theophaniis
3040 5147 3212 5191 autem
3236 5134 3556 5215 dixiplum-

2532 4854 2554 4887 ⁴
2590 4854 2677 4910 Sic
2704 4852 2822 4919 CF;
2861 4855 2899 4909 Α
2944 4854 3208 4921 tmiqenito
3255 4855 3347 4909 Dei
3381 4858 3551 4913 verba.

2131 4926 2153 4957 ⁸
2193 4926 2284 4980 Sic
2313 4924 2427 4989 CF;
2460 4924 2503 4978 Α
2535 4926 2732 4989 Ipsam.
2809 4926 2830 4957 ’
2872 4926 2963 4979 Sic
2997 4924 3114 4990 CF;
3160 4926 3203 4980 Α
3235 4938 3405 4980 cetera
3432 4946 3551 4982 vero

2696 4995 2737 5026 “
2763 4994 2854 5051 Sic
2870 4995 2987 5059 CF;
3020 4996 3074 5051 in
3101 4997 3425 5066 theophaniis
3453 5015 3556 5049 au-

2696 5075 2805 5118 rtem
2850 5081 2956 5119 om.
2999 5069 3061 5119 Α.
3161 5066 3204 5098 ⁸³
3244 5068 3333 5119 Sic
3362 5065 3475 5119 CF:
3509 5067 3555 5119 Α

3288 5084 3333 5118 Ic
3362 5083 3435 5119 ιιι·
3462 5083 3475 5127 ;

234 5202 385 5262 liter
413 5219 583 5271 quum
619 5220 710 5257 nec
740 5204 1134 5266 intellectuales,
1169 5220 1258 5256 nec
1283 5202 1562 5257 rationales
1600 5214 1820 5257 naturae
1843 5204 2021 5256 eodem
2049 5204 2203 5256 modo
2232 5205 2492 5257 veritatem
2518 5202 2965 5273 contempla‘turae
2985 5217 3128 5266 sunt,
3159 5208 3247 5258 sed
3276 5202 3558 5272 animique

235 5280 357 5331 hac
385 5275 550 5355 elicit,
576 5273 641 5327 de
664 5276 897 5355 angelica
922 5285 971 5355 et
1011 5274 1482 5355 Ιιιιηιαιιςι,ηιιιριναε
1504 5289 1640 5355 quae
1661 5273 2088 5355 sublimissimum
2126 5274 2477 5355 universitatis
2504 5276 2744 5355 conditae
2769 5276 2940 5329 locant
2983 5277 3234 5335 obtinent,
3262 5289 3443 5355 earum
3474 5290 3556 5354 se-

235 5345 508 5400 cundum
555 5341 822 5411 propriam
847 5342 1145 5411 analogiam
1176 5341 1398 5395 altitudo
1442 5341 1671 5397 theoriae
1715 5344 2045 5397 distribuitur
2082 5344 2524 5413 atquede/iuitur.
2551 5345 2775 5399 Ceterae
2804 5362 2930 5398 vero
2958 5356 3178 5397 naturae
3202 5353 3307 5397 cet.

233 5414 384 5475 CF;
428 5413 474 5464 Δ
515 5429 645 5479 quas
674 5415 803 5481 ipsa;
829 5414 1015 5466 veritas
1047 5429 1099 5464 ιι.
1137 5428 1185 5465 a.
1220 5427 1264 5466 s.
1295 5414 1743 5478 COﬂlempltmdam
1782 5414 1923 5481 fecit.

237 5485 292 5522 ³³
328 5483 447 5537 Sic
466 5481 587 5545 CF;
613 5479 748 5535 Diae.
771 5479 986 5551 Collige.
1025 5483 1170 5535 lbsc.
1197 5499 1299 5535 om.
1332 5484 1396 5535 A.

239 5552 383 5619 ‹;ι‹’;
447 5551 486 5604 Α
518 5569 725 5621 eosque.
806 5553 848 5582 ³³
886 5555 974 5605 Sic
998 5551 1114 5614 CF;
1159 5552 1197 5605 Α
1229 5552 1452 5605 subdito.

1472 5483 1516 5515 ³ο
1546 5481 1784 5535 liratiam
1827 5499 1944 5536 vero
1972 5482 2165 5537 donum
2187 5499 2294 5537 om.
2327 5485 2433 5538 CF.

1532 5553 1573 5583 “
1611 5553 1692 5607 CF
1724 5551 1850 5607 Ratc
1876 5553 2154 5624 collegisti.

3389 5344 3435 5382 ⁸⁸
3461 5345 3554 5397 Sic

3294 5412 3447 5482 plane
3480 5424 3553 5467 et.

3394 5484 3436 5514 ”
3464 5482 3554 5539 Sic

2002 5413 2044 5445 ⁸⁷
2087 5412 2178 5468 Sic
2223 5412 2342 5477 CF;
2384 5414 2428 5467 A
2483 5417 2750 5469 subditum
2849 5417 2889 5447 ¹⁸
2915 5415 3006 5467 Sic
3038 5414 3159 5475 CF;
3199 5415 3239 5466 Α

2510 5487 2553 5519 ⁸³
2578 5487 2774 5556 efﬁcere
2806 5485 3037 5537 herniaes
3068 5499 3177 5538 om.
3210 5484 3314 5540 (ΣΡ.

2234 5556 2276 5585 ²³
2303 5556 2386 5609 (ξιτ
2412 5565 2458 5609 te
2486 5560 2650 5610 suasi.
