3898 6154
2844 269 2851 275 ι
2876 269 2901 276 ‘4

374 288 477 344 967
1725 284 1971 343 IOAN'NI?

2074 286 2239 345 iCOTl
2618 273 2632 281 “
2759 271 2782 277 ”
3517 291 3615 348 sos

376 400 445 455 de
488 397 684 455 talibus
709 398 968 463 haesitas,
1000 414 1121 453 eum
1166 413 1387 454 suasum
1436 397 1530 454 tibi
1569 405 1587 436 ι
1631 413 1792 469 saepe
1820 414 1950 455 eon-
1976 406 2024 465 Α
2051 410 2204 456 extra
2227 394 2721 471 ipsum'universam
2737 410 3040 459 creaturam
3054 402 3283 460 dicimus
3302 418 3522 469 esse,ea
3548 425 3620 462 ra-

374 493 636 556 cesseris,
649 492 828 547 omnia
852 493 903 547 in
927 492 1145 547 homine
1161 501 1342 548 creata
1364 507 1483 549 esse
1509 498 1551 557 ί,
1584 491 1811 547 visibilia
1833 493 1955 548 dico

374 593 429 636 et
446 581 752 644 invisibilia,
769 595 831 635 ac
848 591 967 653 post
980 582 1083 636 hoc
1099 583 1690 638 resurrectttra.Veruttt
1708 585 1773 637 de
1785 598 1958 638 resur-

378 673 619 728 rectione
634 671 982 726 invisibilinm
1002 689 1145 728 nunc
1166 681 1399 728 tractare
1422 688 1524 728 non
1545 684 1627 727 est
1650 673 1817 726 nostri
1835 688 1958 742 pro-

375 760 556 832 positi.
600 760 676 816 De
695 762 1089 817 resurrectione
1125 777 1252 816 vero
1280 761 1640 831 corporalium
1670 761 1692 794 ³
1731 762 1958 817 sensibi-

380 853 529 915 lium,
558 851 659 906 hoc
687 859 790 917 est,
814 852 879 905 de
893 868 1080 906 eorunt
1104 854 1278 908 reditu
1301 854 1353 907 in
1377 868 1503 908 snas
1530 853 1551 883 ‘
1577 867 1769 908 causas
1782 852 1960 921 dispu-

381 953 576 995 tamus.
630 941 686 995 Si
724 957 854 1011 ergo
887 943 909 973 ⁸
932 943 1166 996 humana
1212 951 1405 997 natura
1437 959 1503 997 ex
1535 941 1957 1010 intelligibilibus

378 1041 431 1085 ιιι
452 1030 825 1099 corporalibus
848 1032 869 1062 ⁸
898 1032 1243 1087 seusibilibus
1275 1033 1572 1102 composita
1594 1040 1701 1097 est,
1735 1031 1914 1086 anima
1934 1031 1956 1063 "

377 1124 500 1179 dico
525 1134 579 1180 et
602 1141 828 1197 corpore
854 1143 867 1179 :
897 1126 1025 1196 quid
1054 1126 1273 1192 mirum,
1297 1127 1343 1181 si
1369 1126 1698 1181 universitas
1717 1125 1956 1181 omnium

376 1215 713 1271 sensibilium
762 1217 815 1271 itt
866 1217 1104 1272 humano
1146 1232 1372 1288 corpore
1420 1226 1687 1289 resurgat,
1721 1225 1778 1272 et
1827 1232 1961 1287 quo-

376 1324 592 1378 umque
622 1308 917 1373 transierit,
952 1310 1226 1364 transeat?
1257 1309 1312 1364 ln
1336 1324 1531 1364 causas
1553 1319 1731 1363 tamen
1760 1309 1962 1363 solum-

379 1397 541 1451 modo
574 1396 717 1462 dico,
756 1414 860 1452 non
892 1398 945 1453 in
981 1398 1156 1469 ipsam
1195 1398 1589 1454 deiﬁcationem
1611 1440 1624 1463 ,
1660 1414 1799 1470 quae
1834 1399 1965 1454 solis

376 1486 774 1556 purgatissimis
814 1486 1177 1543 intellectibus
1213 1488 1524 1544 donabitur.
1577 1489 1646 1543 Et
1684 1489 1729 1543 si
1785 1490 1959 1544 maxi-

378 1558 523 1630 mam
545 1574 569 1607 ⁸
590 1577 1108 1644 argumentationem
1130 1577 1196 1633 de
1216 1578 1321 1633 hoc
1347 1580 1530 1635 audire
1557 1579 1851 1645 desideras,
1884 1587 1965 1632 at-

382 1676 560 1721 tentus
587 1677 725 1733 esto,
759 1668 883 1723 etin
907 1683 991 1734 ea,
1016 1683 1157 1738 quae
1180 1676 1411 1735 restant,
1434 1671 1660 1725 intuere.
1678 1671 1757 1725 Ac
1780 1680 1838 1725 ut
1864 1669 1963 1725 de'

2062 492 2229 559 tione,
2254 502 2313 547 ιιι
2336 493 2478 548 intra
2505 494 2674 563 ipsum
2697 493 2948 550 dicantur
2966 509 3162 550 causae
3184 510 3371 550 rerum
3394 506 3444 549 et
3465 498 3621 552 ratio-

2058 598 2154 638 nes
2168 594 2387 654 propter
2405 582 2811 640 similitudinem
2832 598 3018 639 earum
3041 593 3094 639 et
3108 585 3615 654 simplicitatem,ex-

2058 683 2140 728 tra
2164 690 2292 730 vero
2308 675 2481 746 ipsum
2505 676 2547 707 "
2573 675 2797 733 eﬁ‘ectus
2812 691 2997 732 earum
3015 677 3061 709 ¹⁵
3077 692 3366 733 causarum
3390 686 3442 734 et
3467 681 3617 734 ratio-

2056 781 2184 821 num
2203 776 2424 837 propter
2440 766 2706 836 quandam
2725 768 3243 834 dissimilitudinem;
3270 768 3409 825 locis
3422 770 3555 825 enim
3573 779 3620 826 et

2059 860 2389 928 temporibus
2405 875 2467 914 va
2476 859 2705 922 riantur.
2720 860 3008 932 generibus
3021 869 3075 915 et
3086 859 3392 931 speciebus,
3408 861 3622 929 proprie-

2058 951 2259 1005 tatibus
2273 958 2325 1006 et
2339 951 3114 1007 accidentibusdiscernuntur.
3130 951 3365 1020 Ideoque
3378 949 3534 1005 veluti
3546 965 3623 1004 ex-

2060 1052 2139 1097 tra
2157 1041 2548 1112 simplicitatem
2561 1041 2776 1096 divinae
2790 1041 3083 1112 sapientiae
3100 1041 3356 1097 dicuntur
3368 1055 3622 1105 esse,cum

2058 1142 2212 1189 extra
2247 1134 2416 1204 ipsam
2449 1133 2582 1188 nihil
2600 1134 2692 1199 sit,
2718 1144 2774 1189 et
2804 1134 2857 1188 in
2882 1134 2996 1203 ipsa
3018 1133 3221 1198 omnia,
3254 1133 3627 1188 universaliset

2061 1223 2288 1293 simplex
2324 1223 2432 1277 vita
2475 1232 2579 1278 est.
2607 1221 2745 1289 Quid
2772 1222 2916 1278 enim
2959 1221 3013 1276 in
3058 1222 3327 1292 sapientia
3363 1220 3457 1275 Dei
3480 1228 3624 1286 esset.

2058 1316 2203 1384 quod
2231 1314 2336 1368 vita
2386 1322 2638 1378 careret,
2669 1320 2765 1366 aut
2793 1312 2903 1367 vita
2935 1327 3038 1367 non
3065 1318 3248 1376 esset,
3275 1326 3402 1364 cum
3445 1318 3498 1363 et
3528 1310 3628 1380 ipsa

2060 1421 2187 1460 vera
2211 1405 2321 1461 vita
2345 1405 2434 1468 sit,
2467 1412 2522 1459 et
2550 1404 2830 1473 plusquam
2857 1403 2991 1467 vita,
3011 1398 3069 1456 et
3094 1400 3228 1456 nihil
3255 1401 3310 1455 in
3340 1401 3475 1472 ipsa.
3503 1399 3628 1469 quod

2062 1505 2154 1550 aut
2174 1495 2287 1566 ipsa
2315 1503 2544 1559 nonest,
2568 1501 2661 1548 aut
2688 1493 2773 1548 sui
2793 1489 3156 1547 simillimum?
3179 1488 3503 1543 Praesertim
3521 1502 3629 1541 cum

2066 1584 2371 1655 Theologus
2414 1583 2652 1641 Joannes
2688 1584 2876 1639 dicat:
2911 1582 3101 1637 Omnia
3149 1599 3240 1651 per
3292 1579 3629 1651 ipsunufactl

2066 1690 2206 1743 sunt,
2235 1690 2281 1734 et
2304 1680 2416 1734 sine
2439 1680 2551 1750 ipso
2589 1678 2787 1747 factum
2814 1686 2890 1732 est
2932 1674 3100 1741 nihil,
3137 1674 3280 1747 quod
3310 1674 3500 1744 [actum
3528 1679 3630 1727 est:

380 1757 505 1811 ﬁdei
547 1757 846 1813 catholicae
886 1760 1231 1829 simplicitate
1251 1759 1525 1830 disputare
1552 1761 1869 1831 incipiamus
1897 1762 1962 1827 ’°,
1996 1759 2038 1817 Β
2065 1773 2118 1825 in
2146 1771 2258 1837 ίμςο
2284 1771 2387 1825 vim
2406 1780 2557 1823 ωιτη,
2587 1769 2722 1850 ΜΝΞ,
2756 1769 2813 1824 1η
2843 1768 3021 1824 verbo
3051 1767 3250 1837 igitur,
3287 1764 3431 1835 quod
3459 1772 3627 1818 est“.

380 1865 447 1903 ex
491 1864 594 1920 qua
616 1850 792 1905 omnis
822 1866 1076 1907 assensus
1117 1852 1171 1906 in
1194 1852 1537 1922 purissimam
1578 1867 1756 1907 rerum
1787 1852 1968 1921 cogni-

382 1942 582 1996 tionem
608 1943 825 1998 inchoat
850 1962 862 1999 :
889 1944 1085 2010 credis,
1108 1953 1169 1999 ut
1186 1945 1593 2013 Opinor,omnia
1614 1960 1754 2015 quae
1774 1955 1969 2000 suntet

381 2048 525 2103 quae
562 2048 668 2087 non
708 2041 854 2099 sunt,
885 2035 987 2089 hoc
1019 2043 1125 2100 est,
1154 2050 1292 2104 quae
1323 2035 1503 2089 sensui
1529 2045 1582 2090 et
1607 2035 1896 2107 intellectui
1923 2035 1965 2068 “

381 2127 764 2191 succumbunt,
798 2134 853 2180 et
877 2140 1016 2196 quae
1057 2142 1273 2181 sensum
1302 2141 1517 2182 omnem
1558 2136 1613 2181 et
1638 2127 1969 2182 intellectum

384 2224 663 2285 superant,
695 2225 749 2271 et
791 2226 970 2271 tamen
1015 2226 1138 2286 post
1166 2218 1367 2281 Deum,
1416 2227 1476 2271 ut
1515 2227 1568 2271 et
1588 2218 1766 2272 verbis
1794 2217 1966 2272 sancti

382 2304 622 2375 Dionysii
650 2305 1007 2377 AreOpagitae
1032 2314 1173 2371 utar,
1203 2306 1345 2361 circa
1365 2307 1534 2360 Deum
1558 2298 1862 2372 volvuntur,
1894 2308 1969 2360 itt-

383 2393 675 2449 !erioribus
695 2410 756 2450 se
778 2397 986 2451 naturis
1009 2396 1279 2467 incognite
1296 2396 1346 2450 in
1360 2396 1536 2453 Verbo
1555 2398 1647 2452 Dei
1672 2396 1815 2453 facta
1827 2412 1965 2454 esse.

453 2484 544 2540 ει.
584 2486 729 2542 Dtsc.
759 2486 873 2543 Hoc
904 2488 1281 2544 incunctanter
1312 2497 1366 2544 et
1395 2490 1577 2554 credo,
1606 2497 1680 2553 et,
1710 2498 1968 2558 quantum

387 2575 666 2631 illumiuor
689 2594 928 2649 superno
957 2578 1180 2642 lumine,
1214 2578 1475 2649 intelligo,
1505 2577 1729 2633 audiens
1759 2593 1968 2633 sacram

386 2665 723 2738 Scripturam
751 2669 1021 2724 dicentem
1052 2686 1065 2722 :
1092 2669 1157 2723 In
1182 2671 1437 2740 principio
1460 2670 1580 2739 fecit
1609 2668 1751 2723 Deus
1769 2657 1969 2723 caelum

385 2771 431 2814 et
455 2771 681 2827 terram;
711 2762 1034 2831 principium
1056 2761 1334 2832 appellans
1355 2760 1689 2833 unigenitum
1715 2757 1969 2825 Verbum,

389 2853 443 2904 in
475 2867 582 2922 quo
609 2852 770 2907 Pater
794 2852 919 2907 fecit
948 2853 1148 2917 omnia,
1178 2852 1311 2907 caeli
1341 2867 1468 2908 vero
1499 2860 1785 2921 terraeque
1813 2866 1974 2906 voca-

385 2942 531 2997 bulis
559 2943 881 2999 invisibilem
926 2952 981 2999 et
1009 2942 1273 3005 visibilem
1305 2951 1608 2998 creaturam
1641 2942 1969 3014 signiﬁcans.

389 3032 456 3085 Et
480 3031 604 3087 alibi
634 3032 974 3104 simpliciter,
1003 3033 1107 3088 hoc
1127 3041 1212 3088 est
1239 3030 1618 3095 universaliter
1640 3032 1753 3085 ait:
1781 3029 1973 3099 Omnia

2069 1863 2267 1933 pientia
2294 1862 2387 1916 Dei
2414 1863 2479 1925 ",
2504 1861 2682 1915 omnis
2704 1868 2948 1916 creatura
2971 1866 3026 1914 et
3047 1866 3131 1913 est
3148 1866 3204 1912 et
3223 1857 3383 1920 vivit,
3406 1866 3629 1915 etomne,

2068 1955 2210 2024 quod
2256 1955 2309 2025 in
2359 1953 2475 2022 ipso
2505 1960 2611 2017 est,
2647 1950 2825 2021 perire
2865 1964 2969 2004 non
2996 1956 3192 2019 potest.
3225 1946 3285 2002 Si
3316 1947 3478 2009 enim,
3507 1941 3630 2015 quod

2069 2043 2336 2107 continet,
2390 2057 2607 2112 semper
2644 2049 2700 2096 et
2752 2038 3342 2096 incommunicabiliter
3382 2045 3549 2093 manet
3584 2043 3630 2089 et

2069 2134 2226 2197 vivit,
2250 2134 2358 2188 imo
2386 2134 2549 2187 etiam
2573 2132 2680 2186 vita
2708 2140 2864 2186 estet
2884 2131 2993 2184 vita
3018 2137 3236 2185 aeterna
3263 2145 3280 2181 :
3312 2144 3489 2189 omne,
3509 2125 3629 2195 quod

2071 2225 2124 2279 iu
2150 2239 2215 2279 eo
2246 2224 2571 2288 continetur,
2603 2221 2910 2277 necessario
2938 2229 2992 2273 et
3019 2227 3132 2284 cst,
3173 2228 3226 2272 et
3285 2232 3496 2287 semper
3531 2230 3628 2268 ma-

2073 2324 2196 2381 net,
2245 2323 2299 2370 et
2355 2322 2574 2369 aeterna
2624 2312 2733 2366 vita
2791 2321 2875 2366 est
2925 2311 2990 2363 ι’.
3039 2308 3182 2364 DISC.
3222 2307 3368 2363 Hinc
3417 2304 3629 2361 dubitare

2070 2413 2124 2459 et
2174 2403 2397 2473 iutpium
2427 2410 2483 2457 et
2521 2400 2897 2457 stultissimum
2934 2406 3037 2463 est,
3067 2412 3189 2451 cum
3225 2396 3409 2451 omnis
3447 2393 3630 2448 divinae

2072 2493 2330 2548 historiae
2353 2491 2668 2555 auctoritas,
2698 2502 2993 2558 omnesque
3022 2486 3280 2556 Theologi
3315 2483 3629 2556 perbibeant,

2082 2599 2299 2641 omnem
2328 2592 2629 2638 creaturam
2660 2582 2711 2635 in
2741 2581 2916 2635 Verbo
2942 2580 3034 2635 Dei
3062 2580 3105 2611 ⁸⁸
3142 2577 3488 2634 aeternaliter
3511 2584 3631 2629 me.

2074 2675 2211 2731 Hinc
2255 2683 2477 2730 sanctus
2513 2673 2846 2745 Augustinus
2877 2672 2930 2727 in
2969 2672 3179 2727 decimo
3222 2679 3382 2726 sexto
3426 2665 3634 2737 capitulo

2073 2766 2375 2821 duodecimi
2410 2764 2532 2819 libri
2563 2763 2629 2819 de
2650 2760 2881 2819 Civitate
2906 2762 2999 2817 Dei
3021 2761 3428 2818 evidentissima
3445 2775 3504 2814 ac
3526 2760 3633 2813 bre-

2073 2860 2215 2914 viter
2254 2857 2578 2914 sententiam
2618 2855 2840 2926 protulit
2865 2855 2933 2910 de
2955 2869 3053 2919 eo,
3082 2853 3224 2923 quod
3254 2852 3401 2906 Deus
3438 2865 3534 2906 non
3562 2861 3626 2901 so

2072 2949 2182 3003 lum
2204 2948 2446 3002 omniuut
2466 2957 2682 3003 creator
2700 2955 3071 3001 creaturarum
3096 2958 3312 3013 semper
3334 2942 3454 3007 fuit,
3474 2956 3635 2995 verum

2073 3039 2235 3094 etiam
2266 3047 2323 3094 et
2354 3038 2639 3102 dominus,
2674 3046 2729 3092 et
2767 3037 2907 3092 sicut
2941 3051 3215 3105 nunquam
3253 3033 3360 3089 fuit
3386 3049 3486 3088 non
3508 3045 3637 3084 crea—

387 3129 444 3181 in
472 3125 728 3197 sapientia
760 3125 967 3194 fecisti;
1004 3126 1187 3179 omnia
1223 3125 1432 3189 dicens,
1466 3125 1708 3179 omnium
1756 3129 1970 3177 creatu-
1999 3119 2043 3180 C
2078 3139 2181 3195 tor,
2217 3130 2289 3183 ita
2317 3143 2594 3198 nunquam
2624 3142 2731 3181 non
2760 3126 2858 3181 fuit
2887 3127 3156 3189 dominus,
3184 3123 3485 3192 disputans.
3513 3118 3639 3185 Ou-

390 3231 572 3269 raruut
605 3216 1069 3271 universalitatem
1096 3216 1148 3270 in
1177 3215 1353 3271 Verbo
1380 3215 1471 3271 Dei
1521 3214 1720 3269 factam
1757 3212 1977 3267 conclu-

391 3309 483 3362 sit.
520 3307 661 3362 Mtte.
709 3306 942 3362 Putasne
988 3308 1152 3377 igitur
1190 3307 1395 3371 omnia,
1425 3320 1566 3376 quae
1607 3305 1659 3359 in
1709 3303 1971 3373 sapientia

392 3397 487 3453 Dei
519 3394 660 3450 facta
690 3405 831 3451 sunt.
864 3395 1069 3458 vivere,
1100 3411 1167 3449 au
1200 3395 1311 3449 vita
1338 3408 1554 3448 carere:
1581 3393 1685 3456 vel,
1716 3402 1770 3445 ut
1798 3392 1977 3446 verius

391 3497 448 3542 et
477 3486 717 3555 apertius
744 3486 947 3550 dicam,
974 3494 1152 3538 utrum
1178 3499 1359 3545 omne,
1389 3484 1530 3552 quod
1564 3484 1616 3537 in
1652 3482 1743 3536 Dei
1767 3481 1977 3549 sapien-

394 3578 467 3631 tia
514 3576 713 3630 factum
765 3586 872 3640 est,
928 3576 1033 3629 vita
1082 3583 1137 3629 et
1188 3575 1449 3645 sapientia
1483 3584 1584 3636 est,
1637 3574 1884 3641 vitaeque
1929 3578 1981 3625 et

394 3668 696 3738 sapientiae
743 3668 1035 3737 particeps,
1077 3666 1286 3719 necne?
1315 3665 1384 3719 Et
1412 3665 1455 3719 si
1487 3666 1594 3719 vita
1624 3674 1677 3719 et
1719 3662 1979 3733 sapientia

395 3769 682 3823 estomne,
720 3758 860 3828 quod
906 3759 960 3812 in
1006 3758 1186 3811 divina
1231 3756 1493 3827 sapientia
1539 3755 1739 3812 factum
1789 3764 1870 3810 est
1915 3755 1982 3817 ",

397 3859 580 3904 utrum
622 3847 988 3917 temporaliter
1014 3847 1187 3918 coepit
1214 3863 1364 3912 esse,
1403 3863 1469 3901 an
1513 3860 1730 3917 semper
1757 3854 1894 3910 erat,
1930 3854 1984 3898 et

399 3956 504 3996 ron
535 3948 656 3994 erat
697 3940 913 4010 quando
943 3954 1049 3993 non
1089 3938 1244 3994 erat?
1271 3938 1337 3993 Et
1377 3939 1420 3991 si
1468 3937 1538 3991 ita
1573 3946 1677 4001 est,
1711 3951 1980 4003 nunquam

398 4032 524 4097 erit,
573 4032 792 4101 quando
831 4046 936 4085 non
983 4028 1123 4096 eritf
1168 4046 1291 4084 nam
1342 4029 1386 4085 si
1430 4046 1493 4084 ex
1529 4040 1768 4097 tempore
1800 4029 1987 4101 coepit

399 4139 543 4189 esse,
577 4138 797 4179 necesse
822 4133 904 4178 est
947 4138 1066 4177 cum
1121 4132 1358 4191 tempore
1390 4121 1550 4175 ﬁniri.
1587 4122 1731 4175 Dtsc.
1771 4119 1924 4175 Absit
1953 4135 1984 4172 a

401 4217 564 4271 corde
611 4216 845 4271 ﬁdelium
897 4215 997 4269 hoc
1041 4215 1373 4277 existimare,
1425 4222 1484 4266 ut
1524 4228 1707 4277 omne,
1753 4212 1894 4281 quod
1934 4211 1985 4264 in

401 4306 580 4362 Verbo
614 4306 705 4361 Dei
737 4304 933 4361 factum
966 4313 1069 4367 Bal,
1102 4304 1209 4357 vim
1243 4319 1347 4357 non
1378 4303 1449 4357 sit
1477 4309 1528 4357 et
1554 4302 1660 4355 vita
1691 4301 1905 4371 sapiens
1934 4308 1988 4354 et

402 4406 644 4461 aeterna,
677 4396 881 4466 absque
909 4394 1014 4448 ulla
1062 4392 1338 4463 temporali
1382 4393 1742 4453 inchoatione,
1782 4391 1989 4460 absque

2081 3227 2314 3299 propter,
2344 3217 2519 3287 inquit
2539 3257 2555 3282 ,
2581 3217 2626 3270 si
2659 3215 2909 3269 Dominus
2937 3214 2979 3246 “
3012 3213 3151 3267 Deus
3175 3228 3382 3281 seraper
3424 3209 3637 3263 demittas

2080 3298 2202 3377 fuit,
2233 3322 2435 3376 semper
2455 3305 2633 3360 habuit
2660 3314 2953 3359 creaturam
2975 3320 3071 3357 suo
3109 3302 3403 3356 dominatui
3438 3298 3637 3354 servieti-

2079 3409 2212 3461 tem,
2249 3405 2587 3450 eeruntamen
2620 3411 2723 3448 non
2747 3395 2811 3448 de
2832 3396 2942 3463 ipso
2965 3392 3013 3426 '°
3039 3393 3264 3464 genitam
3285 3431 3300 3457 ,
3341 3390 3432 3445 sed
3461 3388 3521 3442 ab
3544 3388 3638 3455 ipsa

2080 3489 2145 3541 de
2175 3485 2337 3541 nihilo
2361 3485 2576 3555 factam,
2609 3502 2702 3539 nec
2739 3487 2787 3538 ei
2810 3495 3158 3539 coaeternam.
3184 3483 3313 3537 Erat
3336 3485 3518 3554 quippe
3540 3491 3642 3533 ante

2081 3581 2251 3646 illam,
2275 3579 2509 3650 quamvis
2539 3577 2684 3633 nullo
2704 3587 2930 3648 tempore
2950 3578 3061 3630 sine
3078 3574 3169 3629 illa
3187 3615 3203 3638 ,
3238 3590 3343 3629 non
3364 3590 3476 3627 eam
3495 3571 3641 3640 spatia

2083 3680 2496 3735 transcurrente,
2521 3669 2611 3724 sed
2634 3678 2872 3723 manente
2902 3668 2943 3698 "
2967 3667 3307 3737 perpetuitate
3332 3662 3639 3733 praecedens.

2084 3764 2187 3820 Sed
2207 3764 2252 3818 si
2274 3762 2584 3833 respondero
2597 3761 2691 3825 eis,
2713 3760 2801 3831 qui
2820 3757 3379 3830 requirunt,quomodo
3400 3767 3585 3823 semper
3604 3748 3642 3778 “

2087 3864 2295 3908 creator
2325 3867 2526 3922 semper
2552 3851 2795 3904 dominus
2822 3849 2942 3919 fuit,
2970 3849 3015 3901 si
3036 3858 3279 3901 creatura
3302 3846 3521 3899 serviens
3555 3855 3641 3893 non

2085 3959 2285 4014 semper
2320 3942 2439 4012 fuit,
2467 3952 2556 3995 aut
2591 3940 2637 3971 ³³
2661 3940 2920 4010 quomodo
2954 3948 3130 3993 creata
3157 3948 3254 4001 est,
3294 3948 3342 3990 et
3371 3952 3471 3989 non
3493 3932 3643 4004 potius

2086 4034 2310 4090 creatori
2333 4043 2604 4086 coaeterua
2634 4040 2732 4095 est,
2761 4031 2806 4083 si
2835 4046 3033 4099 semper
3052 4028 3149 4097 [uit
3179 4041 3196 4077 :
3224 4043 3428 4091 vereor,
3447 4041 3505 4078 ne
3530 4022 3647 4091 [aci-

2088 4128 2190 4181 lius
2209 4127 2422 4198 jttdicer
2450 4126 2728 4196 aﬂ‘irmare,
2754 4129 2890 4194 quod
2920 4124 3112 4184 nescio,
3147 4137 3303 4192 quant
3328 4120 3507 4172 docere
3524 4112 3645 4184 quod

2088 4217 2219 4270 scio.
2263 4215 2341 4271 Ac
2387 4215 2430 4268 si
2463 4222 2647 4282 aperto
2690 4214 2965 4281 praelatus
3003 4210 3166 4265 Pater
3209 4210 3444 4273 diceret,
3491 4205 3647 4259 minus

2090 4305 2467 4360 aeternitatem
2514 4300 2559 4334 "
2606 4312 2975 4357 creaturarum
3034 4300 3314 4368 capacium
3368 4297 3645 4352 tarditatem

2094 4397 2467 4466 redargueus:
2526 4395 2581 4450 Si
2633 4408 2947 4457 asscruero,
2998 4391 3139 4460 quod
3184 4389 3488 4443 ﬁrmissime
3527 4382 3646 4442 seio.

405 4489 516 4542 ullo
550 4488 829 4558 temporali
879 4486 1128 4541 termino.
1176 4483 1308 4537 Nam
1339 4491 1393 4538 et
1427 4497 1673 4553 corpora.
1708 4481 1989 4548 omnisque
2017 4467 2066 4526 ί)
2095 4488 2259 4541 Deutn
2313 4484 2560 4539 videlicet
2606 4493 2661 4539 et
2707 4498 2919 4552 semper
2961 4489 3260 4536 creatorem
3304 4488 3359 4534 et
3399 4474 3646 4532 dominum

405 4580 678 4636 sensibilis
703 4587 975 4641 creatura,
1025 4577 1077 4630 in
1120 4575 1237 4645 ipso
1278 4575 1387 4629 vita
1417 4574 1634 4644 sapiens
1675 4581 1731 4626 et
1772 4578 1987 4624 aeterna

406 4679 513 4733 est,
542 4671 615 4723 ita
647 4678 705 4722 ut
748 4666 1001 4722 iucﬂ‘abili
1031 4675 1085 4720 et
1115 4662 1638 4734 incontpreltensibili
1664 4661 1842 4724 modo,
1867 4674 1990 4715 cre-

407 4760 556 4816 dibili
586 4770 763 4815 tamen
778 4760 847 4824 ⁸³,
863 4760 1041 4816 omnis
1060 4766 1307 4813 creatura
1324 4757 1375 4810 in
1398 4756 1513 4825 ipso
1524 4756 1670 4808 vivat
1690 4763 1743 4809 et
1759 4754 1866 4808 vita
1888 4751 1989 4818 sit;

408 4861 464 4906 et
492 4866 613 4907 cum
644 4859 798 4905 extra
824 4849 997 4918 ipsum
1021 4848 1152 4903 nihil
1182 4847 1272 4912 sit,
1300 4847 1366 4900 de
1397 4845 1596 4915 seipso,
1626 4843 1787 4899 veluti
1809 4853 1990 4910 extra,

408 4949 692 5000 creaturas
716 4938 961 4994 conditas
988 4936 1256 5008 produxit.
1290 4935 1423 4991 Nam
1454 4943 1510 4991 et
1549 4934 1694 4990 intra
1721 4934 1894 5006 ipsum
1936 4943 1992 4990 et

2094 4580 2380 4628 creaturae
2428 4570 2618 4636 fuisse,
2649 4586 2712 4625 ac
2756 4585 2853 4639 per
2899 4569 3001 4623 hoc
3029 4576 3085 4621 et
3122 4581 3337 4635 semper
3368 4570 3645 4620 creaturam

2093 4662 2417 4717 servientem
2454 4661 2798 4716 substitutam
2841 4674 2946 4714 non
2985 4657 3252 4721 defuisse;
3289 4672 3414 4712 nam
3446 4654 3488 4708 si
3521 4665 3648 4707 scm-

2095 4768 2193 4823 per
2214 4753 2458 4807 serviens
2480 4760 2731 4807 creatura
2760 4765 2865 4805 nou
2888 4749 3011 4814 fuit,
3035 4749 3302 4819 sequitur,
3332 4759 3499 4816 neque
3515 4755 3649 4798 creao

2099 4854 2302 4908 torem,
2344 4858 2520 4912 neque
2546 4852 2826 4897 creaturae
2867 4855 3078 4910 semper
3112 4840 3497 4894 dominatorem
3528 4829 3651 4887 exti—

2097 4936 2254 5003 tisse;
2306 4945 2363 4990 at
2389 4950 2517 4992 vero
2556 4935 2681 5006 quia
2729 4944 2782 4991 et
2813 4948 3027 5005 semper
3070 4938 3287 4989 creator
3323 4939 3381 4987 et
3426 4926 3651 4984 dominus

1705 5087 1953 5144 VARIAE
1990 5089 2390 5148 LECTIONES.

438 5292 447 5301 .
490 5240 506 5274 '
543 5236 628 5294 CF
660 5253 879 5294 suasum
920 5245 971 5290 te
998 5248 1179 5303 saepe.
1254 5237 1282 5269 '
1313 5231 1360 5288 Α
1390 5249 1507 5287 esse
1527 5239 1727 5303 creatg.

414 5298 681 5384 paralilltts
712 5323 826 5384 om.
856 5306 964 5384 CF.
992 5376 1006 5384 _
1064 5298 1275 5384 '18}an
1426 5304 1628 5384 opimo,
1718 5298 1902 5384 ιυιὶιηξτ

416 5376 561 5442 ἱξιιοί.
581 5377 666 5434 CF
696 5378 777 5434 Ac
801 5387 856 5431 ut
887 5376 1028 5430 ﬁdei.

416 5463 491 5506 est
517 5450 731 5519 divina.
770 5450 842 5519 7"
880 5450 1190 5519 ξμς-ωε*ξρ
1224 5450 1706 5519 ittcomprelteustbt

420 5537 535 5573 ram
566 5532 676 5573 om.
708 5518 813 5574 CF.
890 5516 935 5548 “
963 5514 1054 5571 Sic
1081 5513 1197 5577 CF;
1227 5514 1270 5566 Α
1303 5511 1564 5581 sapientia
1602 5511 1795 5562 divina.

422 5592 465 5624 ¹⁹
507 5590 759 5642 Dominus
796 5603 903 5641 om.
936 5585 1002 5639 A.
1078 5583 1123 5616 ²⁰
1151 5583 1241 5638 Sic
1263 5583 1348 5638 CF
1364 5600 1379 5643 ;
1411 5581 1456 5636 Α
1483 5581 1551 5636 de
1588 5582 1774 5642 seipse.

423 5669 470 5711 et
496 5658 783 5726 quomodo.
860 5656 903 5686 “
938 5656 1015 5709 sic
1045 5655 1163 5720 CF;
1194 5654 1235 5707 Α
1263 5653 1316 5706 in
1359 5663 1679 5706 aeternitate.

1801 5227 1827 5309 ξ
1858 5228 2210 5331 corpqrqlium
2237 5243 2347 5310 om.
2390 5227 2496 5330 CF".

1110 5303 1201 5359 Sic
1233 5303 1316 5364 F;
1356 5303 1404 5357 Α
1426 5304 1623 5363 animo,
1655 5301 1695 5353 C
1718 5301 1902 5352 animi.
1997 5301 2020 5331 ⁸
2044 5301 2083 5351 Α
2114 5301 2364 5352 maxime.
2453 5301 2474 5330 ’
2503 5301 2595 5353 Sic
2633 5313 2798 5368 supra
2826 5301 3004 5350 adscr.
3049 5309 3192 5349 corr.
3239 5301 3315 5353 ιτς
3346 5301 3390 5345 A
3432 5301 3504 5344 Ac
3548 5301 3652 5337 ma

1108 5373 1282 5449 “Sic
1308 5372 1421 5436 CF;
1445 5369 1794 5449 Ajncipiarp.
1871 5365 2035 5449 “nSic
2054 5367 2140 5424 CF
2165 5384 2180 5431 ;
2207 5382 2345 5438 quae
2374 5366 2913 5449 lsensu‘ietninte‘llfetu.
2987 5366 3031 5449 ‘f
3048 5363 3177 5446 Ain
3202 5361 3453 5449 sapientia
3474 5357 3653 5449 Ῑςςιξςι

796 5448 842 5480 ¹³
880 5445 973 5501 Sic
1000 5444 1117 5509 CF;
1152 5443 1190 5496 Δ
1224 5436 1777 5524 ittcomprehcusibili,
1801 5436 2035 5518 credibili
2068 5436 2241 5492 tamen
2268 5439 2451 5520 modo:
2522 5436 2566 5469 “
2603 5437 2694 5492 Sic
2713 5436 2832 5501 CF;
2863 5436 2908 5489 A
2928 5444 3076 5489 extra
3102 5436 3145 5503 ip

801 5559 813 5572 .
890 5516 935 5548 “
963 5514 1054 5571 Sic
1081 5513 1197 5574 CF;
1227 5514 1270 5566 Α
1303 5521 1564 5574 sapientia
1602 5511 1795 5562 dtetna.
1877 5508 1916 5538 ⁸⁷
1949 5506 2042 5562 Stc
2068 5508 2180 5573 CF;
2219 5508 2263 5561 Α
2306 5516 2362 5563 et
2404 5517 2510 5561 vita
2555 5518 2767 5563 aeterna
2803 5511 2910 5571 (est
2940 5521 3049 5560 om.
3077 5505 3145 5574 Α)

1951 5542 2042 5562 tm.
2068 5542 2142 5563 υι-
2165 5550 2180 5573 ,
2219 5542 2263 5561 ιι
2306 5542 2362 5563 υ.
2406 5542 2510 5561 νιιιι
2555 5542 2767 5563 παρη...
2803 5542 2908 5571 ιη.
2940 5542 3049 5560 υ....
3077 5542 3167 5574 ..,.

1848 5578 1888 5607 ’¹
1921 5576 2009 5632 Sic
2042 5578 2127 5634 CF
2153 5595 2165 5645 ;
2203 5580 2247 5632 A
2286 5588 2634 5643 permanente.
2710 5577 2754 5607 ¹¹
2781 5591 2979 5640 εεηψεν
3001 5591 3108 5629 om.
3142 5573 3167 5626 Δ

3103 5224 3125 5257 ¹
3155 5223 3204 5279 Δ
3231 5223 3411 5289 igitur.
3496 5216 3519 5248 ⁵
3550 5228 3652 5267 cor-

2573 5225 2596 5260 ⁸
2628 5243 2754 5282 suas
2777 5240 2889 5281 om.
2919 5224 3024 5280 CF.
3103 5224 3125 5257 '
3155 5224 3204 5279 Δ
3231 5224 3411 5289 iqitur.
3496 5224 3519 5248 '
3550 5228 3652 5267 cor-

2573 5314 2595 5348 e
2633 5313 2797 5348 sunra
2826 5296 3004 5348 adscr.
3049 5309 3192 5348 corr.
3239 5279 3315 5348 F;
3346 5293 3390 5345 Α
3432 5295 3504 5344 Ac
3548 5299 3652 5337 rem

2453 5298 2474 5330 ’
2503 5296 2595 5353 Sic
2633 5313 2798 5368 supra
2826 5296 3024 5368 adscr.
3049 5309 3192 5368 corr.

2522 5429 2566 5469 “
2603 5437 2694 5492 Sic
2713 5435 2832 5501 CF;
2863 5435 2908 5489 A
2928 5444 3076 5489 extra
3102 5424 3273 5503 ipsum
3301 5446 3437 5484 vero.
3505 5424 3549 5458 "
3575 5438 3655 5476 (σε

2555 5518 2767 5551 aeterm:
2803 5511 2910 5551 (est
2940 5521 3049 5551 nm.
3079 5505 3167 5551 Δὶ.
3249 5503 3289 5533 ⁸⁸
3329 5500 3419 5551 "ei
3452 5511 3553 5551 om.
3592 5491 3651 5544 Α.

3372 5517 3416 5552 ιιι
3452 5517 3553 5551 om.
3592 5517 3651 5544 no

2710 5558 2761 5607 ’7’7
2781 5558 3108 5640 sentite—riora.
3128 5558 3184 5626 ’Λ
3283 5570 3328 5600 ³³
3352 5569 3439 5622 Sic
3466 5563 3544 5619 CF
3560 5579 3573 5626 ;
3608 5558 3644 5613 Α
