3898 6154
216 271 331 330 909
734 234 743 238 ﬁ
1088 275 1176 331 ne
1211 274 1548 332 DtVlSlONE
1588 272 1936 328 NATL‘RAE.
1978 303 2048 313 -
2085 273 2288 330 LIBER
2326 276 2649 342 QUINTUS.
3391 275 3498 332 sto

214 394 366 451 erat,
389 388 703 442 necessario
721 388 986 458 sequitur,
1010 402 1226 458 semper
1247 395 1551 442 creaturam
1575 384 1814 441 serviem
1841 386 1888 444 Α
1919 385 2192 439 contuitus
2220 386 2504 456 caliginem
2542 387 2747 456 patitur
2772 404 2784 441 :
2825 385 2967 441 clare
3004 383 3271 455 siquidem
3298 401 3363 441 ac
3382 387 3499 442 sine

216 483 337 530 lem
365 484 605 530 creatam
642 484 658 511 ⁸
695 477 1037 540 substitisse;
1069 493 1174 531 non
1201 477 1344 531 enim
1370 476 1626 532 accidens
1647 473 1817 529 Crca-
1919 477 2025 530 ulla
2053 478 2244 532 nebula
2286 479 2412 532 illud
2435 479 2665 542 intueor,
2696 492 2759 533 ea
2785 477 3017 532 maxime
3052 478 3264 532 ratione
3286 478 3499 539 ductus,

216 564 329 618 tori
359 565 604 620 omnium
633 574 716 619 est
734 582 950 620 creasse
977 582 1119 635 quae
1148 567 1383 629 creavit,
1419 565 1515 621 sed
1554 564 1665 621 sola
1698 579 1818 634 per-
1920 584 2022 637 qua
2057 570 2108 624 in
2135 570 2398 639 sapientia
2426 570 2516 625 Dei
2550 570 2591 601 ”
2621 578 2834 625 creatas
2855 584 2974 624 esse
2996 584 3101 625 non
3125 568 3297 624 solum
3318 567 3500 630 credo,

213 655 492 724 petuitate
517 656 970 724 superascendit'
1001 665 1057 712 et
1105 658 1383 727 praecellit
1411 672 1550 727 quae
1572 655 1815 711 ereavit:
1921 676 2108 716 verum
2160 661 2321 715 etiam
2380 660 2620 731 intelligo
2684 661 3076 715 incunctanter.
3126 658 3260 713 Nam
3306 673 3502 720 omne,

215 762 427 802 vereor
449 748 654 804 ironice
687 750 997 819 suggillatis,
1029 766 1096 806 ne
1125 753 1263 805 forte
1286 751 1499 821 judicer
1525 749 1818 813 aﬁirmare,
1922 754 2065 822 quod
2089 751 2140 806 in
2163 751 2424 821 sapientia
2450 750 2542 805 Dei
2569 758 2809 805 creatum
2832 750 3096 815 subsistit,
3123 749 3302 803 nullus
3342 748 3443 803 nisi
3462 748 3503 779 "

213 839 372 905 quod
402 840 610 904 nescio,
642 854 804 908 quam
847 841 1061 905 docere,
1100 842 1240 911 quod
1266 842 1399 896 scio.
1443 841 1823 896 Incunctanter
1925 842 2119 912 impius
2136 842 2491 912 veiinsipiens
2512 840 3499 912 semperpermansurumdubitarit".

212 929 502 996 siquidem
554 930 792 1002 intelligo
814 972 830 996 ,
862 947 1075 1001 semper
1107 944 1166 988 et
1191 944 1496 989 creaturam
1523 942 1577 987 et
1597 933 1818 988 Creato-
1925 934 2002 987 De
2040 931 2320 987 eiectibus
2349 946 2496 996 vero,
2525 946 2661 1001 quos
2703 932 3074 1000 processiones
3098 945 3382 985 causarum
3415 944 3504 983 sa-

215 1034 345 1073 rem
370 1019 514 1085 ejus,
544 1031 608 1076 et'
626 1022 910 1078 Dominum
935 1033 990 1078 et
1014 1026 1334 1081 servientem
1358 1026 1459 1081 sibi
1491 1025 1824 1096 inseparabi-
1924 1025 2137 1095 pientes
2163 1038 2397 1093 sequens
2417 1023 2644 1086 vocasti,
2663 1022 2979 1091 jamdudum
3010 1023 3268 1086 delibero,
3304 1031 3505 1082 utrum,

154 1180 161 1185 ι
214 1109 356 1165 liter
404 1112 612 1176 fuisse;
646 1132 749 1169 non
778 1119 918 1185 quod
960 1128 1205 1172 creatura
1233 1119 1499 1183 Creatori,
1526 1121 1608 1174 vel
1645 1120 1667 1152 ³
1712 1135 1827 1174 scr-
1926 1116 2068 1170 sicut
2095 1129 2225 1169 suae
2255 1129 2469 1178 causae,
2497 1113 2856 1182 permansuri,
2886 1128 2952 1166 an
2985 1128 3104 1165 cum
3133 1111 3333 1166 mundo
3379 1125 3506 1179 per-

213 1202 386 1254 viens
413 1202 644 1258 Domino
671 1216 956 1261 coacterna
984 1209 1081 1273 sit;
1108 1208 1333 1264 Creator
1358 1210 1620 1279 siquidem
1663 1210 1826 1264 Crea-
1918 1206 2079 1269 ituri,
2113 1205 2273 1259 itaut
2312 1219 2416 1258 non
2473 1204 2525 1258 in
2575 1218 2766 1257 causas
2812 1217 2939 1257 suas
2991 1202 3214 1256 redeant
3252 1209 3307 1255 et
3346 1200 3398 1253 in
3432 1199 3512 1253 eis

215 1300 438 1356 turam,
465 1304 519 1348 et
547 1295 805 1351 Dominus
834 1298 1155 1353 servientem
1184 1300 1506 1372 aeternitate
1533 1300 1826 1370 praecedit,
1920 1295 2237 1359 ‘salventur,
2263 1295 2355 1348 sed
2397 1294 2449 1347 ill
2482 1292 2704 1348 nihilum
2732 1333 2746 1357 ι
2778 1294 2845 1347 de
2870 1307 2978 1361 quo
3008 1291 3132 1345 Γίιοιὶ
3171 1299 3327 1353 διιηῑν
3371 1289 3513 1342 redi'

214 1395 335 1435 non
371 1392 641 1454 tempore,
671 1388 763 1442 sed
806 1386 827 1418 "
864 1404 925 1443 ea
959 1391 1166 1445 ratione
1189 1431 1202 1455 ,
1245 1406 1350 1461 qua
1380 1389 1608 1446 Creator
1636 1400 1690 1447 et
1724 1390 1829 1446 Do-
1930 1393 2128 1455 gantur
2155 1383 2216 1446 “,
2246 1392 2304 1436 ut
2326 1384 2540 1453 penitus
2563 1382 2791 1436 ulterius
2818 1396 2922 1435 non
2951 1381 3078 1434 sint.
3107 1378 3247 1433 Matt.
3278 1377 3514 1436 Effectus

216 1474 417 1529 minus
445 1478 768 1545 principium
816 1490 1096 1535 creaturae
1125 1492 1180 1538 et
1227 1483 1513 1539 servientis
1533 1493 1637 1548 est,
1665 1482 1830 1539 (ει-εει-
1932 1491 2074 1530 nunc
2102 1488 2391 1528 causarum
2439 1473 2671 1528 dicimus
2704 1479 2875 1526 totum
2920 1470 3175 1524 mundum
3206 1467 3515 1523 sensibilem

217 1576 312 1620 ιω·
335 1577 527 1621 autem
552 1579 604 1623 et
632 1571 894 1627 Dominus
923 1571 1155 1652 ἄναρχος
1175 1617 1188 1639 ,
1215 1575 1317 1631 hoc
1340 1584 1423 1630 est
1451 1592 1646 1632 carens
1674 1578 1828 1647 prin-
1932 1583 2053 1622 cum
2078 1565 2329 1622 omnibus
2362 1566 2475 1618 suis
2499 1563 2744 1634 partibus
2763 1602 2778 1626 ,
2803 1561 3001 1631 quibus
3024 1566 3258 1614 constat.
3286 1557 3418 1611 Nam
3453 1559 3519 1613 de

214 1659 400 1725 cipit).
455 1660 765 1716 Creatorem
814 1675 990 1719 auten;
1021 1650 1284 1720 nostrum
1332 1670 1354 1703 ⁸
1419 1679 1475 1722 et
1543 1667 1828 1723 Dominum
1933 1661 2135 1715 mundo
2171 1657 2492 1729 intelligibili
2526 1653 2892 1710 indubitabilis
2925 1652 3191 1707 sententia
3226 1660 3345 1713 est,
3376 1650 3517 1718 quod

220 1749 480 1802 dicimus
509 1766 670 1803 unum
698 1761 753 1806 et
778 1754 949 1808 solum
978 1756 1166 1818 Deum.
1205 1773 1469 1813 summam
1501 1759 1750 1815 videlicet

1980 1765 2211 1820 unquam
2239 1749 2517 1819 periturus
2546 1789 2561 1813 ,
2593 1746 2847 1816 quoniam
2891 1745 2946 1799 in
2975 1744 3066 1797 illo
3102 1742 3237 1797 nihil
3281 1750 3367 1795 est
3394 1755 3519 1794 cor—

214 1848 486 1891 sanctant
511 1838 828 1897 Trinitatem
860 1885 873 1905 ,
903 1861 1060 1899 uuam
1086 1849 1374 1902 essentiam
1423 1850 1475 1903 in
1507 1850 1676 1904 tribus
1707 1851 1833 1906 sub-
1932 1841 2165 1911 ruptioni
2188 1839 2481 1895 obnoxium
2508 1857 2522 1904 ;
2559 1839 2674 1908 ipse
2708 1835 2975 1906 siquidem
3006 1848 3220 1903 semper
3255 1830 3521 1893 SIIbSiSlii.

218 1929 493 1992 stantiis;
523 1945 662 2000 quae
690 1934 814 1987 dum
842 1951 939 2005 per
960 1952 1019 1992 se
1049 1940 1337 2008 cogitatur,
1366 1939 1513 1995 solus
1553 1939 1606 1993 in
1630 1956 1692 1995 ea
1732 1939 1757 1994 Ι

1988 1932 2389 1987 tcmadmodum
2418 1941 2475 1985 et
2502 1942 2718 1993 causae,
2748 1942 2976 1996 quarum
3002 1922 3225 1979 eﬁ‘ectus
3249 1930 3365 1986 est,
3398 1937 3523 1976 cae-

142 2046 147 2063 »
218 2028 314 2072 ter
361 2018 608 2096 ἄναρχος
646 2025 915 2097 creditur;
968 2044 1092 2082 nam
1126 2043 1180 2085 et
1221 2030 1244 2063 ⁶
1285 2031 1455 2088 Filius
1500 2043 1555 2088 et
1597 2033 1681 2104 Spi

1981 2033 2095 2078 stes
2121 2024 2242 2078 dico
2264 2021 2546 2083 essentias,
2570 2019 2820 2088 quamvis
2833 2017 3024 2071 beatus
3047 2013 3329 2086 Dionysius
3344 2013 3520 2068 Areo-

217 2120 466 2167 sanctus
499 2129 602 2168 non
633 2116 854 2170 omnino
896 2116 1121 2197 ἄναρχοι
1160 2130 1306 2188 sunt,
1333 2123 1460 2178 dum
1489 2102 1832 2196 principimn,
1931 2117 2111 2188 pagita
2139 2124 2349 2171 asserat
2370 2113 2437 2177 ¹³,
2469 2111 2730 2183 quasdam
2766 2108 3036 2178 angelicas
3071 2106 3301 2159 virtutes
3347 2103 3400 2156 in
3445 2102 3526 2155 a1-

218 2202 462 2259 Patrem
486 2205 628 2272 dico,
653 2208 871 2263 habent.
899 2210 1065 2265 Filius
1085 2228 1317 2283 namque
1340 2218 1409 2271 ab
1435 2216 1549 2284 ipso
1571 2218 1750 2287 genitu

1979 2221 2128 2262 orem
2159 2206 2375 2260 divinae
2406 2203 2646 2258 tbeoriae
2666 2200 2892 2272 gradum
2915 2200 2934 2230 ι
2969 2239 2983 2262 ,
3012 2211 3173 2266 quam
3197 2210 3340 2250 num:
3370 2203 3518 2257 sunt,

221 2304 343 2357 est,
383 2307 613 2353 sanctus
641 2313 771 2353 vero
802 2299 1038 2370 Spiritus
1074 2305 1394 2373 procedens.
1426 2286 1760 2364 Macal’rimt

1814 2338 1834 2350 .
1933 2311 2278 2359 ascensurus,
2311 2295 2441 2347 dum
2469 2293 2605 2347 Deus
2626 2291 2801 2345 omnia
2828 2290 2881 2342 in
2909 2289 3148 2342 omnibus
3176 2286 3353 2357 fuerit.

220 2385 411 2441 diales
430 2403 633 2444 causas
670 2390 722 2444 in
765 2391 876 2446 Deo
915 2392 1246 2449 solummodo
1278 2403 1488 2450 creatas
1526 2395 1730 2463 fuisse,
1773 2414 1839 2454 ac
2004 2386 2094 2440 25.
2131 2385 2274 2440 Dtsc.
2308 2385 2384 2439 De
2409 2382 2688 2438 eﬁ‘ectibns
2733 2394 3017 2436 causarum
3051 2375 3424 2437 invisibilium,
3457 2374 3524 2427 de

222 2470 481 2535 ι)οωίιῶ
526 2497 624 2536 suo
671 2484 936 2550 servisse,
989 2484 1097 2540 non
1140 2495 1320 2543 autem
1349 2505 1538 2545 earum
1593 2491 1836 2558 enectus,
1938 2477 2191 2533 invisibili
2224 2476 2265 2507 ⁸⁷
2308 2475 2430 2530 dico
2473 2472 2696 2535 mundo,
2741 2471 2915 2525 adhuc
2962 2466 3154 2531 titubo,
3196 2466 3523 2525 deliberans,

216 2572 445 2639 quibus
488 2572 632 2627 hunc
674 2575 984 2632 sensibilem
1034 2580 1292 2635 mundum
1327 2584 1683 2652 compositum
1732 2602 1755 2638 n

1987 2585 2042 2623 ua
2078 2568 2287 2623 ratione
2316 2565 2545 2629 dicitur,
2572 2564 2715 2633 quod
2763 2561 3037 2632 periturus
3074 2559 3146 2614 sit
3191 2566 3240 2613 et
3274 2571 3526 2628 perman-

224 2659 550 2730 iucongrue
572 2665 866 2733 credimus,
891 2669 1193 2735 arbitraris,
1225 2682 1283 2725 ut
1305 2647 1516 2741 opinor.
1544 2675 1686 2730 Dtsc.
1718 2675 1839 2730 Non
1938 2674 2131 2723 30705;
2174 2658 2307 2712 haec
2350 2656 2496 2711 enim
2544 2653 2649 2708 Sibi
2696 2652 2926 2707 imicem
2972 2663 3213 2720 μυεηίιτθ
3249 2647 3524 2710 "idenim.

225 2750 409 2805 aliter
445 2752 704 2808 arbitror.
737 2760 941 2812 Causas
959 2761 1159 2813 etenim
1183 2777 1364 2816 rerum
1392 2777 1605 2834 semper
1626 2777 1764 2820 creat

1985 2751 2117 2804 erire
2138 2750 2260 2803 dico
2278 2755 2331 2801 et
2358 2759 2696 2815 permanere.
2722 2742 3003 2811 Quomodo
3022 2741 3165 2796 enim
3189 2739 3349 2809 perit,
3379 2736 3524 2807 quod

225 2841 443 2907 fuisse,
499 2840 686 2897 earnm
737 2862 865 2902 vero
924 2847 1147 2904 effectus
1203 2852 1441 2908 deﬁnitis
1486 2827 1726 2909 locorum

1989 2848 2240 2905 armanet,
2276 2838 2355 2892 vel
2389 2845 2669 2907 permanet
2685 2835 2826 2905 quod
2850 2834 3020 2904 perit?
3045 2832 3184 2888 ΜΑο.
3208 2830 3343 2885 Num
3368 2827 3528 2899 paulo

231 2941 563 3002 temporum
613 2936 916 2993 ἰηιριοειίιίῑε
945 2938 999 2993 in
1034 2941 1175 2996 ιιιιηο
1201 2944 1457 2997 mundum
1486 2946 1836 3015 processisse,
1941 2931 2188 3001 superius
2212 2927 2491 2983 confessus
2516 2940 2598 2990 es,
2618 2926 2761 2995 quod
2781 2939 2844 2979 ea
2868 2923 3077 2977 ratione
3099 2921 3333 2976 maxime
3361 2920 3527 2973 intro-

226 3032 289 3076 et
322 3023 519 3076 adhuc
573 3026 893 3094 procedere,
931 3038 986 3083 et
1029 3044 1381 3099 processuros
1423 3012 1577 3098 esse,
1626 3036 1836 3106 opinor.
1869 3077 1908 3106 μ
1942 3023 2134 3077 ductus
2157 3020 2355 3083 fueras,
2380 3027 2440 3073 ut
2460 3017 2605 3072 nullo
2634 3017 2792 3071 modo
2814 3015 3088 3070 dubitares
3113 3014 3178 3068 de
3198 3012 3524 3069 aeternitate

231 3112 391 3168 Hac.
424 3114 573 3170 Haec
601 3117 781 3187 opinio
819 3135 995 3191 neque
1022 3137 1052 3176 a
1077 3123 1181 3178 ﬁde
1200 3124 1485 3190 catholica,
1514 3084 1691 3195 neque
1713 3141 1770 3180 ve

1984 3126 2249 3175 musarum,
2280 3110 2535 3180 quoniam
2582 3108 2635 3162 in
2662 3105 2839 3162 Verbo
2869 3105 2962 3160 Dei
3006 3104 3181 3159 factae
3208 3113 3372 3167 sum;
3417 3118 3523 3155 non

232 3204 609 3275 intelligentia
649 3212 903 3265 recedere
930 3213 1313 3268 existimanda.
1342 3215 1479 3281 Quid
1515 3191 1713 3286 igitur?
1737 3215 1771 3270 P

1990 3204 2085 3257 tim
2107 3209 2278 3271 potest
2293 3200 2470 3270 perire
2486 3213 2668 3263 omne,
2683 3197 2825 3267 quod
2848 3209 3063 3266 semper
3083 3194 3268 3248 vivens
3290 3191 3529 3249 Verbum

233 3303 434 3357 aisne,
491 3310 686 3352 causas
729 3299 1065 3357 solummodo
1104 3318 1283 3359 rerum
1336 3313 1587 3359 aeternas
1634 3305 1800 3361 fuisse
1824 3346 1841 3371 ,
1941 3300 2201 3362 continet,
2232 3297 2363 3352 etin
2401 3309 2509 3365 quo
2549 3294 2731 3347 omnia
2761 3306 2976 3362 semper
3010 3289 3054 3325 ⁸⁸
3083 3290 3194 3344 vita
3222 3296 3366 3353 sunt,
3396 3286 3529 3342 nulli

230 3385 483 3439 effectus
529 3402 655 3442 vero
681 3404 868 3447 earum
912 3394 1254 3463 temporales,
1302 3411 1365 3450 ac
1404 3412 1504 3466 per
1552 3397 1656 3451 hoc
1701 3396 1844 3452 solas
1941 3389 2277 3459 corruptioni
2314 3396 2370 3442 et
2412 3385 2643 3440 defeetui
2673 3380 2937 3451 subjecta.
2971 3381 3115 3436 Dtsc.
3155 3380 3235 3434 Ad
3271 3380 3373 3434 hoc
3399 3392 3532 3433 sane

231 3491 453 3530 causas
498 3492 713 3547 semper
767 3496 1081 3549 mansuras,
1119 3485 1340 3540 eﬂ'ectus
1377 3502 1505 3542 vero
1533 3488 1845 3555 perituros?
1941 3482 2234 3552 Ρτοάυοῑυβ
2270 3493 2388 3534 sum
2408 3518 2423 3544 9
2455 3478 2509 3531 in
2544 3485 2750 3531 tantum
2770 3515 2786 3541 ο
2817 3485 2876 3528 ιιι
2900 3474 3051 3543 Pl'ills
3080 3474 3254 3528 dicam
3279 3513 3295 3537 ν
3325 3486 3409 3526 me
3439 3486 3531 3541 Pe'

236 3568 402 3621 DISC.
428 3567 511 3621 Ita
533 3584 746 3639 semper
772 3575 1009 3644 cogitare
1028 3576 1219 3632 solitus
1240 3592 1420 3642 eram;
1446 3577 1538 3633 scd
1558 3585 1843 3648 postquam
1946 3573 2090 3627 nitus
2118 3585 2227 3625 non
2257 3560 2399 3633 esse,
2428 3582 2587 3637 quam
2633 3564 2763 3620 illud
2802 3564 3053 3634 ignorare
3081 3577 3261 3632 posse,
3308 3561 3529 3615 audiens

234 3661 419 3727 hujus
440 3664 745 3729 praesentis
764 3664 1140 3735 disputationis
1157 3668 1405 3723 semitam
1428 3678 1603 3724 tecum
1625 3683 1847 3738 carpere
1942 3662 2261 3733 Apostolum
2287 3661 2557 3715 dicentem
2588 3677 2602 3713 :
2644 3656 2712 3712 In
2740 3673 2843 3728 quo
2878 3655 3092 3710 vivimus
3115 3695 3128 3718 ,
3159 3664 3205 3708 et
3246 3665 3530 3707 movemur.

236 3748 536 3811 inchoavi,
584 3752 811 3808 rationis
837 3768 1061 3809 acumen
1096 3771 1160 3810 ac
1207 3757 1371 3813 veluti
1404 3758 1728 3813 inevitabilis
1759 3773 1844 3814 re-
1944 3764 1991 3808 et
2018 3769 2219 3808 sumus.
2269 3750 2327 3806 Si
2371 3752 2515 3805 enim
2561 3750 2617 3804 in
2669 3749 2789 3819 ipso
2831 3764 2939 3802 non
2978 3763 3121 3811 sum,
3168 3746 3397 3800 onmino‘
3424 3756 3531 3799 non

236 3856 374 3895 rum
406 3845 795 3913 consequentia
816 3847 993 3917 coepit
1019 3862 1103 3903 me
1133 3851 1427 3915 attrahere,
1453 3859 1510 3905 ut
1536 3866 1641 3905 non
1668 3851 1841 3906 solum
1943 3859 2061 3898 sum
2096 3860 2110 3896 :
2148 3849 2203 3896 et
2232 3843 2277 3896 si
2303 3840 2407 3895 hoc
2437 3841 2646 3911 ignoro,
2673 3839 2726 3892 in
2751 3837 2795 3871 ¹⁹
2825 3836 3163 3906 insipientiae
3195 3843 3249 3888 et
3284 3836 3530 3904 ignoran-

234 3948 458 3987 causas
480 3974 496 3999 ,
536 3949 718 3989 verum
749 3938 911 3993 etiam
941 3954 1128 3994 earum
1171 3941 1194 3972 ⁸
1247 3942 1622 4012 processiones
1647 3982 1662 4008 ,
1708 3957 1845 4011 quas
1948 3934 2055 3988 tiae
2082 3932 2303 3988 interitu
2332 3930 2578 4001 perditus
2598 3942 2737 3982 sum.
2768 3926 2908 3982 MAG.
2938 3926 3033 3980 Dic
3061 3924 3246 3995 igitur,
3276 3939 3404 3977 num
3436 3920 3530 3975 Dei

238 4025 539 4094 sapientes
559 4026 778 4082 eﬂ‘ectus
804 4039 1017 4095 vocant,
1048 4009 1437 4101 perpetualiter
1462 4009 1846 4103 permansuras
1946 4024 2217 4087 Verbum,
2249 4022 2301 4076 in
2329 4037 2438 4090 quo
2473 4032 2671 4076 causae
2700 4016 2938 4071 omnium
2968 4012 3318 4070 aeternaliter
3357 4009 3535 4065 subsi-

234 4116 648 4179 concesserim,
680 4132 745 4172 eo
777 4128 954 4174 tamen
984 4128 1203 4188 tenore,
1230 4130 1419 4176 utnon
1451 4123 1599 4191 ipsae
1630 4136 1846 4191 proces-
1947 4123 2118 4179 stunt,
2147 4113 2295 4167 venit
2332 4112 2386 4164 in
2426 4123 2712 4164 causarum
2744 4105 2986 4170 eﬂ‘ectus,
3028 4107 3260 4165 hoc-est,
3289 4103 3340 4157 in
3390 4102 3532 4155 hunc

236 4209 445 4264 siones
483 4208 539 4261 in
571 4211 900 4278 semetipsis,
935 4214 1029 4267 sed
1068 4212 1120 4266 in
1148 4228 1274 4267 suas
1297 4228 1488 4267 causas
1529 4228 1846 4268 reversurae
1947 4207 2203 4262 mundum
2236 4201 2565 4265 sensibilem.
2598 4214 2787 4255 necne-
2838 4199 2978 4253 DlSC-
3008 4195 3263 4266 Ουῑείιιιίε
3290 4194 3397 4250 hoc
3438 4208 3533 4247 ἰθ-

236 4309 639 4368 permaneant.
675 4299 819 4356 Hac.
846 4301 921 4356 De
942 4303 1043 4357 hoc
1068 4303 1245 4358 adhuc
1275 4303 1543 4359 haesitare
1578 4302 1847 4375 tevideo?
1947 4297 2175 4367 gavcril.
2216 4294 2437 4348 omnino
2482 4306 2610 4346 vera
2636 4290 2681 4322 ³ο
2711 4289 3001 4359 religione.
3051 4302 3156 4356 qua
3203 4299 3341 4339 υηιιε
3392 4283 3532 4336 De“

239 4388 408 4442 Dtsc.
441 4386 651 4458 Negare
696 4405 801 4444 non
839 4406 1077 4461 possum.
1111 4391 1244 4445 Nam
1268 4408 1406 4462 quae
1434 4407 1529 4462 per
1554 4371 1641 4446 me
1664 4392 1730 4447 de
1760 4393 1845 4448 his
1876 4433 1922 4462 η
1948 4386 2159 4449 colitur,
2191 4393 2247 4438 et
2294 4382 2593 4438 incarnatio
2623 4379 2781 4435 Verbi
2815 4378 2905 4432 Dei
2934 4378 2978 4411 ’⁸
3006 4375 3370 4446 praedicatur,
3402 4371 3535 4426 alie-

240 4478 568 4548 cogitabam
592 4518 605 4538 ,
654 4493 779 4533 vera
829 4482 969 4535 ratio
1015 4489 1208 4538 nutare
1250 4485 1270 4515 ⁹
1316 4483 1461 4553 cogit
1505 4496 1520 4535 :
1573 4482 1843 4553 incognita
1869 4464 1922 4492 ⁸³
1947 4494 2049 4532 nus
2070 4485 2172 4531 est.
2192 4474 2281 4529 Ait
2309 4472 2452 4528 enim
2475 4469 2765 4539 Theologia
2791 4486 2803 4522 :
2838 4467 2906 4521 Et
2938 4465 3163 4521 Verbum
3182 4480 3305 4519 caro
3333 4464 3532 4533 factum

238 4580 389 4623 vero
420 4608 437 4631 ,
460 4583 602 4637 quae
642 4570 983 4626 introducere
1015 4573 1098 4628 vis
1120 4614 1134 4638 ,
1189 4574 1423 4629 nomium
1466 4572 1597 4628 mihi
1645 4572 1845 4642 liquide
1944 4577 2040 4628 est,
2082 4566 2185 4619 hoc
2210 4570 2309 4628 est,
2352 4560 2581 4615 Verbum
2612 4561 2771 4615 homo
2800 4557 2998 4612 factum
3038 4565 3151 4622 est;
3184 4569 3401 4609 carnem
3432 4567 3533 4623 pro

239 4659 536 4729 patefacta
562 4671 688 4715 sunt
707 4661 770 4715 ¹⁸.
798 4662 937 4719 Mne.
968 4664 1087 4730 Dic,
1116 4680 1335 4735 quaeso,
1361 4666 1491 4735 quid
1528 4681 1664 4735 pure
1688 4665 1845 4734 liqui-
1951 4669 2061 4714 toto
2089 4655 2305 4711 homine
2333 4653 2534 4724 posuit,
2566 4667 2632 4706 eo
2663 4649 2821 4705 modo
2849 4648 3132 4720 loquendi,
3160 4661 3266 4717 quo
3298 4655 3469 4700 totum
3500 4661 3532 4702 ει

240 4754 441 4820 deque
463 4752 745 4822 perspicis,
770 4757 911 4810 etde
938 4758 1132 4824 quibus
1160 4758 1336 4812 adhuc
1363 4765 1455 4812 aut
1484 4757 1696 4827 penitus
1721 4757 1848 4810 titu—
1948 4759 2103 4822 parte
2126 4746 2481 4819 signiﬁcatur.
2514 4744 2754 4813 Itemque
2791 4743 2965 4812 ipsum
3007 4740 3240 4796 Verbum
3282 4738 3534 4792 incarna-

237 4843 377 4905 bas,
416 4850 513 4896 aut
531 4844 725 4911 partim
750 4846 1047 4917 intelligere
1079 4848 1287 4917 incipis,
1323 4849 1516 4918 partim
1546 4848 1850 4903 obscuritas
1954 4854 2064 4900 tum
2094 4842 2160 4896 de
2197 4840 2376 4909 seipse
2407 4837 2727 4909 praedicans
2760 4853 2774 4888 :
2811 4834 2981 4897 Exivi,
3032 4833 3225 4902 inquit,
3272 4848 3305 4885 a
3346 4829 3530 4891 Patre,

236 4942 430 5001 atque
467 4931 738 4988 subtilitas
775 4936 949 4990 aciem
986 4944 1109 4990 tuae
1137 4937 1331 4991 mentis
1362 4935 1566 5007 effugit.
1600 4934 1745 4990 Dtsc.
1771 4937 1848 4992 De
1952 4944 1999 4988 et
2024 4932 2201 4987 reniin
2222 4929 2555 4993 mundum,et
2575 4928 2763 4981 iterum
2780 4924 3015 4996 relinquo
3034 4925 3374 4987 mundum,et
3399 4920 3529 4975 vada

236 5022 449 5076 causis
479 5022 826 5079 aeternaliter
858 5024 1039 5091 factis,
1065 5040 1383 5096 semperque
1411 5026 1771 5092 manentibus,
1793 5035 1851 5081 et
1953 5025 2022 5079 ad
2046 5020 2281 5077 Patrem.
2303 5019 2381 5074 Ac
2404 5019 2448 5074 si
2481 5025 2666 5087 aperte
2686 5017 2893 5070 diceret
2917 5034 2930 5069 :
2960 5016 3086 5086 Ego,
3113 5014 3206 5088 qui
3234 5010 3531 5067 scentulum

242 5112 303 5166 in
335 5109 622 5165 inﬁnitum
667 5114 1064 5182 pern‘ansuris,
1102 5130 1438 5186 nequaquam
1475 5116 1673 5172 mentis
1700 5130 1850 5171 meae
1955 5114 2289 5171 divinitatem
2328 5107 2570 5179 aequalis
2610 5122 2727 5162 sum
2771 5107 2951 5175 Patri,
2988 5106 3149 5163 unius
3181 5104 3529 5175 ejusdemque

1543 5250 1799 5306 VARIAE
1840 5245 2243 5307 LECTIONES.

326 5367 347 5399 ⁸
405 5362 499 5418 Sic
523 5360 645 5428 CF;
679 5374 907 5419 creatam
953 5380 1062 5421 om.
1099 5366 1166 5420 A.
1240 5366 1261 5399 ²
1303 5363 1395 5421 Sic
1424 5363 1544 5430 CF;
1596 5364 1639 5418 Α
1693 5379 1895 5432 semper
1929 5362 2183 5418 ascendit.
2271 5359 2308 5432 7'
2340 5358 2432 5416 Sic
2459 5358 2576 5425 CF;
2602 5358 2645 5414 Α
2678 5368 2754 5432 9t_.
2853 5357 2887 5432 ‘_
2916 5354 3007 5432 1139
3033 5350 3365 5432 Αηςηιεάρηι
3410 5348 3517 5403 CF-

241 5439 268 5471 ⁸
306 5436 418 5491 Sic
459 5433 536 5498 A;
583 5421 959 5505 pro__nostrunt
1012 5435 1095 5491 CF
1132 5451 1288 5490 nunc.
1364 5434 1385 5465 ‘
1408 5445 1455 5488 et
1483 5421 1593 5490 om.
1623 5435 1688 5489 A.
1737 5421 1868 5505 _"A
1894 5440 2191 5505 generatus;
2265 5431 2498 5505 {earum
2526 5421 2633 5484 oin.
2665 5429 2773 5505 CF.
2817 5497 2829 5505 _
2868 5426 2889 5457 ’
2930 5421 3142 5505 Sic.
3303 5432 3528 5505 m'f'tff-

247 5486 467 5558 "Teum
492 5486 607 5574 νόειιῖ
636 5502 741 5558 CF.
770 5486 773 5487 ν
820 5504 859 5536 ¹¹
880 5486 986 5560 Sic
1004 5486 1291 5571 (Ξὲςᾘίὶ
1332 5486 1596 5574 sapientia
1624 5486 1839 5558 divina.
1894 5486 1959 5534 ’⁸³
1990 5500 2081 5558 Sic
2104 5500 2227 5574 CF;
2261 5501 2303 5555 A
2343 5499 2518 5555 nullus
2564 5492 3040 5574 nou__impiu_s.‘m'_'
3329 5486 3404 5574 ..Α
3432 5486 3533 5537 ιιηο

245 5575 471 5646 Iurabit.
553 5571 599 5604 ⁸⁵
628 5573 807 5646 Corr.;
838 5573 970 5629 ACF
1017 5560 1332 5646 redigentur.
1397 5560 1455 5609 ’³⁸
1491 5575 1583 5646 Sic
1607 5574 1730 5646 CF;
1764 5573 1805 5629 A
1834 5582 2113 5646 asseverat.
2180 5560 2488 5646 :grudunt
2507 5586 2615 5646 om.
2784 5560 2794 5567 ’
2834 5566 2874 5597 ⁸⁷
2903 5562 3059 5646 Cch
3090 5561 3278 5615 visibili
3310 5560 3431 5614 dico
3453 5576 3525 5615 ιιι.

248 5644 298 5673 ’⁸
336 5659 545 5713 ἐπῆραν
569 5659 659 5700 om
684 5636 799 5698 CF.
896 5646 935 5676 η
969 5647 1020 5700 in
1046 5636 1151 5701 om'.
1181 5648 1223 5700 Α
1298 5647 1341 5676 ὀ
1368 5646 1458 5701 sic
1486 5645 1608 5710 cr;
1639 5645 1679 5697 Α
1702 5636 1732 5698 ά
1764 5660 1909 5699 vera.
1986 5644 2024 5675 εί
2057 5643 2145 5699 Sic
2169 5641 2252 5698 cr
2267 5636 2284 5707 ξ
2309 5642 2350 5696 Α
2381 5640 2526 5695 verbi
2557 5636 2761 5691 divisint
2786 5636 3148 5706 praedicatur.
