3898 6154
482 297 579 371 sit

1863 289 2053 347 JOAN!

2180 288 2376 348 SCOTI
2604 269 2612 277 ’
2685 271 2730 322 ἰ
2816 274 3194 340 ιι-ι.οἰνι
3573 297 3661 354 in

481 408 770 474 essentiae,
801 407 953 478 cujus
981 417 1034 463 ct
1071 406 1185 479 ipse
1220 415 1305 463 est
1324 449 1339 471 ,
1370 408 1608 462 existens
1628 447 1643 471 ,
1674 405 1815 462 exivi
1851 406 1919 459 ab
1947 403 2058 468 illo,
2090 405 2133 464 Λ
2164 404 2297 458 dixit
2329 422 2341 457 :
2370 402 2678 460 Praedicate
2702 405 3019 477 evangelium
3041 405 3176 461 omni
3196 416 3462 474 creaturae,
3486 426 3660 467 ouuieir

480 499 583 554 hoc
610 508 692 553 est
718 498 989 553 exinaniri
1016 498 1278 568 meipsum
1297 537 1315 562 ,
1342 497 1569 552 formam
1598 498 1742 551 servi
1769 496 2056 565 accipiens,

481 605 613 643 caro
642 589 887 643 videlicet
914 583 1091 644 factus
1107 605 1246 654 sum,
1280 598 1557 658 totamque
1584 589 1872 643 humanam
1904 596 2059 642 natu-

483 695 599 731 ram
629 678 843 746 accepi,
877 686 931 733 et
961 679 1154 733 iterum
1186 678 1433 749 relinquo
1460 678 1714 733 mundum
1743 690 1798 734 et
1825 678 1964 732 vado
1989 677 2057 732 ad

481 769 720 833 Patrem,
751 767 853 824 hoc
872 775 978 833 est,
1006 768 1254 823 servilem
1285 769 1529 832 formam,
1563 778 1838 839 totamque
1868 769 2059 823 innua-

479 874 602 914 nam
635 869 904 925 naturam,
933 875 1129 930 corpus
1160 861 1405 916 videlicet
1428 870 1481 915 et
1502 863 1736 916 animam
1766 870 1820 915 et
1848 860 2060 916 intelle-

479 957 648 1008 ctum,
678 960 732 1003 et
758 949 1133 1004 universaliter
1158 965 1317 1004 omne
1336 991 1350 1014 ,
1378 951 1518 1020 quod
1544 966 1607 1004 ex
1638 952 1750 1020 ipsa
1784 960 2056 1015 creatura,

478 1056 619 1109 quae
667 1049 880 1096 constat
925 1056 992 1095 ex
1037 1041 1233 1095 visihili
1282 1051 1336 1096 et
1382 1040 1698 1111 intelligibili
1746 1041 2056 1104 existentia,

477 1132 712 1201 sumpsi,
753 1130 893 1185 ul;ra
931 1146 1143 1185 omnem
1185 1132 1440 1186 mundum
1480 1131 1532 1185 in
1573 1131 1836 1185 Deitatem
1881 1144 2055 1183 meam

477 1233 829 1288 convertens,
877 1223 1023 1278 salva
1069 1232 1420 1289 naturarum,
1464 1239 1530 1278 ex
1567 1223 1764 1292 quibus
1800 1222 2054 1283 subsiste.

474 1316 686 1369 ratione
722 1322 990 1378 manente,
1021 1330 1184 1383 super
1223 1315 1427 1378 omnia,
1471 1330 1613 1384 quae
1644 1322 1771 1369 sunt
1816 1322 1870 1368 et
1916 1328 2058 1383 quae

476 1424 582 1463 non
616 1417 765 1472 sunt,
796 1407 977 1462 exalto
1008 1407 1047 1459 ί.
1091 1406 1267 1461 Exivit
1297 1407 1459 1476 igitur
1481 1424 1512 1462 a
1539 1406 1717 1473 Patre,
1748 1416 1801 1462 et
1827 1406 1974 1461 venit
2001 1406 2053 1459 in

476 1498 760 1562 mundum,
802 1498 1092 1551 humanam
1140 1497 1390 1553 videlicet
1440 1508 1690 1553 naturam
1727 1498 1956 1567 accepit,
2000 1498 2053 1552 in

474 1605 583 1659 qua
633 1598 780 1644 totus
817 1589 1044 1643 mundus
1090 1589 1369 1657 subsistit;
1406 1590 1538 1645 nihil
1574 1591 1719 1645 enim
1762 1590 1817 1643 in
1856 1588 2055 1643 mundo

472 1690 580 1743 cst,
610 1681 750 1750 quod
783 1694 886 1733 non
934 1681 986 1734 in
1035 1680 1269 1734 humana
1298 1690 1492 1735 natura
1520 1680 2009 1748 comprehendatur
2037 1698 2050 1732 :

2160 503 2465 550 creaturam
2495 496 2768 567 appellans
2798 498 3091 553 hominem.
3123 497 3232 553 Non
3260 500 3397 554 enim
3425 501 3662 557 irrationa.

2160 586 2358 642 bilibus
2387 587 2744 651 animalibus,.
2768 601 2860 642 seu
2888 589 3135 642 omnibus
3165 589 3416 645 creaturis
3437 606 3571 646 sensu
3591 608 3664 649 ra-

2160 678 2433 744 rentibus,
2466 694 2620 733 suum
2664 680 2997 749 evangelium
3025 681 3316 747 praedicari
3344 682 3490 752 jussit
3511 688 3548 748 τ,
3586 687 3659 743 sed

2158 768 2256 823 soli
2285 769 2512 832 homini,
2544 769 2596 823 in
2633 784 2741 837 quo
2764 770 2942 824 omnis
2980 778 3167 825 natura
3193 781 3366 827 creata
3394 775 3656 832 continetur.

2160 859 2300 916 ΜΑσ..
2333 859 2523 915 Omnis
2557 861 2738 929 itaque
2772 872 3027 915 creatura.
3058 862 3111 916 in
3152 864 3361 918 homine
3404 866 3511 920 est?
3549 869 3656 925 Dtsc.

2158 950 2274 1006 Hoc
2299 951 2664 1005 indubitanter
2688 948 2985 1006 fatendum.
3013 951 3151 1008 MAG.
3184 952 3387 1008 Fateris
3407 971 3539 1025 ergo.
3563 958 3659 1013 Ver.

2158 1040 2287 1095 bum
2316 1041 2434 1106 Dei,
2461 1040 2514 1094 in
2540 1055 2668 1110 quo,
2696 1048 2752 1095 et
2775 1056 2869 1110 per
2895 1041 3057 1111 quod,
3085 1051 3139 1096 et
3164 1041 3228 1096 ad
3258 1044 3392 1111 quod
3426 1044 3545 1098 facta
3566 1058 3659 1101 sunt

2157 1131 2364 1196 omnia,
2400 1131 2691 1186 secundum
2724 1147 2874 1185 suam
2903 1132 3236 1185 divinitatem
3270 1134 3318 1185 in
3345 1132 3540 1189 eﬂ’ectus
3562 1152 3657 1190 rau-
3688 1198 3695 1207 ,

2156 1236 2338 1275 sarum
2380 1220 2726 1275 descendisse
2768 1222 3060 1275 secundum
3103 1237 3251 1275 suam
3298 1223 3660 1278 humanitatem?

2158 1311 2304 1366 DISC.
2353 1310 2689 1364 Firmissime
2740 1309 2936 1365 fateor.
2990 1310 3129 1366 Mm.
3193 1312 3365 1377 Quare
3413 1314 3659 1367 descendit!

2157 1402 2306 1457 Dtsc.
2348 1401 2479 1465 Dic,
2505 1415 2729 1470 quaeso.
2770 1400 2909 1455 MAG.
2952 1401 3066 1455 Non
3104 1402 3264 1455 aliam
3288 1403 3353 1456 ob
3380 1413 3660 1468 eausam,ut

2156 1493 2370 1562 Opinor,
2399 1493 2499 1547 nisi
2512 1486 2588 1547 ἰιι
2628 1508 2935 1554 causarum,
2966 1509 3101 1562 quas
3131 1495 3415 1548 secundum
3448 1510 3573 1548 suam
3595 1496 3657 1549 di-

2155 1583 2432 1638 vinitatem
2465 1584 2809 1637 aeternaliter
2831 1592 2885 1638 et
2910 1584 3406 1639 incommutabiliter
3429 1586 3577 1646 habet,
3599 1601 3658 1640 se-

2158 1673 2392 1728 cundum
2423 1689 2573 1728 suam
2619 1675 3008 1728 humanitatem
3037 1673 3260 1729 eﬂ‘cctus
3295 1676 3515 1739 salvarct,
3540 1677 3658 1746 inque

474 1781 531 1826 et
559 1773 752 1826 iterum
785 1772 999 1841 reliquit
1042 1774 1298 1827 mundum
1319 1813 1334 1838 ,
1363 1783 1416 1828 et
1445 1775 1540 1828 ivit
1577 1773 1641 1826 ad
1672 1775 1886 1828 Patrem
1907 1813 1921 1836 ,
1954 1773 2057 1827 hoc
2089 1744 2131 1802 Β
2156 1781 2285 1820 suas
2310 1780 2501 1820 causas
2528 1775 2840 1831 remearet,
2870 1773 2929 1819 ut
2968 1766 3021 1819 in
3061 1766 3195 1836 ipsis
3221 1766 3455 1820 ineliabili
3480 1767 3656 1836 quadam

476 1872 579 1928 est,
633 1863 921 1918 humanam
958 1879 1117 1933 quam
1149 1874 1431 1934 acceperat
1461 1874 1709 1919 naturam
1751 1880 1915 1934 super
1938 1878 2053 1917 oma

478 1955 564 2008 nia
598 1956 826 2009 visibilia
856 1965 911 2010 et
938 1954 1247 2020 invisibilia,
1274 1972 1434 2025 super
1460 1972 1652 2012 omnes
1677 1957 1904 2011 virtutes
1933 1972 2057 2011 cae—

476 2043 662 2107 lestes,
694 2060 855 2114 super
879 2060 1040 2100 omne
1082 2047 1223 2115 quod
1255 2047 1451 2100 dicitur
1474 2057 1525 2101 et
1555 2046 1889 2117 intelligitur,
1928 2061 2059 2100 suae

475 2132 695 2197 Dcitati,
719 2151 858 2205 quae
886 2136 1028 2189 Patri
1061 2136 1302 2206 aequalis
1331 2146 1414 2191 est
1441 2139 1482 2200 ³,
1521 2137 1765 2192 adunans
1803 2137 2057 2192 sublima-

475 2226 571 2278 vit.
591 2207 908 2294 Quanquam
926 2227 1067 2279 enim
1094 2235 1261 2281 totam
1288 2228 1574 2282 humanam
1599 2235 1871 2287 naturam.
1895 2242 2056 2296 quam

479 2324 644 2370 totam
691 2319 920 2389 accepit,
954 2327 1118 2372 totam
1169 2318 1220 2373 in
1270 2320 1449 2388 seipso
1476 2329 1530 2374 ct
1575 2321 1628 2373 in
1674 2328 1785 2375 toto
1823 2320 2057 2376 lmmano

476 2422 673 2475 genere
699 2417 864 2463 totam
893 2409 1140 2475 salvavit,
1168 2410 1426 2479 quosdam
1450 2410 1665 2479 quidem
1695 2412 1747 2464 in
1770 2411 2053 2480 pristinum

478 2508 702 2553 naturae
729 2507 929 2552 statum
960 2499 1271 2562 restituens,
1299 2499 1563 2568 quosdam
1601 2513 1730 2552 vero
1757 2515 1856 2570 per
1881 2498 2058 2555 excel-

476 2588 690 2642 lentiam
722 2589 858 2642 ultra
887 2598 1133 2644 naturam
1158 2588 1416 2644 deiﬁcans
1449 2608 1461 2644 :
1505 2592 1556 2644 in
1581 2590 1724 2644 nullo
1752 2598 1926 2644 tamen
1951 2590 2053 2645 nisi

477 2679 532 2730 in
569 2678 682 2747 ipso
718 2678 833 2732 solo
862 2680 1170 2735 humanitas
1196 2678 1388 2734 Deitati
1430 2680 1482 2734 in
1511 2680 1770 2735 unitatem
1812 2681 2056 2735 substan-

477 2770 584 2829 tiae
622 2771 851 2825 adnuata
889 2779 991 2834 est,
1027 2779 1082 2826 et
1115 2771 1169 2825 in
1203 2772 1371 2841 ipsam
1409 2771 1673 2826 Deitatem
1713 2781 1917 2826 mutata
1945 2787 2058 2826 om-

476 2863 565 2913 nia
602 2862 950 2916 transcendit.
984 2862 1095 2917 lioc
1115 2863 1257 2917 enim
1289 2864 1565 2932 pvoprium
1590 2872 1752 2933 caput
1781 2863 2054 2918 Ecclesiae

477 2950 580 3004 sibi
616 2952 715 3021 ipsi
752 2953 1074 3018 reservavit,
1114 2962 1174 3008 ut
1218 2970 1323 3008 non
1364 2968 1424 3009 so
1449 2970 1539 3008 um
1588 2953 1703 3022 ejus
1742 2954 2053 3008 humanitas

481 3043 754 3112 particeps
786 3043 1038 3108 Deitatis,
1084 3059 1269 3099 verum
1322 3045 1483 3099 etiam
1517 3045 1629 3114 ipsa
1660 3046 1863 3107 Deitas,
1904 3054 2052 3112 pust-

474 3147 634 3201 quam
665 3121 910 3189 ascendit
938 3135 1005 3189 ad
1047 3135 1284 3200 Patrem,
1319 3135 1503 3201 fieret;
1536 3101 1588 3190 in
1618 3152 1778 3205 quam
1816 3137 2050 3190 altitndi-
2077 3101 2124 3161 Ω

478 3244 598 3282 nem
633 3228 807 3283 nullus
840 3238 1055 3298 praeter
1085 3230 1257 3298 ipsum
1298 3230 1561 3293 ascendit,
1602 3245 1699 3284 nec
1729 3244 2052 3284 ascensurus

474 3327 575 3372 est.
613 3318 681 3372 Et
718 3321 821 3373 hoc
858 3330 973 3384 est,
1004 3323 1145 3391 quod
1188 3322 1312 3377 alibi
1345 3338 1462 3392 aper
1479 3332 1528 3376 te
1566 3324 1631 3377 de
1673 3324 1850 3391 seipso
1878 3322 2049 3376 dicit:

478 3404 647 3460 Nemo
672 3408 902 3461 ascendit
930 3410 984 3462 in
1004 3409 1227 3477 caelum,
1267 3412 1366 3465 nisi
1391 3414 1482 3481 qui
1510 3411 1574 3464 de
1597 3410 1737 3465 caelo
1768 3411 2050 3474 descendit,

481 3497 620 3551 filius
649 3499 873 3552 hominis
893 3540 908 3565 ,
941 3500 1028 3568 qui
1056 3511 1130 3554 est
1169 3505 1220 3556 in
1263 3502 1425 3556 caelo.
1463 3503 1541 3557 Ac
1570 3504 1614 3557 si
1658 3502 1940 3558 manifeste
1969 3504 2052 3556 di—

477 3595 626 3640 rcret
659 3606 673 3638 :
712 3602 869 3641 nemo
906 3590 1148 3643 ascendit
1186 3592 1236 3644 in
1268 3590 1511 3655 Patrem,
1543 3592 1645 3645 nisi
1673 3592 1763 3661 qui
1797 3608 1862 3646 ex
1893 3591 2054 3647 Patre

477 3677 792 3741 descendit,
833 3687 888 3732 et
929 3680 1053 3733 dum
1098 3696 1126 3733 a
1162 3680 1322 3735 Patre
1360 3682 1658 3748 descendit,
1693 3682 1905 3739 Patrem
1948 3700 2052 3738 non

477 3767 745 3834 deseruit;
777 3769 866 3837 qui
915 3785 1128 3839 semper
1173 3770 1226 3824 in
1278 3772 1433 3827 Patre
1475 3781 1575 3837 est,
1613 3774 1865 3842 quoniam
1894 3774 2056 3829 Pater

477 3857 533 3911 in
572 3857 660 3911 illo
694 3859 1157 3929 inseparabiliter,
1189 3869 1242 3914 et
1275 3862 1361 3916 ille
1390 3862 1443 3917 in
1485 3862 1644 3918 Patre
1681 3879 1894 3933 semper
1927 3874 2009 3919 est
2037 3883 2050 3918 :

480 3947 595 4017 ligo
623 3950 779 4014 enim,
811 3951 906 4015 ait,
930 3960 976 4003 et
1001 3948 1162 4004 Pater
1188 3968 1348 4005 unum
1375 3970 1572 4008 sumus.
1610 3954 1664 4009 In
1692 3971 1850 4024 quam
1879 3956 2054 4009 unita-

482 4049 589 4091 tem
623 4038 768 4092 solus
805 4039 893 4095 ille
932 4055 1083 4094 suam
1125 4042 1510 4098 humanitatem
1547 4045 2055 4111 suln'exit,,ceterus

479 4140 682 4192 mitem,
713 4146 848 4200 quos
876 4131 1113 4197 deiﬁcat,
1141 4132 1251 4186 sola
1283 4134 1690 4204 participatione
1720 4149 1847 4189 suae
1878 4135 2054 4189 Deita-

478 4221 547 4274 tis
576 4220 595 4251 ³
635 4237 1065 4293 unumquemque
1105 4226 1397 4279 secundum
1440 4225 1774 4279 altitudinem
1803 4228 2054 4296 propriae

475 4312 944 4381 contemplationis
995 4322 1116 4382 post
1166 4312 1187 4344 ⁵
1238 4328 1296 4369 se
1332 4314 1643 4378 constituit,
1692 4316 1948 4370 ordinans
1997 4315 2051 4369 in

2159 1856 2506 1920 adunatione,
2538 1857 2694 1910 sicuti
2724 1866 2779 1909 et
2806 1857 2955 1925 ipsae
2983 1871 3179 1910 causae
3209 1857 3250 1921 ⁸,
3279 1857 3583 1911 salvarentur.
3603 1858 3658 1910 Ac

2159 1946 2201 1999 si
2243 1955 2427 2014 aperte
2456 1946 2661 2000 diceret
2691 1964 2705 1999 :
2736 1946 2790 2000 Si
2822 1947 2914 1999 Dei
2938 1947 3200 2015 sapientia
3227 1947 3276 1999 in
3298 1945 3496 2001 eﬂ'ectus
3516 1962 3659 2000 causa-

2161 2051 2297 2096 rum,
2323 2052 2462 2105 quae
2484 2036 2533 2088 in
2562 2050 2623 2089 ea
2646 2035 2992 2089 aeternalilcr
3014 2036 3219 2099 vivunt,
3239 2052 3336 2091 non
3361 2037 3654 2097 descenderet,

2158 2140 2443 2179 causarum
2472 2127 2611 2180 ratio
2641 2127 2840 2196 periret
2866 2145 2876 2179 :
2905 2128 3255 2194 pereuntibus
3280 2128 3410 2181 enim
3435 2143 3655 2181 causarum

2157 2217 2435 2272 etfeclibus
2469 2217 2608 2270 nulla
2642 2233 2802 2272 causa
2830 2226 3182 2285 ~remaneret,
3223 2227 3353 2274 sicut
3384 2219 3654 2289 pereuntibus

2158 2310 2336 2364 causis
2368 2310 2495 2363 nulli
2540 2321 2877 2365 remanerent
2907 2311 3163 2377 cﬂeetus;
3197 2313 3327 2366 haec
3356 2313 3481 2365 Cuim
3519 2308 3653 2362 relati

2158 2413 2345 2453 verum
2379 2400 2587 2454 ratione
2615 2400 3054 2465 simuloriuntnr,
3079 2411 3134 2455 ct
3163 2402 3316 2455 simul
3342 2402 3571 2458 occidunt,
3591 2407 3656 2450 aut

2157 2492 2314 2548 simul
2362 2501 2416 2546 et
2463 2508 2675 2561 semper
2714 2502 3030 2563 permanent
3065 2496 3108 2546 ’.
3176 2495 3315 2548 [)tsc.
3353 2491 3498 2546 Tutus
3526 2491 3656 2556 itaque

2157 2583 2389 2637 nnmdus
2430 2583 2479 2635 in
2524 2584 2698 2637 Verba
2740 2584 2833 2637 Dei
2882 2585 3191 2653 unigenito,
3234 2583 3509 2641 incuruata,
3542 2580 3656 2632 iuliu-

2158 2679 2373 2725 manato
2401 2673 2574 2726 adhuc
2604 2671 2909 2741 specialiter
2941 2674 3226 2727 restitutus
3254 2681 3353 2737 est,
3382 2672 3429 2724 in
3458 2669 3543 2722 line
3565 2680 3657 2720 vero

2158 2767 2338 2820 mundi
2371 2767 2694 2835 generaliter
2721 2776 2775 2822 cl.
2804 2768 3192 2822 universalitcr
3221 2770 3271 2822 in
3302 2769 3468 2821 eodem
3494 2772 3652 2819 restau-

2156 2860 2384 2914 rahitur.
2423 2860 2572 2926 Quod
2601 2862 2743 2914 enim
2771 2862 3075 2931 specialiter
3104 2862 3160 2915 in
3203 2864 3371 2931 seipse
3396 2858 3435 2891 ι’
3466 2855 3657 2928 perfecit.

2155 2951 2477 3019 generaliter
2502 2952 2553 3006 iu
2596 2953 2850 3007 omnibus
2885 2954 3153 3023 perficiet.
3188 2953 3298 3008 Non
3328 2954 3435 3006 dico
3458 2951 3501 3004 in
3524 2946 3656 3001 omni-

2156 3047 2256 3100 bus
2299 3045 2604 3099 hominibus
2652 3045 3022 3108 solummodo,
3065 3047 3163 3099 sed
3206 3046 3257 3100 in
3301 3044 3432 3099 omni
3472 3033 3657 3095 sensibili

2154 3144 2423 3191 creatura.
2461 3135 2636 3204 ipsum
2676 3136 2939 3204 siquidem
2980 3135 3071 3189 Dei
3100 3134 3355 3198 Verbum,
3393 3130 3570 3201 quando
3590 3140 3657 3179 ac-

2150 3229 2293 3298 cepit
2327 3230 2614 3282 humanam
2660 3238 2937 3289 naturam,
2975 3228 3180 3283 nullam
3211 3237 3430 3283 creatam
3462 3224 3655 3278 substan-

2153 3321 2282 3373 tiam
2320 3318 2700 3388 praetermisit,
2746 3335 2906 3388 quant
2954 3320 3005 3372 iu
3036 3334 3101 3373 ea
3134 3319 3175 3350 ¹¹
3217 3334 3318 3373 non
3357 3311 3577 3383 acceperit
3606 3308 3653 3355 "-

2152 3409 2436 3477 Accipiens
2462 3409 2622 3478 igitur
2654 3408 2943 3462 humanam
2975 3417 3249 3472 naturam,
3280 3421 3473 3463 omnem
3495 3408 3654 3455 creatu-

2154 3515 2269 3552 ram
2301 3500 2525 3568 accepit.
2549 3497 2628 3552 Ac
2648 3513 2745 3567 per
2765 3497 2867 3551 hoc
2892 3498 2934 3551 si
2961 3498 3252 3552 humanam
3276 3505 3514 3553 naturam,
3534 3500 3651 3557 quam

2154 3589 2392 3657 accepit,
2444 3589 2674 3643 salvavit
2721 3598 2776 3642 et
2825 3589 3179 3652 restauravit,
3227 3601 3426 3643 omnem
3471 3577 3654 3650 profecto

2153 3689 2453 3734 creaturam
2488 3678 2751 3733 visibilem
2781 3687 2835 3732 et
2860 3678 3190 3732 iuvisibilem
3223 3672 3528 3733 restauravit.
3555 3666 3654 3722 Hinc

2154 3786 2260 3824 non
2305 3771 2576 3824 incassum
2608 3770 2876 3824 credimus
2905 3780 2958 3824 et
2997 3770 3369 3840 iutclliginms,
3397 3759 3656 3820 incarnatio-

2155 3878 2276 3915 nem
2310 3862 2469 3916 Vcrbi
2500 3862 2596 3917 Dei
2627 3880 2731 3917 non
2775 3863 2953 3916 minus
2978 3861 3206 3932 angelis,
3237 3875 3389 3929 quam
3414 3850 3656 3911 hominibus

2153 3950 2449 4020 profuisse;
2476 3953 2675 4023 profuit
2701 3967 2934 4020 namque
2961 3952 3272 4006 hominibus
3296 3950 3358 4003 ad
3382 3960 3511 4002 suam
3540 3942 3576 3972 “
3596 3953 3658 3991 re-

2155 4032 2512 4111 demptionem
2549 4058 2786 4114 suaeque
2828 4053 3053 4098 naturae
3095 4041 3529 4097 restaurationem,
3559 4042 3658 4101 pro-

2154 4135 2253 4189 fuit
2269 4136 2473 4207 angelis
2493 4137 2558 4191 ad
2586 4137 2965 4207 cognitionem.
2982 4137 3161 4191 lucom
3170 4130 3498 4205 prehensibile
3507 4125 3658 4194 quippe

2154 4233 2274 4278 erat
2321 4224 2554 4280 Verbum
2602 4228 2749 4282 onmi
2781 4235 3060 4281 creaturae
3110 4224 3301 4280 visibili
3345 4231 3397 4276 et
3430 4212 3655 4274 inuisibili,

2155 4319 2257 4374 huc
2279 4326 2363 4374 est
2398 4320 2741 4375 intellectuali
2777 4328 2830 4373 et
2859 4318 3142 4382 rationali,
3173 4317 3369 4387 angelis
3389 4309 3594 4365 νίιιθῑὶεθι
3615 4309 3659 4355 ει

478 4401 656 4469 scipsu
676 4443 690 4466 ,
732 4402 890 4457 veluti
924 4405 975 4456 in
1005 4404 1235 4473 quadam
1266 4404 1426 4459 domo
1456 4405 1497 4470 ⁵,
1524 4418 1732 4468 omnes,
1766 4420 1900 4473 quos
1923 4420 2051 4460 cou-
2078 4436 2130 4496 Ι)
2157 4410 2486 4473 hominibus,
2513 4410 2823 4479 priusquam
2852 4409 3247 4469 incarnaretur,
3274 4402 3501 4475 quoniam
3525 4406 3657 4449 remo-

480 4493 677 4547 I’urmcs
705 4494 805 4548 sibi
853 4494 873 4524 ⁶
915 4495 1028 4549 iicri
1067 4495 1242 4565 elegit.
1278 4496 1420 4551 Deus
1458 4497 1636 4564 itaque
1668 4497 1760 4550 Dei
1793 4495 2048 4561 Verbum,

480 4588 534 4639 in
576 4603 682 4655 quo
713 4590 890 4642 omnia
937 4588 1074 4643 facta
1121 4596 1247 4644 sunt
1294 4590 1585 4645 causaliter
1628 4599 1683 4644 et
1727 4590 2047 4655 subsistunt,

479 4678 772 4731 secundum
802 4694 952 4733 suam
992 4680 1325 4735 divinitatem
1353 4680 1628 4736 descendit
1661 4681 1713 4734 in
1743 4696 2047 4746 causarum,

481 4782 620 4834 captae
656 4767 708 4820 in
748 4768 863 4837 ipso
900 4768 1218 4835 subsistunt,
1248 4769 1491 4838 eﬂ'ectus,
1522 4770 1573 4824 in
1602 4770 1762 4825 istum
1803 4770 2052 4824 videlicet

482 4857 791 4911 sensibilem
830 4861 1118 4927 mundum,
1156 4863 1444 4917 humanam
1478 4862 1749 4930 accipiens
1777 4870 2045 4928 naturam,

482 4949 535 5001 in
566 4961 668 5014 qua
695 4949 870 5002 omnis
891 4950 1117 5006 visibilis
1141 4961 1196 5007 et
1224 4952 1506 5007 invisibilis
1529 4960 1775 5007 creatura
1804 4953 2047 5006 contine-

485 5047 589 5094 tur.
615 5037 758 5093 Disc.
788 5038 844 5093 in
869 5040 971 5095 hoc
992 5042 1362 5098 incunctanter
1387 5042 1646 5098 catholica
1674 5043 1806 5097 lides
1826 5057 2049 5097 consen-

482 5139 564 5187 ttt.
599 5135 776 5203 ipsum
808 5150 1037 5203 namque
1075 5136 1167 5191 Dei
1190 5137 1422 5193 Verbum
1450 5135 1612 5193 homo
1646 5136 1868 5202 factum,
1904 5147 2055 5208 post-

482 5238 641 5295 quam
673 5228 970 5282 rcsurrcxit
992 5244 1020 5281 a
1051 5230 1298 5295 mortuis,
1342 5245 1469 5286 suos
1495 5229 1781 5300 discipulos
1801 5231 2051 5285 erudiens

2158 4507 2266 4552 tum
2291 4509 2345 4552 ct
2368 4507 2635 4553 secretum
2660 4513 2820 4567 super
2840 4513 3020 4563 omne,
3048 4498 3189 4567 quod
3212 4504 3288 4548 est
3312 4490 3504 4560 etquod
3526 4484 3560 4517 “
3577 4495 3655 4535 non

2156 4599 2257 4652 est,
2287 4604 2450 4659 super
2476 4604 2655 4654 omne,
2688 4589 2829 4657 quod
2862 4589 3060 4643 dicitur
3079 4597 3135 4641 et
3161 4583 3491 4653 intelligitur:
3520 4578 3660 4628 incar-

2155 4690 2337 4735 natum
2368 4696 2495 4733 vero
2522 4680 2916 4749 quodammodo
2952 4677 3305 4733 descendens.
3332 4666 3535 4727 mirabili
3558 4673 3657 4730 qua-

2155 4774 2277 4828 dam
2329 4773 2649 4840 theophania
2682 4782 2735 4826 et
2766 4769 3014 4825 ineffabili
3054 4780 3109 4823 et
3150 4765 3414 4835 multiplici
3449 4760 3549 4813 sine
3578 4754 3656 4806 tiae

2154 4868 2207 4921 in
2238 4866 2598 4936 cognitionem
2634 4865 2907 4933 angelicae
2945 4864 3309 4929 humanaeque
3338 4863 3534 4908 naturae
3558 4857 3655 4936 0"“

2152 4934 2345 5022 cessit,
2387 4965 2443 5010 et
2487 4972 2650 5025 super
2698 4956 2878 5009 munia
2929 4953 3252 5023 incognitum
3287 4948 3330 4980 "
3362 4960 3421 4998 ex
3456 4934 3656 4993 «ιιιιιιίίπδ

2152 5057 2424 5112 naturam,
2459 5047 2511 5102 in
2541 5061 2644 5115 qua
2673 5052 3107 5113 cognosceretur,
3129 5035 3423 5107 assumpsit,
3449 5026 3654 5119 inuadunt

2152 5139 2461 5195 sensibilem
2490 5147 2546 5191 et
2576 5134 2969 5204 iutclligibilem’
2987 5133 3041 5187 in
3073 5133 3245 5200 seipse
3273 5117 3657 5209 incomprehensi:

2151 5229 2243 5284 bili
2285 5229 2568 5283 harmonia
2612 5230 2874 5283 adunans.
2922 5225 2987 5279 Et
3030 5224 3116 5278 lux
3157 5211 3514 5276 inaccessibilis
3539 5215 3654 5259 0mm

1736 5340 1988 5396 VARIAE
2026 5341 2313 5397 LECTION
2322 5342 2421 5395 ES.

553 5452 567 5481 '
595 5453 689 5508 Sic
718 5454 833 5519 Cl";
865 5454 910 5508 A
935 5453 1188 5508 exn/lata.

478 5524 640 5577 domn
735 5526 756 5557 ⁶
784 5525 867 5579 CF
892 5523 1197 5579 conformes
1220 5541 1343 5577 suos
1369 5524 1482 5578 ﬁeri
1519 5524 1698 5592 elegit.

480 5606 523 5644 ει
548 5601 721 5654 aperte
742 5594 934 5646 diceret
948 5624 1018 5634 —
1032 5604 1332 5662 permanent
1355 5609 1466 5647 om.
1491 5593 1596 5647 (JF.

481 5662 631 5725 ιιιμὶι.
708 5662 751 5692 ¹³
776 5678 925 5714 suam
950 5679 1037 5718 om
1067 5664 1133 5718 Α.
1212 5662 1255 5695 ¹⁶
1284 5664 1422 5731 quod
1452 5680 1557 5719 om.
1584 5663 1688 5717 CF.

1264 5456 1285 5487 ⁹
1313 5454 1404 5508 Sic
1426 5453 1538 5518 CF;
1568 5454 1611 5508 Α
1652 5464 1730 5509 est
1754 5453 2008 5519 aequalis.

2083 5453 2105 5486 ³
2128 5453 2219 5508 Sic
2244 5453 2327 5509 CF
2352 5470 2367 5517 ;
2396 5453 2441 5507 A
2467 5453 2775 5505 divinitatis.

1772 5526 1791 5555 "
1822 5524 1911 5578 Sic
1944 5523 2026 5577 CF
2048 5541 2062 5588 ;
2094 5523 2136 5577 Α
2167 5524 2329 5592 jussit
2356 5523 2671 5593 praedicari.

1674 5594 1716 5627 ¹⁰
1734 5593 1825 5648 Sic
1852 5593 1935 5656 CF
1957 5611 1970 5654 ;
2005 5595 2043 5645 Α
2071 5596 2122 5646 in
2149 5593 2316 5660 seipse
2342 5592 2652 5660 specialiter.

1766 5666 1805 5697 ⁸⁵
1836 5665 1922 5717 Sic
1948 5663 2062 5729 Cl";
2092 5664 2130 5718 Α
2174 5664 2509 5730 incognitam.

2771 5524 2793 5555 ⁸
2816 5520 2908 5574 δίε
2937 5520 3060 5582 CF:
3108 5520 3147 5591 Α
3178 5519 3475 5591 ίρξειξειαξεξε

2734 5592 2773 5622 ¹¹
2800 5592 2850 5644 in
2874 5607 2935 5644 ea
2965 5606 3071 5646 om.
3098 5590 3159 5642 Α.
