3898 6154
236 334 335 401 913

1088 334 1175 392 DE
1218 330 1553 391 DlVlSlONF.
1592 327 1946 385 NATURAE.
1986 360 2058 370 -
2095 328 2294 384 LIBER
2337 327 2661 398 QUINTUS.

3333 380 3343 386 .
3397 326 3501 381 9M

237 462 513 513 creaturae
561 446 908 506 intellectuali
954 460 1008 506 et
1056 450 1308 506 rationali
1347 445 1593 518 praebuit
1631 457 1817 498 acces-
1850 446 1894 502 A
1924 446 2175 499 omnibus
2208 443 2570 503 sensibilibus,
2610 442 2723 495 sive
2761 438 3081 493 caelestibus
3108 437 3220 491 sive
3252 441 3505 501 terrenis,

237 562 375 601 sum.
407 543 545 598 llinc
575 549 678 606 est,
712 542 855 612 quod
883 542 1247 597 communiter
1267 538 1564 611 angelicam
1593 537 1823 607 hymno-

238 636 433 704 logiam
458 632 779 687 universalis
801 631 1041 687 Ecclesia
1074 632 1125 685 in
1150 631 1300 686 caelo
1329 639 1384 683 et
1413 629 1466 682 in
1490 636 1631 681 terra
1662 624 1820 679 intel-

238 727 421 799 ligibili
450 735 504 781 et
532 724 770 780 sensibili
802 740 936 780 voce
963 733 1185 780 cantare
1224 739 1331 778 non
1364 723 1563 777 desinit
1595 739 1607 773 :
1640 719 1824 774 Gloria

238 821 291 873 in
320 816 535 872 excelsis
565 814 697 878 Deo,
724 825 772 869 et
802 816 857 867 iu
905 824 1046 868 terra
1080 831 1186 885 pax
1212 813 1508 867 hominibus
1538 811 1702 864 bonae
1732 824 1822 862 ro-

240 905 478 960 luntatis.
509 904 588 958 Ac
611 918 711 973 per
743 904 845 957 hoc
871 903 1109 958 breviter
1139 901 1592 963 cooeludendum,
1623 899 1676 953 in
1708 898 1825 968 ipso

241 996 420 1048 omnia
451 997 469 1026 ¹
500 994 731 1053 visibilia
782 1002 837 1047 et
875 992 1187 1058 invisibilia,
1218 992 1323 1047 hoc
1360 1001 1444 1046 est
1469 988 1741 1045 sensibilis
1773 996 1828 1040 et

244 1086 592 1157 intelligibilis
639 1084 909 1148 mundus,
962 1093 1303 1149 restaurata,
1363 1082 1523 1152 inque
1565 1081 1825 1135 unitatem

243 1176 569 1232 inell‘ahilem
601 1185 854 1231 revocata
890 1184 1015 1230 sunt
1048 1193 1061 1228 :
1094 1175 1268 1229 adhuc
1309 1175 1361 1228 in
1392 1189 1514 1244 spe,
1555 1172 1609 1226 in
1651 1171 1830 1224 futuro

244 1284 373 1323 vero
406 1268 461 1322 in
494 1284 552 1324 re
575 1286 588 1321 :
613 1268 788 1322 adhuc
814 1268 867 1321 in
894 1265 1018 1331 lide,
1043 1267 1095 1320 in
1125 1266 1305 1320 futuro
1332 1265 1383 1318 in
1407 1263 1586 1334 specie
1611 1280 1625 1316 :
1654 1262 1830 1315 adlmc

245 1359 295 1412 in
333 1366 673 1429 argumento,
701 1358 753 1411 in
776 1356 958 1412 futuro
986 1356 1038 1410 in
1060 1357 1433 1424 experimento
1466 1372 1478 1406 :
1501 1354 1613 1422 jam
1640 1352 1691 1404 in
1715 1351 1830 1420 ipso

243 1448 486 1511 homine,
522 1462 680 1516 quem
716 1447 1025 1517 specialiter
1059 1447 1263 1515 accepit
1305 1445 1525 1508 factum,
1558 1444 1609 1498 in
1650 1442 1832 1497 futuro

244 1539 295 1592 in
318 1540 571 1593 omnibus
596 1538 923 1609 generaliter
945 1538 1349 1608 perliciendum.
1368 1534 1483 1589 Non
1508 1536 1688 1603 itaque
1711 1534 1834 1603 quis

244 1628 620 1697 parvipcndat,
648 1629 791 1698 quod
823 1628 915 1682 Dei
949 1628 1180 1683 Verbum
1213 1628 1620 1680 inhumanatum
1649 1626 1740 1690 sit,
1769 1639 1834 1679 ac

244 1719 409 1773 veluti
458 1719 749 1773 humanam
819 1730 1068 1774 naturam
1128 1717 1465 1773 solummodo
1514 1717 1737 1772 salvarit
1777 1718 1832 1780 ’,

1926 536 2350 607 intelligendum.
2379 532 2567 587 Omnia
2599 531 2886 601 siquidem,
2928 546 3067 600 quae
3092 530 3224 584 locis
3254 528 3506 599 tempori-

1926 633 2135 699 husque
2182 629 2481 690 variantur,
2531 625 2918 693 corporeisque
2967 623 3219 676 sensibus
3254 636 3496 676 succum-

1925 723 2081 785 bunt,
2137 736 2241 773 non
2294 719 2442 788 ipsae
2485 732 2571 772 res
2601 714 2986 771 substantiales
3009 729 3241 782 vereque
3267 714 3506 768 existen-

1929 825 2032 875 tes,
2067 811 2160 867 sed
2212 812 2452 880 ipsarum
2499 823 2680 862 rerum
2719 822 2844 861 vere
2874 807 3217 860 existenlium
3245 806 3510 874 quaedam

1931 906 2279 960 transitoriae
2327 903 2592 973 imagines
2638 910 2693 955 et
2738 900 3117 955 resnltationes
3169 897 3512 967 intelligenda

1930 1005 2074 1052 sunt.
2137 994 2304 1063 Cujus
2367 992 2593 1047 rationis
2648 990 2954 1059 exemplum
3010 997 3094 1043 est
3136 1003 3239 1042 vox
3289 986 3514 1054 ejusque

1932 1091 2126 1157 imago,
2181 1102 2318 1155 quae
2350 1101 2386 1141 a
2435 1082 2661 1137 Graecis
2710 1087 2830 1154 ἠχώ
2876 1091 3123 1146 vocatur,
3165 1097 3257 1135 seu
3289 1096 3514 1149 corpora

1933 1180 2282 1248 ipsorumque
2336 1174 2581 1237 umbrae,
2635 1188 2774 1242 quae
2819 1173 2933 1228 sive
2982 1173 3033 1225 in
3080 1188 3214 1241 puro
3257 1172 3383 1225 aere
3411 1171 3522 1224 fore

1933 1278 2137 1332 malae,
2167 1268 2281 1320 sive
2312 1265 2378 1319 de
2416 1264 2591 1333 aquis,
2620 1264 2735 1317 sive
2765 1263 2831 1317 de
2858 1263 3222 1331 qualicunque
3256 1278 3338 1323 re,
3379 1264 3520 1316 unde

1932 1360 2109 1415 solent
2164 1357 2449 1419 resultare,
2504 1356 2807 1410 resultant:
2840 1370 2979 1423 quae
3014 1364 3209 1409 cuncta
3260 1370 3365 1408 non
3408 1370 3516 1417 res,

1936 1454 2031 1509 sed
2076 1451 2246 1506 falsae
2292 1465 2471 1504 rerum
2527 1449 2791 1519 imagines
2831 1447 3128 1517 probantur
3164 1461 3302 1500 esse.
3337 1445 3521 1515 Itaque

1936 1545 2075 1598 sicut
2110 1541 2371 1608 imagines
2397 1555 2586 1593 vocum
2631 1537 2963 1607 umbraeque
2991 1553 3275 1607 corporum
3324 1552 3418 1607 per
3466 1550 3526 1590 se

1940 1649 2045 1687 non
2079 1631 2402 1693 subsistunt,
2452 1630 2575 1698 quia
2630 1629 2933 1683 substantia
2970 1642 3071 1680 non
3102 1636 3264 1681 sunt:
3292 1628 3369 1682 sic
3404 1642 3524 1681 cor-

1938 1743 2070 1798 pora
2095 1728 2195 1780 ista
2220 1723 2491 1778 sensibilia
2524 1722 2683 1775 veluti
2710 1735 2892 1775 rerum
2925 1719 3331 1775 subsistentium
3362 1733 3528 1787 quae-

244 1812 340 1865 8οά
368 1811 680 1866 Πτωῖεείιιιθ
706 1813 891 1867 erﬁda!
916 1854 930 1876 9
963 1822 1017 1865 ει
1056 1812 1342 1881 βητίδθῖπηθ
1372 1810 1663 1878 inlclligat.
1693 1810 1836 1879 quod
1871 1799 1911 1855 Β
1940 1820 2062 1872 dam
2091 1816 2473 1872 similitudines
2497 1822 2640 1876 sunt,
2670 1820 2723 1865 et
2744 1827 2841 1881 per
2861 1827 2919 1865 se
2941 1811 3236 1865 subsistere
3260 1809 3525 1863 nesciunt.

244 1919 340 1968 per
368 1904 1001 1958 inhumanatimtemFilii
1021 1905 1110 1958 Dei
1138 1905 1315 1958 oumis
1336 1913 1583 1958 creatura
1612 1904 1663 1957 in
1687 1902 1839 1958 caelo

247 2002 296 2047 et
331 1994 385 2046 in
418 1992 439 2024 ³
489 2003 627 2047 terra
654 1994 797 2047 salva
832 1993 969 2047 facta
1001 2002 1103 2047 est.
1129 1992 1355 2048 Omnem
1380 2009 1509 2046 vero
1533 2001 1838 2046 creaturam

248 2085 374 2139 dico
415 2099 628 2152 corpus,
666 2093 719 2138 et
750 2085 967 2137 vitalem
998 2093 1226 2147 motmn,
1252 2093 1306 2137 et
1331 2099 1570 2148 scusmn,
1597 2092 1652 2137 et
1680 2098 1842 2151 super

249 2175 391 2228 haec
434 2175 695 2227 rationem
736 2184 789 2228 et
832 2174 1180 2228 intellectum.
1227 2174 1388 2227 Extra
1441 2189 1577 2241 quae
1617 2183 1843 2242 putasne

248 2270 469 2331 praeter
509 2264 671 2316 Deum
715 2262 876 2317 ullam
926 2272 1172 2317 naturam
1210 2263 1367 2317 esse?
1420 2262 1559 2316 Msa.
1608 2261 1840 2316 Nullam.

251 2352 446 2407 Totius
471 2354 613 2407 enim
640 2352 662 2384 ⁸
700 2362 980 2408 creaturae
1002 2353 1143 2408 nulla
1174 2353 1277 2406 alia
1309 2352 1526 2422 partitio
1551 2353 1841 2407 invenitur.

252 2443 308 2499 Si
340 2445 491 2498 enim
527 2455 641 2509 est,
670 2454 763 2499 aut
801 2446 1106 2501 intellectus
1142 2446 1391 2515 cognitus
1420 2445 1505 2499 vel
1545 2436 1847 2515 incognitus

251 2545 356 2601 est,
385 2545 481 2590 aut
509 2538 667 2601 ratio,
699 2547 792 2592 aut
817 2554 1037 2602 sensus,
1069 2548 1160 2591 aut
1192 2540 1299 2591 vita
1336 2537 1581 2591 nutriens
1613 2552 1845 2606 augens-

253 2644 360 2696 que
390 2643 636 2697 corpora,
662 2638 751 2680 aut
780 2642 974 2696 corpus
1007 2628 1179 2696 ipsum
1212 2628 1232 2659 ⁸
1278 2627 1404 2691 erit,
1428 2636 1481 2681 et
1507 2628 1640 2682 haec
1667 2628 1847 2681 omnia

256 2718 500 2770 V'erlrum
530 2717 625 2771 Dei
652 2718 990 2770 incarnatum
1024 2719 1252 2786 accepit.
1302 2717 1445 2771 Disc.
1491 2717 1629 2783 Quid
1671 2719 1851 2785 itaque

255 2809 457 2863 dietnri
502 2808 723 2862 sumus?
758 2807 892 2861 Num
938 2808 1328 2862 irrationabilia
1374 2807 1659 2870 animalia,
1706 2807 1848 2876 ligna

256 2900 425 2953 etiam
467 2908 522 2952 et
568 2899 791 2962 herbae,
833 2913 1130 2967 omnesque
1163 2899 1323 2967 hujus
1367 2898 1549 2951 mundi
1596 2907 1779 2966 partes
1820 2913 1849 2950 a

258 3006 476 3045 summo
514 3005 686 3059 usque
717 2991 968 3045 deorsum
1010 2990 1063 3043 in
1089 2987 1265 3043 Verbo
1297 2988 1389 3042 Dei
1439 2988 1718 3042 incarnato
1762 3004 1849 3041 re-

259 3092 499 3136 staurata
529 3093 652 3136 sunt
678 3082 734 3136 ‘?
784 3083 921 3138 Msa.
953 3082 1138 3146 Miror,
1165 3097 1262 3135 cur
1290 3082 1446 3135 toties
1476 3083 1699 3135 eandem
1730 3095 1845 3134 rem

258 3170 484 3240 repetis.
516 3170 703 3223 Nonne
729 3169 963 3225 Verbum
1005 3185 1285 3225 assumens
1313 3170 1608 3233 hominem,
1635 3183 1848 3223 omnem

260 3270 568 3314 creaturam
586 3261 849 3315 visibilem
871 3271 925 3315 et
943 3261 1265 3315 invisibilem
1284 3262 1511 3331 accepit,
1530 3271 1584 3315 et
1599 3262 1620 3293 τ
1657 3269 1849 3325 totum,

261 3351 406 3419 quod
428 3351 480 3404 in
504 3351 722 3405 homine
750 3352 979 3420 accepit,
1004 3352 1213 3404 salvum
1242 3349 1404 3404 fecit?
1424 3353 1493 3405 At
1517 3350 1540 3381 ⁸
1562 3352 1605 3405 si
1635 3366 1848 3404 omnem

259 3450 567 3496 creaturam
587 3442 812 3509 accepit,
839 3441 1128 3495 humanam
1144 3442 1416 3510 accipiens
1440 3453 1708 3505 naturam,
1727 3457 1849 3512 pro-

258 3534 406 3588 fecto
448 3548 662 3585 onmem
713 3543 1018 3587 creaturam
1075 3533 1323 3596 salvavit,
1367 3542 1420 3587 et
1468 3533 1520 3585 in
1569 3544 1850 3586 aeternum

262 3624 598 3675 salvaturum
628 3629 649 3660 ο
687 3622 812 3675 erit.
846 3622 993 3677 Disc.
1025 3622 1330 3691 Corporeae
1358 3624 1521 3690 igitur
1552 3624 1741 3687 moles,
1777 3622 1853 3677 lo-

259 3714 473 3769 ealibus
502 3714 691 3782 spatiis
715 3714 1002 3776 distentae,
1038 3715 1221 3767 multis
1242 3713 1579 3783 diversisque
1609 3713 1853 3782 partibus

261 3805 619 3874 compositae,
655 3819 755 3858 nec
785 3819 889 3858 non
923 3805 1086 3859 etiam
1120 3805 1360 3858 visibiles
1389 3804 1630 3872 species,
1659 3803 1854 3872 quibus

262 3898 436 3951 niolcs
466 3898 633 3966 ipsae,
670 3912 736 3949 ne
763 3895 929 3949 lluant
960 3897 1012 3949 in
1044 3911 1241 3961 unum,
1272 3897 1638 3961 continentur,
1668 3909 1852 3948 resur-

262 3996 516 4041 recturae
541 3997 664 4041 sunt
697 3988 748 4040 in
774 3986 1010 4057 generali
1044 3987 1318 4041 hominum
1351 3986 1391 4017 ¹⁰
1424 3987 1854 4042 resurrectione?

260 4081 341 4133 Ac
371 4095 471 4148 per
500 4080 601 4133 hoc
628 4078 670 4133 si
708 4089 893 4148 partes
919 4079 1066 4148 ipsae
1104 4080 1159 4132 in
1195 4095 1321 4133 suas
1351 4079 1519 4133 moles
1545 4078 1853 4148 formasque

261 4184 318 4228 et
362 4176 599 4245 species,
649 4175 850 4244 quibus
888 4175 1116 4230 visibilis
1165 4177 1395 4229 mundus
1438 4184 1491 4230 et
1533 4185 1762 4229 ornatur
1801 4182 1857 4228 et

262 4265 631 4335 componitur,
660 4277 965 4335 resurgant,
988 4264 1258 4335 sequitur,
1283 4264 1425 4334 quod
1453 4274 1594 4318 totus
1625 4263 1854 4318 mundus

261 4372 370 4410 non
400 4357 675 4426 periturus
697 4358 786 4423 sit,
816 4360 909 4412 sed
935 4359 985 4412 in
1009 4360 1237 4413 eundem
1277 4367 1475 4411 statum
1514 4372 1850 4411 reversurus.

263 4445 400 4498 Nam
435 4446 478 4498 si
512 4457 693 4515 partes
728 4449 1197 4513 reslaurahuntur,
1221 4463 1321 4503 cur
1352 4462 1457 4501 non
1492 4455 1546 4499 et
1575 4455 1742 4501 totum
1769 4446 1808 4477 “
1830 4448 1855 4500 ?

1938 1907 2073 1962 Nam
2100 1916 2155 1961 et
2178 1907 2411 1959 lmmana
2436 1918 2680 1973 corpora,
2714 1917 2854 1971 quae
2886 1915 3026 1953 nunc
3061 1900 3102 1929 "
3148 1899 3391 1952 localiter
3420 1898 3529 1951 dis-

1942 2000 2254 2062 tenduntur,
2305 1996 2652 2053 incrementis
2725 1993 3193 2061 deerementisqno
3246 1993 3524 2047 variantur

1940 2098 1995 2143 et
2023 2089 2068 2120 ¹³
2092 2097 2391 2149 moventur,
2430 2086 2637 2154 species
2671 2099 2883 2153 quoque
2913 2098 3097 2138 eorum
3124 2083 3192 2147 “,
3226 2083 3338 2136 sive
3369 2097 3531 2153 gene-

1943 2179 2084 2234 rales
2109 2178 2248 2239 illae,
2284 2178 2417 2245 quas
2450 2175 2493 2207 “
2527 2174 2706 2228 omnia
2731 2189 2956 2241 corpora
2992 2173 3225 2227 humana
3250 2172 3293 2211 ¹⁶
3316 2173 3534 2241 partici-

1943 2284 2092 2345 pant,
2125 2274 2236 2327 sive
2266 2270 2547 2342 speciales,
2596 2269 2792 2339 quibus
2815 2269 2858 2300 ³⁷
2884 2267 3213 2336 singulorum
3246 2279 3530 2335 corporum

1946 2365 2227 2435 quantitas
2274 2359 2764 2422 circun'iseribilur,
2814 2358 2866 2409 in
2914 2355 3312 2409 resurrectione
3353 2352 3531 2408 futura

1944 2475 2055 2513 non
2086 2465 2245 2510 erunt
2273 2455 2340 2517 η,
2373 2453 2465 2507 sed
2492 2453 2543 2505 in
2577 2450 2909 2520 spiritualem
2934 2460 3205 2510 naturam,
3236 2463 3375 2517 quae
3400 2447 3537 2502 locis

1951 2546 2412 2615 temporibusque,
2444 2543 2677 2612 propriis
2711 2556 2926 2609 quoque
2954 2540 3257 2610 speciebus,
3293 2553 3433 2610 quae
3464 2553 3529 2590 ex

1951 2637 2215 2708 qualitate
2263 2644 2316 2687 et
2358 2632 2661 2702 quantitate
2712 2638 3018 2691 sumuntur,
3075 2628 3246 2681 nescit
3296 2626 3532 2680 circum-

1951 2726 2137 2788 scribi,
2170 2724 2495 2778 transituras
2521 2722 2562 2753 ¹⁹
2589 2737 2708 2774 esse
2734 2720 2996 2773 naturalis
3026 2720 3162 2771 ratio
3185 2718 3392 2772 edocet.
3426 2717 3536 2771 Iloc

1954 2832 2131 2871 autem
2167 2817 2395 2869 dicimus
2425 2830 2528 2867 non
2552 2812 2970 2881 praescrihendo
3000 2812 3298 2865 sententias
3326 2824 3533 2872 eorum,

1952 2909 2041 2978 qui
2074 2908 2232 2961 aliter
2258 2907 2324 2960 de
2360 2906 2759 2957 resurrectione
2790 2917 3079 2970 corporum
3111 2901 3330 2954 omnino
3357 2900 3542 2968 dispu-

1955 3010 2085 3053 tant.
2135 2998 2417 3053 Ailirmant
2440 2997 2609 3061 enim,
2650 2996 2889 3049 humana
2927 3009 3152 3062 corpora
3186 2992 3236 3045 in
3268 3008 3328 3044 ea
3359 3006 3537 3059 quan-

1955 3094 2108 3147 titate
2139 3102 2192 3146 et
2222 3093 2420 3161 specie,
2476 3092 2527 3144 in
2578 3106 2681 3159 qua
2733 3088 3152 3157 unumrptmlque
3186 3086 3405 3148 cecidit,
3454 3086 3537 3138 [ιιι

1957 3194 2073 3239 tura
2104 3199 2243 3247 csso,
2274 3199 2569 3253 sexuuque
2593 3197 2804 3245 eorum,
2838 3180 3044 3233 virilem
3073 3180 3193 3232 dico
3221 3178 3541 3233 femineum-

1952 3291 2080 3345 que,
2143 3289 2557 3344 permansurum
2590 3278 2892 3325 antumanl.
2942 3270 3019 3324 De
3066 3268 3261 3337 quibus
3296 3277 3537 3337 postmo-

1952 3367 2078 3419 dum
2120 3364 2685 3419 cotntnetrorabintus.
2734 3362 2889 3428 Quod
2941 3368 3119 3414 autem
3175 3358 3431 3411 animalia
3474 3371 3537 3410 ea

1956 3457 2184 3518 ratione,
2225 3472 2329 3523 qua
2366 3454 2623 3516 diximus,
2654 3453 2755 3507 hoe
2777 3461 2879 3516 est,
2913 3452 2964 3505 in
2998 3451 3175 3513 causis
3206 3450 3317 3504 suis
3342 3450 3536 3503 iterum

1956 3546 2133 3599 futura
2159 3546 2266 3599 sint
2296 3545 2360 3608 “,
2387 3561 2455 3598 ex
2482 3544 2660 3598 verbis
2685 3544 2859 3597 sancti
2896 3542 3135 3613 Dionysii
3167 3542 3542 3596 incunctanter

1954 3652 2239 3706 possumus
2296 3634 2683 3706 argumentari.
2731 3633 2979 3703 Capilqu
3030 3644 3183 3688 sexto
3230 3633 3297 3686 de
3343 3630 3541 3684 divinis

1954 3727 2271 3781 Nominibus
2300 3725 2365 3779 de
2403 3726 2580 3778 divina
2614 3724 2722 3778 vita
2761 3725 3044 3793 disputans
3076 3740 3089 3774 :
3120 3720 3534 3783 Immortaliam,

1957 3817 2146 3885 inquit,
2172 3815 2475 3885 angelorum
2518 3818 2620 3869 vita
2650 3825 2695 3869 et
2725 3814 3116 3877 immortalitas,
3147 3822 3194 3866 et
3217 3810 3542 3881 imperdibile

1954 3907 2123 3976 ipsum
2147 3905 2411 3973 angelicae
2427 3922 2625 3973 semper
2645 3906 2903 3967 motionis,
2936 3920 3001 3957 ea:
3024 3906 3155 3969 ipsa,
3189 3903 3368 3955 divina
3394 3902 3543 3956 vide-

1957 3997 2083 4049 licet
2113 3997 2242 4059 vita,
2279 4005 2324 4048 et
2348 4013 2439 4063 per
2464 3997 2629 4064 ipsum
2664 4004 2740 4047 est
2770 4004 2816 4047 et
2855 3994 3122 4057 subsistit;
3151 3994 3348 4046 idcirco
3385 4000 3432 4046 et
3463 3992 3542 4044 tti-

1956 4098 2125 4143 rentes
2156 4102 2356 4154 semper
2394 4095 2440 4138 et
2471 4085 2789 4137 immortales
2817 4084 3082 4146 dicuntur,
3120 4095 3168 4137 et
3199 4099 3302 4136 non
3331 4082 3545 4135 immor-

1956 4178 2084 4231 tales
2117 4177 2338 4239 iterum,
2369 4176 2491 4244 quia
2524 4191 2622 4227 non
2672 4191 2703 4226 a
2750 4174 2931 4242 seipsis
2956 4174 3145 4226 habent
3180 4171 3545 4225 immortaliter

1957 4284 2067 4321 esse
2091 4277 2138 4321 et
2163 4266 2499 4321 acternalitcr
2525 4267 2713 4329 virere,
2739 4267 2828 4319 sed
2848 4282 2912 4319 ea:
2938 4266 3136 4333 cici/ira
3159 4274 3206 4317 et
3228 4266 3385 4317 totius
3406 4265 3543 4317 vitae

1959 4356 2175 4424 fartrice
2196 4366 2242 4408 et
2276 4355 2591 4408 continuatri
2607 4371 2650 4407 τε
2671 4371 2851 4408 causa.
2885 4352 2950 4406 Et
2980 4357 3112 4406 sicut
3134 4354 3190 4406 iu
3211 4361 3328 4407 ante
3340 4354 3385 4385 “
3408 4352 3541 4405 diri-

1959 4464 2096 4511 nius,
2114 4446 2213 4500 hoc
2239 4454 2319 4500 est
2342 4445 2407 4499 de
2423 4447 2657 4499 essentia
2684 4453 3007 4505 tractantes;
3035 4442 3093 4500 ὅν
3111 4446 3255 4497 etiim
3272 4459 3298 4496 a
3318 4443 3544 4499 Graecis

262 4534 406 4588 Mss.
424 4532 725 4589 Visibilium
742 4545 793 4591 et
817 4537 1153 4592 sensibilium
1169 4552 1454 4605 corporum
1472 4537 1639 4590 moles
1660 4545 1715 4589 et
1732 4551 1854 4605 spc—
1883 4515 1930 4573 D
1956 4537 2194 4591 essentia
2212 4534 2600 4590 diciturdivina
2620 4534 2685 4598 ",
2703 4532 2821 4586 ut“
2834 4543 2888 4591 et
2909 4534 3209 4599 osa-imm
3238 4544 3283 4587 et
3308 4533 3539 4602 ejusdem

262 4625 375 4677 cies
392 4634 796 4679 rcsurrecturas
817 4641 923 4680 non
938 4626 1184 4688 dicimus,
1203 4627 1321 4691 sed,
1339 4634 1396 4680 ut
1417 4641 1579 4696 saepe
1593 4627 1732 4680 inter
1755 4642 1853 4681 nos

262 4725 618 4777 convenerat,
633 4717 685 4770 in
709 4733 834 4772 suas
854 4732 1048 4771 causas
1068 4727 1121 4771 et
1143 4718 1397 4779 rationes,
1415 4732 1552 4788 quae
1570 4718 1620 4771 in
1636 4716 1855 4771 homine

264 4804 443 4858 factae
473 4816 617 4869 sunt,
654 4808 705 4860 in
755 4809 1150 4863 resurrectione
1194 4810 1426 4864 hominis
1468 4824 1589 4863 cum
1638 4808 1859 4863 homine

264 4897 408 4950 etin
443 4898 661 4952 homine
708 4914 1042 4964 reversuras,
1099 4901 1151 4953 in
1203 4900 1400 4969 quibus
1441 4899 1561 4969 plus
1603 4898 1855 4953 animalia

262 4988 450 5041 omnia
494 4988 715 5043 dicenda
763 5000 889 5044 sunt
942 4991 1193 5043 animalia
1239 5005 1382 5053 esse,
1430 5005 1590 5058 quam
1631 4991 1681 5044 in
1726 4991 1859 5061 ipsis

261 5077 550 5134 dlectibus
578 5080 854 5149 oorporeis
902 5095 966 5134 ac
1012 5080 1376 5134 sensibilibus.
1422 5078 1522 5136 Ubi
1555 5080 1698 5135 enim
1730 5081 1860 5137 sub-

264 5174 489 5241 sistunt,
539 5174 610 5228 ibi
659 5174 925 5230 veraciter
980 5173 1232 5227 animalia
1277 5182 1422 5228 sunt.
1471 5172 1735 5229 Similiter
1788 5174 1857 5228 de

1960 4644 2068 4681 esse
2107 4637 2180 4681 est
2206 4626 2455 4689 causalis,
2492 4626 2567 4679 sic
2597 4635 2644 4679 et
2674 4625 2744 4679 ibi
2771 4626 2981 4689 iterum,
3036 4625 3087 4678 in
3122 4626 3232 4679 vita
3266 4624 3542 4688 videlicet,

1962 4721 2084 4790 quia
2111 4729 2159 4773 rt
2190 4735 2281 4788 per
2306 4720 2531 4787 seipsam
2563 4718 2665 4770 rita
2690 4726 2762 4770 est
2795 4718 2973 4770 divina
3006 4717 3127 4780 rita,
3156 4716 3326 4771 vitalis
3349 4730 3395 4770 et
3417 4717 3542 4768 sub-

1963 4810 2249 4873 stantialis,
2284 4820 2330 4863 et
2360 4810 2528 4863 omnis
2556 4810 2686 4873 vita,
2714 4819 2760 4861 et
2784 4807 2956 4863 vitalis
2987 4819 3156 4862 motus
3179 4824 3242 4861 ex.
3270 4809 3375 4861 vita
3405 4808 3542 4876 ipsa,

1962 4917 2096 4973 quae
2132 4911 2205 4955 est
2241 4915 2398 4970 super
2429 4914 2632 4953 omnem
2664 4898 2824 4953 vitam
2853 4908 2899 4951 et
2932 4914 3082 4951 onme
3118 4898 3435 4968 principium
3466 4906 3544 4948 to-

1962 4996 2065 5047 tius
2099 4994 2250 5047 ritae.
2279 4991 2361 5044 Ea:
2386 4992 2501 5059 ipsa
2532 5000 2577 5044 et
2606 4991 2813 5043 animae
2836 4989 3161 5060 imperdibile
3191 4990 3377 5043 habent
3400 4985 3468 5051 ",
3496 4996 3543 5039 et

1964 5084 2217 5139 animalia
2271 5084 2447 5137 omnia
2492 5092 2538 5135 et
2589 5082 2824 5152 germina
2884 5085 3169 5136 secundum
3212 5081 3542 5136 novissimam

1964 5174 2357 5228 consonantium
2378 5172 2585 5225 animae
2604 5172 2793 5226 habent
2819 5174 2997 5227 virere.
3018 5171 3135 5236 Qua
3160 5171 3395 5233 ablata,t
3432 5165 3542 5220 in"

1550 5310 1800 5366 VARIAE
1838 5307 2237 5364 LECTIONES.

343 5440 361 5469 ⁸
391 5441 564 5494 omnia
589 5456 699 5495 om.
728 5440 796 5495 A.
874 5449 895 5479 ι
916 5441 1006 5495 Sic
1029 5440 1147 5495 CF:
1173 5440 1458 5495 Asalvarit.
1538 5440 1558 5471 ³
1584 5441 1636 5493 in
1661 5455 1768 5493 om.
1793 5438 1855 5492 F.

263 5519 286 5550 ἰ
315 5508 405 5563 Sic
431 5510 548 5575 CF;
577 5510 620 5563 A
646 5528 726 5564 ac.

265 5579 312 5612 ⁸³
342 5597 477 5632 nunc
510 5596 618 5633 om.
649 5581 718 5633 Α.

263 5666 378 5705 om.
414 5650 452 5703 (Σ
470 5649 511 5704 F

268 5728 327 5777 in
358 5716 479 5778 ὄντι.

874 5449 895 5479 ⁸
916 5441 1006 5496 Sic
1029 5440 1147 5508 CF;
1173 5440 1458 5496 Asalvarit.

805 5514 828 5544 '
850 5511 941 5566 Sic
971 5511 1092 5576 CF;
1124 5513 1167 5565 Λ
1194 5515 1286 5565 Ac.

798 5581 845 5613 "
870 5592 919 5636 et
957 5598 1062 5637 om.
1121 5582 1226 5636 CF.

1050 5669 1121 5704 ta.
1204 5653 1246 5683 “'
1277 5653 1365 5706 Sic
1406 5654 1445 5705 (ἶ
1470 5650 1538 5715 F;
1570 5622 1779 5703 A’sunt.

599 5650 642 5684 ³⁷
662 5649 707 5703 Δ
731 5651 973 5722 specialis
998 5669 1121 5719 qua.
1204 5653 1246 5683 “'
1277 5653 1361 5706 Sic

599 5726 602 5751 '
630 5721 809 5776 divina
831 5737 942 5776 om.
970 5722 1015 5776 (ἶ
1036 5722 1096 5775 F.
1172 5723 1214 5753 ³³
1246 5724 1283 5776 Λ
1315 5726 1361 5776 si

1246 5732 1283 5776 Λ
1315 5732 1467 5778 Sit‘ltl.

557 5721 602 5753 "
630 5721 809 5781 divina
831 5737 942 5779 om.
970 5722 1015 5779 (Ζ
1036 5722 1096 5775 F.

1932 5438 1954 5469 ⁸
1983 5437 2122 5491 enim
2151 5452 2258 5490 om.
2291 5437 2355 5490 Α.

1363 5515 1384 5541 ¹⁹
1414 5511 1504 5565 Sic
1527 5509 1647 5574 CF;
1674 5515 1711 5562 A
1739 5509 2038 5562 salraturus
2064 5508 2186 5560 erit.

1305 5581 1349 5612 νο
1378 5581 1467 5637 Sic
1505 5580 1630 5643 CF;
1662 5580 1708 5633 Α
1755 5580 1988 5632 illorum.

1858 5649 1901 5683 ¹⁹
1932 5650 1975 5701 Α
2006 5650 2293 5701 transitura
2327 5663 2465 5699 esse.

1545 5722 1587 5752 υ
1611 5724 1655 5777 Α
1689 5721 1873 5775 habent
1905 5718 2244 5788 imperdibile.

3017 5431 3039 5461 ⁸
3069 5432 3160 5485 Sic
3186 5428 3304 5493 CF;
3344 5428 3383 5483 A
3416 5439 3541 5484 stat.

2292 5507 2332 5537 "
2362 5500 2631 5561 hominum
2656 5523 2764 5558 Olll.
2790 5500 2855 5556 Ᾱ.
2960 5502 2999 5532 ¹¹
3035 5501 3126 5556 Sic
3155 5501 3272 5563 CF;
3306 5500 3347 5553 Α
3378 5510 3534 5551 totas.

2068 5579 2113 5612 ¹⁸
2138 5578 2227 5630 Sic
2276 5576 2398 5640 CI";
2434 5579 2475 5631 Α
2510 5571 2936 5646 gctwralis_illa,_
2972 5587 3150 5640 quant.
3230 5570 3543 5646 liburnam]

2545 5646 2589 5676 ’θ
2619 5645 2706 5697 Sic
2734 5641 2852 5708 (1F;
2914 5642 2955 5694 Δ
2983 5636 3126 5696 sunt.
3205 5642 3247 5674 “
3277 5642 3363 5697 Sic
3390 5636 3478 5695 LI"
3510 5651 3539 5694 et

2323 5718 2368 5747 ³⁵
2393 5728 2498 5770 tam
2526 5731 2632 5767 om.
2659 5711 2765 5767 Cl“.

2433 5436 2457 5468 '
2479 5436 2521 5489 A
2540 5439 2710 5506 ipsum
2732 5450 2940 5506 corpus.
