3898 6154
370 267 477 324 915

1735 253 2017 312 JOANNZS
2056 253 2251 312 SCOTl

3524 265 3621 320 916

368 373 605 450 generali
635 372 887 432 videlicet
916 371 1027 426 vita
1079 384 1241 439 quam
1272 366 1493 439 speciali
1527 374 1582 421 et
1622 366 1881 437 singulari
1914 367 1954 427 ¹.
1987 369 2030 427 Α
2062 364 2189 420 bqu
2218 364 2262 396 "
2288 365 2513 438 mystice
2534 364 2889 436 significatur.
2918 366 3073 434 Quod
3093 368 3138 423 si
3159 368 3389 440 cuipiam
3409 369 3619 429 incredi.

362 472 521 542 juxta
571 466 835 537 eloquium
874 462 1048 533 deﬁcit
1100 462 1205 516 rita
1241 459 1409 514 omnis
1447 458 1516 512 ad
1547 468 1764 521 terram,
1791 466 1838 512 et
1871 456 1963 511 de-

369 559 604 630 ﬁcientia
637 558 707 611 ad
739 553 1162 625 participandum
1189 568 1304 605 eam
1334 550 1721 619 infirmitatem,
1769 549 1961 603 iterum

368 665 638 714 conversa,
684 647 871 700 iterum
919 643 1172 697 animalia
1213 641 1370 711 ﬁunt.
1417 640 1473 695 ln
1532 640 1728 710 quibus
1780 639 1964 695 verbis

368 739 600 809 praefati
634 736 869 807 theologi
904 750 1011 789 non
1050 733 1507 790 resurrectionem
1539 731 1855 787 animalium
1885 731 1959 785 ir-

370 826 800 890 rationabilium,
850 840 945 880 seu
978 839 1161 879 rerum
1203 838 1362 878 sensu
1402 822 1705 877 carentium
1746 821 1960 876 restitue

370 920 571 974 tionem
596 920 618 952 ³
642 918 695 971 in
746 917 1009 987 pristinas
1028 915 1241 986 species
1267 914 1733 984 quantitatesque,
1766 912 1962 982 quibus

369 1010 604 1066 nmndus
644 1010 747 1063 iste
788 1008 1065 1079 impletur,
1098 1007 1332 1062 futuram
1377 1006 1746 1076 intelligimus,
1778 1007 1873 1061 sed
1905 1006 1961 1060 in

368 1117 565 1157 causas
592 1116 745 1163 suas,
774 1115 838 1155 ex
867 1100 1064 1169 quibus
1095 1098 1418 1168 procedunt,
1444 1105 1500 1151 et
1530 1097 1581 1151 iu
1611 1096 1805 1166 quibus
1834 1096 1963 1150 sub-

368 1192 593 1256 sistnut,
627 1191 858 1245 reditum
890 1204 1011 1244 esse
1048 1189 1311 1243 futurum.
1340 1187 1459 1241 Non
1488 1187 1633 1241 enim
1675 1187 1836 1252 dixit,
1885 1185 1960 1241 di-

372 1287 558 1341 vinam
584 1285 752 1338 vitam
784 1283 1061 1353 angelicae
1090 1280 1426 1336 solummodo
1454 1288 1508 1334 et
1536 1279 1828 1344 humanae,
1856 1279 1962 1334 hoc

378 1385 483 1439 est,
539 1372 913 1429 intellectualis
948 1381 1004 1426 et
1033 1369 1312 1425 rationalis
1363 1369 1507 1422 vitae
1546 1384 1767 1424 causam
1815 1383 1958 1433 esse,

375 1469 469 1521 sed
500 1464 882 1519 universaliter
906 1462 1085 1517 omnis
1111 1463 1273 1517 vitae.
1302 1459 1492 1517 Omnis
1523 1468 1703 1515 autem
1737 1460 1843 1514 vita
1868 1470 1963 1516 aut

366 1555 648 1611 rationalis
669 1563 772 1621 est,
814 1554 951 1608 utin
995 1553 1366 1624 superioribus
1405 1552 1558 1607 libris
1601 1551 1818 1622 copiose
1850 1551 1962 1606 dis-

364 1655 612 1717 putatum
668 1646 714 1711 ³,
762 1657 855 1701 aut
900 1646 1256 1710 irrationalis,
1310 1653 1403 1701 aut
1453 1644 1710 1699 nutritiva
1765 1659 1960 1714 corpo-

2066 455 2172 511 bile
2200 457 2411 511 videtur
2434 450 2490 513 et
2511 468 2698 514 contra
2723 459 3025 513 naturalem
3054 459 3337 527 rationem,
3359 462 3621 518 irrationa-

2061 547 2189 602 bilia
2221 562 2491 619 sensuque
2515 549 2759 605 carentia
2790 550 2843 605 in
2876 550 3170 604 humanam
3206 551 3433 607 transire
3478 565 3620 610 uatu-

2063 654 2203 702 ram,
2232 639 2465 709 primum
2498 638 2738 695 intentus
2767 640 3146 710 conspicetur,
3175 641 3319 710 quod
3364 641 3624 699 inferiores

2064 730 2331 785 humanae
2363 742 2590 786 naturae
2628 740 2841 801 partes,
2891 746 3110 786 sensum
3158 731 3277 786 dico
3325 747 3620 803 COrporetmt

2062 834 2119 877 et
2160 823 2479 878 nutritivam
2519 824 2686 877 vitam
2730 822 3011 894 ipsumque
3041 838 3260 891 corpus,
3295 824 3620 880 irrationabi-

2062 911 2191 966 lium
2242 927 2513 982 sensuque
2543 913 2844 967 carentium
2882 928 2981 968 nec
3012 928 3120 968 non
3156 924 3211 968 et
3240 914 3282 945 "
3312 922 3622 970 terrenarum

2061 1019 2350 1074 corporum
2383 1004 2786 1059 conditionibus
2814 1005 3125 1059 simillimae
3163 1014 3311 1059 sunt.
3355 1007 3425 1059 At
3474 1007 3513 1061 si
3561 1006 3621 1060 ita

2061 1104 2168 1161 est,
2198 1097 2328 1165 quid
2358 1097 2554 1151 mirum
2592 1106 2684 1152 aut
2723 1096 3033 1151 incredibile
3072 1097 3201 1163 "usi
3232 1098 3429 1152 similia
3469 1106 3623 1151 trans-

2061 1196 2186 1241 eant
2223 1187 2275 1240 in
2325 1187 2408 1241 sui
2450 1187 2681 1253 similia,
2726 1198 2787 1242 ut
2830 1202 2895 1243 ex
2954 1186 3136 1243 multis
3174 1188 3442 1243 similibus
3484 1204 3623 1242 unum
3690 1242 3712 1261 ,ρ

2062 1279 2315 1348 quiddam
2367 1279 2465 1334 sibi
2516 1280 2691 1334 simile
2738 1279 3025 1347 elliciatur,
3056 1280 3129 1334 ita
3179 1289 3365 1335 tamen
3397 1279 3624 1334 inferiora

2062 1368 2258 1423 similia
2293 1368 2335 1400 "
2366 1369 2417 1423 iu
2464 1370 2773 1440 superiora,
2796 1385 3023 1441 quorum
3068 1371 3455 1426 similitudines
3498 1380 3624 1436 sunt,

2065 1470 2368 1517 transeant.
2396 1461 2512 1517 Non
2538 1463 2680 1518 enim
2711 1463 2973 1517 naturalis
3016 1464 3160 1519 ratio
3198 1464 3333 1518 sinit
3379 1463 3624 1533 superiora

2065 1554 2117 1608 in
2149 1553 2403 1608 inferiora
2434 1554 2652 1617 mutari,
2682 1552 2938 1608 inferiora
2972 1571 3100 1609 vero
3127 1556 3411 1625 superiora
3436 1566 3625 1610 natura-

2064 1643 2188 1698 liter
2217 1631 2693 1714 appetuut'ciSque
2717 1644 2904 1699 volunt
2952 1643 2997 1675 ⁸⁹
3045 1644 3295 1699 adunari.
3358 1645 3626 1716 Perspiciat

367 1753 488 1792 rum
516 1745 568 1792 et
593 1736 806 1792 anctiva
835 1736 885 1801 ",
916 1736 1018 1791 hoc
1058 1745 1143 1791 est
1168 1744 1263 1791 aut
1288 1735 1552 1806 angelica,
1584 1745 1677 1789 aut
1698 1736 1955 1799 humana,
1988 1720 2035 1779 Β
2064 1749 2279 1803 quoque
2331 1736 2612 1804 passiones
2666 1735 3057 1791 irrationabilis
3125 1746 3411 1792 creaturae
3438 1779 3453 1801 ,
3507 1753 3624 1808 quas

368 1837 463 1882 aut
495 1827 764 1890 animalis,
796 1836 889 1881 aut
916 1844 1079 1883 sensu
1109 1830 1413 1883 carentium
1442 1868 1455 1892 ,
1491 1836 1549 1881 ut
1576 1834 1701 1881 sunt
1731 1827 1874 1898 ligna
1903 1834 1959 1880 et

371 1923 575 1979 herbae
599 1931 894 1992 ceteraque
934 1923 1150 1984 similia,
1182 1923 1236 1976 in
1281 1922 1479 1991 quibus
1524 1921 1706 1975 vitalis
1756 1921 1957 1975 solum-

369 2014 531 2069 modo
576 2023 756 2067 motus
793 2022 1073 2083 operatur.
1109 2013 1187 2066 Ac
1226 2026 1323 2081 per
1360 2013 1465 2067 hoc
1495 2027 1601 2066 non
1628 2012 1693 2066 de
1717 2010 1830 2067 sola
1857 2012 1959 2065 hu-

367 2120 528 2159 mana
578 2104 712 2166 vita,
743 2105 836 2158 sed
863 2103 931 2157 dc
960 2101 1212 2157 omnibus
1242 2102 1537 2172 praedictis
1577 2101 1722 2157 vitae
1756 2116 1797 2168 s,
1819 2101 1959 2156 ecie—

365 2196 491 2260 bus,
526 2209 626 2249 nec
655 2195 719 2247 de
749 2194 1069 2265 corporibus
1105 2193 1445 2249 solummodo
1476 2192 1749 2257 humanis,
1773 2192 1865 2246 sed
1893 2192 1960 2246 de

371 2287 626 2341 omnibus
670 2301 815 2355 quae
854 2285 1077 2355 spiritus
1121 2285 1264 2339 vitae
1291 2292 1529 2354 vegetat,
1559 2284 1799 2338 divinum
1829 2298 1955 2353 pro-

367 2377 586 2431 nuntiat
627 2376 899 2445 eloquium
930 2394 942 2429 :
972 2376 1193 2446 Auferes
1235 2376 1478 2446 spiritum
1513 2392 1716 2439 eorum,
1751 2383 1799 2428 et
1829 2373 1961 2443 deﬁ.

365 2467 521 2528 cient,
571 2477 617 2521 et
658 2467 712 2520 in
754 2470 1017 2538 pulverem
1055 2483 1209 2521 suum
1235 2477 1574 2521 revertentur.
1624 2466 1779 2520 Nulla
1814 2467 1957 2523 enim

367 2557 499 2621 vita,
531 2573 623 2612 seu
664 2556 964 2621 rationalis,
1000 2572 1092 2612 seu
1122 2555 1391 2621 animalis,
1415 2572 1509 2611 seu
1542 2555 1823 2621 nulritiva,
1847 2556 1955 2619 diu,

367 2657 429 2702 ut
480 2664 584 2701 non
622 2649 643 2680 '
671 2649 850 2702 dicam
895 2663 1131 2717 semper,
1183 2646 1560 2716 corruptibilia
1608 2654 1664 2701 et
1710 2645 1958 2699 mortalia

370 2752 599 2807 corpora
647 2739 925 2793 vivificare
973 2746 1031 2792 et
1072 2737 1458 2791 administrare
1488 2744 1699 2807 potest;
1733 2736 1960 2806 ideoque

367 2829 590 2895 deserit,
619 2843 790 2899 eaque
830 2829 852 2861 ⁶
893 2830 1175 2884 deserente
1207 2827 1458 2884 deficient
1484 2831 1502 2852 τ
1534 2843 1784 2899 corpora,
1813 2837 1869 2883 et
1905 2828 1959 2882 in

369 2919 645 2989 pulverem
699 2934 856 2974 suum
916 2928 1281 2975 revertentur.
1324 2920 1391 2974 Et
1423 2920 1529 2974 hoc
1552 2929 1635 2975 est
1664 2919 1807 2989 quod
1838 2920 1914 2973 ait
1942 2937 1956 2973 :

369 2997 438 3061 Et
474 3008 714 3078 deﬁcient
742 3014 788 3073 ⁸,
822 3009 873 3063 id
915 3019 1000 3064 est
1026 3009 1279 3064 animalia
1306 3018 1359 3064 et
1381 3010 1622 3080 germina
1651 3010 1717 3064 ad
1740 3009 1958 3081 partici-

368 3102 607 3172 pandum
630 3116 748 3156 eam
783 3101 1151 3157 infirmitatem
1174 3102 1227 3168 ⁹;
1261 3118 1365 3156 non
1388 3102 1533 3157 enim
1556 3117 1771 3173 semper
1788 3101 1959 3172 parti-

369 3192 551 3260 cipare
599 3191 764 3245 vitam
808 3202 1057 3261 possunt,
1082 3201 1303 3262 propter
1333 3193 1762 3262 corruptibilium
1791 3201 1958 3247 terre-

369 3296 677 3350 norumque
723 3298 1014 3351 corporum
1068 3283 1438 3337 inlirmitalem
1487 3292 1543 3339 et
1586 3282 1954 3354 fragilitatem.

372 3368 648 3426 Naturalis
695 3380 875 3424 autem
917 3370 1162 3440 operatio
1201 3371 1343 3425 vitae
1374 3371 1427 3424 in
1466 3373 1805 3443 corporibus,
1844 3372 1958 3427 sive

375 3473 439 3510 ea
488 3458 722 3529 regendo
758 3458 873 3513 sive
903 3459 1219 3524 deserendo,
1256 3460 1322 3513 ad
1352 3459 1667 3515 Creatorem
1716 3460 1956 3516 omnium

370 3547 633 3603 refertur.
674 3548 975 3618 Propterea
1022 3549 1188 3602 dicit:
1217 3548 1438 3618 Auferes
1476 3550 1718 3618 spiritum
1753 3565 1956 3613 eorum,

377 3652 485 3691 non
522 3637 664 3706 quod
692 3637 834 3691 Deus
860 3637 1072 3692 auferat
1096 3638 1346 3708 spiritum
1372 3638 1533 3693 ullius
1554 3639 1819 3709 corporis,
1862 3640 1958 3694 sed

362 3728 510 3797 quod
538 3729 679 3783 sinat
700 3728 744 3760 ¹⁰
768 3728 992 3798 spiritus
1015 3730 1402 3800 corruptilibus
1424 3732 1746 3801 corporibus
1769 3748 1960 3804 grava-

369 3829 455 3872 tos
481 3818 521 3849 "
547 3817 615 3872 ab
637 3819 717 3873 eis
742 3818 972 3874 deficere
996 3819 1061 3873 ad
1087 3827 1320 3890 tempus,
1368 3821 1420 3875 iu
1460 3822 1684 3875 eandem
1715 3824 1959 3877 incorru-

362 3909 783 3979 ptibilitatemet
807 3910 1241 3981 spiritualitatem
1272 3927 1531 3967 conversa
1557 3913 1600 3949 ¹¹
1633 3912 1829 3967 iterum
1861 3928 1958 3968 na-

369 4000 535 4055 turali
580 4012 729 4057 motu
774 4003 1095 4058 reversuris.
1139 4002 1293 4070 Quod
1330 4004 1474 4058 enim
1505 4004 1587 4058 eis
1612 4004 1956 4075 congenitum

359 4100 456 4145 cst
483 4091 536 4146 in
564 4092 708 4148 hunc
737 4093 1020 4157 mundum,
1049 4110 1153 4149 non
1186 4104 1413 4163 possunt
1439 4110 1654 4164 semper
1680 4095 1954 4160 deserere,

362 4182 465 4237 sed
515 4186 841 4255 quandoque
898 4184 1049 4240 linito
1106 4186 1306 4240 mundo
1362 4186 1662 4256 recipient,
1717 4187 1843 4241 dum
1902 4187 1956 4241 in

364 4274 568 4337 causis,
599 4275 741 4342 quod
792 4275 932 4342 regit
976 4274 1020 4306 ³³
1059 4284 1116 4329 et
1161 4275 1304 4345 quod
1354 4276 1563 4345 regitur
1608 4274 1673 4341 ιδ,
1722 4275 1955 4331 mirabili

368 4368 603 4435 quadam
629 4371 672 4402 ⁸⁸
705 4371 987 4424 harmonia
1010 4387 1178 4425 nomn
1210 4372 1571 4441 inseparabile
1594 4372 1832 4427 futurum
1860 4374 1953 4428 sit.

362 4456 602 4529 ideoque
624 4462 697 4514 ait
736 4479 749 4515 :
782 4459 975 4516 Emitte
994 4463 1234 4531 spiritum
1258 4472 1494 4526 tuum,et
1524 4464 1958 4519 ereabuntur.Ac

366 4545 418 4599 si
448 4548 650 4603 diceret
693 4563 707 4602 :
756 4550 1004 4618 spiritum
1037 4551 1277 4616 vitalem,
1312 4566 1473 4620 quem
1522 4551 1717 4613 fecisti,
1750 4553 1957 4619 emitte,

367 4641 478 4695 hoc
508 4649 615 4706 est,
640 4642 813 4696 emitti
839 4651 894 4697 et
923 4643 1101 4698 redire
1133 4644 1184 4697 in
1207 4659 1458 4714 corpora,
1483 4660 1621 4715 quae
1653 4645 1961 4714 temporali-

364 4740 459 4785 ier
484 4732 739 4797 deseruit,
765 4733 995 4787 naturali
1027 4735 1269 4804 appetitu
1294 4734 1564 4789 volentem
1621 4734 1797 4789 redire
1838 4750 1960 4804 pcr-

363 4821 550 4876 mitte.
580 4819 648 4874 Et
672 4821 941 4876 renovabis
968 4822 1155 4891 faciem
1186 4833 1379 4888 terrae,
1410 4822 1514 4876 hoc
1560 4831 1662 4886 est,
1707 4823 1960 4877 adunatis

363 4913 811 4982 inseparabiliter
837 4915 1156 4983 corporibus
1190 4915 1303 4970 suis
1352 4915 1604 4969 vitalibus
1652 4916 1958 4984 speciebus,

367 5005 706 5061 restaurabis
729 5005 1096 5077 integritatem
1120 5014 1369 5071 naturae,
1396 5022 1534 5078 quae
1576 5016 1753 5063 terrae
1796 5022 1958 5062 voca-

2059 1837 2181 1895 post
2218 1826 2260 1856 ¹¹
2289 1840 2475 1879 casum
2522 1826 2756 1881 hominis
2783 1841 2813 1880 a
2839 1827 3102 1897 dignitate
3149 1827 3366 1881 divinae
3408 1827 3625 1896 imaginis

2061 1918 2293 1971 insertas
2321 1916 2422 1971 sibi
2446 1931 2617 1987 poena
2640 1917 2871 1987 quadam
2920 1917 3124 1987 peccati
3175 1918 3414 1971 humana
3461 1929 3625 1971 natura

2058 2013 2381 2069 attraxerat,
2406 2020 2649 2076 quasque
2671 2007 2715 2037 "
2740 2007 2931 2061 insitas
2954 2002 3275 2062 naturaliter
3297 2015 3427 2060 ante
3445 2006 3623 2076 lapsum

2060 2112 2162 2151 non
2187 2095 2444 2161 habebat,
2469 2096 2673 2150 moveri
2712 2112 2869 2167 posse
2905 2097 2958 2151 in
2987 2098 3094 2163 his,
3117 2097 3207 2166 qui
3236 2096 3464 2167 perfecti
3499 2105 3622 2163 sunt,

2059 2185 2112 2239 iu
2147 2184 2374 2239 virtutes
2403 2184 2700 2240 naturales.
2726 2184 3012 2240 Passiones
3036 2195 3217 2241 autem
3249 2187 3373 2241 dico
3410 2186 3625 2255 voluptzr

2066 2284 2174 2328 tem
2201 2284 2253 2330 et
2283 2274 2583 2340 tristitiam,
2611 2276 3104 2345 concupiscentiam
3151 2288 3317 2347 atque
3372 2278 3622 2338 timorem,

2060 2377 2116 2422 et
2145 2381 2284 2437 quae
2304 2382 2372 2420 ex
2420 2366 2507 2421 bis
2547 2375 2868 2431 nascuntur,
2922 2382 3059 2437 quas
3108 2366 3163 2421 in
3219 2367 3453 2422 virtutes
3494 2380 3626 2437 [uisse

2060 2459 2256 2515 mutari
2282 2458 2504 2513 dubium
2526 2473 2632 2512 non
2662 2467 2765 2513 est.
2787 2458 2947 2514 Verbi
2977 2459 3172 2530 gratia,
3207 2458 3624 2529 concupiscentia

2060 2550 2275 2620 quidem
2331 2548 2710 2604 intellectualis
2754 2549 3061 2605 divinorum
3109 2550 3385 2621 appetitus
3441 2549 3624 2604 deside-

2061 2641 2298 2694 rantium
2326 2647 2584 2710 operatur
2609 2646 2847 2705 motum;
2897 2640 3146 2711 voluptas
3190 2656 3320 2695 vero
3361 2640 3624 2695 innocuam

2060 2729 2354 2785 nutritivae
2376 2730 2542 2785 animi
2567 2729 2901 2800 operationis
2927 2728 3219 2797 laetitiam;
3248 2730 3410 2785 timor
3434 2742 3625 2800 quoque

2059 2821 2276 2877 futurae
2306 2823 2358 2877 in
2385 2822 2599 2878 delictis
2639 2821 2919 2891 providam
2961 2822 3183 2877 ultionis
3233 2837 3463 2886 curam;
3514 2822 3625 2875 item

2061 2914 2284 2969 tristitia
2312 2912 2698 2969 correctricem
2742 2913 2796 2968 in
2821 2913 3097 2983 praesenti
3150 2912 3414 2967 malorum
3468 2910 3629 2982 poeni-

2065 3008 2311 3063 tentiam.
2348 3006 2404 3061 Si
2433 3021 2562 3078 ergo
2583 3007 2885 3078 passiones,
2909 3022 3046 3078 quas
3072 3007 3416 3062 rationabilis
3455 3015 3626 3061 natura

2060 3115 2128 3155 ex
2156 3097 2513 3154 irrationabili
2554 3100 2606 3152 in
2654 3098 2888 3168 scipsam
2928 3099 3242 3162 deduxerat,
3278 3099 3333 3152 in
3379 3094 3627 3152 naturales

2063 3189 2277 3243 animae
2316 3197 2542 3258 possunt
2563 3188 2759 3242 mutari
2793 3187 3050 3252 virtutes,
3072 3202 3168 3241 cur
3192 3186 3504 3241 incredibile
3545 3184 3622 3246 sit,

2062 3278 2233 3347 ipsam
2267 3276 2799 3331 irrationabilitatem
2828 3276 2880 3330 in
2928 3276 3268 3330 altitudinem
3311 3272 3623 3329 rationabili-

2062 3370 2192 3424 tatis
2241 3369 2626 3424 transmutari?
2690 3367 2824 3422 Nam
2871 3376 2929 3423 et
2977 3366 3251 3438 superbia,
3290 3382 3430 3437 quae
3483 3364 3626 3421 veluti

2060 3469 2225 3529 caput
2259 3459 2425 3515 totius
2451 3458 2689 3513 malitiae
2716 3459 3055 3529 perhibetur,
3090 3458 3143 3513 in
3185 3473 3427 3511 amorem
3468 3453 3624 3512 caele«

2060 3554 2160 3608 stis
2188 3551 2720 3618 excellentiae,etin
2758 3551 3075 3622 despectum
3119 3558 3366 3604 terrenae
3418 3546 3624 3603 infirmi-

2064 3648 2189 3702 tatis
2215 3647 2267 3700 in
2290 3646 2446 3700 bonis
2477 3645 2788 3701 hominibus
2815 3645 3068 3705 vertitur,
3096 3643 3310 3698 dicente
3343 3640 3620 3712 Apostolo:

2062 3734 2210 3801 Quae
2231 3752 2438 3790 sursum
2459 3744 2578 3790 sunt
2609 3736 2797 3805 sapite,
2829 3751 2934 3788 non
2972 3733 3018 3767 “
3057 3750 3191 3805 quae
3232 3748 3388 3802 super
3432 3741 3620 3785 terram.

2060 3824 2412 3895 Breviterque
2434 3823 2745 3888 dicendum,
2775 3823 2983 3878 nullum
3015 3823 3207 3877 vitium
3234 3835 3354 3876 esse
3373 3862 3388 3884 ,
3418 3818 3548 3889 quod
3579 3816 3624 3868 in

2059 3914 2412 3984 sapientibus,
2445 3913 2629 3969 divina
2652 3913 2825 3984 gratia
2856 3913 2911 3967 in
2941 3912 3021 3968 eis
3043 3910 3090 3950 ³⁵
3117 3920 3401 3984 aperante,
3445 3907 3626 3965 mutari

2062 4004 2116 4058 in
2157 4003 2414 4058 virtutem
2440 4017 2546 4058 non
2579 4004 2771 4073 possit.
2797 4003 2878 4057 Ac
2910 4003 2991 4058 sic
3016 4003 3081 4058 de
3113 4002 3317 4057 malitia
3345 4001 3477 4057 solet
3516 3996 3624 4052 ﬁeri

2059 4094 2298 4158 bonitas,
2326 4094 2392 4150 de
2422 4093 2667 4149 bonitate
2693 4103 2875 4148 autem
2899 4108 3239 4163 nequaquam
3276 4092 3495 4147 malitia.
3515 4088 3626 4141 Vir-

2062 4192 2149 4238 tus
2177 4184 2442 4254 siquidem
2470 4184 2730 4240 bonitatis
2781 4183 3118 4239 contrarium
3162 4183 3245 4238 sui
3301 4185 3353 4237 in
3412 4181 3622 4251 seipsam

2059 4275 2328 4330 consumit
2353 4275 2417 4329 ²⁸.
2451 4274 2688 4330 Malitiae
2707 4289 2837 4329 vero
2863 4274 3095 4329 dedecus
3130 4272 3387 4328 bonitatis
3409 4267 3626 4342 pulchri-

2062 4366 2302 4421 tudinem
2330 4365 2644 4422 decolorare
2680 4365 3011 4435 impossibile
3035 4374 3139 4420 est.
3193 4364 3251 4419 Si
3294 4364 3468 4433 itaque
3506 4359 3622 4412 vitia

2064 4456 2117 4511 in
2150 4456 2400 4521 virtutes,
2432 4471 2557 4511 cum
2595 4455 2695 4511 sibi
2724 4455 2953 4510 invicem
2977 4455 3254 4510 contraria
3282 4454 3409 4518 sint,
3437 4447 3620 4505 moveri

2063 4563 2168 4602 non
2200 4562 2459 4615 negamus
2497 4566 2512 4602 :
2555 4564 2654 4602 cur
2708 4556 2933 4603 naturas
2986 4546 3273 4603 inferiores
3315 4547 3368 4602 in
3420 4554 3622 4601 naturas

2063 4638 2395 4706 superiores,
2420 4642 2545 4692 dum
2573 4637 2675 4692 sibi
2707 4638 2852 4692 nullo
2881 4639 3040 4693 modo
3081 4637 3452 4701 adversantur,
3476 4634 3624 4687 mira-

2062 4730 2155 4784 bili
2194 4728 2428 4798 quadam
2483 4725 2812 4783 adunatione
2876 4727 3177 4783 transfundi
3235 4720 3623 4798 negaverimus?

2061 4819 2207 4875 Satis
2238 4817 2305 4874 de
2335 4819 2418 4874 his
2444 4818 2644 4873 dictum
2676 4819 2722 4851 ³⁸
2751 4819 2892 4873 Dtsc.
2925 4818 3069 4873 Satis
3098 4818 3272 4889 plane.

2129 4914 2220 4971 26.
2264 4913 2404 4969 MAG.
2441 4912 2706 4980 Quoniam
2738 4927 2866 4967 vero
2907 4913 2974 4968 de
3014 4927 3099 4974 eo,
3129 4911 3272 4980 quod
3318 4904 3619 4966 resurrectio

2059 5020 2346 5074 corporum
2379 5003 2609 5059 naturali
2638 5005 2834 5057 virtute
2852 5043 2869 5069 ,
2890 5002 3072 5057 divina
3101 5001 3275 5072 gratia
3297 5005 3616 5071 cooperante.

1651 5161 1908 5217 VARIAE
1942 5157 2345 5217 LEC'flONES.

446 5292 465 5367 ξ
492 5292 577 5349 CF
602 5309 766 5365 quam
790 5292 1041 5367 speciales
1062 5303 1110 5350 et
1135 5291 1449 5367 singulares.

365 5362 411 5434 ’ί
441 5364 482 5434 ᾼ
528 5374 588 5418 ιιι
617 5362 700 5434 ire.
814 5362 836 5400 ⁸
887 5364 974 5422 CF
1010 5382 1096 5429 ea,
1125 5362 1270 5434 quo.

374 5433 420 5467 ⁸⁸
450 5433 541 5489 Sic
566 5433 683 5500 Cl“;
710 5436 754 5492 Α
780 5436 1007 5492 desinat.
1096 5433 1137 5467 “
1160 5431 1259 5488 Sic
1289 5431 1398 5497 CF;
1421 5433 1463 5486 Α
1488 5444 1752 5502 gravatus.

366 5506 582 5585 lenitur.
607 5504 654 5585 ξ’
689 5503 1203 5585 _quadam‘om._CF.
1300 5505 1345 5584 ’ξ
1366 5503 1408 5557 Α
1434 5501 1897 5585 υοφὺιιιιξλιεννμε.

1379 5309 1449 5347 es.
1545 5295 1566 5325 ’
1592 5291 2107 5348 Arestaurationem.

1379 5362 1402 5397 τ
1434 5362 1524 5397 ea.
1574 5363 1603 5397 Α
1635 5380 1648 5392 .
1698 5362 1785 5397 rw
1813 5362 2059 5397 4.5a...“

1434 5362 1525 5418 Sic
1565 5363 1650 5426 A;
1698 5362 1785 5419 CF
1811 5362 2081 5429 deﬁciunt.
2197 5363 2220 5393 ⁸
2247 5362 2337 5416 Sic
2363 5362 2441 5427 A;
2491 5362 2509 5416 l

1434 5433 1463 5485 Α
1488 5444 1752 5498 gravatus.
1844 5434 1883 5466 η
1913 5432 2004 5488 Sic
2031 5431 2116 5487 CF
2134 5449 2149 5498 ;
2174 5432 2215 5485 Α
2248 5447 2509 5486 converso.

1975 5503 2017 5535 ¹⁷
2041 5513 2087 5555 et
2113 5518 2219 5557 om.
2250 5502 2312 5554 Α.

3069 5289 3093 5322 ⁸
3114 5288 3205 5344 Sic
3229 5287 3317 5345 CF
3334 5306 3348 5355 ;
3373 5288 3416 5345 Δ
3445 5287 3610 5341 actim-

3125 5359 3148 5392 ν
3177 5358 3263 5415 cr
3308 5358 3609 5428 inﬁrmitate.

3125 5431 3173 5484 ει.
3271 5428 3315 5461 υ
3342 5428 3429 5484 Sic
3451 5421 3607 5484 cm

3385 5446 3429 5484 lC
3451 5442 3548 5487 hl‘;

2199 5291 2220 5323 ³
2254 5289 2344 5345 Sic
2367 5289 2483 5355 CF;
2509 5290 2548 5344 Α
2576 5290 2972 5360 disputat-imus.

2197 5363 2220 5393 ⁸
2247 5361 2337 5416 Sic
2363 5361 2441 5427 A;
2491 5359 2578 5416 CF
2604 5359 2665 5415 et
2697 5360 3014 5427 deficientia.
3125 5359 3148 5392 ⁸

2197 5435 2215 5485 ι
2248 5447 2509 5486 converso.
2601 5431 2646 5464 "
2671 5430 2762 5485 Sic
2793 5429 2918 5493 CF;
2956 5431 3002 5484 A
3031 5431 3173 5499 tegit.

2391 5502 2433 5534 ⁸⁸
2455 5503 2497 5553 Α
2513 5500 2828 5556 incredibile
2848 5511 2944 5555 est.
3024 5499 3065 5531 "
3081 5493 3183 5555 'Sic
3204 5498 3319 5564 CF;
3346 5501 3385 5553 A
3413 5499 3457 5552 si
3486 5493 3615 5551 simi-

463 5578 526 5652 _m
548 5574 631 5625 sui
656 5563 880 5652 similia,
899 5576 953 5628 id
979 5587 1053 5652 est
1084 5575 1137 5629 in
1166 5574 1448 5652 superiora
1484 5583 1590 5652 etc:
1666 5573 1712 5652 ξο
1743 5572 2146 5652 υυιτωιΙυυτηΑ.
2222 5574 2263 5605 ἰ
2297 5571 2387 5652 sie
2406 5570 2521 5652 CF;
2552 5573 2595 5626 Α
2616 5571 2963 5652 ρνοριενληη
2994 5570 3037 5624 Α
3066 5587 3197 5642 quas
3229 5563 3371 5640 (.que
3407 5584 3511 5623 om.
3531 5563 3604 5627 Α)

374 5636 425 5673 ⁸³
447 5640 489 5692 .\
522 5654 566 5692 et
596 5658 718 5696 non.
798 5648 841 5676 "
862 5636 917 5697 in
948 5647 1020 5699 eis
1042 5661 1149 5699 om.
1182 5636 1245 5699 A.

1323 5644 1367 5675 "
1394 5644 1482 5698 Sic
1506 5642 1627 5705 CF;
1662 5642 1701 5695 Α
1732 5652 1894 5696 mutat
1926 5643 1976 5696 in
2008 5641 2248 5711 sci/istim.

2326 5641 2371 5671 "
2396 5643 2588 5695 dictum
2613 5658 2721 5696 om.
2817 5640 2923 5696 CF.
