3898 6154
262 308 369 367 Si?

1120 304 1209 361 ne
1244 302 1584 360 omsmuu
1623 297 1956 361 NATUltAE
2013 333 2082 348 -
2119 304 2315 359 uasa
2357 278 2682 373 manus.

3431 301 3533 359 ΘΜ

256 441 365 499 per
417 419 715 478 Salvatoris
765 420 948 476 mundi
997 420 1494 476 inhumanationem
1535 419 1713 475 futura
1753 418 1848 486 sit,
1876 431 1923 491 Α
1954 421 2119 475 radiis
2185 423 2414 493 undique
2479 422 2820 494 complectens
2848 463 2863 483 .
2930 439 2984 476 in
3055 431 3354 477 summitate
3417 424 3534 478 coni

262 512 411 570 beati
451 511 738 584 Epiphauii
768 511 1131 568 testimonium
1162 511 1579 576 introduximus,
1603 526 1850 568 necessa-

265 605 408 659 rium
457 603 725 667 arbitror,
774 604 955 676 magni
996 602 1013 633 ¹
1065 617 1281 673 quoque
1324 602 1556 674 theologi
1603 601 1847 674 Gregorii

252 695 592 753 sententiam
618 695 685 749 de
725 694 913 750 eadem
961 695 1170 750 ratione
1224 693 1650 749 introducamus.
1700 695 1845 751 Dtsc.

253 785 661 842 Necessarium.
706 783 841 839 Nam
893 792 950 838 et
983 784 1062 840 sic
1102 784 1455 854 promissum,
1489 785 1510 816 ²
1534 793 1590 838 et
1614 786 1753 856 quod
1797 786 1851 840 in

254 883 351 922 ore
370 866 599 920 duorum
624 866 932 919 idoneorum
958 868 1170 920 testium
1197 867 1557 931 constituitur,
1576 868 1852 923 inconcus-

257 975 375 1013 sam
399 975 510 1014 esse
538 958 758 1013 videtur.
792 956 930 1013 MAG.
965 957 1233 1013 Vicesimo
1257 960 1438 1029 itaque
1468 967 1522 1014 et
1570 958 1807 1015 secundo
1830 959 1851 990 ³

252 1051 499 1122 capitulo
544 1050 813 1106 sermonis
856 1051 920 1104 de
969 1050 1208 1120 lmagiue
1241 1051 1543 1121 disputans,
1574 1050 1715 1120 quod
1766 1065 1849 1104 re.

253 1144 530 1200 surreetio
553 1158 658 1197 non
693 1152 900 1198 tantum
949 1159 1014 1197 ex
1061 1144 1464 1214 praedicatione
1492 1143 1810 1213 Scripturae
1833 1183 1848 1208 ,

256 1245 527 1308 quantum
556 1251 622 1291 ex
661 1235 777 1304 ipsa
820 1250 1000 1290 rerum
1054 1236 1377 1291 necessitate
1425 1244 1716 1306 speratur:
1749 1232 1852 1289 Sed

254 1342 363 1382 non
388 1326 466 1380 sic
491 1335 587 1390 est,
616 1325 807 1395 inquit,
853 1324 1004 1392 {ortis
1026 1324 1047 1356 ⁸
1070 1324 1298 1390 malitia,
1324 1333 1379 1378 ut
1406 1323 1652 1379 bonitatis
1682 1323 1849 1378 vincat

254 1414 502 1468 rirtntem
523 1430 541 1469 :
565 1429 728 1484 neque
751 1413 887 1467 enim
912 1412 1097 1467 melius
1121 1429 1281 1483 neque
1302 1412 1644 1482 singularias,
1668 1411 1764 1466 hoc
1776 1420 1850 1465 est

250 1503 570 1574 simplicius,
596 1514 806 1558 nostrae
831 1514 1051 1558 naturae
1093 1501 1467 1566 inconsultum,
1498 1502 1851 1573 insipientiam

251 1598 404 1659 dico,
428 1611 587 1664 quam
614 1593 709 1647 Dei
729 1594 1009 1663 sapientia.
1041 1590 1165 1646 Non
1185 1592 1319 1645 enim
1339 1590 1585 1663 possibile
1606 1600 1706 1657 est,
1728 1608 1853 1645 con-

251 1682 497 1738 versibile
517 1692 671 1755 atque
692 1682 943 1737 mutabile
976 1684 1237 1753 potentius
1263 1698 1373 1737 esse
1418 1691 1574 1750 atque
1617 1680 1852 1752 singula-

1950 511 2322 566 commissuras
2382 510 2594 566 luminis
2656 512 2955 577 connectit;
3019 513 3196 583 itaque
3252 512 3538 565 secundum

1948 601 2256 671 Itgpothesin
2277 602 2359 655 sin
2386 603 2531 671 ﬁeret
2556 601 2716 656 alicui
2745 604 2908 657 virtus
2938 603 3357 673 transgrediendi
3390 619 3534 656 mcu-

1948 707 2153 754 suram,
2194 693 2249 746 in
2284 709 2444 763 quam
2465 694 2767 748 extenditur
2799 693 2985 748 umbra
3014 698 3082 759 ﬂ,
3114 694 3325 748 omnino
3355 695 3409 747 in
3446 692 3533 748 lu-

1948 784 2088 835 mine
2113 790 2267 848 esset,
2289 798 2321 835 a
2361 782 2585 837 teni-bris
2632 782 2887 838 illaesus:
2916 784 2992 837 sic
3022 783 3253 836 arbitror
3299 792 3537 852 oportere

1950 872 2104 923 etiam
2144 872 2208 924 de
2245 872 2391 926 nobis
2418 872 2648 941 rogitare
2673 872 2744 937 ³³,
2779 875 2904 943 quia
2933 883 3264 927 transeuntes
3302 872 3536 945 malitiae

1951 960 2250 1025 terminum,
2296 977 2414 1015 cum
2455 963 2510 1015 in
2549 963 2850 1017 summitate
2882 964 3099 1017 umbrae
3137 964 3333 1031 peccati
3370 963 3539 1031 fuerit-

1951 1065 2102 1111 mus,
2150 1049 2338 1103 iterum
2393 1051 2447 1103 in
2499 1050 2698 1104 lumine
2741 1050 3196 1116 conrersabimur,
3250 1051 3536 1104 secundum

1951 1141 2217 1210 inﬁnitam
2283 1142 2804 1213 multiplicationem,
2864 1152 3119 1213 quantum
3179 1144 3248 1196 ad
3301 1142 3537 1196 malitiae

1954 1248 2275 1296 mensuram,
2316 1232 2571 1285 bonorum
2608 1242 2800 1285 natura
2829 1232 3148 1285 abundante.
3181 1228 3380 1284 Iterum
3413 1247 3537 1305 ergo

1951 1323 2265 1392 paradisus,
2308 1323 2500 1376 iterum
2547 1338 2698 1376 autne
2745 1320 2876 1375 illud
2922 1321 3154 1391 lignum,
3198 1322 3337 1392 quod
3379 1323 3537 1375 etiam

1953 1416 2086 1470 vitae
2114 1426 2188 1469 est
2220 1415 2440 1487 lignum,
2481 1415 2671 1468 iterum
2709 1413 2954 1483 imaginis
2993 1414 3169 1483 gratia
3209 1420 3258 1466 et
3294 1411 3538 1482 principii

1954 1504 2205 1575 dignitas.
2249 1504 2656 1567 Animadverte,
2690 1519 2851 1574 quam
2879 1502 3025 1557 clare
3052 1511 3107 1556 et
3149 1500 3541 1557 rationabiliter

1954 1604 2009 1651 et
2055 1595 2423 1651 indubitanter
2465 1594 2703 1649 astruit:
2747 1593 2983 1664 primum
3018 1591 3236 1662 quidem
3279 1591 3538 1648 malitiam

1957 1703 2060 1740 non
2088 1701 2246 1756 posse
2271 1702 2391 1741 esse
2422 1694 2757 1756 perpetuam,
2790 1684 2880 1739 sed
2911 1701 2976 1740 ex
3007 1684 3329 1739 necessitate
3357 1699 3537 1737 rerum

251 1774 393 1838 rius,
415 1791 574 1844 quam
599 1775 741 1844 quod
769 1790 972 1844 semper
1002 1772 1248 1828 similiter
1283 1790 1338 1827 se
1372 1772 1550 1838 habet,
1597 1783 1753 1843 atque
1794 1773 1849 1826 in
1884 1779 1924 1837 Β
1956 1774 2019 1829 ad
2052 1786 2258 1830 certum
2292 1777 2580 1829 terminum
2619 1782 3020 1843 perventuram.
3059 1783 3111 1828 et
3144 1774 3467 1844 quandoque
3490 1771 3541 1803 "

252 1861 393 1919 bona
417 1865 585 1934 ﬁxum
629 1876 704 1919 est
733 1866 774 1918 ³⁵.
807 1863 952 1920 Nam
980 1866 1001 1897 '
1048 1866 1280 1920 divinant
1307 1865 1515 1937 quidem
1566 1865 1846 1919 consilium

250 1972 463 2024 semper
490 1965 537 2008 et
565 1955 587 1987 '
630 1955 954 2010 immutabile
1009 1956 1197 2027 ubique
1221 1956 1243 1988 ⁸
1272 1972 1327 2010 se
1359 1959 1381 1990 ⁸
1424 1955 1575 2010 habet
1601 1968 1619 2008 :
1642 1971 1853 2009 conver-

250 2044 412 2099 sibile
445 2055 619 2098 autem
650 2055 858 2101 nostrae
880 2055 1101 2101 naturae
1131 2064 1235 2101 non
1266 2048 1321 2101 in
1367 2047 1506 2101 malo
1543 2047 1707 2116 ﬁxum
1739 2065 1852 2102 ma-

251 2143 366 2190 net.
404 2132 559 2200 Quod
598 2135 735 2189 enim
774 2152 975 2206 semper
1008 2138 1218 2191 omnino
1253 2147 1524 2203 movetur,
1555 2138 1602 2192 si
1636 2137 1847 2206 quidem

249 2222 323 2276 ad
360 2223 553 2277 bonum
582 2225 961 2293 processionem
979 2225 1242 2288 habuerit,
1264 2236 1477 2296 propter
1496 2226 1847 2282 eximietatem

250 2315 330 2369 rei
372 2316 751 2386 perquirendae
798 2334 1066 2389 nunquam
1098 2319 1296 2373 desinet
1335 2318 1399 2371 ab
1435 2319 1570 2387 ipso,
1600 2319 1691 2389 qui
1724 2334 1847 2373 sur-

249 2422 375 2460 sum
400 2416 499 2473 est,
530 2417 725 2462 meatu.
758 2405 880 2462 Non
898 2410 1034 2463 enim
1062 2410 1284 2464 inveniet
1305 2411 1581 2464 terminum
1602 2410 1846 2481 quaesiti,

247 2503 343 2571 qui
368 2498 412 2534 ⁸⁵
439 2501 787 2555 nanciscentis
812 2500 1120 2555 stabilitabit
1161 2519 1389 2573 unquam
1417 2512 1635 2557 motum.
1676 2502 1773 2559 Sin
1806 2504 1846 2538 ¹¹

249 2593 322 2645 ad
352 2591 432 2657 id,
454 2592 593 2661 quod
622 2593 943 2647 contrarium
964 2602 1059 2656 est,
1088 2603 1284 2648 motum
1307 2595 1350 2625 ¹¹
1372 2595 1679 2666 susceperit,
1698 2594 1786 2649 ubi
1806 2595 1848 2627 ¹³

249 2698 472 2736 cursum
502 2682 735 2736 malitiae
784 2686 1058 2754 peregerit,
1084 2694 1132 2738 et
1171 2684 1225 2738 in
1258 2685 1687 2740 sublimissimam
1722 2686 1851 2740 mali

251 2789 561 2827 mensuram
582 2775 868 2842 pervenerit
898 2791 917 2829 :
945 2784 1070 2828 tunc
1089 2776 1229 2846 quod
1263 2794 1464 2847 semper
1493 2778 1687 2848 impetu
1733 2795 1851 2832 mo-

248 2875 429 2929 retur,
462 2864 662 2919 nullum
708 2881 775 2919 ea:
826 2875 1018 2920 natura
1066 2877 1261 2921 statum
1306 2868 1592 2934 inveniens,
1640 2885 1758 2922 cum
1807 2867 1850 2901 “

251 2957 511 3025 spatium,
534 2958 675 3026 quod
696 2959 750 3011 in
788 2956 995 3013 malitia
1024 2969 1119 3022 est,
1142 2970 1503 3014 transcursum
1546 2960 1731 3030 fuerit,
1765 2978 1852 3016 se-

251 3047 493 3103 cundum
516 3050 870 3104 necessitatem
906 3051 975 3104 ad
1008 3050 1052 3083 ¹⁹
1081 3051 1272 3104 bonum
1320 3051 1571 3105 convertit
1626 3058 1844 3104 motum.

1959 1865 2252 1920 desiturum
2272 1866 2338 1919 ⁸⁵.
2365 1864 2578 1921 Sienim
2593 1865 2773 1920 divina
2790 1865 3023 1928 bonitas,
3040 1881 3181 1934 quae
3205 1879 3420 1934 semper
3434 1880 3538 1917 nou

1955 1955 2127 2009 solum
2155 1955 2207 2008 in
2252 1955 2429 2019 bouis,
2472 1969 2658 2009 verum
2697 1955 2860 2009 etiam
2894 1954 2946 2007 in
2990 1953 3144 2008 malis
3181 1954 3322 2008 bene
3349 1969 3542 2022 opera-

1955 2053 2062 2111 tur,
2104 2054 2322 2100 aeterna
2371 2053 2426 2099 et
2453 2044 2658 2098 inﬁnita
2689 2054 2774 2100 est
2800 2043 2868 2109 “,
2904 2044 3237 2099 contrarium
3272 2043 3391 2113 ejus
3439 2059 3537 2098 ne-

1950 2136 2191 2193 cessario
2264 2152 2371 2191 non
2429 2136 2535 2190 erit
2598 2145 2876 2191 aeternum
2942 2143 3000 2191 et
3054 2134 3370 2201 inﬁnitum;
3410 2136 3542 2192 alio-

1949 2227 2080 2298 quin
2134 2243 2240 2282 non
2270 2227 2377 2282 erit
2405 2225 2763 2291 contrarium,
2808 2240 2909 2281 nec
2937 2241 3003 2280 ex
3053 2226 3269 2281 diversa
3300 2230 3345 2262 ⁸⁷
3386 2237 3544 2297 parte

1948 2320 2279 2389 oppositum.
2342 2318 2577 2373 Aeterna
2633 2300 2932 2386 siquidem,
2980 2319 3228 2386 quamvis
3281 2317 3543 2387 qualitate

1950 2408 2305 2478 discrepant,
2360 2408 2475 2463 sola
2536 2407 2877 2462 aeternitatis
2937 2407 3268 2478 aequalitate
3323 2409 3543 2464 sibimet

1949 2500 2300 2556 conveniunt.
2341 2498 2532 2553 Divina
2579 2513 2813 2567 namque
2860 2498 3032 2568 pietas
3076 2508 3238 2569 atque
3276 2500 3542 2556 severitas

1950 2589 2215 2659 qualitate
2242 2588 2547 2655 dissonaut,
2595 2589 2719 2644 dum
2759 2604 2865 2642 una
2908 2588 3102 2644 delicta
3144 2590 3321 2660 punit,
3366 2590 3538 2645 altera

1951 2678 2196 2750 indulget
2227 2696 2239 2731 :
2273 2679 2464 2734 ambae
2496 2689 2674 2733 tamen
2712 2689 2968 2733 aeternae
3009 2689 3153 2734 sunt.
3191 2678 3415 2734 Divinae
3446 2695 3543 2733 au-

1952 2782 2062 2826 tem
2116 2771 2345 2826 bonitati
2404 2770 2610 2826 malitia
2674 2771 2897 2826 omnino
2962 2772 3275 2841 opponitur.
3336 2770 3539 2827 Malitia

1951 2859 2133 2930 itaque
2158 2860 2677 2915 consummationem
2711 2860 2961 2929 accipiet,
2993 2870 3047 2915 et
3076 2861 3128 2914 iu
3166 2859 3310 2914 nulla
3347 2869 3541 2915 natura

1951 2953 2278 3018 remanebit,
2322 2953 2576 3022 quoniam
2622 2952 2675 3006 iu
2717 2953 2970 3007 omnibus
3007 2953 3224 3007 bonitas
3261 2952 3443 3006 divina
3484 2962 3541 3007 et

1950 3048 2264 3118 operabitur
2284 3057 2339 3104 et
2362 3048 2661 3117 apparebit.
2678 3047 2756 3103 Ac
2784 3063 2881 3118 per
2902 3048 3004 3105 hoc
3028 3057 3276 3103 naturam
3300 3061 3536 3107 nostram

255 3137 405 3194 Nam
444 3140 571 3194 dum
598 3142 805 3196 malitia
854 3143 909 3197 in
946 3143 1212 3212 inﬁnitum
1254 3160 1356 3197 non
1391 3143 1726 3213 progreditur
1766 3143 1807 3175 “'
1829 3182 1845 3209 ,
1875 3153 1918 3214 (ζ
1950 3158 2057 3198 non
2080 3159 2202 3199 esse
2230 3143 2281 3197 in
2312 3143 2452 3197 malo
2477 3142 2662 3206 ﬁxam,
2682 3158 2779 3198 nec
2803 3142 3038 3198 futuram
3051 3158 3171 3197 esse
3193 3158 3407 3212 semper
3432 3158 3543 3197 ma-

256 3232 354 3287 sed
383 3232 690 3287 necessariis
727 3233 920 3302 ﬁnibus
962 3236 1436 3304 comprehenditur,
1472 3244 1846 3305 consequenter

255 3322 383 3376 boni
420 3326 680 3377 successio
704 3323 861 3392 ﬁnem
907 3325 1140 3380 malitiae
1182 3327 1418 3397 excipiet.
1444 3328 1518 3381 Ac
1551 3328 1649 3392 sic,
1674 3336 1730 3380 ut
1765 3325 1846 3380 di-

251 3425 399 3465 ctum
420 3422 516 3477 est,
542 3413 953 3482 semper-mobile
981 3424 1190 3469 nostrae
1215 3425 1432 3469 naturae
1460 3415 1642 3470 ultimo
1670 3430 1848 3470 recur-

252 3516 329 3560 ret
371 3505 427 3559 in
455 3508 644 3559 bonam
674 3507 809 3559 viam
841 3505 910 3571 ίτ,
936 3506 1060 3559 dum
1087 3523 1152 3559 ea:
1182 3508 1433 3561 memoria
1482 3507 1717 3576 priorum
1764 3509 1847 3562 in-

251 3593 572 3663 felicitatum
595 3596 901 3664 castigatur,
927 3611 989 3649 ne
1010 3596 1064 3648 in
1085 3595 1327 3666 aequales
1352 3596 1627 3651 recidat".
1648 3597 1846 3652 Rursus

250 3685 424 3755 igitur
446 3685 545 3738 erit
574 3684 619 3717 "
649 3685 797 3740 nobis
832 3702 1016 3740 cursus
1044 3696 1119 3740 t'n'
1149 3687 1314 3751 bonis,
1363 3704 1424 3740 eo
1467 3688 1607 3758 quod
1654 3689 1847 3756 ﬁnibus

256 3774 568 3830 necessariis
592 3775 824 3830 malitiae
846 3784 1038 3829 natura
1064 3777 1598 3831 circumterminatur.
1619 3775 1685 3830 Ut
1707 3780 1844 3832 enim

252 3866 588 3936 superiorum
612 3868 765 3935 periti
789 3866 834 3898 ’θ
873 3866 1086 3922 luminis
1125 3868 1336 3938 quidem
1363 3884 1566 3921 omnem
1590 3868 1843 3923 mundum

250 3956 472 4027 plenum
502 3972 612 4010 esse
640 3957 845 4022 dicunt,
864 3958 1101 4011 tenebras
1132 3974 1252 4011 vero
1294 3959 1616 4027 oppositione
1651 3959 1842 4013 terreni

252 4045 496 4114 corporis
533 4045 982 4100 obumbrationem
1024 4047 1344 4118 ﬁeri,qunm
1373 4048 1583 4118 quidem
1632 4066 1665 4103 a
1712 4048 1840 4102 solis

249 4137 425 4190 radiis
476 4153 508 4190 a
549 4128 692 4205 tergo
730 4138 1016 4191 secundum
1070 4138 1297 4207 formam
1350 4138 1562 4192 rotundi
1607 4140 1841 4205 corporis

250 4225 441 4293 umbra
504 4227 673 4281 instar
705 4229 822 4281 coni
862 4227 1143 4283 claudatur
1178 4231 1220 4263 ³³
1246 4248 1265 4295 ;
1317 4229 1397 4285 sol
1460 4233 1598 4286 enim
1660 4231 1843 4286 multi-

250 4314 465 4381 pliciter
532 4318 891 4387 magnitudine
954 4329 1149 4375 terram
1225 4338 1479 4393 superans
1513 4362 1529 4388 ,
1594 4322 1844 4394 illamque

1950 3232 2062 3287 litia
2083 3233 2375 3297 detentum,
2404 3233 2497 3287 sed
2527 3232 2594 3286 ad
2617 3233 2815 3287 bonum
2839 3234 2992 3287 ﬁnito
3015 3233 3161 3286 omni
3182 3232 3324 3287 malo
3355 3247 3543 3286 rever-

1952 3341 2159 3390 suram,
2192 3324 2469 3395 praefatus
2513 3334 2702 3379 auctor
2731 3327 2945 3380 asserit.
2977 3326 3129 3381 Sicut
3157 3324 3301 3379 enim
3344 3326 3535 3380 umbra

1955 3426 2152 3479 terrae.
2179 3434 2342 3488 quam
2374 3426 2586 3472 noctem
2615 3416 2904 3487 appellant,
2936 3417 2990 3471 in
3035 3417 3179 3472 aéris
3205 3424 3261 3472 et
3303 3415 3542 3472 aetheris

1955 3508 2125 3578 spatia
2154 3523 2253 3578 per
2294 3507 2565 3561 inﬁnitum
2606 3522 2712 3560 non
2750 3506 3063 3576 porrigitur,
3095 3506 3189 3561 sed
3229 3507 3367 3560 intra
3409 3520 3539 3560 cen-

1958 3609 2069 3655 tum
2097 3600 2286 3671 viginti
2312 3600 2356 3639 ¹⁸
2375 3615 2473 3655 sex
2506 3600 2672 3654 millia
2704 3600 3026 3664 stadiorum,
3065 3607 3126 3653 ut
3162 3599 3370 3671 physici
3418 3613 3543 3669 per-

1953 3690 2168 3754 hibent,
2213 3692 2582 3745 coartantibus
2622 3706 2743 3744 eam
2782 3690 3018 3759 undique
3064 3690 3333 3745 solaribus
3374 3688 3542 3743 radiis

1953 3781 2098 3836 circa
2133 3791 2331 3835 terram
2361 3781 2591 3846 diffusis,
2624 3782 2800 3836 instar
2826 3782 2947 3836 coni
2979 3782 3341 3842 acuminatur.
3379 3780 3453 3834 ita
3484 3786 3542 3832 ut

1950 3873 2164 3943 penitus
2207 3872 2425 3928 deﬁciat
2459 3891 2474 3927 :
2506 3873 2587 3927 sie
2624 3872 2862 3937 malitia,
2895 3887 3033 3943 quae
3076 3872 3239 3927 veluti
3273 3872 3538 3940 quaedam

1950 3964 2139 4018 umbra
2180 3964 2499 4019 delictorum
2536 3973 2848 4018 nostrorum
2898 3972 3136 4016 nostram
3176 3970 3403 4029 occupat
3443 3975 3543 4015 ηδτ

1950 4064 2149 4118 turam,
2200 4055 2526 4109 abundantia
2577 4068 2842 4121 supernae
2886 4063 3246 4121 aeternaeque
3279 4053 3324 4085 “
3373 4050 3531 4104 boni-

1950 4147 2077 4202 tatis
2116 4146 2469 4209 coartabitur,
2495 4154 2551 4199 et
2593 4145 2814 4199 omnino
2856 4144 3194 4208 abolebitur,
3234 4142 3359 4195 dum
3395 4141 3539 4195 irra-

1953 4235 2234 4290 tionabiles
2276 4236 2549 4290 humanae
2591 4236 2809 4292 animae
2860 4243 3037 4290 motus
3081 4235 3147 4288 ad
3193 4230 3542 4287 rationabiles

1950 4327 2195 4382 veritatis
2242 4326 2468 4384 affectus
2512 4337 2897 4384 convertentur
2939 4340 2986 4381 ο.
3043 4325 3247 4381 Deinde
3297 4333 3547 4380 nostram

1546 4475 1801 4531 VAlllAE
1839 4464 2130 4532 LECTION
2140 4477 2242 4532 ES.

321 4614 343 4649 ί
368 4606 416 4660 Δ
442 4615 502 4660 ut
529 4606 728 4675 magni.
802 4607 824 4638 ¹
846 4606 888 4662 Δ
904 4608 1231 4675 permissum.

249 4690 417 4746 quam
446 4674 590 4743 quod
617 4674 831 4746 Semper
855 4674 1095 4730 similiter
1121 4676 1270 4731 habet
1296 4678 1350 4730 in
1380 4677 1512 4730 bono
1533 4676 1751 4745 faciens.

250 4761 363 4801 om.
386 4743 496 4800 CF.
575 4744 617 4778 “
643 4744 745 4799 Pro
766 4747 853 4801 aui
869 4745 954 4801 CF
983 4745 1114 4801 nihil
1134 4763 1235 4800 non
1261 4747 1549 4801 nascentis.
1624 4748 1665 4779 ¹¹
1690 4746 1751 4801 Cl

250 4817 401 4887 dum.
486 4816 531 4851 ¹⁸
555 4813 639 4870 CF
666 4815 740 4869 in.
778 4813 787 4816 ⁷
816 4815 860 4887 Ψ
883 4815 968 4871 CF
995 4816 1375 4887 progrediatur.

1308 4607 1329 4639 ³
1356 4606 1447 4679 Sic
1467 4606 1992 4679 CFAvicesimoety.
2007 4607 2057 4679 _A
2083 4607 2341 4679 vicesimp
2367 4607 2557 4678 primo.
2608 4626 2611 4629 λ
2635 4607 2657 4641 ⁸
2680 4608 2721 4679 Α
2748 4608 2829 4679 sic
2849 4616 2932 4662 est
2959 4608 3109 4678 {ortis
3130 4608 3314 4679 inquit.

575 4744 747 4816 {:Pro'
766 4747 854 4816 qui
869 4745 965 4816 CF,
983 4745 1114 4801 nihil
1134 4763 1235 4800 non
1261 4744 1549 4802 nascentis.
1624 4748 1665 4779 ¹¹
1690 4746 1773 4801 CF
1793 4745 1995 4816 Neque.

3404 4606 3544 4664 ‘CF’

1828 4677 1849 4748 ξ
1884 4672 1966 4731 CF
1995 4676 2122 4731 Sed.
2150 4679 2217 4748 λ
2247 4677 2331 4733 CF
2356 4672 2528 4748 atque.
2624 4681 2646 4713 ⁸
2676 4678 2760 4732 CF
2782 4672 2970 4748 ubique
2992 4672 3336 4736 immutabile.
3426 4680 3449 4713 ’
3480 4696 3547 4733 se

2076 4746 2216 4821 "CF
2242 4746 2589 4821 momentum.
2657 4748 2699 4821 ξ’
2720 4762 2820 4821 pro
2838 4746 2924 4803 ubi
2937 4747 3019 4804 Cl“
3040 4765 3158 4802 cum
3171 4765 3311 4821 _v€r0-
3389 4751 3435 4821 ξ’
3448 4748 3547 4821 ρξ’

1455 4816 1599 4887 "CF
1626 4825 1843 4887 nostrae
1866 4814 2095 4872 naturae
2117 4820 2303 4871 iterum
2330 4817 2551 4887 ﬁrmiter
2573 4820 2628 4875 in
2658 4814 2846 4872 bonam
2876 4828 3102 4873 recurret
3132 4819 3288 4874 viam.
3366 4814 3410 4851 ¹⁶
3444 4818 3549 4875 CF

248 4886 381 4959 dum
403 4899 473 4939 ex
495 4886 753 4959 memoria
783 4886 1022 4959 priorum
1051 4885 1510 4959 calamitatumad
1531 4885 1805 4959 essendum
1826 4888 2013 4959 iterum
2034 4889 2089 4941 in
2108 4888 2187 4941 his
2208 4885 2343 4959 quae
2367 4899 2504 4942 recta
2523 4898 2667 4952 sunt,
2692 4890 3055 4959 compescitur.
3132 4888 3177 4922 ”
3202 4889 3309 4943 Pro
3332 4887 3551 4944 Rursus

244 4954 414 5028 igitur
437 4955 532 5007 erit
560 4953 646 5028 CF
673 4953 803 5028 Non
817 4973 938 5028 ergo
960 4957 1168 5028 iterum.
1242 4956 1290 4988 ’θ
1309 4956 1393 5011 CF
1413 4954 1633 5028 Utenim
1661 4957 1752 5025 qui
1781 4958 2009 5028 aetheria
2033 4953 2243 5027 sapiunt
2272 4961 2442 5027 spatia
2465 4959 2682 5015 luminis
2703 4953 2922 5028 quidem
2945 4970 3053 5014 cet.

3149 4961 3193 4992 “
3221 4959 3306 5015 CF
3340 4960 3537 5013 obum-

252 5022 563 5111 b‘rationem
593 5024 755 5111 ﬁcii;
774 5022 894 5111 ﬁeri
917 5027 1015 5079 hoc
1036 5025 1364 5111 quidem‘per
1389 5026 1634 5111 “ﬁguram
1663 5022 2061 5111 sphaeriformis
2095 5022 2327 5097 corporis
2357 5030 2627 5111 considero
2648 5022 2811 5111 solari
2839 5030 3137 5111 radiq__coni
3160 5030 3389 5111 ﬁguram
3410 5045 3548 5081 con--

252 5092 518 5169 eludente.
540 5164 552 5169 _
593 5096 639 5127 ³³
670 5094 755 5149 CF
783 5095 956 5169 Solem
985 5092 1101 5169 vero
1123 5092 1489 5169 multipliciter
1512 5092 1899 5169 magni-tudine:
1923 5107 2118 5169 terram
2148 5092 2397 5168 superare
2428 5101 2654 5169 undique
2684 5102 2847 5169 ipsam
2883 5102 3047 5154 radiis
3078 5101 3131 5154 in
3160 5092 3274 5168 giro
3308 5114 3546 5164 compre»

252 5164 510 5227 hendens,
526 5164 591 5239 in
619 5166 929 5239 summitate
950 5164 1074 5220 coni
1096 5166 1483 5239 c_onunissuras
1508 5167 1726 5239 luminis
1747 5165 2073 5239 copulando,
2093 5164 2846 5239 itautsecundum'materiem
2870 5173 2915 5223 si
2939 5172 3088 5225 ﬁeret
3111 5164 3337 5239 ctiipiam
3360 5169 3543 5222 virtus

252 5234 687 5305 transgrediendi
732 5250 1063 5305 mensuram,
1108 5235 1161 5305 in
1209 5250 1371 5305 quam
1421 5236 1605 5290 umbra
1633 5234 1952 5291 extenditur.

1105 5303 1151 5336 “
1181 5303 1241 5359 AV
1264 5314 1483 5361 aeterna
1516 5316 1591 5361 est
1625 5317 1681 5362 et
1723 5307 1952 5361 inﬁnita.

248 5300 303 5373 ἦέ
332 5300 435 5373 516
458 5302 580 5369 CF;
614 5305 662 5358 Α
688 5304 1029 5373 defecturam.

254 5371 303 5401 ”
338 5372 385 5424 Α
418 5382 467 5427 et
513 5371 789 5429 aeternae.

2033 5237 2077 5310 ff
2106 5236 2192 5310 CF
2238 5237 2546 5310 intelligere.
2642 5239 2689 5275 “
2719 5240 2967 5310 Sic_CF;
3013 5240 3058 5293 Α
3092 5236 3540 5310 ιμιαήάοειᾳηᾳυᾳν

2028 5308 2071 5339 ³⁷
2101 5305 2192 5362 Sic
2225 5306 2343 5375 CF;
2392 5305 2438 5363 Ᾱ
2477 5310 2718 5365 adversa.
2793 5307 2840 5343 ⁸⁸
2880 5311 2928 5365 Δ
2954 5305 3187 5365 centum
3229 5318 3278 5362 et
3319 5305 3540 5377 viginti.

1768 5444 2019 5502 NOTAE.

328 5533 493 5609 -__Ea,
554 5550 693 5605 quae
732 5535 968 5609 Joannes
1024 5536 1219 5594 Scotus
1266 5537 1378 5609 jam
1436 5538 1504 5595 de
1549 5538 1840 5594 abolitione

253 5604 400 5680 επηοίὶ⁸
439 5604 853 5680 (ιειμιολρορξιίε
909 5624 973 5663 ac
1027 5604 1303 5678 suppliciis
1358 5610 1678 5680 impiorum,
1725 5610 1839 5665 sive

256 5673 558 5739 bundnum,
605 5673 716 5732 sive
754 5673 1242 5743 damuonumfcct.
1298 5673 1566 5751 disputat,
1621 5680 1835 5735 veritati

1948 5539 2248 5614 catholicae
2277 5543 2499 5614 omnino
2527 5557 2845 5614 repugnare,
2874 5542 2961 5595 vix
3003 5548 3105 5600 est,
3140 5541 3283 5614 quod
3310 5556 3534 5614 τηρηθεῖ-

1948 5626 2084 5681 mus.
2130 5610 2212 5666 Cl.
2258 5613 2324 5667 de
2355 5611 2562 5668 Joanne
2589 5610 2773 5667 ’δέοιο
2807 5612 3328 5669 Couttueutatioucm
3369 5612 3429 5669 Ρ.
3467 5612 3534 5681 ιι,

1946 5679 1972 5751 §
2000 5680 2066 5733 37
2098 5697 2258 5751 supra
2289 5682 2389 5738 col.
2415 5683 2481 5738 78
2512 5692 2564 5737 et
2600 5683 2686 5738 79.
