3884 6156
386 292 486 351 θιθ

1755 288 1871 346 1οΑ
1882 287 2035 344 ΝΝ18
2073 284 2269 345 SCOTI

3526 277 3631 336 990

390 418 639 465 suturam
689 423 903 478 semper
941 405 1179 470 moveri,
1221 403 1362 475 quod
1404 404 1566 461 etiam
1616 402 1727 458 fere
1776 418 1967 458 omnes
1996 405 2045 464 Α
2071 418 2173 471 qua
2218 402 2505 473 Dionysius
2546 402 2870 474 Areopagita
2911 403 3182 458 Dorotheo
3227 400 3471 460 scribens
3505 407 3626 471 ait:

393 499 558 555 divini
607 497 907 569 philosophi
958 495 1289 564 approbant,
1337 493 1711 548 incunctanter
1746 492 1963 555 asserit,

392 598 448 643 et
477 586 611 642 nihil
644 586 786 640 aliud
821 584 1049 654 appetit,
1094 584 1198 638 nisi
1241 598 1509 638 summum
1550 584 1770 647 bonum,
1800 597 1828 634 a
1859 596 1967 651 quo

390 679 552 733 veluti
604 678 865 747 principio
912 677 1099 748 incipit
1146 679 1370 744 moveri,
1420 687 1475 733 et
1515 678 1583 733 ad
1612 677 1757 747 quod
1802 676 1968 732 veluti

391 774 550 823 linem
576 768 592 798 ι
629 774 832 822 motum
872 782 1027 823 suum
1072 766 1360 823 accelerat.
1399 767 1533 823 Tota
1572 768 1837 837 siquidem
1882 781 1969 821 ra-

391 855 603 909 .ionalis
657 863 928 921 creatura,
984 871 1126 925 quae
1171 858 1388 927 proprie
1440 856 1493 911 in
1531 855 1838 911 hominibus
1881 856 1966 911 in-

390 944 646 1016 telligitur
696 945 993 1001 subsistere
1012 947 1077 1011 ·³,
1122 946 1368 1002 etiamin
1427 945 1638 1002 delictis
1677 946 1792 1001 suis
1847 959 1970 1016 per-

389 1033 666 1102 tersisque
714 1034 1046 1091 animalibus
1095 1034 1264 1091 Deum
1316 1033 1340 1067 ³
1371 1050 1567 1101 suum,
1624 1050 1654 1089 a
1705 1050 1811 1106 quo
1865 1042 1971 1100 est,

386 1130 444 1175 et
493 1122 561 1176 ad
601 1137 762 1191 quem
813 1123 1284 1194 contemplandum
1336 1124 1551 1181 condita
1601 1135 1707 1191 est,
1759 1138 1973 1196 semper

386 1210 619 1279 quaerit.
646 1211 1002 1267 Rationabilis
1031 1213 1227 1283 quippe
1256 1221 1447 1268 natura
1475 1228 1747 1284 nunquam
1772 1212 1971 1267 malum

390 1303 619 1372 appetit,
648 1303 701 1357 in
752 1303 934 1359 multis
973 1313 1151 1359 tamen
1188 1305 1388 1359 fallitur
1425 1315 1480 1361 et
1519 1305 1804 1375 decipitur,
1841 1302 1974 1358 falsa

388 1409 491 1463 pro
519 1395 661 1450 veris
687 1396 1015 1466 approbans,
1046 1399 1187 1468 quod
1228 1400 1503 1470 proprium
1538 1408 1622 1456 est
1664 1400 1887 1465 erroris,
1917 1406 1975 1454 et

394 1499 499 1538 non
523 1494 728 1541 rectam
757 1487 895 1541 viam
925 1487 1276 1560 ingredientis
1301 1488 1326 1522 ⁸
1349 1489 1418 1545 ad
1450 1506 1719 1545 summum
1750 1492 1971 1556 bonum,

391 1577 537 1644 quod
569 1590 784 1646 semper
812 1578 1045 1647 quaerit.
1094 1577 1390 1636 Pervcrsus
1425 1590 1606 1635 autem
1644 1580 1757 1649 ipse
1800 1589 1978 1634 motas

393 1667 654 1722 vocabulo
694 1668 929 1723 malitiae
963 1685 1069 1725 non
1108 1670 1401 1741 incongrue
1430 1671 1747 1742 appellatur.
1778 1669 1975 1725 Malitia

2075 493 2262 549 Divina
2275 495 2445 565 caligo
2471 505 2545 549 est
2567 494 2923 549 inaccessibile
2941 494 3116 549 lumen
3132 495 3198 560 “,
3219 495 3276 549 in
3298 511 3400 565 quo
3413 495 3634 550 babitsre

2073 583 2210 638 Deus
2231 585 2464 651 dicitur;
2493 586 2618 639 dum
2644 584 2918 639 invisibilis
2939 586 3111 640 existit
3138 585 3182 617 ⁸⁸
3206 594 3423 656 propter
3441 598 3637 654 supere-

2070 676 2348 730 minentem
2380 676 2692 741 claritatem,
2722 688 2769 732 et
2799 677 3210 732 inaccessibilem
3239 675 3634 746 supereseellett-

2070 767 2198 819 tlam
2221 766 2266 799 ¹³
2285 766 2732 836 superessentialis
2758 767 3014 821 luminum
3038 767 3366 821 manationis
3388 765 3454 830 “,
3476 767 3527 820 in
3550 766 3631 821 ltoe

2070 853 2129 923 ﬁt
2160 856 2328 909 omnis
2354 854 2520 910 Deum
2542 857 2675 910 scire
2709 864 2759 909 et
2784 856 2958 910 videre
2994 856 3208 926 dignus,
3237 855 3372 909 dum
3414 855 3518 923 ipse
3545 871 3634 908 non

2070 946 2227 1011 uidet,
2273 962 2365 1001 nec
2406 947 2667 1016 cognoscit
2691 963 2803 1001 vere
2844 944 3040 1011 lumen,
3074 947 3127 1001 in
3160 962 3266 1017 quo
3306 961 3467 1015 super
3504 944 3635 1000 uisio-

2072 1054 2190 1092 nem
2240 1047 2287 1092 et
2339 1037 2684 1107 cognitionem
2731 1036 2904 1107 factus
2946 1045 3054 1102 est,
3107 1036 3207 1090 hoc
3251 1033 3429 1090 solum
3469 1034 3634 1098 sciens,

2071 1145 2191 1184 eum
2228 1130 2285 1184 in
2322 1129 2563 1183 omnibus
2610 1126 2942 1183 sensibilibus
2981 1137 3031 1181 et
3069 1125 3491 1198 intelligibilibus
3524 1142 3636 1191 esse,

2071 1226 2122 1272 et
2152 1217 2451 1288 prophetica
2486 1216 2664 1271 dicens
2689 1229 2709 1268 :
2742 1214 3007 1271 Mirabilis
3034 1215 3178 1286 facta
3205 1226 3287 1270 est
3317 1216 3532 1271 scientia
3558 1225 3637 1269 tua

2072 1324 2139 1365 ea:
2166 1327 2279 1376 me,
2309 1309 2608 1380 confortata
2635 1318 2740 1375 est,
2772 1317 2821 1364 et
2842 1325 2945 1363 non
2970 1319 3149 1379 potero
3180 1307 3252 1362 ad
3282 1324 3423 1363 eam.
3464 1306 3635 1372 Quent-

2075 1403 2360 1457 admodum
2405 1402 2563 1457 etiam
2611 1402 2817 1457 divinus
2866 1399 3069 1455 Paulus
3128 1400 3304 1454 Deum
3365 1400 3636 1470 cognovisse

2076 1493 2296 1554 dicitur,
2327 1506 2639 1561 cognoscens
2665 1489 2817 1544 illum
2844 1506 3001 1560 super
3028 1502 3232 1544 omnem
3266 1488 3638 1559 intelligentiam

2077 1592 2126 1637 et
2165 1582 2515 1655 cognitionem
2550 1581 2853 1635 existentem
2884 1596 2904 1645 ;
2942 1589 3154 1651 praptcr
3189 1580 3339 1651 quod
3374 1589 3422 1633 et
3458 1581 3641 1634 inresti-

2079 1669 2274 1739 gabiles
2320 1686 2431 1724 esse
2474 1671 2589 1723 vias
2632 1669 2747 1738 ejus
2793 1670 2904 1736 ait,
2952 1678 3001 1723 et
3048 1669 3421 1723 inscrutabilia
3457 1670 3638 1738 judicia

394 1772 629 1827 namque
658 1767 741 1814 est
785 1760 998 1815 animae
1028 1760 1407 1817 intellectualis
1446 1762 1773 1816 naturalium
1810 1762 1979 1815 hono-
2013 1733 2057 1792 Β
2081 1759 2229 1830 ejus,
2260 1767 2311 1813 et
2344 1758 2721 1813 inenarrabiles
2750 1760 3055 1814 donationes
3084 1760 3231 1829 ejus,
3267 1768 3320 1814 et
3348 1776 3517 1829 pacem
3543 1759 3637 1829 ejus

394 1864 514 1903 rum
545 1849 762 1913 oblivio,
791 1859 846 1905 et
874 1851 941 1905 ad
973 1852 1132 1907 llnem
1157 1853 1439 1908 insitarum
1464 1864 1690 1909 naturae
1722 1852 1979 1907 virtutum

396 1939 725 2006 operationis
788 1941 1032 1996 delectus
1061 1981 1076 2007 ,
1128 1941 1565 2014 naturaliumque
1620 1943 1981 2013 potentiarum

398 2043 497 2097 per
539 2029 810 2084 fallentem
848 2032 1238 2101 iudicationem
1282 2035 1335 2088 in
1374 2034 1517 2089 aliud
1566 2043 1783 2105 praeter
1819 2034 1980 2090 linem

398 2120 787 2176 irrationabilis
822 2130 1018 2177 motus.
1064 2121 1252 2178 Finem
1284 2139 1411 2181 vero
1440 2126 1562 2181 dico
1605 2140 1814 2193 eorum,
1842 2142 1984 2196 quae

397 2222 548 2278 sunt,
593 2229 835 2275 causam,
883 2230 1048 2285 quam
1101 2217 1422 2273 naturaliter
1473 2227 1732 2289 appetunt
1778 2220 1980 2273 omnia.

402 2302 636 2357 Proinde
675 2305 791 2375 ipso
835 2306 1188 2362 irrationabili
1236 2318 1407 2376 motu,
1439 2310 1529 2380 qui
1578 2311 1743 2366 totius
1782 2311 1903 2365 mali
1931 2320 1985 2366 et

2081 1860 2417 1919 superantem
2471 1864 2676 1903 omnem
2719 1848 3068 1914 intellectum,
3116 1851 3193 1904 sic
3232 1850 3501 1905 inveniens
3540 1866 3638 1903 eum

2081 1955 2241 2008 super
2268 1939 2444 1992 omnia
2462 1978 2476 2001 ,
2506 1947 2555 1992 et
2585 1937 2682 1991 Itoc
2707 1952 2865 2007 super
2891 1936 3291 2007 intelligentiam
3321 1952 3634 2007 cognoscens,

2080 2031 2205 2102 quia
2248 2046 2409 2102 supra
2457 2030 2632 2085 omnia
2685 2039 2798 2093 est,
2851 2028 3083 2083 omnium
3131 2026 3372 2084 causalis
3418 2029 3632 2082 existens.

2082 2122 2227 2177 Idem
2263 2120 2317 2176 in
2352 2120 2577 2192 epistola
2633 2121 2699 2175 ad
2737 2120 2928 2176 Gaium
2969 2119 3298 2174 monachum
3352 2137 3366 2172 :
3406 2116 3638 2172 Tenebrae

2083 2213 2316 2285 quidem,
2348 2211 2522 2282 inquit
2552 2212 2615 2276 "',
2648 2212 2901 2265 obscurae
2925 2219 3045 2265 sunt
3067 2211 3123 2265 in
3147 2209 3373 2273 lumine,
3416 2219 3464 2263 et
3497 2210 3635 2279 magis

2084 2309 2140 2361 in
2168 2305 2334 2361 multo
2362 2304 2577 2359 lumine.
2612 2303 2978 2374 Ignorantiam
3007 2302 3273 2356 occultant
3305 2302 3569 2363 scientiae,
3595 2308 3636 2352 et

400 2394 640 2450 malitiae
675 2404 728 2450 et
757 2396 779 2427 ⁸
806 2412 968 2452 causa
998 2408 1055 2452 et
1081 2398 1357 2468 plenitudo
1382 2409 1485 2465 est,
1516 2401 1772 2459 bonitatis
1797 2404 1986 2473 ampli—
2084 2398 2252 2468 magis
2284 2395 2482 2451 multae
2507 2395 2773 2449 scientiae.
2802 2393 2950 2448 Haec
2979 2393 3115 2448 enim
3134 2392 3180 2427 “
3201 2393 3632 2463 superemineat".

405 2486 594 2541 tudine
642 2488 1054 2558 circumscripto
1096 2491 1418 2562 penitusque
1463 2494 1768 2557 terminato,
1820 2495 1989 2550 ratio.
2085 2490 2174 2544 sed
2205 2506 2308 2543 non
2338 2488 2623 2545 secundum
2664 2487 3005 2556 privationem
3029 2484 3332 2553 accipiens,
3366 2481 3632 2553 approba"

404 2577 658 2632 nabiliter
699 2580 995 2635 secundum
1044 2582 1236 2638 insitas
1283 2583 1386 2638 sibi
1441 2585 1711 2641 naturales
1759 2586 1987 2643 virtutes
2084 2598 2241 2652 super
2268 2597 2404 2644 uere,
2434 2580 2559 2651 quia
2598 2578 2994 2633 latet—etiam
3018 2577 3108 2648 qtti
3133 2577 3343 2631 habent
3370 2575 3636 2644 incompre-

404 2670 637 2724 ltumaua
675 2681 869 2726 natura
913 2675 1235 2740 movebitur,
1285 2691 1496 2732 sursum
1545 2692 1734 2741 versus
1779 2687 1982 2745 erecta,

404 2773 624 2812 causam
667 2774 818 2814 suam
858 2776 1074 2831 semper
1121 2773 1409 2834 appetens,
1451 2774 1507 2820 et
1542 2766 1595 2820 in
1643 2768 1984 2836 paradisum,

405 2847 627 2902 delicias
657 2848 778 2903 dico
805 2850 1084 2917 virtutum,
1108 2847 1244 2921 quas
1272 2855 1591 2910 naturaliter
1617 2856 1719 2911 sibi
1749 2856 1936 2912 insitas
1962 2857 1987 2890 ⁸

406 2939 681 2993 peccando
720 2940 1051 3009 perdiderat,
1083 2943 1315 3009 rediens,
1347 2959 1634 3017 escamque
1665 2946 1790 3018 ligni
1822 2946 1983 3010 vitae,

408 3029 500 3085 Dei
547 3029 797 3085 videlicet
824 3031 983 3087 Verbi
1015 3034 1548 3104 contemplationem,
1570 3037 1822 3091 ardenter
1846 3036 1984 3092 desi-

401 3122 620 3187 derans,
679 3124 1001 3195 divinaeque
1051 3128 1320 3199 imaginis,
1366 3128 1433 3183 ad
1483 3144 1644 3200 quam
1692 3128 1832 3183 facta
1880 3137 1987 3194 est,

407 3207 723 3283 dignitatem
751 3216 991 3285 recipere
1019 3215 1301 3274 festinans.
1347 3217 1451 3274 Sed
1491 3221 1747 3288 quoniam
1772 3219 1816 3285 ',
1846 3220 1990 3290 quod

410 3303 623 3370 quaerit
646 3311 701 3355 et
724 3305 947 3373 appetit,
971 3305 1096 3359 dum
1129 3316 1275 3363 recte
1304 3317 1552 3363 movetur
1573 3308 1657 3363 vel
1691 3324 1794 3363 non
1823 3318 1989 3375 recte,

407 3389 677 3444 infinitum
707 3401 812 3456 est,
843 3396 1099 3465 omnique
1121 3405 1407 3454 creaturae
1432 3397 1992 3469 incomprehensibile,

408 3479 818 3549 necessarieque
880 3481 902 3511 "
952 3497 1165 3554 semper
1203 3487 1510 3555 quaeritur,
1577 3501 1641 3542 ac
1686 3502 1784 3557 per
1843 3487 1994 3542 boc'

411 3581 626 3636 semper
691 3580 937 3623 movetur
988 3589 1002 3625 :
1056 3587 1269 3642 semper
1328 3575 1583 3644 quaerit,
1658 3575 1999 3646 mirabilique

416 3667 576 3728 pacto
609 3658 1068 3729 “quodammodo
1120 3665 1346 3731 invenit,
1391 3668 1532 3735 quod
1579 3668 1795 3737 quaerit
1833 3669 1899 3734 ¹¹,
1944 3677 2001 3725 et

420 3763 527 3801 non
560 3749 783 3816 invenit,
810 3755 932 3819 quia
955 3753 1197 3810 invenire
1222 3770 1327 3811 non
1356 3766 1552 3827 potest.
1581 3759 1784 3815 Invenit
1817 3770 1998 3815 autem

419 3854 518 3909 per
548 3839 921 3910 theophanias,
950 3857 1049 3914 per
1074 3854 1299 3902 naturae
1330 3863 1459 3904 vero
1499 3848 1713 3904 divinae
1763 3866 1858 3920 per
1896 3851 2002 3907 sei-

417 3944 569 3999 psam
639 3935 1151 4003 contemplationem
1191 3954 1296 3995 non
1346 3941 1571 3997 invenit.
1625 3942 2001 4013 Theopltauias

417 4029 597 4076 autem
624 4022 745 4078 dico
789 4024 1079 4083 visibilium
1109 4039 1166 4085 et
1203 4032 1553 4088 invisibilium
1594 4035 1819 4104 species,
1864 4050 2001 4104 qua-

419 4127 537 4167 rum
559 4113 748 4169 ordine
772 4124 827 4171 et
842 4118 1241 4186 pulchritudine
1264 4125 1605 4192 cognoscitur
1626 4126 1767 4181 Deus
1790 4141 1912 4181 esse
1934 4127 1998 4192 ¹¹,

416 4210 472 4256 et
500 4203 771 4259 invenitur
798 4222 901 4260 non
932 4208 1060 4278 quid
1087 4220 1194 4278 est,
1222 4212 1315 4267 sed
1349 4216 1475 4283 quia
1518 4214 1856 4271 solummodo
1894 4223 1996 4281 est,

416 4295 669 4361 quoniam
696 4296 813 4366 ipsa
834 4297 926 4353 Dei
956 4309 1146 4356 natura
1179 4319 1279 4359 nec
1304 4306 1501 4361 dicitur
1523 4322 1625 4362 nec
1650 4306 1996 4377 intelligitur;

2085 2671 2349 2726 heasibile
2374 2670 2573 2735 lumen,
2615 2669 2863 2724 nesciunt
2888 2667 3017 2738 quid
3059 2666 3131 2722 sit
3154 2665 3303 2735 quod
3347 2664 3637 2726 ltabent,le-

2086 2772 2264 2819 stante
2290 2761 2626 2831 Evangelista
2655 2778 2668 2815 :
2708 2759 2777 2813 Et
2802 2759 2897 2813 tua:
2918 2759 2974 2813 in
3001 2757 3222 2812 tenebris
3244 2755 3416 2821 lucet,
3441 2765 3487 2808 et
3521 2762 3640 2807 tene-

2087 2855 2211 2909 brae
2256 2872 2372 2909 eam
2419 2870 2523 2908 non
2571 2850 3101 2922 comprehenderunt;
3144 2846 3377 2917 ideoque
3430 2844 3637 2900 divinum

2086 2945 2264 3000 lumen
2295 2944 2638 2999 tenebrarum
2665 2941 2943 3006 vocabulo,
2981 2940 3234 3010 quoniam
3265 2935 3637 3007 incomprehen-

2091 3037 2246 3092 sibile
2261 3044 2365 3099 est,
2388 3034 2688 3098 vocitatur;
2719 3031 2971 3087 similiter
2997 3038 3051 3085 et
3074 3028 3323 3100 gnostica
3349 3027 3508 3082 virtus
3531 3038 3638 3079 con-

2096 3124 2465 3196 templantium
2495 3122 2645 3187 illud,
2682 3122 2937 3188 quoniam
2981 3119 3046 3173 ab
3075 3133 3141 3172 eo
3181 3115 3549 3186 repercutitur,
3572 3119 3637 3164 te-

2094 3216 2383 3271 nebrarum
2408 3213 2624 3268 nomine
2646 3210 2898 3280 frequens
2922 3207 3237 3279 appellatur,
3265 3208 3393 3276 quia
3417 3204 3637 3258 habentes

2096 3307 2272 3361 lumen
2295 3314 2349 3361 et
2366 3319 2544 3359 rerum
2566 3302 2849 3357 scientiam
2864 3299 3072 3354 Iatet—
3088 3298 3377 3352 secundum
3394 3294 3634 3349 Domuum

2095 3396 2438 3468 ignorantia;
2471 3403 2518 3449 et
2561 3392 2914 3463 superpositae
2952 3391 3115 3460 ipsius
3158 3387 3402 3441 tenebrae
3439 3382 3640 3438 velantur

2097 3486 2163 3541 ab
2203 3485 2344 3539 omni
2387 3483 2608 3547 lumine,
2660 3491 2708 3537 et
2756 3480 3080 3535 abscondunt
3130 3492 3333 3532 omnem
3383 3473 3635 3531 scientiam.

2097 3578 2168 3632 Et
2202 3580 2247 3633 si
2282 3578 2398 3649 quis
2425 3577 2601 3630 videns
2635 3573 2913 3628 Dominum
2942 3570 3194 3626 intellexit
3220 3569 3363 3641 quod
3388 3566 3532 3629 cidit,
3556 3577 3639 3616 non

2096 3673 2268 3742 ipsum
2293 3665 2669 3738 contemplatus
2694 3673 2770 3720 est
2791 3706 2806 3730 ,
2834 3664 2922 3718 sed
2951 3661 3079 3734 quid
3112 3676 3293 3715 eorum
3320 3659 3383 3713 ab
3418 3659 3522 3726 ipso
3550 3651 3639 3706 exi.

2098 3762 2344 3817 stantium
2375 3768 2421 3813 et
2451 3758 2819 3828 cognitorum;
2848 3756 2957 3826 ipse
2983 3764 3156 3807 autem
3185 3768 3344 3823 super
3370 3749 3580 3803 animum
3600 3750 3639 3795 et

2101 3869 2257 3930 super
2284 3852 2559 3906 essentiam
2588 3849 2906 3913 collocatus,
2941 3844 3308 3901 universaliter
3343 3859 3443 3898 non
3476 3851 3641 3907 cogno-

2101 3947 2285 4010 scitur,
2305 3960 2466 4016 neque
2487 3942 2708 4006 videtur,
2725 3942 2815 3994 sed
2843 3948 2916 3993 est
2938 3934 3434 4009 superessentialiter
3448 3938 3493 3984 et
3511 3938 3641 4016 super

2104 4037 2335 4091 animant
2367 4033 2716 4105 cognoscitur.
2751 4029 2819 4083 Et
2850 4030 2962 4101 ipsa
2991 4027 3279 4082 secundum
3320 4022 3451 4095 quod
3484 4015 3639 4072 melius

2104 4136 2179 4181 est
2224 4124 2604 4196 perfectissima
2653 4120 2970 4192 ignorantia,
2999 4118 3219 4173 scientia
3263 4123 3337 4169 est
3370 4112 3479 4180 eius
3507 4119 3639 4176 super

2107 4219 2283 4272 omnia
2321 4217 2549 4287 cognita.
2591 4213 2777 4284 Neque
2814 4213 2916 4266 hoc
2952 4207 3280 4279 evangelista
3316 4196 3640 4275 praetermisit

2108 4310 2293 4365 dicens
2320 4327 2334 4362 :
2366 4308 2533 4362 Deum
2564 4321 2712 4360 nemo
2741 4304 2868 4359 cidit
2898 4318 3149 4373 unquam.
3182 4300 3251 4354 Et
3276 4306 3329 4353 ut
3355 4299 3425 4351 ait
3450 4295 3648 4351 Ambro-

418 4395 639 4477 superat
682 4403 915 4460 namque
955 4407 1167 4447 omnem
1202 4395 1530 4452 intellectum
1576 4398 1666 4452 lux
1711 4399 2081 4477 inaccessi-D
2107 4402 2260 4461 sius:
2313 4397 2458 4453 Sicut
2498 4413 2763 4467 nunquam
2824 4394 3036 4449 visibilis
3093 4392 3192 4462 fuit
3219 4432 3234 4456 ,
3288 4391 3358 4444 ita
3413 4396 3640 4454 nunquam

421 4473 567 4528 bilis.
613 4475 674 4528 Et
726 4477 830 4533 hoc
875 4488 958 4534 cst
993 4483 1135 4551 quod
1183 4482 1471 4540 Psaltnista
1515 4487 1648 4542 dicit
1690 4504 1703 4540 :
1754 4487 2000 4553 Quaerite

421 4560 705 4619 Dominum
718 4578 765 4621 et
780 4570 1185 4639 conﬁrmamini,
1198 4577 1433 4646 quaerite
1444 4576 1634 4646 faciem
1653 4577 1768 4650 ejus
1780 4594 2003 4649 semper.

421 4650 491 4705 Et
539 4654 676 4710 haec
721 4667 806 4712 est
838 4662 1131 4729 spiritualis
1179 4666 1266 4720 illa
1297 4668 1404 4733 via,
1446 4683 1585 4737 quae
1632 4669 1688 4724 iu
1733 4669 2003 4725 infinitum

427 4745 618 4810 tendit,
651 4763 810 4816 quam
839 4767 1006 4821 purae
1046 4755 1426 4829 perfectaeque
1451 4762 1666 4816 animae
1694 4762 2007 4832 ingrediun-

428 4842 537 4898 tur,
574 4836 738 4891 Deum
784 4855 938 4896 suum
980 4859 1321 4914 quaerentes.
1356 4850 1492 4907 Nam
1533 4862 1589 4907 et
1627 4853 1856 4911 virtutes
1885 4868 2012 4909 cae-

428 4918 596 4978 lestes
622 4924 788 4980 Deum
819 4943 973 4985 suum
1008 4949 1219 5005 semper
1257 4949 1544 5007 quaerunt,
1584 4942 1636 4995 in
1671 4957 1832 5011 quem
1869 4957 2012 4997 sein-

430 5025 531 5081 per
584 5017 892 5085 prospicere
937 5025 1346 5094 concupistnnt.
1403 5029 1517 5101 Ipsa
1572 5040 1656 5088 est
1702 5033 1896 5103 caligo,
1945 5034 2011 5090 de

2102 4490 2316 4548 visibilis
2343 4491 2461 4544 erit.
2488 4489 2555 4544 Et
2578 4488 2720 4558 quod
2745 4485 2793 4519 ”
2816 4487 2928 4557 ipsa
2954 4485 3166 4541 Veritas
3189 4483 3323 4537 dicit
3346 4499 3359 4536 :
3387 4478 3542 4533 Nemo
3568 4486 3642 4558 ηοξ

2107 4583 2173 4637 vit
2203 4579 2420 4635 Patrem
2445 4580 2547 4634 nisi
2571 4557 2746 4632 ilius
2765 4617 2779 4642 ,
2813 4592 2977 4646 neque
3004 4572 3053 4626 F
3056 4573 3207 4626 ilium
3233 4572 3334 4627 nisi
3356 4567 3523 4621 Pater.
3554 4557 3640 4614 Sed

2112 4684 2292 4728 utrum
2324 4670 2419 4726 Dei
2452 4669 2613 4726 Verbi
2647 4667 2982 4732 humanitas,
3013 4665 3153 4720 sicut
3181 4671 3237 4718 et
3265 4661 3377 4732 ejus
3402 4652 3639 4713 divinitas,

2114 4759 2682 4834 incomprehensibilis
2711 4767 2795 4814 est
2822 4758 2970 4813 omni
3007 4765 3326 4818 creaturae,
3361 4752 3641 4839 omnemque.

2113 4831 2335 4924 superat
2382 4852 2747 4917 intellectum,
2794 4859 3081 4921 postquam
3132 4847 3187 4901 in
3234 4846 3473 4900 deitatem
3510 4831 3642 4891 Verbi

2114 4952 2390 5015 assumpta
2438 4953 2553 5009 est,
2602 4957 2815 5013 unaque
2865 4957 2987 4997 cum
3041 4940 3156 5011 ipsa
3210 4931 3492 4993 substantia
3528 4926 3642 5015 facta

2117 5014 2323 5105 absque
2359 5033 2465 5088 ulla
2504 5031 2823 5088 confusione
2864 5031 3147 5101 utriusque
3186 5036 3403 5083 naturae
3464 5014 3643 5083 divinae

1716 5167 1972 5226 vanus
2009 5168 2408 5239 LEGTIONES.

507 5290 528 5323 ‘
575 5290 620 5345 Δ
660 5296 821 5352 veluti
863 5297 932 5350 ad
979 5296 1160 5354 linem.

1238 5300 1257 5331 ²
1305 5302 1347 5356 Α
1384 5303 1703 5375 subsistere
1732 5304 2057 5375 intelligitur.
2137 5305 2159 5337 ⁸
2198 5305 2241 5358 Α
2272 5304 2572 5375 Dominum.
2649 5302 2671 5334 ⁸
2726 5302 2809 5359 CF
2864 5302 3174 5373 ingrediens.

3275 5308 3296 5340 ι
3341 5308 3381 5351 et
3415 5306 3513 5347 om.
3557 5282 3640 5341 CF.

430 5374 457 5408 ⁸
497 5375 539 5443 Α
572 5373 828 5443 ἱηερνςηε.Δ
888 5367 909 5401 ⁷
937 5370 1188 5443 quoniam
1225 5387 1333 5425 om.
1368 5372 1432 5426 A.
1509 5373 1531 5404 ⁸
1563 5374 1654 5428 Sic
1682 5374 1726 5427 A
1751 5390 1766 5440 ;
1796 5375 1878 5429 CF
1899 5359 2228 5430 "necessario.
2303 5374 2324 5405 ’
2364 5375 2411 5427 A
2439 5389 2504 5426 ac
2536 5389 2738 5443 semper
2781 5359 3009 5443 utorelur
3039 5388 3131 5440 per
3170 5371 3268 5423 hoc
3303 5359 3640 5443 quodut???“-

439 5445 481 5475 ⁸⁸
515 5441 607 5498 Sic
645 5442 770 5504 CF;
804 5440 845 5493 A
877 5439 1218 5511 mirabilique
1252 5443 1423 5495 modo.

434 5513 451 5558 ί
459 5514 688 5566 tmcressi
693 5511 809 5566 bile.

442 5579 490 5612 ”
520 5581 563 5634 Λ
594 5583 759 5649 inquit
788 5582 1015 5653 quidem.
1096 5580 1136 5615 “
1174 5579 1302 5638 2mm
1329 5600 1435 5637 otn.
1469 5582 1572 5638 CF.

1506 5443 1545 5515 ¹Α¹
1588 5445 1626 5496 Α
1656 5445 2040 5515 quodammodo
2083 5446 2221 5515 quod
2259 5444 2710 5515 quaerit‘itwenit.

889 5510 933 5542 ”
963 5511 1005 5564 Α
1039 5520 1086 5566 et
1113 5510 1229 5566 cum
1255 5514 1461 5582 quidem
1485 5513 1549 5565 sit
1582 5510 1871 5567 invisibilis.
1949 5515 1992 5550 ¹⁵
2026 5515 2064 5567 Α
2096 5510 2146 5567 'ct
2178 5510 2558 5567 inaccessibiles
2588 5522 2799 5583 propter
2823 5512 3268 5567 exuberantiam-

889 5583 1015 5635 luat.
1096 5580 1136 5615 “
1174 5599 1302 5638 enim
1329 5600 1435 5637 otn.
1469 5582 1572 5638 CF.
1663 5584 1704 5614 "
1736 5584 1824 5638 Sic
1853 5584 1935 5637 (ΞΡ
1964 5602 1977 5639 ;
2009 5586 2049 5638 Α
2081 5587 2312 5639 testantia.
2390 5583 2435 5614 ²⁰
2465 5574 2549 5639 CF
2578 5583 2722 5639 quid.

1736 5584 1824 5638 Sic
1853 5584 1935 5637 (ΣΡ
1964 5602 1977 5651 ;
2009 5586 2049 5638 Α
2081 5587 2312 5639 estnulla.
2390 5583 2435 5614 ²⁰
2465 5583 2549 5639 CF
2578 5583 2722 5653 quid.

3346 5434 3409 5471 ιιι
3421 5434 3457 5484 Α
3501 5430 3641 5479 lumen

3342 5507 3376 5538 ιε
3402 5503 3437 5557 Α
3468 5496 3639 5567 (fusio-

2787 5444 2829 5473 "
2860 5442 2900 5495 A
2936 5441 3099 5495 Deum
3132 5456 3271 5495 esse.

3817 6068 3819 6114 ι
