3898 6154
737 236 781 255 το
796 238 802 243 .

295 259 395 317 92!

1143 255 1225 309 DE
1267 253 1604 309 DIVISIONE
1647 250 1996 309 NATURAE.
2040 282 2108 290 —
2145 248 2346 304 LIBER
2384 247 2712 317 QUlNTUS.

3463 255 3572 309 9‘22

292 372 501 430 scilicet
532 376 696 439 atque
740 369 754 399 ι
787 368 1081 429 humanae,
1134 384 1199 419 ex
1231 366 1425 434 quibus
1454 380 1594 419 unus
1630 364 1879 419 Christus
1906 370 1953 428 Α
1985 360 2233 414 deiicere.
2262 358 2460 413 Eadem
2485 366 2567 414 est
2594 358 2733 413 ratio
2757 358 2779 390 '
2802 355 2867 413 de
2893 367 3064 414 morte
3091 368 3146 414 et
3168 361 3298 415 vita.
3340 361 3395 417 Si
3420 366 3565 418 enim

294 462 558 517 Dominus
603 469 788 514 noster
826 468 988 526 atque
1036 456 1285 510 Salvator
1333 465 1584 509 constare
1637 456 1879 509 creditur

288 560 353 605 et
385 548 707 617 intelligitur
741 547 810 601 ab
847 547 929 601 his
955 586 969 610 ,
1023 545 1112 614 qui
1150 544 1487 599 orthodoxae
1528 544 1648 598 lidei
1706 545 1878 615 parti-

288 641 441 710 cipcs
468 648 596 694 sunt
618 679 631 698 .
665 653 731 692 an
762 638 903 690 intra
934 636 1193 690 terminos
1224 635 1597 690 universitatis
1626 636 1877 689 conditae

288 727 605 783 rationabili
635 735 689 782 et
719 725 1040 795 intelligihili
1078 735 1306 777 naturae
1349 722 1729 793 coguoscibilis
1768 724 1877 777 cir-

288 817 703 881 cumscribitur,
735 817 837 871 hoc
873 824 996 879 est,
1038 816 1177 869 intra
1211 830 1465 869 numeros
1493 814 1582 883 qui
1624 815 1875 884 cognosci

285 917 515 977 possunt
539 908 828 970 detinetur,
852 900 1253 974 unusquisque’
1269 912 1428 974 prout
1448 905 1560 957 vult
1583 919 1732 958 suam
1753 920 1876 959 seu-

286 1001 513 1054 tentiam
555 999 812 1068 proferat.
866 998 975 1066 Ego
1028 1008 1206 1051 autem
1250 998 1623 1050 incunctanter
1650 996 1874 1066 vestigia

281 1100 476 1142 eorum
512 1103 730 1157 sequor,
763 1087 851 1157 qui
891 1103 995 1140 non
1038 1095 1238 1139 temere
1276 1086 1589 1156 praedicant
1629 1086 1877 1140 humaui-

282 1188 453 1232 tntent
488 1178 696 1233 Domini
730 1179 896 1233 nostri
925 1176 1050 1231 Jesu
1076 1176 1274 1232 Christi
1309 1192 1437 1231 suae
1463 1177 1726 1230 divinitati
1759 1179 1876 1231 uni-

280 1277 425 1330 tam,
460 1267 530 1319 ita
566 1276 624 1319 ut
654 1283 849 1327 unum,
887 1266 1034 1321 salva
1071 1277 1381 1319 naturarmu
1412 1267 1642 1331 ratione,
1672 1266 1725 1319 in
1759 1267 1872 1337 ipsa

275 1369 482 1412 etcum
513 1359 626 1427 ipsa
660 1359 758 1423 sit,
795 1359 1049 1427 quoniam
1086 1374 1188 1411 una
1227 1359 1526 1412 substantia
1567 1366 1679 1421 est,
1721 1368 1774 1411 et
1814 1367 1873 1411 ut

276 1447 539 1501 usitatius
575 1447 785 1511 dicam,
827 1463 931 1501 una
964 1462 1192 1517 persona
1232 1448 1538 1501 humanitas
1574 1447 1776 1502 Christi
1818 1456 1873 1502 et

275 1536 557 1591 divinitas.
588 1538 656 1591 Et
693 1539 1148 1608 quemadmodum
1190 1539 1447 1593 divinitas
1492 1537 1609 1606 ejus
1654 1554 1868 1593 onmem

275 1640 505 1697 superat
542 1630 873 1685 intellectum
897 1670 912 1696 ,
950 1631 1020 1684 ita
1057 1641 1112 1684 et
1150 1631 1492 1697 humanitas,
1529 1645 1668 1700 quae
1707 1645 1872 1699 super

1977 450 2196 506 omnino
2223 453 2243 483 ⁹
2272 448 2632 503 absorbebitur
2662 464 2799 502 mors
2828 466 2861 502 η
2891 450 2991 502 rita
3013 490 3027 513 ,
3056 453 3504 519 quemadmodum
3535 473 3567 508 a

1977 542 2218 597 bonitate
2260 541 2466 595 malitia
2508 548 2564 595 et
2599 556 2629 594 a
2672 541 3007 596 beatitudine
3054 543 3316 599 miseria:
3365 548 3492 616 quis
3532 566 3562 602 a

1978 641 2153 688 morte
2187 642 2242 687 et
2281 633 2500 687 miseria
2543 633 2905 700 torquebitur,
2946 636 3166 703 quando
3198 645 3348 691 extra
3392 640 3563 693 vitam

1976 734 2028 779 et
2068 724 2452 804 beatitudinem
2488 739 2646 779 nemo
2697 726 2990 780 residebit?
3021 725 3076 781 Si
3104 743 3232 782 vero
3262 730 3384 798 quis
3411 746 3556 787 asse-

1976 816 2166 880 ruerit,
2189 826 2399 886 partem
2432 815 2699 870 humanae
2723 825 2944 872 naturae
2971 818 3022 871 in
3048 819 3214 872 Deum
3242 822 3561 888 redituram,

1975 915 2184 975 partem
2217 907 2268 960 in
2308 907 2495 975 poenis
2515 921 2728 976 semper
2755 923 3103 963 mansuram:
3130 920 3334 975 quanta
3356 913 3566 967 incom-

1978 1000 2159 1062 moda,
2192 1015 2459 1069 veraeque
2487 1001 2682 1055 rationi
2716 1002 3036 1057 reluctantia
3065 1007 3419 1060 assertionem
3448 1008 3569 1077 ejus

1975 1090 2419 1160 consequentur?
2472 1090 2709 1163 Cogctur
2766 1093 3032 1162 siquidem
3095 1096 3288 1161 fateri,
3328 1096 3492 1151 Deum
3522 1099 3563 1129 ¹⁰

1975 1179 2209 1236 Verbum
2239 1196 2343 1236 non
2376 1190 2542 1236 totam
2578 1184 2868 1237 lmmauam
2910 1194 3178 1241 naturam.
3213 1188 3304 1241 sed
3353 1199 3565 1259 partem

1974 1269 2090 1337 ejus
2121 1273 2441 1342 sumpsisse,
2483 1288 2545 1325 ac
2574 1289 2671 1342 per
2712 1275 2813 1328 hoc
2850 1288 3022 1343 neque
3066 1284 3234 1329 totum
3270 1278 3561 1332 humanum

1975 1375 2145 1431 genus
2167 1362 2378 1416 salvare
2405 1362 2658 1429 voluisse,
2688 1378 2786 1418 nec
2807 1364 3075 1427 salvasse;
3096 1369 3239 1425 mind
3268 1368 3560 1422 absurdum

1973 1453 2215 1507 credere.
2250 1451 2386 1506 Vera
2424 1453 2551 1506 item
2595 1454 2734 1507 ratio
2761 1468 3004 1524 puraque
3045 1472 3224 1510 rerum
3265 1457 3589 1526 speculatio’

1972 1557 2097 1596 eum
2153 1543 2415 1597 deriilebit
2471 1542 2870 1611 simplicitatem
2925 1544 3192 1599 humanae
3237 1556 3464 1601 naturae
3506 1548 3561 1601 in

1970 1642 2156 1703 partes
2180 1635 2222 1666 “
2253 1634 2602 1699 dividentem,
2628 1650 2692 1690 ac
2712 1635 2875 1689 veluti
2903 1652 2970 1690 ex
2995 1638 3179 1690 multis
3208 1638 3563 1692 dissimilibus

274 1724 753 1779 universalitatem
792 1726 1022 1781 visibilis
1058 1735 1112 1781 et
1151 1725 1503 1797 intelligibilis
1539 1733 1825 1781 creaturae
1847 1767 1861 1791 ,
1897 1733 1940 1791 Β
1971 1726 2057 1781 vel
2087 1726 2353 1781 similibus
2397 1727 2751 1795 compositam
2804 1742 2929 1781 esse
2977 1728 3284 1793 docentem,
3332 1745 3452 1782 cum
3484 1730 3559 1784 sit

272 1829 441 1883 super
469 1818 648 1871 omnia
678 1817 793 1871 loca
819 1828 874 1871 et
903 1828 1141 1886 tempora
1163 1858 1177 1882 ,
1210 1833 1373 1888 super
1395 1831 1610 1872 omnem
1638 1817 1864 1871 circum-

273 1906 637 1974 scriptionem
675 1916 727 1961 et
767 1906 1134 1962 deﬁnitionem
1160 1948 1174 1972 ,
1217 1921 1378 1978 super
1415 1922 1611 1961 omnes
1642 1907 1860 1970 caelos,

274 2011 446 2065 super
473 2011 663 2051 omnes
711 1999 937 2053 virtutes
983 2008 1037 2052 et
1083 2008 1408 2068 potestates,
1461 2013 1625 2068 super
1670 2012 1859 2061 omne,

271 2086 420 2153 quod
453 2086 653 2141 dicitur
680 2096 736 2142 et
767 2088 1101 2158 intelligitur,
1137 2103 1301 2157 super
1328 2103 1520 2151 omne,
1563 2088 1708 2157 quod
1739 2096 1864 2156 post

272 2176 445 2231 Deum
476 2184 590 2240 est,
624 2178 859 2232 exaltata
889 2188 972 2234 est
1002 2191 1058 2234 et
1086 2180 1561 2248 superessentialis
1586 2179 1746 2243 facta,
1778 2189 1864 2235 est

272 2266 426 2320 omni
456 2277 744 2323 creaturae
772 2270 1333 2339 incomprehensibilis
1369 2280 1423 2325 et
1458 2272 1861 2340 ininvestigabi-

264 2353 356 2409 lis.
384 2355 449 2410 Et
479 2357 580 2413 hoc
609 2358 662 2412 in
692 2361 954 2429 superiori
985 2360 1142 2429 hujus
1167 2362 1348 2431 operis
1377 2370 1523 2416 textu
1551 2363 1853 2417 docuimus.

336 2446 433 2501 27.
491 2448 638 2504 Disc.
693 2451 767 2505 De
813 2451 1143 2507 exaltatione
1195 2453 1462 2506 iucarnati
1520 2453 1681 2507 Verbi
1730 2469 1854 2507 cum

266 2552 471 2601 carne,
502 2554 663 2609 quam
712 2541 776 2596 de
811 2543 1028 2613 Virgine
1077 2543 1317 2612 accepit,
1373 2551 1591 2612 totoque
1637 2544 1855 2598 homine

264 2627 523 2698 copulato
553 2630 656 2684 sibi
688 2630 739 2684 in
782 2632 1048 2686 unitatem
1089 2633 1425 2687 substantiae
1469 2648 1633 2703 super
1672 2633 1855 2688 omnia

264 2722 821 2789 superessentialiter,
852 2734 905 2777 et
934 2739 963 2777 a
993 2734 1042 2779 te
1070 2725 1285 2795 copiose
1313 2740 1530 2779 suasqu
1549 2765 1563 2788 ,
1594 2732 1648 2777 et
1677 2739 1706 2777 a
1736 2739 1857 2779 san-

263 2810 371 2863 etis
408 2809 662 2866 Patribus
689 2805 772 2867 es't
803 2814 1133 2867 roboratum.
1171 2814 1277 2868 Sed
1307 2823 1487 2867 utrum
1517 2821 1626 2866 tota
1660 2822 1852 2867 natura

264 2900 505 2954 humana
526 2942 541 2966 ,
579 2918 740 2971 quam
771 2903 939 2957 solam
970 2904 1165 2973 partim
1200 2904 1251 2957 in
1282 2903 1471 2958 electis
1521 2902 1855 2957 liberandam

264 2997 622 3057 putaveram,
668 2993 862 3061 partim
909 3008 1124 3063 semper
1163 2994 1182 3025 ³
1232 2993 1284 3047 in
1344 2993 1586 3062 reprobis
1634 3002 1855 3047 aeterno

1967 1831 2094 1880 una,
2126 1824 2181 1869 et
2215 1816 2460 1885 simplex,
2490 1815 2746 1885 omnique
2785 1816 3174 1885 compositione
3196 1826 3252 1871 et
3276 1816 3555 1872 dissimili-

1968 1907 2151 1961 tudine
2173 1916 2227 1962 et
2256 1906 2652 1976 multiplicitate
2676 1907 2909 1975 partium
2940 1906 3105 1961 libera
3145 1928 3156 1960 :
3187 1910 3424 1978 alioquin
3453 1926 3557 1964 non

1958 1995 2068 2065 jam
2109 1998 2174 2051 ad
2207 1998 2497 2067 imaginem
2530 1998 2621 2052 Dei
2645 1996 2788 2052 facta
2816 2010 2920 2061 est,
2949 1999 3043 2053 sed
3070 1999 3137 2053 ad
3169 2001 3477 2056 mortalium
3501 2011 3557 2057 et

1960 2086 2392 2156 corruptibilium
2422 2102 2712 2155 corporum
2764 2085 3150 2143 multiformem
3209 2090 3550 2155 varietatem,

1960 2176 2102 2245 quod
2123 2176 2436 2230 existimare
2462 2184 2516 2230 et
2546 2176 2921 2231 stultissimum
2946 2186 3051 2241 est,
3076 2186 3129 2232 et
3155 2181 3550 2248 turpissiuuun,

1960 2276 2014 2322 et
2033 2267 2306 2322 omninoa
2352 2267 2395 2299 ¹²
2428 2268 2655 2321 veritate
2694 2267 2949 2321 alienum.
3002 2268 3172 2324 Porro
3221 2286 3265 2325 Si
3315 2272 3549 2327 humana

1958 2364 2149 2410 natura
2180 2357 2354 2427 imago
2389 2367 2441 2411 et
2483 2357 2778 2411 similitudo
2806 2357 2900 2412 Dei
2939 2367 3045 2422 est,
3077 2358 3321 2428 profecto
3349 2372 3403 2415 et
3433 2374 3542 2417 tota

1958 2462 2054 2515 per
2107 2455 2275 2501 totum
2307 2447 2360 2500 in
2393 2461 2451 2500 se
2478 2446 2522 2477 ¹³
2552 2446 2664 2516 ipsa
2689 2455 2789 2508 est,
2822 2456 2875 2501 et
2908 2455 3015 2501 tota
3050 2448 3101 2501 in
3151 2450 3376 2521 singulis
3422 2467 3542 2506 eam

1957 2538 2428 2608 participantibus,
2461 2537 2660 2591 nullam
2694 2538 2747 2591 iu
2796 2538 2973 2607 seipsa
3004 2539 3084 2593 vel
3114 2539 3166 2593 in
3198 2540 3381 2610 aliquo
3409 2558 3541 2598 suae

1957 2629 2297 2684 uuil‘ormiter
2312 2628 2675 2699 simplicitatis
2706 2629 3026 2684 divisionem
3056 2630 3139 2685 vel
3173 2633 3542 2700 partitionem,

1957 2738 2050 2778 seu
2078 2722 2433 2791 possibilitate
2455 2720 2724 2775 dividendi
2758 2720 2838 2775 vel
2867 2721 3157 2789 partiendi,
3195 2737 3289 2776 seu
3320 2731 3441 2777 actu
3493 2736 3549 2778 ct

1957 2830 2120 2884 opere
2143 2813 2426 2882 recipiens.
2447 2810 2661 2866 Sienim
2678 2827 2783 2864 una
2804 2823 2855 2865 et
2874 2811 3143 2865 individua
3161 2812 3426 2867 Divinitas
3442 2824 3540 2873 est,

1959 2906 2025 2959 ad
2050 2904 2202 2972 cujus
2219 2902 2508 2971 imaginem
2534 2902 2844 2955 humanitas
2865 2900 3005 2955 facta
3027 2911 3135 2966 est,
3158 2903 3466 2957 necessario
3488 2913 3542 2955 et

1962 2994 2077 3064 ipsa
2109 3008 2215 3046 una
2245 3002 2299 3045 et
2323 2990 2595 3045 individua
2621 3000 2727 3054 est,
2748 3000 3006 3045 etomnes
3033 2990 3298 3056 homines,
3330 2992 3545 3046 nemine

265 3080 394 3149 igne
446 3083 802 3149 torquendam
848 3084 1112 3148 detineri,
1155 3084 1347 3138 solutis
1395 3083 1564 3152 ipsius
1606 3082 1849 3137 malitiae
1878 3078 1925 3141 C
1955 3083 2271 3153 excepto,in
2294 3097 2355 3136 ea
2379 3096 2543 3136 unum
2572 3080 2858 3134 sunt.Atsi
2888 3080 3008 3151 quis
3024 3081 3374 3135 humanitatis
3414 3081 3542 3135 sim-

265 3169 587 3225 retinaculis
624 3173 945 3243 penitusque
984 3174 1241 3244 disruptis
1266 3216 1278 3239 ,
1320 3182 1378 3228 ut
1413 3176 1660 3242 superior
1698 3176 1853 3230 docet

266 3262 411 3316 ratio
431 3303 446 3326 ,
477 3277 767 3319 ascensura
796 3273 910 3330 est,
944 3280 1049 3335 quo
1077 3266 1346 3334 primitiae
1375 3265 1569 3336 ipsius,
1603 3265 1853 3320 Immani-

266 3362 435 3407 tatem
464 3353 666 3409 Christi
698 3356 839 3420 dico,
887 3358 1129 3411 ascendit
1155 3356 1197 3421 ‘,
1223 3357 1335 3426 jam
1366 3357 1558 3411 dubius
1588 3358 1848 3424 delibero,

264 3442 526 3510 quoniam
552 3444 693 3498 inter
718 3460 775 3499 se
803 3446 971 3499 multa
1000 3446 1050 3498 in
1082 3446 1185 3500 hac
1208 3446 1525 3514 quaestione
1555 3446 1852 3501 colluctan-

264 3544 377 3588 tur.
406 3532 465 3588 Si
496 3536 638 3589 enim
668 3543 777 3589 tota
807 3535 930 3591 illuc
955 3551 1246 3591 ascensura
1274 3543 1357 3589 est
1377 3577 1390 3599 ,
1420 3544 1503 3600 et,
1533 3544 1590 3589 ut
1614 3536 1852 3605 apertius

264 3624 477 3688 dicam,
517 3627 753 3679 reditura
795 3627 846 3680 in
886 3641 1041 3691 eum,
1084 3641 1244 3696 quem
1278 3627 1552 3697 peccando
1578 3628 1847 3691 deseruit;

264 3716 306 3769 si
345 3729 472 3769 eam
504 3725 670 3769 totam
703 3717 1017 3772 redimendo
1047 3718 1320 3787 suscepit:
1356 3718 1483 3787 quid
1521 3718 1717 3772 dicturi
1756 3734 1849 3773 su-

263 3805 434 3859 mus?
488 3804 676 3861 Nonne
729 3823 1068 3876 consequens
1125 3810 1259 3869 erit,
1315 3807 1517 3861 nullam
1571 3818 1848 3861 aeternam

263 3904 496 3949 mortem
525 3897 775 3950 miseriae
794 3938 809 3960 ,
838 3898 1035 3951 nullam
1068 3899 1352 3968 impiorum
1382 3913 1607 3967 poenam
1636 3911 1851 3951 reman-

262 3986 496 4039 suram?
545 3986 683 4052 Quid
729 3987 873 4041 enim
920 3989 973 4042 iu
1023 3989 1106 4043 eis
1155 3988 1511 4058 torquebitur,
1562 3996 1847 4057 postquam

263 4083 377 4128 tota
407 4083 602 4128 natura
623 4115 637 4140 ,
666 4077 820 4146 cujus
842 4086 897 4130 et
937 4078 959 4109 ⁸
994 4077 1117 4131 boni
1145 4085 1200 4131 et
1227 4078 1349 4130 mali
1376 4078 1663 4147 participes
1689 4085 1811 4129 sunt
1830 4117 1845 4140 ,

261 4185 374 4225 non
422 4174 599 4226 solum
644 4172 790 4226 omni
836 4181 1008 4227 morte
1048 4181 1210 4243 atque
1255 4172 1458 4226 malitia
1504 4172 1846 4235 liberabitur,

262 4276 454 4315 verum
478 4261 641 4315 etiam
671 4262 724 4315 in
754 4262 927 4331 ipsum
962 4263 1128 4316 Deum
1162 4260 1497 4316 revertetur?
1530 4261 1627 4317 Ubi
1654 4278 1784 4333 ergo
1825 4262 1846 4293 ⁸

262 4360 449 4405 aestus
490 4350 575 4405 ille
610 4349 949 4406 ﬂammarum
981 4353 1122 4423 ignis
1151 4354 1389 4419 aeterni,
1422 4354 1475 4407 in
1504 4368 1663 4423 quem
1696 4370 1849 4409 seve-

1957 3174 2252 3244 plicitatem
2267 3181 2320 3227 et
2336 3169 2705 3241 impartibilita
2715 3180 2818 3225 tem
2836 3187 2923 3226 me
2939 3172 3134 3225 dixisse
3159 3171 3299 3225 nulla
3323 3186 3545 3241 praero-

1958 3265 2136 3336 gativa
2162 3263 2207 3294 ί*
2230 3278 2508 3317 sacrorum
2530 3262 2753 3316 Patrum
2768 3263 3087 3317 auctoritate
3101 3263 3342 3331 adjutum
3362 3262 3404 3295 "
3426 3266 3542 3318 exi-

1954 3357 2159 3418 stimet,
2185 3354 2370 3408 audiat
2391 3356 2605 3409 beatum
2622 3352 2910 3424 Origenem
2938 3356 2989 3408 in
3015 3355 3150 3410 libro
3168 3356 3326 3410 tertio
3344 3356 3395 3409 in
3418 3356 3544 3426 Epi-

1954 3447 2146 3504 stolam
2164 3447 2285 3501 u‘ad
2311 3445 2581 3501 Romanos
2604 3463 2617 3499 :
2640 3445 2753 3515 Ego
2775 3445 2885 3498 dixi
2901 3462 2920 3500 :
2941 3444 3024 3499 Dii
3038 3448 3157 3500 estis
3176 3458 3223 3500 et
3242 3447 3339 3516 ﬁiii
3363 3446 3545 3500 Excel-

1953 3539 2020 3603 si,
2043 3546 2097 3591 et
2127 3537 2331 3590 addidit
2356 3554 2369 3589 :
2395 3533 2608 3589 Omnes.
2634 3534 2782 3601 Quae
2813 3533 3045 3603 atljectio
3073 3551 3198 3591 omn
3221 3556 3232 3585 ε
3257 3536 3415 3590 simul
3441 3537 3541 3590 sub

1954 3632 2058 3685 hoc
2115 3628 2269 3683 titulo
2304 3628 2600 3681 humanum
2651 3629 2945 3681 connexuit
2990 3644 3179 3697 genus.
3214 3627 3457 3696 Denique
3488 3628 3538 3681 in

1955 3721 2413 3790 consequentibus
2442 3720 2573 3773 dicit
2603 3736 2615 3771 :
2667 3716 2767 3773 Vos
2796 3729 2972 3773 autent
3001 3729 3055 3772 ut
3082 3719 3315 3772 homines
3356 3720 3543 3772 morie-

1955 3810 2101 3863 mini.
2154 3808 2307 3862 Unde
2349 3818 2397 3861 et
2423 3807 2580 3870 illud,
2608 3807 2748 3878 quod
2793 3811 3044 3877 scriptum
3084 3820 3158 3862 est
3200 3826 3218 3862 :
3245 3808 3313 3862 Et
3344 3811 3541 3879 recogi-

1952 3900 2079 3954 tavit
2113 3899 2251 3952 Deus
2279 3899 2402 3969 quia
2429 3898 2552 3965 fecit
2591 3898 2850 3951 hominem
2872 3914 3028 3966 super
3048 3909 3264 3961 terram,
3287 3910 3333 3952 et
3358 3899 3538 3967 poeni-

1951 3990 2047 4043 tuit
2078 3990 2130 4042 in
2163 3989 2319 4042 corde
2353 4004 2469 4051 suo,
2503 3996 2552 4040 et
2581 3986 2714 4039 dixit
2746 3985 2884 4039 Deus
2928 4002 2947 4039 :
2999 3985 3208 4039 Deleam
3254 3989 3533 4047 hominem,

1950 4094 2101 4147 quem
2148 4078 2268 4146 feci,
2319 4094 2352 4130 a
2383 4076 2521 4145 facie
2569 4084 2780 4137 terrae,
2826 4092 2930 4128 non
2963 4074 3134 4129 solum
3186 4092 3280 4141 pro
3333 4077 3535 4130 excidio

1951 4167 2134 4220 diluvii
2183 4166 2382 4219 dictum
2416 4174 2565 4234 puto,
2618 4164 2708 4218 sed
2751 4163 2952 4235 aliquid
2987 4181 3052 4218 ex
3095 4165 3192 4217 hoc
3245 4166 3400 4219 etiam
3438 4169 3534 4220 sub

1952 4258 2196 4327 mysterio
2223 4257 2286 4309 de
2305 4255 2497 4325 futuris
2531 4257 2881 4325 praedictum,
2915 4268 2968 4309 ut
2990 4273 3049 4311 eo
3079 4258 3231 4310 modo
3256 4260 3534 4326 sentiatur,

1950 4348 2090 4420 quod
2129 4348 2325 4401 dictum
2386 4357 2459 4401 est
2514 4366 2533 4404 :
2590 4346 2796 4402 Deleam
2857 4348 3153 4411 Iumiuem,
3212 4348 3351 4417 quod
3405 4349 3447 4388 ¹⁷
3485 4362 3533 4404 et

263 4442 398 4495 ritas
418 4438 710 4508 justissimi
732 4439 931 4508 judicis
964 4441 1135 4496 malos
1164 4443 1395 4497 missura
1421 4451 1503 4497 est
1525 4482 1539 4507 ,
1565 4443 1753 4498 dicens
1778 4446 1796 4474 ⁷
1829 4462 1840 4497 2
1879 4444 1925 4502 ι)
1949 4456 2043 4510 per
2068 4439 2373 4509 prOphetam
2411 4438 2536 4491 dicit
2570 4437 2711 4491 Deus
2742 4437 2787 4470 ι’
2820 4453 2834 4491 :
2862 4437 2999 4491 Ecce
3038 4438 3175 4491 enim
3213 4438 3358 4492 deleo
3401 4441 3535 4494 sicut

262 4528 345 4583 Ite
368 4570 384 4594 ,
420 4529 720 4594 maledicti,
763 4531 817 4584 in
848 4531 1018 4600 ignem
1043 4541 1343 4589 aeternum.
1372 4532 1462 4603 qui
1498 4543 1845 4603 praeparatus

261 4631 337 4675 est
368 4619 582 4673 diabolo
610 4631 657 4674 et
684 4621 884 4691 angelis
913 4622 1030 4691 ejus
1053 4623 1078 4675 ?
1117 4621 1215 4676 Ubi
1256 4626 1361 4677 erit
1397 4610 1720 4694 supplicium
1756 4640 1846 4678 ae-

265 4720 511 4775 ternum,
547 4711 600 4765 in
640 4712 783 4781 quod
820 4712 948 4765 ituri
976 4719 1101 4765 sunt
1135 4711 1323 4781 impii,
1351 4713 1396 4768 si
1425 4712 1568 4767 nulla
1594 4729 1722 4782 pars
1750 4714 1849 4767 hu-

264 4816 458 4855 manae
486 4811 711 4856 naturae
752 4802 1106 4868 remanserit,
1146 4819 1289 4873 quae
1326 4812 1548 4859 aeterno
1584 4805 1848 4874 supplicio

263 4893 502 4949 obnoxia
523 4893 630 4947 sit?
651 4891 828 4947 Finita
852 4906 1085 4961 namque
1103 4894 1252 4947 omni
1276 4892 1502 4957 malitia,
1526 4894 1650 4963 quis
1676 4894 1850 4950 malus

264 4982 603 5037 remanebit?
628 4981 820 5038 Omnis
843 4982 988 5037 enim
1019 4982 1191 5041 malus
1214 4982 1421 5037 malitia
1452 4983 1626 5038 malus
1651 4993 1756 5047 est,
1783 5000 1847 5039 ac

264 5089 360 5145 per
383 5074 491 5129 hoc
514 5084 774 5143 pereunte
799 5073 1003 5129 malitia
1032 5074 1229 5144 peribit
1251 5075 1418 5128 etiam
1442 5083 1498 5130 et
1524 5074 1716 5130 malus.
1744 5075 1845 5130 De-

266 5166 479 5222 ﬁciente
501 5165 701 5236 quippe
722 5181 885 5221 causa
928 5166 1296 5220 necessarium
1336 5175 1421 5221 est
1460 5164 1713 5221 eﬂ’ectum
1755 5167 1838 5221 sui

1951 4534 2137 4589 nubem
2174 4533 2472 4604 iniquitates
2503 4543 2622 4585 tuas
2675 4535 2737 4595 ὀ,
2800 4540 2856 4583 ut
2905 4528 3142 4583 videatur
3187 4529 3362 4583 dolens
3415 4546 3534 4584 eum

1950 4624 2237 4680 secundum
2262 4623 2380 4687 hoc,
2413 4622 2551 4693 quod
2574 4624 2728 4676 homo
2771 4630 2866 4685 est,
2897 4632 3008 4689 post
3041 4620 3169 4673 haec
3194 4619 3367 4689 facere
3418 4637 3533 4674 eum

1952 4715 2141 4780 Deum,
2171 4723 2315 4778 tunc,
2346 4729 2464 4767 cum
2501 4713 2598 4766 erit
2631 4712 2768 4765 Deus
2792 4712 2968 4765 omnia
3015 4711 3071 4764 in
3123 4711 3383 4765 omnibus.
3421 4710 3532 4765 Ma-

1953 4820 2117 4876 gnum
2149 4818 2363 4874 quoque
2396 4801 2701 4872 theologum
2740 4800 3061 4871 Gregorium
3101 4800 3154 4853 in
3203 4801 3414 4856 decimo
3451 4817 3537 4855 se-

1953 4896 2124 4967 ptimo
2163 4893 2398 4964 capitulo
2424 4893 2690 4948 sermonis
2715 4894 2780 4947 de
2808 4890 3047 4959 linagine
3085 4890 3444 4961 disputantem
3471 4892 3538 4945 de

1955 4985 2293 5042 humanitate
2324 4983 2487 5055 legat,
2513 4982 2603 5038 ubi
2630 4984 2708 5036 ait
2733 5001 2746 5035 :
2776 4980 2916 5047 Quid
2959 4990 3058 5044 est,
3088 4981 3227 5051 quod
3256 4982 3320 5033 de
3346 4982 3427 5034 his
3449 4998 3535 5033 w-

1950 5077 2218 5148 gitamus?
2261 5073 2476 5138 Sermo,
2520 5074 2609 5145 qui
2654 5073 2780 5127 dicit
2820 5088 2839 5127 :
2888 5070 3035 5127 Ferit
3069 5072 3211 5126 Deus
3249 5071 3531 5133 hominem,

1950 5167 2157 5235 inﬁnita
2192 5166 2576 5236 signiﬁcatione
2623 5180 2826 5219 omnem
2868 5164 3241 5218 humanitatem
3288 5160 3531 5214 ostendit.

1549 5300 1798 5357 VARIAE
1838 5299 2243 5357 LECTIO‘NES.

338 5419 357 5450 ⁸
385 5418 430 5472 Δ
460 5428 529 5472 et.
607 5426 628 5457 ι
651 5417 736 5474 CF
767 5419 1000 5488 quisquis
1029 5417 1157 5482 vult,
1186 5427 1345 5488 prout
1370 5419 1505 5473 vult.
1546 5486 1551 5488 Α
1584 5417 1604 5448 ³
1634 5419 1675 5471 Α
1709 5432 1909 5488 semper
1934 5417 2146 5485 partim.
2221 5415 2243 5488 ξ
2273 5414 2363 5470 Sic
2392 5414 2436 5468 A
2457 5414 2562 5470 CF.
2642 5416 2669 5488 δν
2695 5426 2741 5467 et
2769 5428 2877 5488 om.
2909 5412 2978 5465 A.
3175 5423 3311 5488 vero:
3389 5408 3409 5439 '
3438 5408 3520 5462 ti!"

266 5490 489 5542 dictum.
567 5488 589 5519 ⁸
617 5488 704 5542 CF
736 5478 869 5541 uitio
896 5478 991 5542 est.
1089 5488 1108 5519 ’
1145 5478 1356 5543 omnino
1385 5504 1493 5543 om.
1528 5486 1594 5541 A.
1666 5488 1709 5518 ¹⁰
1734 5487 1773 5538 Α
1806 5478 2061 5540 divinum.
2142 5487 2181 5517 ¹¹
2214 5486 2465 5557 importes
2496 5502 2605 5557 nm.
2630 5486 2714 5557 7A.
2795 5484 2837 5512 ”
2867 5479 3170 5557 aAotn.__Cl".
3336 5496 3389 5531 se
3417 5496 3524 5557 ttat.

417 5558 460 5641 ’ξ
500 5560 860 5641 praerogativa
890 5575 998 5613 om.
1032 5559 1097 5641 A:
1176 5558 1221 5589 “‘
1244 5558 1334 5614 Sic
1362 5560 1438 5624 A;
1483 5557 1567 5614 Cl“
1608 5558 1841 5612 adiutus.
1939 5557 1982 5588 ¹⁶
2006 5558 2048 5611 Λ
2076 5558 2126 5610 in
2150 5549 2392 5627 epistola.
2501 5556 2538 5587 ³⁷
2564 5555 2645 5609 (1F
2670 5570 2794 5622 qttu.
2872 5553 2915 5581 ¹⁸
2947 5551 2988 5602 Α
3031 5549 3167 5603 Deus
3194 5549 3343 5603 άίυἱιο
3421 5550 3461 5583 ¹⁸
3485 5555 3527 5603 Λ

272 5596 417 5683 acleo
440 5596 1208 5695 inii;dita‘ii‘s'luasvtiiunulieut.
