3898 6154
403 209 514 264 9Ξδ

1735 209 2014 266 JOANMS
2054 209 2248 266 SCOTl

3540 222 3633 276 9?.i

407 324 530 378 Non
562 325 698 378 enim
726 340 863 377 utine
893 325 1298 378 connominatur
1329 335 1602 378 creaturae
1633 326 1823 385 Adam,
1853 326 1985 378 sicut
2017 335 2060 388 Α
2095 323 2144 375 in
2165 323 2278 391 ipso
2304 323 2612 377 salvandam
2644 325 2874 378 naturali
2910 326 3317 382 resurrectionis
3349 327 3534 384 virtute
3557 347 3635 385 cu-

405 432 456 469 in
493 416 820 486 sequentibus
847 415 1064 467 historia
1083 416 1230 482 dicit,
1257 417 1344 467 sed
1371 431 1554 468 nomen
1581 425 1756 468 creato
1785 416 1983 468 homini

405 523 508 558 non
535 505 681 558 aliud
703 504 965 574 quoddam
1000 504 1365 558 universa/iter
1390 514 1485 558 est.
1520 503 1641 558 Non
1670 506 1830 574 igitur
1867 507 1983 558 uni-

403 595 590 650 versali
617 597 632 626 ⁸
664 605 883 648 naturae
912 596 1178 648 vocatione
1217 597 1319 650 tale
1369 597 1570 666 aliquid
1610 597 1868 663 suspicari
1903 597 1984 651 in-

400 686 724 740 troducimur
745 696 788 750 ³,
812 687 936 755 quia
967 687 1020 740 in
1061 687 1236 740 a'ieina
1267 690 1618 757 praescientia
1658 689 1677 719 ³
1708 699 1754 742 et
1801 691 1984 744 virtute

400 779 566 830 omnis
597 775 898 829 humanitas
926 776 982 829 in
1011 778 1183 846 prima
1214 779 1577 832 constitutione
1615 781 1982 848 comprehensa

393 877 496 919 est.
540 866 754 931 Oportet
799 867 935 919 enim
968 866 1042 918 nil
1084 866 1193 920 Deo
1241 867 1504 936 inﬁnitum
1545 869 1598 921 in
1627 868 1726 932 his,
1756 885 1888 936 quae
1917 869 1980 921 ab

393 974 454 1010 eo
489 955 629 1026 facta
674 966 815 1018 sunt,
847 959 1144 1022 aestimare,
1191 959 1280 1011 sed
1331 958 1740 1029 uniuscujusque
1777 975 1978 1022 eorum,

391 1064 527 1100 quae
566 1059 711 1112 sunt,
734 1049 856 1116 ﬁnis
881 1058 927 1101 et
959 1066 1202 1103 mensura
1236 1051 1725 1118 circumponderans
1765 1052 1980 1119 fartoris

395 1141 655 1194 sapientia
705 1149 802 1193 est.
856 1141 1307 1204 Quemadmodum
1375 1144 1536 1211 igitur
1587 1143 1776 1212 aliquis
1824 1143 1979 1196 homo

396 1233 629 1284 corporis
661 1232 953 1297 quantitate
973 1243 1264 1295 coartatur,
1281 1245 1328 1286 et
1351 1251 1592 1288 mensura
1619 1236 1718 1289 sibi
1739 1237 1979 1290 substan-

387 1323 496 1372 tiae
522 1322 827 1390 magnitudo
866 1331 962 1383 est,
993 1337 1126 1389 quae
1158 1323 1210 1374 in
1249 1323 1522 1390 superﬁcie
1555 1325 1786 1392 corporis
1825 1324 1978 1394 per/i-

391 1417 529 1463 citur
555 1427 573 1465 :
599 1413 675 1465 sic
723 1413 950 1465 arbitror
978 1413 1132 1466 veluti
1161 1415 1212 1467 in
1244 1431 1346 1467 uno
1369 1432 1582 1485 corpore
1613 1426 1776 1469 totam
1797 1419 1978 1469 huma-

389 1504 574 1554 nitatis
594 1500 972 1569 plenitudinem
994 1505 1332 1573 prognostica
1359 1505 1542 1558 rirtute
1563 1524 1592 1558 a
1623 1506 1728 1560 Deo
1745 1511 1974 1560 omnium

387 1594 816 1661 comprehensam
847 1595 1027 1662 fuisse.
1065 1594 1130 1648 Et
1167 1596 1188 1626 ⁸
1215 1598 1310 1648 hoc
1331 1598 1476 1650 docet
1506 1615 1675 1651 sermo
1701 1601 1927 1669 quidicit
1953 1616 1972 1654 :

2085 413 2408 479 Operatrice,
2439 427 2579 482 quae
2604 413 2804 467 nullam
2833 424 3077 468 naturam
3105 417 3278 485 perire
3315 418 3456 480 sinit,
3484 434 3636 488 neque

2084 512 2344 570 perpetuo
2391 504 2571 572 puniri
2613 505 2844 558 dixero:
2877 506 3007 574 quid
3052 507 3188 567 erit.
3229 509 3368 576 quod
3407 519 3636 566 aeternas

2084 595 2414 647 damnationi
2462 595 2824 648 attribuatur?
2871 595 3204 664 Divinaeqne
3230 597 3531 668 Scripturae
3554 615 3636 653 au-

2083 687 2317 740 ctoritati
2366 688 2616 742 resistere
2662 688 2910 753 videbor,
2960 703 3102 757 quae
3140 689 3505 745 incunctanter
3539 693 3635 746 dia-

2084 775 2226 840 bolo,
2260 779 2617 847 omnibusque
2665 777 2783 846 ejus
2824 778 3100 843 membris,
3130 788 3348 834 aeterna
3398 789 3633 836 tormenta

2084 869 2318 920 minatur
2341 883 2460 923 esse
2485 868 2683 923 futura.
2724 868 2782 923 Si
2815 881 2994 923 autem
3019 886 3193 939 neque
3219 879 3384 924 totam
3418 873 3632 926 humaui-

2083 966 2248 1010 tatem
2282 974 2312 1011 a
2338 960 2556 1012 Christo
2587 969 2919 1028 assumptum
2945 970 3106 1029 atque
3127 960 3458 1024 salvandam,
3487 977 3632 1030 neque

2083 1049 2314 1102 naturali
2335 1050 2746 1103 resurrectiunis
2777 1051 2972 1102 virtute
2999 1059 3161 1102 totam
3189 1049 3533 1114 liberandam,
3557 1054 3631 1104 sed

2086 1155 2149 1192 ex
2176 1150 2327 1209 parte
2375 1141 2426 1193 in
2472 1141 2685 1194 divinae
2716 1139 2968 1209 imaginis
2997 1141 3310 1211 dignitatem
3346 1141 3630 1206 redituram,

2077 1242 2318 1299 exparte
2342 1232 2393 1284 in
2427 1241 2646 1284 aeterna
2685 1231 2992 1284 calamitate
3013 1232 3278 1300 captivam
3299 1247 3630 1285 retnansuram

2079 1326 2314 1380 docuero
2345 1343 2357 1378 :
2385 1341 2565 1380 nonne
2593 1325 2878 1380 confestim
2922 1340 3048 1378 vera
3088 1327 3227 1379 ratio
3263 1326 3543 1410 divinaque
3577 1328 3631 1380 si-

2078 1418 2186 1470 mul
2211 1417 2509 1470 auctoritas
2549 1433 2633 1471 me
2670 1416 2996 1486 redarguet?
3027 1416 3183 1470 Ratio
3212 1418 3407 1486 quippe
3445 1419 3632 1472 eviden-

2078 1506 2284 1561 tissime
2313 1509 2500 1570 docet,
2533 1506 2604 1560 nil
2634 1521 2878 1561 summae
2909 1507 2950 1537 ¹⁶
2987 1508 3211 1561 bonitati
3255 1510 3495 1578 vitaeque
3522 1510 3628 1564 ac"

2077 1594 2402 1649 beatitudini
2447 1611 2512 1649 ex
2558 1596 2826 1650 diametro
2859 1598 3189 1650 contrarium
3239 1610 3494 1667 perpetuo
3532 1615 3630 1653 esse

390 1688 533 1751 Quia
574 1687 694 1754 fecit
737 1687 872 1740 Deus
924 1690 1204 1754 hominem,
1239 1692 1521 1744 secundum
1567 1693 1844 1762 imaginem
1883 1692 1977 1745 Dei
2011 1688 2051 1746 Β
2080 1701 2259 1754 posse.
2300 1685 2521 1740 Bonitas
2562 1687 2704 1740 enim
2745 1686 3136 1741 circumscribit
3179 1690 3458 1754 malitiam,
3499 1692 3626 1760 peni-

386 1777 509 1850 fecit
534 1793 670 1830 eum.
699 1776 820 1832 Non
846 1780 982 1832 enim
1005 1782 1056 1832 in
1084 1790 1232 1848 parte
1269 1791 1487 1835 naturae
1514 1783 1706 1852 imago,
1733 1800 1894 1852 neque
1918 1785 1971 1836 in

387 1868 614 1928 quodam
639 1885 841 1934 eorum,
869 1886 1003 1940 quae
1023 1873 1308 1925 secundum
1338 1873 1503 1940 ipsam
1551 1873 1968 1938 considerantur,

382 1960 555 2027 gratia
608 1960 628 1990 ⁸
668 1971 764 2026 est,
796 1961 885 2015 sed
909 1963 959 2014 in
991 1972 1155 2015 totum
1183 1980 1342 2032 genus
1385 1966 1672 2033 aequaliter
1713 1964 1831 2018 talis
1861 1983 1973 2034 per-

383 2052 518 2104 uenit
542 2051 722 2106 virtus.
753 2053 972 2122 Signum
1001 2069 1118 2106 vero
1139 2065 1213 2107 est
1239 2056 1475 2109 omnibus
1501 2056 1743 2110 similiter
1765 2059 1970 2111 animus

386 2137 671 2193 collocatus
697 2141 739 2202 ',
763 2139 887 2193 dum
912 2158 1086 2194 omnes
1125 2142 1446 2212 intelligendi
1471 2155 1515 2197 et
1537 2145 1848 2198 consiliandi
1870 2148 1971 2199 cir-

383 2240 544 2282 tutem
573 2230 817 2296 habeant,
844 2244 888 2284 et
912 2231 1017 2284 alia
1047 2235 1242 2296 omnia,
1277 2250 1340 2287 ex
1360 2235 1542 2303 quibus
1574 2236 1747 2290 divina
1779 2246 1969 2290 natura

381 2317 438 2369 in
469 2335 550 2379 eo,
591 2319 731 2388 quod
757 2321 1040 2374 secundum
1073 2322 1236 2391 ipsum
1263 2323 1459 2392 factum
1489 2335 1584 2388 est,
1625 2326 1965 2396 imaginatur.

383 2406 643 2461 Similiter
670 2425 724 2461 se
746 2409 766 2440 "
797 2410 946 2463 habet
973 2423 1017 2463 et
1049 2412 1153 2482 ipse
1183 2414 1235 2465 in
1265 2415 1434 2482 prima
1463 2415 1643 2469 mundi
1665 2418 1686 2447 "
1712 2416 1967 2468 constitu-

379 2498 520 2550 tione
537 2509 770 2552 ostensus
787 2501 962 2564 homo,
981 2514 1024 2555 et
1049 2514 1161 2572 post
1189 2506 1539 2558 unirersitatis
1562 2507 1968 2560 consummatio-

379 2601 495 2638 nem
520 2587 754 2655 [κιαι-ηε,
771 2591 1124 2660 aequaliterin
1141 2595 1324 2664 seipsis
1345 2596 1572 2648 divinam
1587 2597 1760 2666 ferunt
1783 2598 1969 2666 imagi-

383 2691 499 2728 nem
521 2685 563 2730 ο.
593 2675 876 2750 Propterea
911 2699 1044 2735 unus
1077 2683 1228 2736 homo
1255 2686 1578 2738 nominatum
1596 2697 1674 2740 est
1707 2704 1857 2741 ontne
1882 2705 1972 2758 ge-

379 2781 480 2820 nus
498 2768 807 2835 humanum,
827 2772 866 2802 ¹⁰
889 2775 1011 2841 quia
1037 2775 1087 2826 in
1107 2774 1292 2828 virtute
1309 2774 1400 2828 Dei
1419 2775 1546 2830 nihil
1565 2778 1968 2847 praeterit,nihil

381 2857 563 2921 instat,
583 2860 670 2911 sed
694 2869 741 2912 et
763 2863 899 2930 quod
925 2874 1210 2932 spectatur,
1233 2865 1516 2935 aeqttaliter
1539 2868 1798 2936 praesenti
1823 2885 1966 2921 corn-

376 2948 678 3016 prehensira
697 2953 1045 3008 universitatis
1061 2959 1358 3024 Operatioue
1373 2957 1413 2988 ¹¹
1440 2959 1750 3011 continetur.
1782 2956 1965 3013 Omnis

2076 1782 2267 1844 [usque
2315 1775 2604 1841 consumit,
2639 1776 2886 1830 similiter
2932 1779 3041 1830 vita
3085 1789 3340 1844 mortem,
3389 1782 3629 1835 beatitudo

2075 1868 2382 1930 miseriam,
2416 1867 2587 1921 virtus
2615 1867 2766 1930 vitia,
2813 1868 3173 1938 vitiorumque
3212 1870 3255 1902 “
3307 1886 3510 1934 causas,
3548 1887 3623 1925 ce-

2075 1967 2298 2026 teraque
2345 1958 2395 2010 id
2439 1973 2630 2028 genus.
2687 1958 2877 2012 Divina
2921 1959 3217 2014 auctoritas
3262 1962 3461 2014 clamat
3491 1980 3502 2014 :
3537 1963 3624 2014 Ero

2073 2064 2212 2100 mors
2243 2060 2357 2113 tua,
2397 2066 2425 2102 o
2463 2066 2625 2112 mors,
2659 2059 2706 2101 et
2744 2066 2948 2102 morsus
2991 2061 3130 2116 tuus,
3162 2069 3191 2103 ο
3228 2052 3448 2120 inferne.
3477 2053 3624 2108 ltem:

2073 2135 2402 2191 Nouissimas
2427 2139 2667 2190 inimicus
2689 2139 2983 2191 destruetur
3011 2157 3170 2202 mors,
3191 2140 3293 2194 hoc
3312 2153 3393 2195 est
3416 2143 3626 2195 dialulus

2071 2234 2260 2279 auctor
2286 2225 2495 2289 mortis,
2513 2225 2595 2279 vel
2618 2236 2762 2280 certe
2785 2227 2896 2295 ipsa
2921 2242 3083 2280 mors.
3103 2226 3274 2297 llujus
3298 2246 3486 2284 nomen
3510 2239 3624 2299 apud

2069 2313 2306 2368 Graecos
2335 2323 2420 2368 est
2449 2317 2700 2379 suum“;
2735 2317 2806 2369 ita
2829 2316 3044 2384 quidem
3076 2319 3341 2387 scriptu'n
3360 2333 3434 2373 est
3461 2319 3626 2391 ὶχθρὸς

2069 2408 2300 2470 θάνατος,
2331 2406 2582 2460 inimicus
2607 2410 2836 2468 θάνατος.
2861 2407 2916 2461 In
2935 2409 3624 2480 visionibusquoqueDaniel

2067 2497 2362 2566 prophetae
2383 2497 2603 2566 angelus
2627 2498 2797 2566 inquit
2815 2516 2828 2550 :
2847 2499 3187 2569 Septuaginta
3201 2502 3538 2556 hebdomades
3551 2502 3626 2555 ab-

2069 2590 2326 2642 breviatae
2349 2601 2638 2658 suntsuper
2659 2591 2908 2659 populum
2931 2600 3140 2644 tuamet
3163 2609 3320 2662 super
3339 2594 3506 2646 urbem
3519 2612 3624 2646 san-

2069 2691 2204 2733 ctam
2228 2690 2392 2746 tuam,
2428 2691 2845 2762 uttconsuntetur
2871 2684 3249 2750 praevaricatio
3275 2697 3324 2737 et
3338 2685 3490 2752 ﬁnem
3514 2686 3626 2737 acci-

2066 2769 2175 2837 piat
2191 2779 2480 2838 peccatum,
2500 2779 2545 2822 et
2561 2767 2798 2829 deleatur
2811 2770 3078 2840 iniquitas,
3094 2781 3139 2824 et
3183 2773 3479 2826 adducatur
3487 2774 3627 2842 justi.

2067 2856 2139 2908 tia
2156 2857 2721 2927 sernpiternamlystico
2737 2857 2982 2911 videlicet
2999 2862 3340 2927 septuaginta
3358 2863 3623 2916 hebdoma-

2069 2946 2193 3000 dum
2211 2963 2434 3002 numero
2449 2947 2883 3004 abbreviatarunt
2903 2959 3069 3002 totum
3095 2960 3307 3021 tempus
3329 2971 3356 3005 a
3373 2955 3536 3022 primo
3550 2953 3627 3004 ad-

378 3039 555 3108 itoque
587 3050 776 3094 natura
806 3043 1036 3114 humana
1055 3046 1096 3076 ”
1115 3063 1247 3115 quae
1267 3065 1298 3100 a
1324 3048 1505 3117 primis
1531 3065 1690 3118 usque
1711 3050 1779 3102 ad
1797 3049 1838 3079 ¹³
1864 3067 1956 3103 no-
1983 3036 2028 3098 C
2061 3048 2220 3094 ventu
2239 3038 2532 3094 Salvatoris
2549 3041 2798 3108 usquead
2813 3040 3102 3094 secundum
3118 3043 3452 3113 signiﬁcans.
3468 3043 3626 3111 Septeo

377 3130 587 3183 rissima
618 3134 866 3200 pervenit,
905 3151 1010 3188 una
1041 3135 1298 3206 quaedam
1330 3155 1443 3193 vere
1473 3140 1742 3194 existentis
1785 3141 1956 3209 imago

375 3229 487 3283 est;
515 3221 627 3289 ipsa
659 3239 778 3275 vero
806 3225 858 3276 in
891 3225 1179 3279 masculum
1208 3237 1257 3281 et
1305 3228 1551 3297 feminam
1582 3231 1783 3300 generis
1811 3231 1959 3300 di/fe—

376 3311 546 3362 rentia
569 3313 842 3364 norissime
862 3317 1222 3370 constitutioni
1249 3317 1578 3387 [ormationis
1603 3321 1811 3391 adjecta
1859 3333 1953 3375 est.

377 3395 608 3453 Proinde
634 3400 676 3453 si
705 3401 794 3454 Dei
823 3400 867 3433 “
887 3403 1118 3457 Verbum
1146 3406 1534 3463 humanitatem
1576 3411 1802 3480 accepit,
1851 3428 1958 3466 non

377 3502 584 3558 partem
615 3491 754 3559 ejus,
784 3509 924 3562 quae
955 3496 1094 3549 nulla
1124 3507 1224 3560 est,
1255 3501 1348 3554 sed
1381 3502 1756 3556 universaliter
1787 3513 1954 3558 totam

376 3585 606 3653 accepit.
632 3585 694 3638 Et
725 3587 768 3639 si
803 3594 968 3640 totam
986 3591 1213 3661 accepit,
1245 3600 1408 3644 totam
1435 3592 1676 3661 profecto
1700 3595 1752 3647 in
1777 3595 1956 3664 seipse

379 3675 639 3737 restituit,
668 3676 924 3744 quoniam
947 3678 999 3730 in
1031 3679 1146 3748 ipso
1170 3688 1467 3734 restaurata
1498 3693 1622 3736 sunt
1647 3685 1850 3748 omnia,
1901 3695 1958 3740 et

377 3761 513 3814 nihil
564 3762 940 3830 humanitatis,
999 3782 1160 3837 quam
1210 3777 1377 3824 totam
1414 3772 1642 3840 accepit,
1683 3775 1958 3844 perpetuis

376 3853 565 3919 poenis
591 3852 1073 3926 insolubilibusque
1106 3859 1363 3926 malitiae,
1380 3878 1539 3931 quam
1567 3876 1955 3921 tormentorum

375 3942 659 4000 calamitas
701 3947 964 4016 sequitur,
1018 3951 1246 4006 nexibus
1275 3951 1566 4008 obnoxium
1601 3958 1846 4028 reliquit;
1901 3963 1954 4017 in

376 4033 522 4089 nullo
555 4035 700 4089 enim
737 4036 955 4092 damnat
993 4039 1150 4102 Deus,
1177 4043 1320 4109 quod
1370 4043 1520 4110 fecit,
1552 4048 1644 4102 sed
1677 4052 1818 4118 quod
1849 4067 1954 4107 non

375 4122 523 4186 fecit,
553 4125 724 4194 punit.
753 4124 884 4178 Nam
907 4137 961 4180 et
985 4132 1478 4198 praevaricantium
1502 4139 1815 4208 angelorum
1853 4159 1953 4196 na-

373 4222 552 4270 turam
581 4230 684 4269 non
715 4218 890 4286 punit,
935 4234 1035 4274 nec
1086 4223 1372 4290 puniturus
1409 4238 1524 4293 est;
1583 4230 1796 4286 illorum
1825 4250 1954 4291 vero

375 4306 634 4362 malitiam
649 4317 703 4363 et
720 4309 1048 4380 impietatem
1065 4317 1414 4388 nocivamque
1430 4324 1748 4391 potentiam,
1763 4344 1951 4397 quem-

2061 3132 2215 3186 nario
2241 3131 2503 3200 siquidem
2533 3147 2758 3186 numero
2806 3148 2998 3187 cursus
3032 3135 3187 3203 hujus
3227 3137 3385 3198 vitae,
3415 3135 3626 3205 septenis

2061 3222 2269 3276 dierum
2289 3221 2712 3276 revolutionibus
2726 3222 3044 3278 convolulus
3058 3225 3378 3278 insinuatur.
3403 3227 3500 3292 Qui
3519 3241 3623 3280 cur-

2060 3327 2152 3366 sus
2195 3313 2542 3366 abbreviatus
2575 3313 2793 3366 dicitur.
2824 3313 3014 3368 Omnia
3043 3330 3277 3385 namque
3311 3327 3543 3388 tempora
3577 3317 3621 3370 in

2060 3403 2468 3472 comparatione
2481 3403 2820 3458 aeternitatis
2838 3405 3018 3459 brevia
3033 3415 3176 3460 sunt.
3197 3406 3254 3459 In
3279 3409 3376 3462 hac
3397 3411 3565 3478 itaque
3587 3407 3623 3438 "

2060 3494 2196 3557 acie,
2247 3494 2386 3548 inter
2431 3495 2564 3548 haec
2606 3495 2707 3548 tela
2744 3494 2905 3548 veluti
2953 3512 3020 3550 ex
3050 3508 3279 3565 utroque
3309 3499 3475 3553 latere
3518 3516 3626 3554 con-

2062 3585 2222 3649 ﬁxus,
2251 3586 2526 3654 ignorans,
2554 3601 2661 3655 quo
2698 3588 2933 3652 tendam,
2965 3597 3019 3641 et
3048 3590 3175 3658 quid
3206 3592 3385 3659 potius
3425 3606 3619 3659 sequar.

2059 3677 2252 3730 anxius
2296 3677 2557 3732 consisto.
2607 3677 2724 3731 Non
2772 3677 2914 3731 enim
2953 3679 3086 3732 levis
3131 3683 3491 3736 consideratio
3531 3691 3620 3742 cst,

2061 3784 2225 3821 unum
2269 3783 2302 3823 e
2343 3769 2553 3824 duobus
2609 3769 2810 3840 eligere
2841 3786 2856 3824 :
2891 3780 2982 3824 aut
3023 3769 3274 3826 aeternas
3307 3789 3500 3842 poenas
3532 3774 3620 3826 im-

2058 3858 2270 3928 piorum
2318 3860 2629 3929 angelorum
2665 3870 2722 3916 et
2762 3861 3039 3916 hominum
3083 3862 3384 3929 destruere,
3427 3874 3515 3918 aut
3558 3865 3624 3916 di-

2062 3949 2245 4003 vinam
2289 3949 2585 4004 bonitatem
2637 3961 2694 4004 et
2737 3951 3152 4016 beatitudinem,
3195 3954 3446 4024 absorpta
3490 3953 3619 4008 onmi

2059 4040 2266 4094 malitia
2307 4041 2658 4110 miseriaque,
2693 4056 2799 4096 non
2848 4042 3048 4112 ubique
3102 4042 3155 4096 in
3201 4045 3347 4098 omni
3387 4054 3620 4099 creatura

2061 4142 2427 4200 regnaturum.
2477 4131 2617 4187 MAG.
2668 4131 2890 4187 Patiens
2938 4142 3086 4198 esto;
3131 4135 3308 4189 aderit
3350 4135 3434 4190 lux
3485 4150 3620 4190 nien-

2061 4222 2215 4285 tium,
2258 4235 2396 4290 quae
2447 4219 2715 4276 iiiuminat
2762 4222 3077 4276 abscondita
3121 4225 3480 4290 tenebrarum,
3529 4223 3620 4278 ob—

2059 4325 2239 4370 strusa
2265 4316 2308 4346 ²⁰
2349 4316 2546 4385 aperit,
2577 4315 2850 4385 incognita
2881 4317 3103 4382 revelat,
3146 4317 3368 4388 fugitiva
3399 4331 3618 4380 revocat,

375 4395 662 4452 admodum
686 4407 742 4454 et
775 4402 1042 4456 malorum
1086 4403 1363 4461 hominum
1395 4412 1474 4465 eis
1519 4395 1948 4485 ωηιίιρτοιίιευιη,
1984 4406 2035 4466 D
2059 4408 2530 4477 incircumscripta
2551 4407 2972 4472 circumscribit,
3000 4409 3276 4464 indelinita
3296 4412 3494 4475 deﬁnit,
3516 4425 3621 4463 aiu-

374 4489 672 4560 extinguet,
706 4503 760 4546 et
790 4492 1040 4550 fortassis
1063 4496 1272 4552 illorum
1305 4503 1410 4556 erit
1431 4513 1649 4561 aeterna
1679 4509 1955 4566 damnatio

375 4593 507 4633 suae
543 4581 781 4636 malitiae
811 4585 1210 4656 impietatisque
1238 4593 1562 4652 universalis
1601 4600 1841 4658 abolitio.
1872 4603 1954 4659 ln-

379 4675 460 4720 ter
489 4668 622 4724 haec
649 4670 828 4740 itaque
864 4675 964 4728 sibi
995 4678 1220 4732 invicem
1264 4687 1638 4754 repugnantia,
1681 4691 1844 4747 veluti
1877 4695 1954 4748 in-

377 4766 459 4810 ter
485 4763 783 4817 aestuantis
805 4767 992 4820 oceani
1015 4765 1210 4824 ﬂuetus
1230 4784 1684 4847 cautesque,quas
1706 4782 1952 4850 allidunt,

377 4845 608 4944 alliictus
636 4849 790 4920 longa
815 4863 869 4907 et
898 4855 1258 4914 inextricabili
1289 4845 1673 4924 deliberatione
1696 4845 1952 4944 fatigatus

375 4937 687 5004 convolvor,
704 4941 1008 5012 nullamque
1026 4946 1164 5002 viam
1181 4951 1440 5008 evadendi
1465 4959 1692 5027 reperio.
1715 4960 1770 5017 Si
1787 4937 1946 5030 enim,

375 5035 429 5080 ut
454 5027 964 5102 brevitercolligam,
990 5038 1248 5104 quaelate
1273 5045 1518 5111 superius
1538 5048 1678 5104 dicta
1708 5064 1852 5119 sunt,
1875 5027 1954 5111 to-

376 5125 483 5173 tam
508 5120 896 5178 Immauitatem
913 5124 1088 5182 Verbo
1107 5129 1199 5184 Dei
1226 5132 1630 5206 "assumptum.
1658 5158 1720 5196 ac
1743 5162 1838 5215 per
1854 5151 1954 5206 hoc

2058 4500 2217 4568 bigua
2247 4499 2315 4553 ad
2363 4507 2570 4553 certam
2598 4499 2996 4567 quodammodo
3042 4502 3366 4556 sententiam
3396 4503 3616 4556 adducit.

2056 4592 2136 4645 Ac
2163 4591 2396 4660 prinnnn
2430 4591 2645 4658 quidem
2670 4591 3023 4660 contemplari
3054 4602 3294 4661 oportet,
3335 4594 3459 4664 quid
3487 4595 3620 4646 inter

2059 4699 2158 4737 nos
2181 4683 2509 4746 confectum,
2537 4683 2699 4752 inque
2727 4684 3104 4738 inconcussam
3124 4685 3484 4741 deﬁnitionem
3506 4699 3619 4754 per-

2059 4777 2226 4839 venit,
2257 4776 2385 4846 quid
2407 4776 2584 4830 adhuc
2610 4775 2663 4829 in
2690 4775 2970 4830 ﬂuctuanti
2995 4776 3382 4832 deliberatione
3400 4784 3616 4838 aestuat,

2058 4869 2185 4937 quid
2230 4869 2294 4922 de
2320 4877 2499 4922 cetero
2537 4869 2905 4938 quaerendum
2929 4870 3016 4923 sit.
3043 4869 3186 4924 DISC.
3213 4869 3327 4924 Non
3351 4871 3501 4924 aliam
3524 4885 3615 4922 na-

2061 4971 2302 5014 turarum
2354 4959 2753 5027 inquisitionem
2782 4961 2921 5013 ratio
2943 4957 3130 5028 exigit.
3155 4959 3295 5016 Μια.
3347 4959 3499 5013 Multa
3526 4961 3618 5012 de-

2062 5055 2208 5107 linita
2245 5052 2746 5126 rationztbililerqpe
2779 5063 2994 5122 reperta
3040 5053 3095 5106 in
3143 5062 3233 5108 tua
3285 5052 3614 5111 deliberativa

2063 5151 2273 5204 theoria
2309 5149 2600 5220 perspicio.
2634 5149 2742 5206 Sed
2772 5165 3025 5220 quoniam
3056 5149 3236 5205 adhuc
3260 5150 3420 5204 veluti
3442 5149 3491 5202 in
3514 5159 3617 5197 ant-

1652 5279 1904 5338 VARIAE
1940 5284 2336 5342 LECTIONES.

374 5433 479 5488 CF.
568 5439 590 5469 ⁸
619 5442 798 5493 mundi
819 5457 928 5494 om.
956 5442 1060 5497 CF.

379 5506 420 5532 "
449 5506 677 5560 humana
697 5524 808 5563 0m.
832 5512 898 5563 A.
977 5513 1022 5544 "
1050 5514 1117 5566 ad
1140 5531 1248 5570 om.
1279 5516 1382 5572 Cl“.

381 5574 423 5614 ³⁸
449 5573 539 5626 Sc
567 5577 680 5640 (LF;
717 5582 757 5631 Α
785 5593 1230 5654 mortuornmque.

1463 5521 1559 5576 “A
1589 5520 1818 5583 Proinde
1838 5520 1962 5598 fidei
1987 5520 2230 5588 vet-lium.

1312 5590 1352 5628 ³ο
1381 5592 1553 5660 itaque
1581 5609 1689 5647 om.
1733 5598 1797 5650 Α.
1838 5590 1914 5638 ’⁸ο
1959 5605 2124 5674 aperit
2165 5605 2427 5659 abstrusa.

445 5367 462 5471 ς
485 5367 524 5420 Α
953 5371 1424 5476 ιιξῃξηιινοξιιίιιξηιωζ
1458 5380 1478 5412 ³
1498 5382 1539 5434 Λ
1554 5391 1873 5476 praesentia.
1915 5393 1936 5424 ⁸
1953 5393 2022 5476 Et
2042 5411 2148 5450 om.
2177 5395 2241 5447 Α.
2283 5399 2305 5431 ⁸
2325 5393 2640 5476 A‘gratiam.
2700 5397 2780 5451 ‘A
2804 5397 3036 5451 animum
3061 5397 3328 5476 collocari.
3399 5399 3423 5432 '
3442 5415 3492 5452 se
3509 5411 3610 5448 om.

1148 5447 1180 5484 ι⁹
1201 5447 1244 5499 Α
1275 5447 2260 5532 itn'feipsgdirutam:,imaginentvleret.
2325 5447 2398 5497 ﬂ“

3223 5469 3261 5500 “
3285 5470 3325 5520 Α
3351 5471 3610 5536 optatione.

2425 5483 2612 5535 genum
2637 5469 2924 5522 humanum
2944 5483 3054 5522 om.
3077 5469 3142 5523 Α.

3333 5539 3374 5572 ’⁷
3395 5551 3606 5606 vereque.

2311 5535 2355 5567 "
2382 5537 2424 5590 Α
2453 5537 2646 5591 divino.
2727 5537 2770 5568 “
2791 5554 3026 5592 summae
3049 5553 3160 5593 om.
3186 5539 3252 5592 Α.
