  <div class='ocr_page' id='page_1' title='image "/cluster/home/n/w/nwhite01/storage/ocr_20150623/122/hvd.32044054759840/500.png"; bbox 0 0 3898 6154; ppageno 0'>
   <div class='ocr_carea' id='block_1_1' title="bbox 310 260 432 322">
    <p class='ocr_par' dir='ltr' id='par_1_1' title="bbox 310 260 432 322">
     <span class='ocr_line' id='line_1_1' title="bbox 310 260 432 322; baseline -0.033 0"><span class='ocrx_word' id='word_1_1' title='bbox 310 260 432 322; x_wconf 61' lang='lat'><strong>913</strong></span> 
     </span>
    </p>
   </div>
   <div class='ocr_carea' id='block_1_2' title="bbox 1199 262 2766 331">
    <p class='ocr_par' dir='ltr' id='par_1_2' title="bbox 1199 262 2766 331">
     <span class='ocr_line' id='line_1_2' title="bbox 1199 262 2766 331; baseline -0.002 -12"><span class='ocrx_word' id='word_1_2' title='bbox 1199 266 1285 321; x_wconf 76' lang='lat' dir='ltr'><strong>DF.</strong></span> <span class='ocrx_word' id='word_1_3' title='bbox 1326 264 1660 321; x_wconf 70' lang='lat' dir='ltr'><strong>DIVISIONE</strong></span> <span class='ocrx_word' id='word_1_4' title='bbox 1699 263 2049 320; x_wconf 66' lang='lat' dir='ltr'><strong>NATURAE.</strong></span> <span class='ocrx_word' id='word_1_5' title='bbox 2092 295 2160 306; x_wconf 89' lang='lat'><strong><em>—</em></strong></span> <span class='ocrx_word' id='word_1_6' title='bbox 2200 263 2399 328; x_wconf 81' lang='lat' dir='ltr'><strong>LIBER</strong></span> <span class='ocrx_word' id='word_1_7' title='bbox 2442 262 2766 331; x_wconf 78' lang='lat' dir='ltr'><strong>QUINTUS.</strong></span> 
     </span>
    </p>
   </div>
   <div class='ocr_carea' id='block_1_3' title="bbox 3490 266 3599 323">
    <p class='ocr_par' dir='ltr' id='par_1_3' title="bbox 3490 266 3599 323">
     <span class='ocr_line' id='line_1_3' title="bbox 3490 266 3599 323; baseline -0.009 0"><span class='ocrx_word' id='word_1_8' title='bbox 3490 266 3599 323; x_wconf 69' lang='lat'><strong>9‘26</strong></span> 
     </span>
    </p>
   </div>
   <div class='ocr_carea' id='block_1_4' title="bbox 320 374 3609 450">
    <p class='ocr_par' dir='ltr' id='par_1_4' title="bbox 320 374 3609 450">
     <span class='ocr_line' id='line_1_4' title="bbox 320 374 3609 450; baseline 0.001 -17"><span class='ocrx_word' id='word_1_9' title='bbox 320 378 501 449; x_wconf 79' lang='lat' dir='ltr'><strong>higuo</strong></span> <span class='ocrx_word' id='word_1_10' title='bbox 526 378 724 449; x_wconf 85' lang='lat' dir='ltr'><strong>posita,</strong></span> <span class='ocrx_word' id='word_1_11' title='bbox 777 386 833 431; x_wconf 86' lang='lat' dir='ltr'><strong>ut</strong></span> <span class='ocrx_word' id='word_1_12' title='bbox 882 386 932 431; x_wconf 87' lang='lat' dir='ltr'><strong>tu</strong></span> <span class='ocrx_word' id='word_1_13' title='bbox 965 376 1078 447; x_wconf 87' lang='lat' dir='ltr'><strong>ipse</strong></span> <span class='ocrx_word' id='word_1_14' title='bbox 1123 376 1327 439; x_wconf 79' lang='lat' dir='ltr'><strong>fateris,</strong></span> <span class='ocrx_word' id='word_1_15' title='bbox 1364 378 1456 431; x_wconf 90' lang='lat' dir='ltr'><strong>tibi</strong></span> <span class='ocrx_word' id='word_1_16' title='bbox 1506 377 1773 439; x_wconf 80' lang='lat' dir='ltr'><strong>videnlur,</strong></span> <span class='ocrx_word' id='word_1_17' title='bbox 1822 392 1916 430; x_wconf 85' lang='lat' dir='ltr'><strong>ne-</strong></span> <span class='ocrx_word' id='word_1_18' title='bbox 1946 394 1990 449; x_wconf 72' lang='grc' dir='ltr'>Α</span> <span class='ocrx_word' id='word_1_19' title='bbox 2020 389 2126 444; x_wconf 89' lang='lat' dir='ltr'><strong>que</strong></span> <span class='ocrx_word' id='word_1_20' title='bbox 2162 374 2387 431; x_wconf 90' lang='lat' dir='ltr'><strong>scientia</strong></span> <span class='ocrx_word' id='word_1_21' title='bbox 2435 391 2598 430; x_wconf 85' lang='lat' dir='ltr'><strong>causa</strong></span> <span class='ocrx_word' id='word_1_22' title='bbox 2648 385 2733 430; x_wconf 90' lang='lat' dir='ltr'><strong>est</strong></span> <span class='ocrx_word' id='word_1_23' title='bbox 2766 375 3135 442; x_wconf 71' lang='lat' dir='ltr'><strong>esisteutium,</strong></span> <span class='ocrx_word' id='word_1_24' title='bbox 3187 377 3429 449; x_wconf 81' lang='lat' dir='ltr'><strong>ideoque,</strong></span> <span class='ocrx_word' id='word_1_25' title='bbox 3459 382 3609 450; x_wconf 76' lang='lat' dir='ltr'><strong>quic—</strong></span> 
     </span>
    </p>
   </div>
   <div class='ocr_carea' id='block_1_5' title="bbox 322 466 1926 537">
    <p class='ocr_par' dir='ltr' id='par_1_5' title="bbox 322 466 1926 537">
     <span class='ocr_line' id='line_1_5' title="bbox 322 466 1926 537; baseline -0.001 -14"><span class='ocrx_word' id='word_1_26' title='bbox 322 469 641 523; x_wconf 69' lang='lat' dir='ltr'><strong>ressarinm</strong></span> <span class='ocrx_word' id='word_1_27' title='bbox 672 468 907 521; x_wconf 77' lang='lat' dir='ltr'><strong>arbitror</strong></span> <span class='ocrx_word' id='word_1_28' title='bbox 929 508 944 533; x_wconf 90' lang='lat'><strong>,</strong></span> <span class='ocrx_word' id='word_1_29' title='bbox 973 482 1036 521; x_wconf 89' lang='lat' dir='ltr'><strong>ea</strong></span> <span class='ocrx_word' id='word_1_30' title='bbox 1072 478 1336 537; x_wconf 83' lang='lat' dir='ltr'><strong>repetere,</strong></span> <span class='ocrx_word' id='word_1_31' title='bbox 1386 467 1438 521; x_wconf 92' lang='lat' dir='ltr'><strong>in</strong></span> <span class='ocrx_word' id='word_1_32' title='bbox 1467 468 1663 536; x_wconf 78' lang='lat' dir='ltr'><strong>quibus</strong></span> <span class='ocrx_word' id='word_1_33' title='bbox 1691 466 1926 521; x_wconf 88' lang='lat' dir='ltr'><strong>titubare</strong></span> 
     </span>
    </p>
   </div>
   <div class='ocr_carea' id='block_1_6' title="bbox 318 559 1927 623">
    <p class='ocr_par' dir='ltr' id='par_1_6' title="bbox 318 559 1927 623">
     <span class='ocr_line' id='line_1_6' title="bbox 318 559 1927 623; baseline 0.002 -12"><span class='ocrx_word' id='word_1_34' title='bbox 318 560 558 623; x_wconf 79' lang='lat' dir='ltr'><strong>videris,</strong></span> <span class='ocrx_word' id='word_1_35' title='bbox 599 568 660 613; x_wconf 92' lang='lat' dir='ltr'><strong>ut</strong></span> <span class='ocrx_word' id='word_1_36' title='bbox 697 559 901 613; x_wconf 88' lang='lat' dir='ltr'><strong>sedatis</strong></span> <span class='ocrx_word' id='word_1_37' title='bbox 934 559 1239 613; x_wconf 89' lang='lat' dir='ltr'><strong>animorum</strong></span> <span class='ocrx_word' id='word_1_38' title='bbox 1295 559 1551 614; x_wconf 82' lang='lat' dir='ltr'><strong>ﬂuctibus</strong></span> <span class='ocrx_word' id='word_1_39' title='bbox 1600 559 1808 613; x_wconf 83' lang='lat' dir='ltr'><strong>[inuam</strong></span> <span class='ocrx_word' id='word_1_40' title='bbox 1861 560 1927 615; x_wconf 85' lang='lat' dir='ltr'><strong>de</strong></span> 
     </span>
    </p>
   </div>
   <div class='ocr_carea' id='block_1_7' title="bbox 318 648 1923 720">
    <p class='ocr_par' dir='ltr' id='par_1_7' title="bbox 318 648 1923 720">
     <span class='ocr_line' id='line_1_7' title="bbox 318 648 1923 720; baseline -0.002 -14"><span class='ocrx_word' id='word_1_41' title='bbox 318 651 445 715; x_wconf 87' lang='lat' dir='ltr'><strong>his,</strong></span> <span class='ocrx_word' id='word_1_42' title='bbox 470 663 615 719; x_wconf 87' lang='lat' dir='ltr'><strong>quae</strong></span> <span class='ocrx_word' id='word_1_43' title='bbox 641 649 784 703; x_wconf 88' lang='lat' dir='ltr'><strong>inter</strong></span> <span class='ocrx_word' id='word_1_44' title='bbox 805 664 904 704; x_wconf 86' lang='lat' dir='ltr'><strong>nos</strong></span> <span class='ocrx_word' id='word_1_45' title='bbox 919 649 1252 717; x_wconf 79' lang='lat' dir='ltr'><strong>quaerimus,</strong></span> <span class='ocrx_word' id='word_1_46' title='bbox 1279 648 1551 720; x_wconf 82' lang='lat' dir='ltr'><strong>proferam</strong></span> <span class='ocrx_word' id='word_1_47' title='bbox 1574 651 1923 715; x_wconf 84' lang='lat' dir='ltr'><strong>sententiam,</strong></span> 
     </span>
    </p>
   </div>
   <div class='ocr_carea' id='block_1_8' title="bbox 316 738 1925 810">
    <p class='ocr_par' dir='ltr' id='par_1_8' title="bbox 316 738 1925 810">
     <span class='ocr_line' id='line_1_8' title="bbox 316 738 1925 810; baseline -0.001 -16"><span class='ocrx_word' id='word_1_48' title='bbox 316 754 395 795; x_wconf 87' lang='lat' dir='ltr'><strong>ne</strong></span> <span class='ocrx_word' id='word_1_49' title='bbox 454 738 661 793; x_wconf 86' lang='lat' dir='ltr'><strong>diutius</strong></span> <span class='ocrx_word' id='word_1_50' title='bbox 724 738 1016 807; x_wconf 89' lang='lat' dir='ltr'><strong>amphiboli</strong></span> <span class='ocrx_word' id='word_1_51' title='bbox 1066 742 1082 771; x_wconf 81' lang='grc'>⁸</span> <span class='ocrx_word' id='word_1_52' title='bbox 1131 740 1432 805; x_wconf 74' lang='lat' dir='ltr'><strong>videamur,</strong></span> <span class='ocrx_word' id='word_1_53' title='bbox 1482 740 1555 794; x_wconf 91' lang='lat' dir='ltr'><strong>nil</strong></span> <span class='ocrx_word' id='word_1_54' title='bbox 1611 741 1680 795; x_wconf 86' lang='lat' dir='ltr'><strong>ad</strong></span> <span class='ocrx_word' id='word_1_55' title='bbox 1732 755 1925 810; x_wconf 90' lang='lat' dir='ltr'><strong>purum</strong></span> 
     </span>
    </p>
   </div>
   <div class='ocr_carea' id='block_1_9' title="bbox 315 828 1925 887">
    <p class='ocr_par' dir='ltr' id='par_1_9' title="bbox 315 828 1925 887">
     <span class='ocr_line' id='line_1_9' title="bbox 315 828 1925 887; baseline -0.001 -2"><span class='ocrx_word' id='word_1_56' title='bbox 315 832 705 887; x_wconf 86' lang='lat' dir='ltr'><strong>discutientes.</strong></span> <span class='ocrx_word' id='word_1_57' title='bbox 740 829 887 884; x_wconf 84' lang='lat' dir='ltr'><strong>Dtsc.</strong></span> <span class='ocrx_word' id='word_1_58' title='bbox 917 828 996 883; x_wconf 84' lang='lat' dir='ltr'><strong>lta</strong></span> <span class='ocrx_word' id='word_1_59' title='bbox 1025 829 1138 883; x_wconf 81' lang='lat' dir='ltr'><strong>ﬁat.</strong></span> <span class='ocrx_word' id='word_1_60' title='bbox 1175 830 1314 886; x_wconf 74' lang='lat' dir='ltr'><strong>MAG.</strong></span> <span class='ocrx_word' id='word_1_61' title='bbox 1364 832 1553 885; x_wconf 80' lang='lat' dir='ltr'><strong>Divino</strong></span> <span class='ocrx_word' id='word_1_62' title='bbox 1579 831 1765 885; x_wconf 90' lang='lat' dir='ltr'><strong>animo</strong></span> <span class='ocrx_word' id='word_1_63' title='bbox 1808 846 1925 885; x_wconf 85' lang='lat' dir='ltr'><strong>om-</strong></span> 
     </span>
    </p>
   </div>
   <div class='ocr_carea' id='block_1_10' title="bbox 314 918 1923 989">
    <p class='ocr_par' dir='ltr' id='par_1_10' title="bbox 314 918 1923 989">
     <span class='ocr_line' id='line_1_10' title="bbox 314 918 1923 989; baseline -0.001 -15"><span class='ocrx_word' id='word_1_64' title='bbox 314 922 415 974; x_wconf 86' lang='lat' dir='ltr'><strong>nia</strong></span> <span class='ocrx_word' id='word_1_65' title='bbox 467 920 733 975; x_wconf 89' lang='lat' dir='ltr'><strong>contineri</strong></span> <span class='ocrx_word' id='word_1_66' title='bbox 765 918 943 973; x_wconf 81' lang='lat' dir='ltr'><strong>nullos</strong></span> <span class='ocrx_word' id='word_1_67' title='bbox 978 928 1126 974; x_wconf 89' lang='lat' dir='ltr'><strong>recte</strong></span> <span class='ocrx_word' id='word_1_68' title='bbox 1152 930 1374 974; x_wconf 91' lang='lat' dir='ltr'><strong>naturas</strong></span> <span class='ocrx_word' id='word_1_69' title='bbox 1406 936 1584 975; x_wconf 91' lang='lat' dir='ltr'><strong>rerum</strong></span> <span class='ocrx_word' id='word_1_70' title='bbox 1617 920 1923 989; x_wconf 79' lang='lat' dir='ltr'><strong>intelligens</strong></span> 
     </span>
    </p>
   </div>
   <div class='ocr_carea' id='block_1_11' title="bbox 317 1009 1924 1075">
    <p class='ocr_par' dir='ltr' id='par_1_11' title="bbox 317 1009 1924 1075">
     <span class='ocr_line' id='line_1_11' title="bbox 317 1009 1924 1075; baseline 0.002 -11"><span class='ocrx_word' id='word_1_71' title='bbox 317 1011 571 1064; x_wconf 80' lang='lat' dir='ltr'><strong>dubitat.</strong></span> <span class='ocrx_word' id='word_1_72' title='bbox 604 1009 755 1064; x_wconf 80' lang='lat' dir='ltr'><strong>DISC.</strong></span> <span class='ocrx_word' id='word_1_73' title='bbox 787 1009 924 1064; x_wconf 86' lang='lat' dir='ltr'><strong>Hinc</strong></span> <span class='ocrx_word' id='word_1_74' title='bbox 956 1011 1204 1065; x_wconf 86' lang='lat' dir='ltr'><strong>dubitare</strong></span> <span class='ocrx_word' id='word_1_75' title='bbox 1232 1010 1538 1075; x_wconf 87' lang='lat' dir='ltr'><strong>ridiculum,</strong></span> <span class='ocrx_word' id='word_1_76' title='bbox 1569 1014 1693 1066; x_wconf 89' lang='lat' dir='ltr'><strong>dum</strong></span> <span class='ocrx_word' id='word_1_77' title='bbox 1734 1028 1924 1067; x_wconf 88' lang='lat' dir='ltr'><strong>omnes</strong></span> 
     </span>
    </p>
   </div>
   <div class='ocr_carea' id='block_1_12' title="bbox 312 1097 1924 1174">
    <p class='ocr_par' dir='ltr' id='par_1_12' title="bbox 312 1097 1924 1174">
     <span class='ocr_line' id='line_1_12' title="bbox 312 1097 1924 1174; baseline 0.001 -21"><span class='ocrx_word' id='word_1_78' title='bbox 312 1100 607 1169; x_wconf 77' lang='lat' dir='ltr'><strong>sapientes</strong></span> <span class='ocrx_word' id='word_1_79' title='bbox 660 1097 806 1152; x_wconf 91' lang='lat' dir='ltr'><strong>nullo</strong></span> <span class='ocrx_word' id='word_1_80' title='bbox 835 1099 996 1154; x_wconf 89' lang='lat' dir='ltr'><strong>modo</strong></span> <span class='ocrx_word' id='word_1_81' title='bbox 1031 1099 1084 1174; x_wconf 86' lang='lat' dir='ltr'><strong>in</strong></span> <span class='ocrx_word' id='word_1_82' title='bbox 1126 1099 1228 1154; x_wconf 92' lang='lat' dir='ltr'><strong>hoc</strong></span> <span class='ocrx_word' id='word_1_83' title='bbox 1261 1098 1608 1165; x_wconf 89' lang='lat' dir='ltr'><strong>dissentiunt,</strong></span> <span class='ocrx_word' id='word_1_84' title='bbox 1642 1101 1924 1155; x_wconf 74' lang='lat' dir='ltr'><strong>audientes</strong></span> 
     </span>
    </p>
   </div>
   <div class='ocr_carea' id='block_1_13' title="bbox 312 1190 1923 1264">
    <p class='ocr_par' dir='ltr' id='par_1_13' title="bbox 312 1190 1923 1264">
     <span class='ocr_line' id='line_1_13' title="bbox 312 1190 1923 1264; baseline 0.002 -20"><span class='ocrx_word' id='word_1_85' title='bbox 312 1190 654 1259; x_wconf 80' lang='lat' dir='ltr'><strong>Apostolum</strong></span> <span class='ocrx_word' id='word_1_86' title='bbox 687 1191 954 1244; x_wconf 84' lang='lat' dir='ltr'><strong>dicentem</strong></span> <span class='ocrx_word' id='word_1_87' title='bbox 987 1209 999 1244; x_wconf 88' lang='lat'><strong>:</strong></span> <span class='ocrx_word' id='word_1_88' title='bbox 1031 1191 1116 1245; x_wconf 80' lang='lat' dir='ltr'><strong>Ea:</strong></span> <span class='ocrx_word' id='word_1_89' title='bbox 1141 1193 1252 1262; x_wconf 89' lang='lat' dir='ltr'><strong>ipso</strong></span> <span class='ocrx_word' id='word_1_90' title='bbox 1273 1203 1321 1247; x_wconf 90' lang='lat' dir='ltr'><strong>et</strong></span> <span class='ocrx_word' id='word_1_91' title='bbox 1336 1209 1427 1262; x_wconf 87' lang='lat' dir='ltr'><strong>per</strong></span> <span class='ocrx_word' id='word_1_92' title='bbox 1451 1195 1620 1263; x_wconf 84' lang='lat' dir='ltr'><strong>ipsum</strong></span> <span class='ocrx_word' id='word_1_93' title='bbox 1657 1204 1704 1249; x_wconf 90' lang='lat' dir='ltr'><strong>et</strong></span> <span class='ocrx_word' id='word_1_94' title='bbox 1735 1196 1788 1248; x_wconf 89' lang='lat' dir='ltr'><strong>in</strong></span> <span class='ocrx_word' id='word_1_95' title='bbox 1812 1196 1923 1264; x_wconf 81' lang='lat' dir='ltr'><strong>ipso</strong></span> 
     </span>
    </p>
   </div>
   <div class='ocr_carea' id='block_1_14' title="bbox 313 1281 1923 1354">
    <p class='ocr_par' dir='ltr' id='par_1_14' title="bbox 313 1281 1923 1354">
     <span class='ocr_line' id='line_1_14' title="bbox 313 1281 1923 1354; baseline 0.002 -20"><span class='ocrx_word' id='word_1_96' title='bbox 313 1293 367 1334; x_wconf 87' lang='lat' dir='ltr'><strong>et</strong></span> <span class='ocrx_word' id='word_1_97' title='bbox 392 1281 475 1333; x_wconf 85' lang='lat' dir='ltr'><strong>ad</strong></span> <span class='ocrx_word' id='word_1_98' title='bbox 499 1281 671 1349; x_wconf 85' lang='lat' dir='ltr'><strong>ipsum</strong></span> <span class='ocrx_word' id='word_1_99' title='bbox 700 1289 821 1333; x_wconf 89' lang='lat' dir='ltr'><strong>sunt</strong></span> <span class='ocrx_word' id='word_1_100' title='bbox 851 1281 1049 1334; x_wconf 82' lang='lat' dir='ltr'><strong>omnia.</strong></span> <span class='ocrx_word' id='word_1_101' title='bbox 1099 1281 1388 1354; x_wconf 79' lang='lat' dir='ltr'><strong>Dionysius</strong></span> <span class='ocrx_word' id='word_1_102' title='bbox 1411 1283 1737 1352; x_wconf 82' lang='lat' dir='ltr'><strong>Areopagila</strong></span> <span class='ocrx_word' id='word_1_103' title='bbox 1773 1286 1923 1353; x_wconf 82' lang='lat' dir='ltr'><strong>capi-</strong></span> 
     </span>
    </p>
   </div>
   <div class='ocr_carea' id='block_1_15' title="bbox 318 1371 1919 1443">
    <p class='ocr_par' dir='ltr' id='par_1_15' title="bbox 318 1371 1919 1443">
     <span class='ocr_line' id='line_1_15' title="bbox 318 1371 1919 1443; baseline 0.003 -20"><span class='ocrx_word' id='word_1_104' title='bbox 318 1372 445 1426; x_wconf 90' lang='lat' dir='ltr'><strong>tulo</strong></span> <span class='ocrx_word' id='word_1_105' title='bbox 485 1374 717 1441; x_wconf 87' lang='lat' dir='ltr'><strong>septimo</strong></span> <span class='ocrx_word' id='word_1_106' title='bbox 747 1373 813 1426; x_wconf 89' lang='lat' dir='ltr'><strong>de</strong></span> <span class='ocrx_word' id='word_1_107' title='bbox 844 1372 1040 1427; x_wconf 83' lang='lat' dir='ltr'><strong>divinis</strong></span> <span class='ocrx_word' id='word_1_108' title='bbox 1071 1371 1387 1429; x_wconf 84' lang='lat' dir='ltr'><strong>Nominibus</strong></span> <span class='ocrx_word' id='word_1_109' title='bbox 1423 1388 1439 1428; x_wconf 88' lang='lat'><strong>:</strong></span> <span class='ocrx_word' id='word_1_110' title='bbox 1473 1373 1655 1429; x_wconf 88' lang='lat' dir='ltr'><strong>Omnis</strong></span> <span class='ocrx_word' id='word_1_111' title='bbox 1675 1414 1691 1439; x_wconf 96' lang='lat'><strong>,</strong></span> <span class='ocrx_word' id='word_1_112' title='bbox 1726 1374 1919 1443; x_wconf 82' lang='lat' dir='ltr'><strong>inquit,</strong></span> 
     </span>
    </p>
   </div>
   <div class='ocr_carea' id='block_1_16' title="bbox 311 1462 1920 1533">
    <p class='ocr_par' dir='ltr' id='par_1_16' title="bbox 311 1462 1920 1533">
     <span class='ocr_line' id='line_1_16' title="bbox 311 1462 1920 1533; baseline 0.001 -17"><span class='ocrx_word' id='word_1_113' title='bbox 311 1463 500 1516; x_wconf 83' lang='lat' dir='ltr'><strong>animi</strong></span> <span class='ocrx_word' id='word_1_114' title='bbox 542 1472 590 1516; x_wconf 91' lang='lat' dir='ltr'><strong>et</strong></span> <span class='ocrx_word' id='word_1_115' title='bbox 635 1462 878 1527; x_wconf 74' lang='lat' dir='ltr'><strong>rationis,</strong></span> <span class='ocrx_word' id='word_1_116' title='bbox 919 1471 968 1515; x_wconf 87' lang='lat' dir='ltr'><strong>et</strong></span> <span class='ocrx_word' id='word_1_117' title='bbox 995 1479 1176 1516; x_wconf 88' lang='lat' dir='ltr'><strong>sensus</strong></span> <span class='ocrx_word' id='word_1_118' title='bbox 1205 1467 1395 1529; x_wconf 89' lang='lat' dir='ltr'><strong>omnis,</strong></span> <span class='ocrx_word' id='word_1_119' title='bbox 1444 1464 1622 1518; x_wconf 79' lang='lat' dir='ltr'><strong>divina</strong></span> <span class='ocrx_word' id='word_1_120' title='bbox 1664 1465 1920 1533; x_wconf 79' lang='lat' dir='ltr'><strong>sapientia</strong></span> 
     </span>
    </p>
   </div>
   <div class='ocr_carea' id='block_1_17' title="bbox 311 1554 1919 1623">
    <p class='ocr_par' dir='ltr' id='par_1_17' title="bbox 311 1554 1919 1623">
     <span class='ocr_line' id='line_1_17' title="bbox 311 1554 1919 1623; baseline -0.001 -14"><span class='ocrx_word' id='word_1_121' title='bbox 311 1566 363 1609; x_wconf 89' lang='lat' dir='ltr'><strong>et</strong></span> <span class='ocrx_word' id='word_1_122' title='bbox 390 1556 723 1623; x_wconf 82' lang='lat' dir='ltr'><strong>principium</strong></span> <span class='ocrx_word' id='word_1_123' title='bbox 759 1563 806 1606; x_wconf 87' lang='lat' dir='ltr'><strong>et</strong></span> <span class='ocrx_word' id='word_1_124' title='bbox 843 1569 1005 1607; x_wconf 85' lang='lat' dir='ltr'><strong>causa</strong></span> <span class='ocrx_word' id='word_1_125' title='bbox 1034 1564 1080 1608; x_wconf 89' lang='lat' dir='ltr'><strong>et</strong></span> <span class='ocrx_word' id='word_1_126' title='bbox 1122 1554 1414 1609; x_wconf 82' lang='lat' dir='ltr'><strong>substantia</strong></span> <span class='ocrx_word' id='word_1_127' title='bbox 1445 1564 1492 1608; x_wconf 87' lang='lat' dir='ltr'><strong>et</strong></span> <span class='ocrx_word' id='word_1_128' title='bbox 1540 1557 1919 1609; x_wconf 87' lang='lat' dir='ltr'><strong>consummatio</strong></span> 
     </span>
    </p>
   </div>
   <div class='ocr_carea' id='block_1_18' title="bbox 310 1644 1920 1713">
    <p class='ocr_par' dir='ltr' id='par_1_18' title="bbox 310 1644 1920 1713">
     <span class='ocr_line' id='line_1_18' title="bbox 310 1644 1920 1713; baseline 0 -15"><span class='ocrx_word' id='word_1_129' title='bbox 310 1656 362 1698; x_wconf 87' lang='lat' dir='ltr'><strong>et</strong></span> <span class='ocrx_word' id='word_1_130' title='bbox 391 1645 648 1699; x_wconf 72' lang='lat' dir='ltr'><strong>custodia</strong></span> <span class='ocrx_word' id='word_1_131' title='bbox 679 1656 723 1698; x_wconf 87' lang='lat' dir='ltr'><strong>et</strong></span> <span class='ocrx_word' id='word_1_132' title='bbox 752 1644 870 1713; x_wconf 80' lang='lat' dir='ltr'><strong>fons</strong></span> <span class='ocrx_word' id='word_1_133' title='bbox 913 1645 1108 1697; x_wconf 88' lang='lat' dir='ltr'><strong>dicitur</strong></span> <span class='ocrx_word' id='word_1_134' title='bbox 1133 1653 1155 1685; x_wconf 73' lang='grc' dir='ltr'><strong><em>ι</em></strong></span> <span class='ocrx_word' id='word_1_135' title='bbox 1177 1655 1225 1698; x_wconf 85' lang='lat' dir='ltr'><strong>et</strong></span> <span class='ocrx_word' id='word_1_136' title='bbox 1247 1654 1341 1698; x_wconf 88' lang='lat' dir='ltr'><strong>est.</strong></span> <span class='ocrx_word' id='word_1_137' title='bbox 1369 1644 1565 1700; x_wconf 82' lang='lat' dir='ltr'><strong>Beatus</strong></span> <span class='ocrx_word' id='word_1_138' title='bbox 1599 1645 1920 1700; x_wconf 84' lang='lat' dir='ltr'><strong>Ambrosius</strong></span> 
     </span>
    </p>
   </div>
   <div class='ocr_carea' id='block_1_19' title="bbox 2030 464 3611 535">
    <p class='ocr_par' dir='ltr' id='par_1_19' title="bbox 2030 464 3611 535">
     <span class='ocr_line' id='line_1_19' title="bbox 2030 464 3611 535; baseline 0.004 -18"><span class='ocrx_word' id='word_1_139' title='bbox 2030 465 2161 533; x_wconf 88' lang='lat' dir='ltr'><strong>quid</strong></span> <span class='ocrx_word' id='word_1_140' title='bbox 2205 465 2374 529; x_wconf 85' lang='lat' dir='ltr'><strong>novit,</strong></span> <span class='ocrx_word' id='word_1_141' title='bbox 2419 479 2643 519; x_wconf 87' lang='lat' dir='ltr'><strong>necesse</strong></span> <span class='ocrx_word' id='word_1_142' title='bbox 2667 475 2751 519; x_wconf 75' lang='lat' dir='ltr'><strong>eat</strong></span> <span class='ocrx_word' id='word_1_143' title='bbox 2778 464 2834 517; x_wconf 89' lang='lat' dir='ltr'><strong>in</strong></span> <span class='ocrx_word' id='word_1_144' title='bbox 2866 473 3058 519; x_wconf 87' lang='lat' dir='ltr'><strong>natura</strong></span> <span class='ocrx_word' id='word_1_145' title='bbox 3084 480 3264 521; x_wconf 89' lang='lat' dir='ltr'><strong>rerum</strong></span> <span class='ocrx_word' id='word_1_146' title='bbox 3293 466 3430 522; x_wconf 79' lang='lat' dir='ltr'><strong>ﬁeri.</strong></span> <span class='ocrx_word' id='word_1_147' title='bbox 3461 468 3611 535; x_wconf 83' lang='lat' dir='ltr'><strong>Quod</strong></span> 
     </span>
    </p>
   </div>
   <div class='ocr_carea' id='block_1_20' title="bbox 2027 555 3613 621">
    <p class='ocr_par' dir='ltr' id='par_1_20' title="bbox 2027 555 3613 621">
     <span class='ocr_line' id='line_1_20' title="bbox 2027 555 3613 621; baseline 0.004 -13"><span class='ocrx_word' id='word_1_148' title='bbox 2027 562 2208 608; x_wconf 88' lang='lat' dir='ltr'><strong>autem</strong></span> <span class='ocrx_word' id='word_1_149' title='bbox 2223 555 2275 608; x_wconf 93' lang='lat' dir='ltr'><strong>in</strong></span> <span class='ocrx_word' id='word_1_150' title='bbox 2289 562 2418 608; x_wconf 91' lang='lat' dir='ltr'><strong>natu</strong></span> <span class='ocrx_word' id='word_1_151' title='bbox 2428 570 2483 609; x_wconf 91' lang='lat' dir='ltr'><strong>ra</strong></span> <span class='ocrx_word' id='word_1_152' title='bbox 2503 571 2681 609; x_wconf 88' lang='lat' dir='ltr'><strong>rerum</strong></span> <span class='ocrx_word' id='word_1_153' title='bbox 2700 570 2802 609; x_wconf 94' lang='lat' dir='ltr'><strong>non</strong></span> <span class='ocrx_word' id='word_1_154' title='bbox 2820 556 3114 621; x_wconf 83' lang='lat' dir='ltr'><strong>invenitur,</strong></span> <span class='ocrx_word' id='word_1_155' title='bbox 3132 571 3279 613; x_wconf 73' lang='lat' dir='ltr'><strong>auito</strong></span> <span class='ocrx_word' id='word_1_156' title='bbox 3292 559 3453 613; x_wconf 85' lang='lat' dir='ltr'><strong>modo</strong></span> <span class='ocrx_word' id='word_1_157' title='bbox 3466 559 3521 614; x_wconf 85' lang='lat' dir='ltr'><strong>in</strong></span> <span class='ocrx_word' id='word_1_158' title='bbox 3537 561 3613 614; x_wconf 62' lang='lat' dir='ltr'><strong>dio</strong></span> 
     </span>
    </p>
   </div>
   <div class='ocr_carea' id='block_1_21' title="bbox 2027 646 3613 720">
    <p class='ocr_par' dir='ltr' id='par_1_21' title="bbox 2027 646 3613 720">
     <span class='ocr_line' id='line_1_21' title="bbox 2027 646 3613 720; baseline 0.004 -22"><span class='ocrx_word' id='word_1_159' title='bbox 2027 647 2150 699; x_wconf 84' lang='lat' dir='ltr'><strong>vina</strong></span> <span class='ocrx_word' id='word_1_160' title='bbox 2177 646 2405 700; x_wconf 87' lang='lat' dir='ltr'><strong>scientia</strong></span> <span class='ocrx_word' id='word_1_161' title='bbox 2432 646 2660 700; x_wconf 80' lang='lat' dir='ltr'><strong>inveniri</strong></span> <span class='ocrx_word' id='word_1_162' title='bbox 2686 646 2940 715; x_wconf 85' lang='lat' dir='ltr'><strong>possibile</strong></span> <span class='ocrx_word' id='word_1_163' title='bbox 2959 656 3060 702; x_wconf 90' lang='lat' dir='ltr'><strong>est.</strong></span> <span class='ocrx_word' id='word_1_164' title='bbox 3094 647 3233 703; x_wconf 69' lang='lat' dir='ltr'><strong>Mss.</strong></span> <span class='ocrx_word' id='word_1_165' title='bbox 3262 649 3407 704; x_wconf 87' lang='lat' dir='ltr'><strong>Deus</strong></span> <span class='ocrx_word' id='word_1_166' title='bbox 3428 650 3613 720; x_wconf 84' lang='lat' dir='ltr'><strong>itaque</strong></span> 
     </span>
    </p>
   </div>
   <div class='ocr_carea' id='block_1_22' title="bbox 2026 735 3617 808">
    <p class='ocr_par' dir='ltr' id='par_1_22' title="bbox 2026 735 3617 808">
     <span class='ocr_line' id='line_1_22' title="bbox 2026 735 3617 808; baseline 0.004 -19"><span class='ocrx_word' id='word_1_167' title='bbox 2026 735 2217 804; x_wconf 86' lang='lat' dir='ltr'><strong>impios</strong></span> <span class='ocrx_word' id='word_1_168' title='bbox 2230 735 2403 789; x_wconf 90' lang='lat' dir='ltr'><strong>nescit</strong></span> <span class='ocrx_word' id='word_1_169' title='bbox 2417 744 2471 789; x_wconf 91' lang='lat' dir='ltr'><strong>et</strong></span> <span class='ocrx_word' id='word_1_170' title='bbox 2498 736 2717 805; x_wconf 79' lang='lat' dir='ltr'><strong>angelos</strong></span> <span class='ocrx_word' id='word_1_171' title='bbox 2727 744 2781 789; x_wconf 91' lang='lat' dir='ltr'><strong>et</strong></span> <span class='ocrx_word' id='word_1_172' title='bbox 2801 736 3071 803; x_wconf 87' lang='lat' dir='ltr'><strong>homines,</strong></span> <span class='ocrx_word' id='word_1_173' title='bbox 3085 752 3383 808; x_wconf 90' lang='lat' dir='ltr'><strong>omnesque</strong></span> <span class='ocrx_word' id='word_1_174' title='bbox 3395 741 3617 795; x_wconf 81' lang='lat' dir='ltr'><strong>divinae</strong></span> 
     </span>
    </p>
   </div>
   <div class='ocr_carea' id='block_1_23' title="bbox 2024 827 3613 896">
    <p class='ocr_par' dir='ltr' id='par_1_23' title="bbox 2024 827 3613 896">
     <span class='ocr_line' id='line_1_23' title="bbox 2024 827 3613 896; baseline 0.003 -16"><span class='ocrx_word' id='word_1_175' title='bbox 2024 827 2158 896; x_wconf 77' lang='lat' dir='ltr'><strong>legis</strong></span> <span class='ocrx_word' id='word_1_176' title='bbox 2168 827 2477 896; x_wconf 88' lang='lat' dir='ltr'><strong>praevarica</strong></span> <span class='ocrx_word' id='word_1_177' title='bbox 2487 835 2650 881; x_wconf 90' lang='lat' dir='ltr'><strong>tores.</strong></span> <span class='ocrx_word' id='word_1_178' title='bbox 2673 827 2819 881; x_wconf 76' lang='lat' dir='ltr'><strong>Disc.</strong></span> <span class='ocrx_word' id='word_1_179' title='bbox 2838 828 3051 883; x_wconf 89' lang='lat' dir='ltr'><strong>Illorum</strong></span> <span class='ocrx_word' id='word_1_180' title='bbox 3070 830 3402 885; x_wconf 84' lang='lat' dir='ltr'><strong>substantias</strong></span> <span class='ocrx_word' id='word_1_181' title='bbox 3421 846 3613 890; x_wconf 75' lang='lat' dir='ltr'><strong>omne-</strong></span> 
     </span>
    </p>
   </div>
   <div class='ocr_carea' id='block_1_24' title="bbox 2024 916 3627 990">
    <p class='ocr_par' dir='ltr' id='par_1_24' title="bbox 2024 916 3627 990">
     <span class='ocr_line' id='line_1_24' title="bbox 2024 916 3627 990; baseline 0.004 -21"><span class='ocrx_word' id='word_1_182' title='bbox 2024 918 2297 987; x_wconf 88' lang='lat' dir='ltr'><strong>que,quod</strong></span> <span class='ocrx_word' id='word_1_183' title='bbox 2310 917 2363 971; x_wconf 94' lang='lat' dir='ltr'><strong>in</strong></span> <span class='ocrx_word' id='word_1_184' title='bbox 2378 917 2457 971; x_wconf 88' lang='lat' dir='ltr'><strong>eis</strong></span> <span class='ocrx_word' id='word_1_185' title='bbox 2473 916 2619 980; x_wconf 83' lang='lat' dir='ltr'><strong>fecit,</strong></span> <span class='ocrx_word' id='word_1_186' title='bbox 2636 925 2691 971; x_wconf 89' lang='lat' dir='ltr'><strong>et</strong></span> <span class='ocrx_word' id='word_1_187' title='bbox 2704 917 2756 970; x_wconf 91' lang='lat' dir='ltr'><strong>in</strong></span> <span class='ocrx_word' id='word_1_188' title='bbox 2772 919 2887 987; x_wconf 91' lang='lat' dir='ltr'><strong>ipso</strong></span> <span class='ocrx_word' id='word_1_189' title='bbox 2903 920 3167 984; x_wconf 85' lang='lat' dir='ltr'><strong>subsistit,</strong></span> <span class='ocrx_word' id='word_1_190' title='bbox 3184 921 3351 974; x_wconf 81' lang='lat' dir='ltr'><strong>novit:</strong></span> <span class='ocrx_word' id='word_1_191' title='bbox 3368 922 3507 990; x_wconf 86' lang='lat' dir='ltr'><strong>quod</strong></span> <span class='ocrx_word' id='word_1_192' title='bbox 3526 936 3627 976; x_wconf 72' lang='lat' dir='ltr'><strong>tu-</strong></span> 
     </span>
    </p>
   </div>
   <div class='ocr_carea' id='block_1_25' title="bbox 2026 1012 3610 1083">
    <p class='ocr_par' dir='ltr' id='par_1_25' title="bbox 2026 1012 3610 1083">
     <span class='ocr_line' id='line_1_25' title="bbox 2026 1012 3610 1083; baseline -0.001 -15"><span class='ocrx_word' id='word_1_193' title='bbox 2026 1023 2131 1068; x_wconf 87' lang='lat' dir='ltr'><strong>tem</strong></span> <span class='ocrx_word' id='word_1_194' title='bbox 2150 1013 2360 1066; x_wconf 86' lang='lat' dir='ltr'><strong>illorum</strong></span> <span class='ocrx_word' id='word_1_195' title='bbox 2387 1012 2653 1082; x_wconf 80' lang='lat' dir='ltr'><strong>perversis</strong></span> <span class='ocrx_word' id='word_1_196' title='bbox 2680 1013 2915 1066; x_wconf 88' lang='lat' dir='ltr'><strong>motibus</strong></span> <span class='ocrx_word' id='word_1_197' title='bbox 2934 1022 3157 1067; x_wconf 85' lang='lat' dir='ltr'><strong>naturae</strong></span> <span class='ocrx_word' id='word_1_198' title='bbox 3182 1014 3249 1067; x_wconf 78' lang='lat' dir='ltr'><strong>alt</strong></span> <span class='ocrx_word' id='word_1_199' title='bbox 3276 1015 3390 1083; x_wconf 91' lang='lat' dir='ltr'><strong>ipso</strong></span> <span class='ocrx_word' id='word_1_200' title='bbox 3407 1014 3610 1067; x_wconf 75' lang='lat' dir='ltr'><strong>substi-</strong></span> 
     </span>
    </p>
   </div>
   <div class='ocr_carea' id='block_1_26' title="bbox 2026 1102 3611 1173">
    <p class='ocr_par' dir='ltr' id='par_1_26' title="bbox 2026 1102 3611 1173">
     <span class='ocr_line' id='line_1_26' title="bbox 2026 1102 3611 1173; baseline 0.001 -17"><span class='ocrx_word' id='word_1_201' title='bbox 2026 1110 2172 1157; x_wconf 85' lang='lat' dir='ltr'><strong>tutae</strong></span> <span class='ocrx_word' id='word_1_202' title='bbox 2185 1102 2399 1168; x_wconf 87' lang='lat' dir='ltr'><strong>accidit,</strong></span> <span class='ocrx_word' id='word_1_203' title='bbox 2424 1103 2644 1157; x_wconf 88' lang='lat' dir='ltr'><strong>omnino</strong></span> <span class='ocrx_word' id='word_1_204' title='bbox 2662 1103 2891 1173; x_wconf 78' lang='lat' dir='ltr'><strong>ignorat.</strong></span> <span class='ocrx_word' id='word_1_205' title='bbox 2911 1102 3044 1155; x_wconf 86' lang='lat' dir='ltr'><strong>Nam</strong></span> <span class='ocrx_word' id='word_1_206' title='bbox 3060 1104 3313 1173; x_wconf 83' lang='lat' dir='ltr'><strong>quicquid</strong></span> <span class='ocrx_word' id='word_1_207' title='bbox 3337 1119 3442 1158; x_wconf 92' lang='lat' dir='ltr'><strong>non</strong></span> <span class='ocrx_word' id='word_1_208' title='bbox 3460 1104 3557 1158; x_wconf 67' lang='lat' dir='ltr'><strong>feci</strong></span> <span class='ocrx_word' id='word_1_209' title='bbox 3572 1115 3611 1171; x_wconf 92' lang='lat' dir='ltr'><strong>t,</strong></span> 
     </span>
    </p>
   </div>
   <div class='ocr_carea' id='block_1_27' title="bbox 2023 1194 3610 1265">
    <p class='ocr_par' dir='ltr' id='par_1_27' title="bbox 2023 1194 3610 1265">
     <span class='ocr_line' id='line_1_27' title="bbox 2023 1194 3610 1265; baseline -0.001 -17"><span class='ocrx_word' id='word_1_210' title='bbox 2023 1210 2117 1248; x_wconf 88' lang='lat' dir='ltr'><strong>sua</strong></span> <span class='ocrx_word' id='word_1_211' title='bbox 2133 1195 2356 1249; x_wconf 89' lang='lat' dir='ltr'><strong>scientia</strong></span> <span class='ocrx_word' id='word_1_212' title='bbox 2376 1194 2587 1263; x_wconf 90' lang='lat' dir='ltr'><strong>penitus</strong></span> <span class='ocrx_word' id='word_1_213' title='bbox 2601 1194 2832 1265; x_wconf 87' lang='lat' dir='ltr'><strong>alienum</strong></span> <span class='ocrx_word' id='word_1_214' title='bbox 2849 1202 2948 1248; x_wconf 87' lang='lat' dir='ltr'><strong>cst.</strong></span> <span class='ocrx_word' id='word_1_215' title='bbox 2970 1194 3107 1249; x_wconf 76' lang='lat' dir='ltr'><strong>Mss.</strong></span> <span class='ocrx_word' id='word_1_216' title='bbox 3125 1195 3201 1248; x_wconf 89' lang='lat' dir='ltr'><strong>De</strong></span> <span class='ocrx_word' id='word_1_217' title='bbox 3218 1195 3427 1250; x_wconf 82' lang='lat' dir='ltr'><strong>divinae</strong></span> <span class='ocrx_word' id='word_1_218' title='bbox 3450 1205 3571 1249; x_wconf 75' lang='lat' dir='ltr'><strong>natu</strong></span> <span class='ocrx_word' id='word_1_219' title='bbox 3583 1224 3610 1237; x_wconf 90' lang='lat'><em>-</em></span> 
     </span>
    </p>
   </div>
   <div class='ocr_carea' id='block_1_28' title="bbox 2022 1284 3610 1357">
    <p class='ocr_par' dir='ltr' id='par_1_28' title="bbox 2022 1284 3610 1357">
     <span class='ocr_line' id='line_1_28' title="bbox 2022 1284 3610 1357; baseline 0.003 -20"><span class='ocrx_word' id='word_1_220' title='bbox 2022 1299 2135 1347; x_wconf 88' lang='lat' dir='ltr'><strong>rae,</strong></span> <span class='ocrx_word' id='word_1_221' title='bbox 2150 1284 2520 1352; x_wconf 88' lang='lat' dir='ltr'><strong>omniumque,</strong></span> <span class='ocrx_word' id='word_1_222' title='bbox 2549 1298 2687 1352; x_wconf 89' lang='lat' dir='ltr'><strong>quae</strong></span> <span class='ocrx_word' id='word_1_223' title='bbox 2715 1284 2765 1336; x_wconf 88' lang='lat' dir='ltr'><strong>in</strong></span> <span class='ocrx_word' id='word_1_224' title='bbox 2784 1285 2893 1353; x_wconf 88' lang='lat' dir='ltr'><strong>ipsa</strong></span> <span class='ocrx_word' id='word_1_225' title='bbox 2911 1293 2964 1345; x_wconf 84' lang='lat' dir='ltr'><strong>et</strong></span> <span class='ocrx_word' id='word_1_226' title='bbox 2987 1300 3082 1354; x_wconf 86' lang='lat' dir='ltr'><strong>per</strong></span> <span class='ocrx_word' id='word_1_227' title='bbox 3102 1287 3272 1355; x_wconf 81' lang='lat' dir='ltr'><strong>ipSam</strong></span> <span class='ocrx_word' id='word_1_228' title='bbox 3289 1288 3422 1341; x_wconf 87' lang='lat' dir='ltr'><strong>etad</strong></span> <span class='ocrx_word' id='word_1_229' title='bbox 3438 1288 3610 1357; x_wconf 82' lang='lat' dir='ltr'><strong>ipsam</strong></span> 
     </span>
    </p>
   </div>
   <div class='ocr_carea' id='block_1_29' title="bbox 2023 1372 3613 1447">
    <p class='ocr_par' dir='ltr' id='par_1_29' title="bbox 2023 1372 3613 1447">
     <span class='ocr_line' id='line_1_29' title="bbox 2023 1372 3613 1447; baseline 0.002 -19"><span class='ocrx_word' id='word_1_230' title='bbox 2023 1384 2077 1428; x_wconf 84' lang='lat' dir='ltr'><strong>et</strong></span> <span class='ocrx_word' id='word_1_231' title='bbox 2104 1389 2172 1428; x_wconf 83' lang='lat' dir='ltr'><strong>ex</strong></span> <span class='ocrx_word' id='word_1_232' title='bbox 2200 1374 2312 1443; x_wconf 90' lang='lat' dir='ltr'><strong>ipsa</strong></span> <span class='ocrx_word' id='word_1_233' title='bbox 2355 1372 2494 1428; x_wconf 82' lang='lat' dir='ltr'><strong>facta</strong></span> <span class='ocrx_word' id='word_1_234' title='bbox 2526 1383 2682 1439; x_wconf 90' lang='lat' dir='ltr'><strong>sunt,</strong></span> <span class='ocrx_word' id='word_1_235' title='bbox 2717 1376 3053 1441; x_wconf 88' lang='lat' dir='ltr'><strong>aeternitate,</strong></span> <span class='ocrx_word' id='word_1_236' title='bbox 3087 1386 3141 1429; x_wconf 90' lang='lat' dir='ltr'><strong>et</strong></span> <span class='ocrx_word' id='word_1_237' title='bbox 3187 1378 3329 1445; x_wconf 89' lang='lat' dir='ltr'><strong>quod</strong></span> <span class='ocrx_word' id='word_1_238' title='bbox 3357 1378 3467 1447; x_wconf 89' lang='lat' dir='ltr'><strong>ipsa</strong></span> <span class='ocrx_word' id='word_1_239' title='bbox 3500 1378 3613 1433; x_wconf 76' lang='lat' dir='ltr'><strong>Sola</strong></span> 
     </span>
    </p>
   </div>
   <div class='ocr_carea' id='block_1_30' title="bbox 2020 1464 3613 1536">
    <p class='ocr_par' dir='ltr' id='par_1_30' title="bbox 2020 1464 3613 1536">
     <span class='ocr_line' id='line_1_30' title="bbox 2020 1464 3613 1536; baseline 0.002 -19"><span class='ocrx_word' id='word_1_240' title='bbox 2020 1480 2149 1519; x_wconf 87' lang='lat' dir='ltr'><strong>vere</strong></span> <span class='ocrx_word' id='word_1_241' title='bbox 2173 1480 2237 1519; x_wconf 89' lang='lat' dir='ltr'><strong>ac</strong></span> <span class='ocrx_word' id='word_1_242' title='bbox 2257 1466 2278 1497; x_wconf 72' lang='grc'>³</span> <span class='ocrx_word' id='word_1_243' title='bbox 2305 1464 2651 1536; x_wconf 78' lang='lat' dir='ltr'><strong>singulariter</strong></span> <span class='ocrx_word' id='word_1_244' title='bbox 2688 1475 2906 1520; x_wconf 88' lang='lat' dir='ltr'><strong>aeterna</strong></span> <span class='ocrx_word' id='word_1_245' title='bbox 2940 1466 3031 1530; x_wconf 88' lang='lat' dir='ltr'><strong>sit,</strong></span> <span class='ocrx_word' id='word_1_246' title='bbox 3061 1474 3115 1520; x_wconf 91' lang='lat' dir='ltr'><strong>et</strong></span> <span class='ocrx_word' id='word_1_247' title='bbox 3156 1467 3297 1535; x_wconf 90' lang='lat' dir='ltr'><strong>quod</strong></span> <span class='ocrx_word' id='word_1_248' title='bbox 3335 1482 3494 1523; x_wconf 87' lang='lat' dir='ltr'><strong>omne</strong></span> <span class='ocrx_word' id='word_1_249' title='bbox 3519 1483 3613 1521; x_wconf 71' lang='lat' dir='ltr'><strong>ae~</strong></span> 
     </span>
    </p>
   </div>
   <div class='ocr_carea' id='block_1_31' title="bbox 2022 1556 3613 1625">
    <p class='ocr_par' dir='ltr' id='par_1_31' title="bbox 2022 1556 3613 1625">
     <span class='ocr_line' id='line_1_31' title="bbox 2022 1556 3613 1625; baseline 0.003 -17"><span class='ocrx_word' id='word_1_250' title='bbox 2022 1562 2230 1609; x_wconf 91' lang='lat' dir='ltr'><strong>ternum</strong></span> <span class='ocrx_word' id='word_1_251' title='bbox 2246 1556 2651 1624; x_wconf 85' lang='lat' dir='ltr'><strong>participatione</strong></span> <span class='ocrx_word' id='word_1_252' title='bbox 2668 1556 3004 1611; x_wconf 87' lang='lat' dir='ltr'><strong>aeternitatis</strong></span> <span class='ocrx_word' id='word_1_253' title='bbox 3032 1558 3099 1612; x_wconf 89' lang='lat' dir='ltr'><strong>sit</strong></span> <span class='ocrx_word' id='word_1_254' title='bbox 3123 1567 3403 1612; x_wconf 85' lang='lat' dir='ltr'><strong>aeternum</strong></span> <span class='ocrx_word' id='word_1_255' title='bbox 3428 1559 3492 1625; x_wconf 86' lang='lat'><strong>‘°,</strong></span> <span class='ocrx_word' id='word_1_256' title='bbox 3509 1576 3613 1613; x_wconf 88' lang='lat' dir='ltr'><strong>non</strong></span> 
     </span>
    </p>
   </div>
   <div class='ocr_carea' id='block_1_32' title="bbox 2023 1648 3617 1714">
    <p class='ocr_par' dir='ltr' id='par_1_32' title="bbox 2023 1648 3617 1714">
     <span class='ocr_line' id='line_1_32' title="bbox 2023 1648 3617 1714; baseline 0 -12"><span class='ocrx_word' id='word_1_257' title='bbox 2023 1648 2255 1710; x_wconf 81' lang='lat' dir='ltr'><strong>dubitas,</strong></span> <span class='ocrx_word' id='word_1_258' title='bbox 2277 1650 2457 1702; x_wconf 87' lang='lat' dir='ltr'><strong>credo.</strong></span> <span class='ocrx_word' id='word_1_259' title='bbox 2477 1648 2620 1703; x_wconf 83' lang='lat' dir='ltr'><strong>Dtsc.</strong></span> <span class='ocrx_word' id='word_1_260' title='bbox 2640 1649 2918 1714; x_wconf 82' lang='lat' dir='ltr'><strong>Quomodo</strong></span> <span class='ocrx_word' id='word_1_261' title='bbox 2932 1649 3244 1713; x_wconf 89' lang='lat' dir='ltr'><strong>dubitarim,</strong></span> <span class='ocrx_word' id='word_1_262' title='bbox 3269 1649 3393 1703; x_wconf 87' lang='lat' dir='ltr'><strong>dum</strong></span> <span class='ocrx_word' id='word_1_263' title='bbox 3414 1649 3536 1703; x_wconf 89' lang='lat' dir='ltr'><strong>talia</strong></span> <span class='ocrx_word' id='word_1_264' title='bbox 3563 1661 3617 1702; x_wconf 88' lang='lat' dir='ltr'><strong>et.</strong></span> 
     </span>
    </p>
   </div>
   <div class='ocr_carea' id='block_1_33' title="bbox 312 1733 3615 1808">
    <p class='ocr_par' dir='ltr' id='par_1_33' title="bbox 312 1733 3615 1808">
     <span class='ocr_line' id='line_1_33' title="bbox 312 1733 3615 1808; baseline 0 -18"><span class='ocrx_word' id='word_1_265' title='bbox 312 1738 369 1790; x_wconf 87' lang='lat' dir='ltr'><strong>in</strong></span> <span class='ocrx_word' id='word_1_266' title='bbox 396 1736 750 1805; x_wconf 76' lang='lat' dir='ltr'><strong>expositione</strong></span> <span class='ocrx_word' id='word_1_267' title='bbox 782 1735 833 1788; x_wconf 92' lang='lat' dir='ltr'><strong>in</strong></span> <span class='ocrx_word' id='word_1_268' title='bbox 864 1736 1065 1788; x_wconf 87' lang='lat' dir='ltr'><strong>Lucam</strong></span> <span class='ocrx_word' id='word_1_269' title='bbox 1096 1735 1447 1790; x_wconf 90' lang='lat' dir='ltr'><strong>iutroducens</strong></span> <span class='ocrx_word' id='word_1_270' title='bbox 1472 1733 1771 1804; x_wconf 88' lang='lat' dir='ltr'><strong>apostolum</strong></span> <span class='ocrx_word' id='word_1_271' title='bbox 1804 1752 1816 1786; x_wconf 91' lang='lat'><strong>:</strong></span> <span class='ocrx_word' id='word_1_272' title='bbox 1850 1734 1917 1788; x_wconf 89' lang='lat' dir='ltr'><strong>In</strong></span> <span class='ocrx_word' id='word_1_273' title='bbox 1951 1736 1989 1794; x_wconf 82' lang='grc' dir='ltr'><strong>Β</strong></span> <span class='ocrx_word' id='word_1_274' title='bbox 2024 1737 2160 1791; x_wconf 81' lang='lat' dir='ltr'><strong>ratio</strong></span> <span class='ocrx_word' id='word_1_275' title='bbox 2204 1747 2258 1791; x_wconf 89' lang='lat' dir='ltr'><strong>et</strong></span> <span class='ocrx_word' id='word_1_276' title='bbox 2305 1738 2483 1791; x_wconf 88' lang='lat' dir='ltr'><strong>divina</strong></span> <span class='ocrx_word' id='word_1_277' title='bbox 2520 1740 2813 1793; x_wconf 87' lang='lat' dir='ltr'><strong>auctoritas</strong></span> <span class='ocrx_word' id='word_1_278' title='bbox 2858 1738 3165 1808; x_wconf 82' lang='lat' dir='ltr'><strong>approbat?</strong></span> <span class='ocrx_word' id='word_1_279' title='bbox 3202 1738 3260 1792; x_wconf 89' lang='lat' dir='ltr'><strong>Si</strong></span> <span class='ocrx_word' id='word_1_280' title='bbox 3287 1739 3430 1792; x_wconf 91' lang='lat' dir='ltr'><strong>enim</strong></span> <span class='ocrx_word' id='word_1_281' title='bbox 3478 1754 3615 1791; x_wconf 66' lang='lat' dir='ltr'><strong>unus</strong></span> 
     </span>
    </p>
   </div>
   <div class='ocr_carea' id='block_1_34' title="bbox 309 1825 1914 1892">
    <p class='ocr_par' dir='ltr' id='par_1_34' title="bbox 309 1825 1914 1892">
     <span class='ocr_line' id='line_1_34' title="bbox 309 1825 1914 1892; baseline -0.002 -12"><span class='ocrx_word' id='word_1_282' title='bbox 309 1827 584 1892; x_wconf 86' lang='lat' dir='ltr'><strong>Domino,</strong></span> <span class='ocrx_word' id='word_1_283' title='bbox 617 1826 808 1892; x_wconf 87' lang='lat' dir='ltr'><strong>inquit,</strong></span> <span class='ocrx_word' id='word_1_284' title='bbox 840 1825 969 1880; x_wconf 76' lang='lat' dir='ltr'><strong>Iesu</strong></span> <span class='ocrx_word' id='word_1_285' title='bbox 1006 1827 1182 1880; x_wconf 87' lang='lat' dir='ltr'><strong>omnia</strong></span> <span class='ocrx_word' id='word_1_286' title='bbox 1205 1827 1415 1880; x_wconf 83' lang='lat' dir='ltr'><strong>condita</strong></span> <span class='ocrx_word' id='word_1_287' title='bbox 1444 1836 1565 1880; x_wconf 87' lang='lat' dir='ltr'><strong>sunt</strong></span> <span class='ocrx_word' id='word_1_288' title='bbox 1601 1827 1654 1879; x_wconf 91' lang='lat' dir='ltr'><strong>in</strong></span> <span class='ocrx_word' id='word_1_289' title='bbox 1675 1826 1834 1879; x_wconf 79' lang='lat' dir='ltr'><strong>caelis</strong></span> <span class='ocrx_word' id='word_1_290' title='bbox 1865 1834 1914 1877; x_wconf 89' lang='lat' dir='ltr'><strong>ct</strong></span> 
     </span>
    </p>
   </div>
   <div class='ocr_carea' id='block_1_35' title="bbox 307 1914 1917 1985">
    <p class='ocr_par' dir='ltr' id='par_1_35' title="bbox 307 1914 1917 1985">
     <span class='ocr_line' id='line_1_35' title="bbox 307 1914 1917 1985; baseline -0.002 -16"><span class='ocrx_word' id='word_1_291' title='bbox 307 1917 367 1970; x_wconf 84' lang='lat' dir='ltr'><strong>in</strong></span> <span class='ocrx_word' id='word_1_292' title='bbox 400 1926 581 1977; x_wconf 82' lang='lat' dir='ltr'><strong>terra,</strong></span> <span class='ocrx_word' id='word_1_293' title='bbox 616 1914 835 1970; x_wconf 76' lang='lat' dir='ltr'><strong>risibilia</strong></span> <span class='ocrx_word' id='word_1_294' title='bbox 871 1925 918 1968; x_wconf 90' lang='lat' dir='ltr'><strong>et</strong></span> <span class='ocrx_word' id='word_1_295' title='bbox 961 1914 1266 1979; x_wconf 85' lang='lat' dir='ltr'><strong>invisibilia,</strong></span> <span class='ocrx_word' id='word_1_296' title='bbox 1309 1925 1359 1968; x_wconf 88' lang='lat' dir='ltr'><strong>et</strong></span> <span class='ocrx_word' id='word_1_297' title='bbox 1388 1917 1497 1985; x_wconf 86' lang='lat' dir='ltr'><strong>ipse</strong></span> <span class='ocrx_word' id='word_1_298' title='bbox 1538 1925 1612 1968; x_wconf 87' lang='lat' dir='ltr'><strong>est</strong></span> <span class='ocrx_word' id='word_1_299' title='bbox 1653 1924 1774 1968; x_wconf 81' lang='lat' dir='ltr'><strong>ante</strong></span> <span class='ocrx_word' id='word_1_300' title='bbox 1812 1930 1917 1966; x_wconf 88' lang='lat' dir='ltr'><strong>om-</strong></span> 
     </span>
    </p>
   </div>
   <div class='ocr_carea' id='block_1_36' title="bbox 310 2003 1915 2074">
    <p class='ocr_par' dir='ltr' id='par_1_36' title="bbox 310 2003 1915 2074">
     <span class='ocr_line' id='line_1_36' title="bbox 310 2003 1915 2074; baseline -0.002 -14"><span class='ocrx_word' id='word_1_301' title='bbox 310 2023 434 2069; x_wconf 85' lang='lat' dir='ltr'><strong>nes,</strong></span> <span class='ocrx_word' id='word_1_302' title='bbox 476 2018 527 2059; x_wconf 86' lang='lat' dir='ltr'><strong>et</strong></span> <span class='ocrx_word' id='word_1_303' title='bbox 571 2006 828 2060; x_wconf 89' lang='lat' dir='ltr'><strong>omniain</strong></span> <span class='ocrx_word' id='word_1_304' title='bbox 878 2005 988 2074; x_wconf 82' lang='lat' dir='ltr'><strong>ipso</strong></span> <span class='ocrx_word' id='word_1_305' title='bbox 1037 2014 1300 2059; x_wconf 83' lang='lat' dir='ltr'><strong>constant.</strong></span> <span class='ocrx_word' id='word_1_306' title='bbox 1346 2004 1658 2059; x_wconf 77' lang='lat' dir='ltr'><strong>Ceterarum</strong></span> <span class='ocrx_word' id='word_1_307' title='bbox 1699 2003 1915 2057; x_wconf 85' lang='lat' dir='ltr'><strong>Patrum</strong></span> 
     </span>
    </p>
   </div>
   <div class='ocr_carea' id='block_1_37' title="bbox 315 2099 1915 2171">
    <p class='ocr_par' dir='ltr' id='par_1_37' title="bbox 315 2099 1915 2171">
     <span class='ocr_line' id='line_1_37' title="bbox 315 2099 1915 2171; baseline -0.002 -16"><span class='ocrx_word' id='word_1_308' title='bbox 315 2101 639 2155; x_wconf 86' lang='lat' dir='ltr'><strong>sententias</strong></span> <span class='ocrx_word' id='word_1_309' title='bbox 662 2100 729 2155; x_wconf 87' lang='lat' dir='ltr'><strong>de</strong></span> <span class='ocrx_word' id='word_1_310' title='bbox 752 2100 853 2154; x_wconf 90' lang='lat' dir='ltr'><strong>hoc</strong></span> <span class='ocrx_word' id='word_1_311' title='bbox 875 2114 1079 2170; x_wconf 89' lang='lat' dir='ltr'><strong>ponere</strong></span> <span class='ocrx_word' id='word_1_312' title='bbox 1105 2099 1320 2171; x_wconf 82' lang='lat' dir='ltr'><strong>longum</strong></span> <span class='ocrx_word' id='word_1_313' title='bbox 1361 2110 1465 2164; x_wconf 91' lang='lat' dir='ltr'><strong>est,</strong></span> <span class='ocrx_word' id='word_1_314' title='bbox 1495 2107 1549 2153; x_wconf 91' lang='lat' dir='ltr'><strong>et</strong></span> <span class='ocrx_word' id='word_1_315' title='bbox 1591 2114 1694 2152; x_wconf 91' lang='lat' dir='ltr'><strong>non</strong></span> <span class='ocrx_word' id='word_1_316' title='bbox 1724 2112 1915 2152; x_wconf 86' lang='lat' dir='ltr'><strong>neces-</strong></span> 
     </span>
    </p>
   </div>
   <div class='ocr_carea' id='block_1_38' title="bbox 312 2189 1922 2261">
    <p class='ocr_par' dir='ltr' id='par_1_38' title="bbox 312 2189 1922 2261">
     <span class='ocr_line' id='line_1_38' title="bbox 312 2189 1922 2261; baseline -0.001 -16"><span class='ocrx_word' id='word_1_317' title='bbox 312 2193 566 2246; x_wconf 87' lang='lat' dir='ltr'><strong>sarium.</strong></span> <span class='ocrx_word' id='word_1_318' title='bbox 600 2190 732 2246; x_wconf 68' lang='lat' dir='ltr'><strong>Msa.</strong></span> <span class='ocrx_word' id='word_1_319' title='bbox 766 2191 824 2245; x_wconf 86' lang='lat' dir='ltr'><strong>Si</strong></span> <span class='ocrx_word' id='word_1_320' title='bbox 852 2207 982 2261; x_wconf 82' lang='lat' dir='ltr'><strong>ergo</strong></span> <span class='ocrx_word' id='word_1_321' title='bbox 1006 2191 1027 2222; x_wconf 86' lang='grc'><strong><em>³</em></strong></span> <span class='ocrx_word' id='word_1_322' title='bbox 1067 2191 1119 2245; x_wconf 92' lang='lat' dir='ltr'><strong>in</strong></span> <span class='ocrx_word' id='word_1_323' title='bbox 1167 2192 1348 2245; x_wconf 90' lang='lat' dir='ltr'><strong>animo</strong></span> <span class='ocrx_word' id='word_1_324' title='bbox 1400 2191 1582 2244; x_wconf 89' lang='lat' dir='ltr'><strong>divino</strong></span> <span class='ocrx_word' id='word_1_325' title='bbox 1621 2189 1922 2244; x_wconf 90' lang='lat' dir='ltr'><strong>subsistunt</strong></span> 
     </span>
    </p>
   </div>
   <div class='ocr_carea' id='block_1_39' title="bbox 312 2280 1921 2352">
    <p class='ocr_par' dir='ltr' id='par_1_39' title="bbox 312 2280 1921 2352">
     <span class='ocr_line' id='line_1_39' title="bbox 312 2280 1921 2352; baseline -0.002 -16"><span class='ocrx_word' id='word_1_326' title='bbox 312 2284 547 2346; x_wconf 84' lang='lat' dir='ltr'><strong>omnia,</strong></span> <span class='ocrx_word' id='word_1_327' title='bbox 575 2282 704 2335; x_wconf 84' lang='lat' dir='ltr'><strong>nihil</strong></span> <span class='ocrx_word' id='word_1_328' title='bbox 727 2292 877 2336; x_wconf 75' lang='lat' dir='ltr'><strong>extra</strong></span> <span class='ocrx_word' id='word_1_329' title='bbox 909 2283 1081 2352; x_wconf 88' lang='lat' dir='ltr'><strong>ipsmn</strong></span> <span class='ocrx_word' id='word_1_330' title='bbox 1109 2281 1396 2337; x_wconf 76' lang='lat' dir='ltr'><strong>coniicitur</strong></span> <span class='ocrx_word' id='word_1_331' title='bbox 1422 2296 1563 2336; x_wconf 89' lang='lat' dir='ltr'><strong>esse.</strong></span> <span class='ocrx_word' id='word_1_332' title='bbox 1598 2282 1742 2337; x_wconf 85' lang='lat' dir='ltr'><strong>Dtsc.</strong></span> <span class='ocrx_word' id='word_1_333' title='bbox 1767 2280 1789 2311; x_wconf 73' lang='grc'><strong>⁸</strong></span> <span class='ocrx_word' id='word_1_334' title='bbox 1818 2280 1921 2334; x_wconf 87' lang='lat' dir='ltr'><strong>Su-</strong></span> 
     </span>
    </p>
   </div>
   <div class='ocr_carea' id='block_1_40' title="bbox 311 2368 1922 2441">
    <p class='ocr_par' dir='ltr' id='par_1_40' title="bbox 311 2368 1922 2441">
     <span class='ocr_line' id='line_1_40' title="bbox 311 2368 1922 2441; baseline -0.001 -18"><span class='ocrx_word' id='word_1_335' title='bbox 311 2387 417 2441; x_wconf 84' lang='lat' dir='ltr'><strong>pra</strong></span> <span class='ocrx_word' id='word_1_336' title='bbox 455 2385 625 2439; x_wconf 81' lang='lat' dir='ltr'><strong>quem</strong></span> <span class='ocrx_word' id='word_1_337' title='bbox 658 2371 738 2424; x_wconf 89' lang='lat' dir='ltr'><strong>vel</strong></span> <span class='ocrx_word' id='word_1_338' title='bbox 765 2372 785 2402; x_wconf 82' lang='grc'><strong><em>⁸</em></strong></span> <span class='ocrx_word' id='word_1_339' title='bbox 822 2370 962 2425; x_wconf 74' lang='lat' dir='ltr'><strong>infra</strong></span> <span class='ocrx_word' id='word_1_340' title='bbox 1004 2371 1087 2425; x_wconf 86' lang='lat' dir='ltr'><strong>vel</strong></span> <span class='ocrx_word' id='word_1_341' title='bbox 1115 2382 1267 2425; x_wconf 73' lang='lat' dir='ltr'><strong>extra</strong></span> <span class='ocrx_word' id='word_1_342' title='bbox 1326 2371 1458 2424; x_wconf 85' lang='lat' dir='ltr'><strong>nihil</strong></span> <span class='ocrx_word' id='word_1_343' title='bbox 1498 2380 1599 2425; x_wconf 90' lang='lat' dir='ltr'><strong>est.</strong></span> <span class='ocrx_word' id='word_1_344' title='bbox 1632 2368 1770 2425; x_wconf 74' lang='lat' dir='ltr'><strong>MAG.</strong></span> <span class='ocrx_word' id='word_1_345' title='bbox 1794 2368 1922 2425; x_wconf 89' lang='lat' dir='ltr'><strong>Om-</strong></span> 
     </span>
    </p>
   </div>
   <div class='ocr_carea' id='block_1_41' title="bbox 317 2457 1921 2529">
    <p class='ocr_par' dir='ltr' id='par_1_41' title="bbox 317 2457 1921 2529">
     <span class='ocr_line' id='line_1_41' title="bbox 317 2457 1921 2529; baseline -0.002 -14"><span class='ocrx_word' id='word_1_346' title='bbox 317 2462 466 2515; x_wconf 84' lang='lat' dir='ltr'><strong>nino</strong></span> <span class='ocrx_word' id='word_1_347' title='bbox 527 2461 707 2529; x_wconf 81' lang='lat' dir='ltr'><strong>iaque</strong></span> <span class='ocrx_word' id='word_1_348' title='bbox 734 2460 754 2492; x_wconf 85' lang='lat'><strong>‘</strong></span> <span class='ocrx_word' id='word_1_349' title='bbox 798 2462 908 2529; x_wconf 86' lang='lat' dir='ltr'><strong>ipse</strong></span> <span class='ocrx_word' id='word_1_350' title='bbox 953 2469 1037 2515; x_wconf 88' lang='lat' dir='ltr'><strong>est.</strong></span> <span class='ocrx_word' id='word_1_351' title='bbox 1062 2461 1263 2515; x_wconf 90' lang='lat' dir='ltr'><strong>omnia.</strong></span> <span class='ocrx_word' id='word_1_352' title='bbox 1316 2461 1462 2515; x_wconf 86' lang='lat' dir='ltr'><strong>Dtsc.</strong></span> <span class='ocrx_word' id='word_1_353' title='bbox 1494 2459 1746 2516; x_wconf 89' lang='lat' dir='ltr'><strong>Omnino.</strong></span> <span class='ocrx_word' id='word_1_354' title='bbox 1783 2457 1921 2525; x_wconf 88' lang='lat' dir='ltr'><strong>Quid</strong></span> 
     </span>
    </p>
   </div>
   <div class='ocr_carea' id='block_1_42' title="bbox 315 2549 1922 2615">
    <p class='ocr_par' dir='ltr' id='par_1_42' title="bbox 315 2549 1922 2615">
     <span class='ocr_line' id='line_1_42' title="bbox 315 2549 1922 2615; baseline -0.001 -9"><span class='ocrx_word' id='word_1_355' title='bbox 315 2552 476 2606; x_wconf 86' lang='lat' dir='ltr'><strong>enirn</strong></span> <span class='ocrx_word' id='word_1_356' title='bbox 514 2551 665 2606; x_wconf 84' lang='lat' dir='ltr'><strong>aliud</strong></span> <span class='ocrx_word' id='word_1_357' title='bbox 693 2552 873 2605; x_wconf 87' lang='lat' dir='ltr'><strong>omnia</strong></span> <span class='ocrx_word' id='word_1_358' title='bbox 899 2561 1041 2615; x_wconf 92' lang='lat' dir='ltr'><strong>sunt,</strong></span> <span class='ocrx_word' id='word_1_359' title='bbox 1085 2552 1185 2606; x_wconf 91' lang='lat' dir='ltr'><strong>nisi</strong></span> <span class='ocrx_word' id='word_1_360' title='bbox 1219 2567 1402 2606; x_wconf 88' lang='lat' dir='ltr'><strong>eorum</strong></span> <span class='ocrx_word' id='word_1_361' title='bbox 1434 2551 1486 2604; x_wconf 90' lang='lat' dir='ltr'><strong>in</strong></span> <span class='ocrx_word' id='word_1_362' title='bbox 1514 2550 1695 2605; x_wconf 88' lang='lat' dir='ltr'><strong>divino</strong></span> <span class='ocrx_word' id='word_1_363' title='bbox 1739 2549 1922 2605; x_wconf 88' lang='lat' dir='ltr'><strong>animo</strong></span> 
     </span>
    </p>
   </div>
   <div class='ocr_carea' id='block_1_43' title="bbox 320 2640 1924 2713">
    <p class='ocr_par' dir='ltr' id='par_1_43' title="bbox 320 2640 1924 2713">
     <span class='ocr_line' id='line_1_43' title="bbox 320 2640 1924 2713; baseline -0.003 -14"><span class='ocrx_word' id='word_1_364' title='bbox 320 2643 595 2707; x_wconf 83' lang='lat' dir='ltr'><strong>scientia,</strong></span> <span class='ocrx_word' id='word_1_365' title='bbox 619 2643 755 2697; x_wconf 88' lang='lat' dir='ltr'><strong>sicut</strong></span> <span class='ocrx_word' id='word_1_366' title='bbox 785 2642 860 2696; x_wconf 87' lang='lat' dir='ltr'><strong>ait</strong></span> <span class='ocrx_word' id='word_1_367' title='bbox 882 2643 933 2696; x_wconf 91' lang='lat' dir='ltr'><strong>in</strong></span> <span class='ocrx_word' id='word_1_368' title='bbox 960 2642 1199 2713; x_wconf 77' lang='lat' dir='ltr'><strong>praefato</strong></span> <span class='ocrx_word' id='word_1_369' title='bbox 1224 2641 1455 2712; x_wconf 87' lang='lat' dir='ltr'><strong>capitulo</strong></span> <span class='ocrx_word' id='word_1_370' title='bbox 1481 2641 1764 2712; x_wconf 82' lang='lat' dir='ltr'><strong>Dionysius</strong></span> <span class='ocrx_word' id='word_1_371' title='bbox 1790 2658 1802 2695; x_wconf 91' lang='lat'><strong>:</strong></span> <span class='ocrx_word' id='word_1_372' title='bbox 1830 2640 1924 2695; x_wconf 89' lang='lat' dir='ltr'><strong>Di—</strong></span> 
     </span>
    </p>
   </div>
   <div class='ocr_carea' id='block_1_44' title="bbox 316 2730 1925 2797">
    <p class='ocr_par' dir='ltr' id='par_1_44' title="bbox 316 2730 1925 2797">
     <span class='ocr_line' id='line_1_44' title="bbox 316 2730 1925 2797; baseline -0.004 -9"><span class='ocrx_word' id='word_1_373' title='bbox 316 2737 484 2789; x_wconf 69' lang='lat' dir='ltr'><strong>vinas</strong></span> <span class='ocrx_word' id='word_1_374' title='bbox 529 2733 739 2786; x_wconf 83' lang='lat' dir='ltr'><strong>animus</strong></span> <span class='ocrx_word' id='word_1_375' title='bbox 780 2733 955 2786; x_wconf 87' lang='lat' dir='ltr'><strong>omnia</strong></span> <span class='ocrx_word' id='word_1_376' title='bbox 993 2733 1252 2797; x_wconf 86' lang='lat' dir='ltr'><strong>continet,</strong></span> <span class='ocrx_word' id='word_1_377' title='bbox 1278 2732 1512 2785; x_wconf 79' lang='lat' dir='ltr'><strong>omnibus</strong></span> <span class='ocrx_word' id='word_1_378' title='bbox 1538 2739 1731 2783; x_wconf 87' lang='lat' dir='ltr'><strong>remota</strong></span> <span class='ocrx_word' id='word_1_379' title='bbox 1759 2730 1925 2784; x_wconf 86' lang='lat' dir='ltr'><strong>scien-</strong></span> 
     </span>
    </p>
   </div>
   <div class='ocr_carea' id='block_1_45' title="bbox 311 2821 1922 2893">
    <p class='ocr_par' dir='ltr' id='par_1_45' title="bbox 311 2821 1922 2893">
     <span class='ocr_line' id='line_1_45' title="bbox 311 2821 1922 2893; baseline -0.004 -16"><span class='ocrx_word' id='word_1_380' title='bbox 311 2827 418 2889; x_wconf 87' lang='lat' dir='ltr'><strong>tia,</strong></span> <span class='ocrx_word' id='word_1_381' title='bbox 438 2825 614 2893; x_wconf 72' lang='lat' dir='ltr'><strong>juxta</strong></span> <span class='ocrx_word' id='word_1_382' title='bbox 652 2824 883 2876; x_wconf 86' lang='lat' dir='ltr'><strong>omnium</strong></span> <span class='ocrx_word' id='word_1_383' title='bbox 912 2823 1201 2875; x_wconf 88' lang='lat' dir='ltr'><strong>causamin</strong></span> <span class='ocrx_word' id='word_1_384' title='bbox 1219 2822 1386 2889; x_wconf 71' lang='lat' dir='ltr'><strong>seipso</strong></span> <span class='ocrx_word' id='word_1_385' title='bbox 1405 2822 1633 2874; x_wconf 88' lang='lat' dir='ltr'><strong>omnium</strong></span> <span class='ocrx_word' id='word_1_386' title='bbox 1652 2821 1922 2874; x_wconf 84' lang='lat' dir='ltr'><strong>scientiam</strong></span> 
     </span>
    </p>
   </div>
   <div class='ocr_carea' id='block_1_46' title="bbox 318 2910 1925 2987">
    <p class='ocr_par' dir='ltr' id='par_1_46' title="bbox 318 2910 1925 2987">
     <span class='ocr_line' id='line_1_46' title="bbox 318 2910 1925 2987; baseline -0.005 -17"><span class='ocrx_word' id='word_1_387' title='bbox 318 2914 723 2987; x_wconf 79' lang='lat' dir='ltr'><strong>praeambiens,</strong></span> <span class='ocrx_word' id='word_1_388' title='bbox 779 2914 1081 2983; x_wconf 83' lang='lat' dir='ltr'><strong>priusquam</strong></span> <span class='ocrx_word' id='word_1_389' title='bbox 1111 2911 1283 2983; x_wconf 87' lang='lat' dir='ltr'><strong>angeli</strong></span> <span class='ocrx_word' id='word_1_390' title='bbox 1315 2911 1521 2980; x_wconf 80' lang='lat' dir='ltr'><strong>ﬁerent,</strong></span> <span class='ocrx_word' id='word_1_391' title='bbox 1555 2910 1723 2963; x_wconf 85' lang='lat' dir='ltr'><strong>sciens</strong></span> <span class='ocrx_word' id='word_1_392' title='bbox 1761 2920 1807 2963; x_wconf 89' lang='lat' dir='ltr'><strong>et</strong></span> <span class='ocrx_word' id='word_1_393' title='bbox 1835 2914 1925 2962; x_wconf 84' lang='lat' dir='ltr'><strong>ad-</strong></span> 
     </span>
    </p>
   </div>
   <div class='ocr_carea' id='block_1_47' title="bbox 315 3001 1923 3072">
    <p class='ocr_par' dir='ltr' id='par_1_47' title="bbox 315 3001 1923 3072">
     <span class='ocr_line' id='line_1_47' title="bbox 315 3001 1923 3072; baseline -0.005 -10"><span class='ocrx_word' id='word_1_394' title='bbox 315 3009 531 3061; x_wconf 79' lang='lat' dir='ltr'><strong>ducens</strong></span> <span class='ocrx_word' id='word_1_395' title='bbox 580 3003 809 3072; x_wconf 76' lang='lat' dir='ltr'><strong>angelos,</strong></span> <span class='ocrx_word' id='word_1_396' title='bbox 856 3013 904 3057; x_wconf 88' lang='lat' dir='ltr'><strong>et</strong></span> <span class='ocrx_word' id='word_1_397' title='bbox 935 3002 1042 3056; x_wconf 88' lang='lat' dir='ltr'><strong>alia</strong></span> <span class='ocrx_word' id='word_1_398' title='bbox 1073 3004 1247 3055; x_wconf 82' lang='lat' dir='ltr'><strong>omnia</strong></span> <span class='ocrx_word' id='word_1_399' title='bbox 1275 3003 1341 3055; x_wconf 80' lang='lat' dir='ltr'><strong>ab</strong></span> <span class='ocrx_word' id='word_1_400' title='bbox 1371 3002 1530 3066; x_wconf 86' lang='lat' dir='ltr'><strong>intus,</strong></span> <span class='ocrx_word' id='word_1_401' title='bbox 1563 3011 1609 3054; x_wconf 88' lang='lat' dir='ltr'><strong>et</strong></span> <span class='ocrx_word' id='word_1_402' title='bbox 1644 3001 1708 3053; x_wconf 88' lang='lat' dir='ltr'><strong>ab</strong></span> <span class='ocrx_word' id='word_1_403' title='bbox 1738 3016 1816 3063; x_wconf 88' lang='lat' dir='ltr'><strong>eo,</strong></span> <span class='ocrx_word' id='word_1_404' title='bbox 1868 3011 1923 3054; x_wconf 88' lang='lat' dir='ltr'><strong>ut</strong></span> 
     </span>
    </p>
   </div>
   <div class='ocr_carea' id='block_1_48' title="bbox 2019 1826 3615 1898">
    <p class='ocr_par' dir='ltr' id='par_1_48' title="bbox 2019 1826 3615 1898">
     <span class='ocr_line' id='line_1_48' title="bbox 2019 1826 3615 1898; baseline 0.003 -19"><span class='ocrx_word' id='word_1_405' title='bbox 2019 1826 2159 1881; x_wconf 87' lang='lat' dir='ltr'><strong>Deus</strong></span> <span class='ocrx_word' id='word_1_406' title='bbox 2184 1835 2267 1881; x_wconf 87' lang='lat' dir='ltr'><strong>est</strong></span> <span class='ocrx_word' id='word_1_407' title='bbox 2311 1842 2475 1881; x_wconf 86' lang='lat' dir='ltr'><strong>causa</strong></span> <span class='ocrx_word' id='word_1_408' title='bbox 2506 1828 2743 1881; x_wconf 87' lang='lat' dir='ltr'><strong>omnium</strong></span> <span class='ocrx_word' id='word_1_409' title='bbox 2775 1844 2837 1883; x_wconf 86' lang='lat' dir='ltr'><strong>ac</strong></span> <span class='ocrx_word' id='word_1_410' title='bbox 2867 1829 2908 1860; x_wconf 83' lang='lat'>“</span> <span class='ocrx_word' id='word_1_411' title='bbox 2950 1829 3071 1882; x_wconf 82' lang='lat' dir='ltr'><strong>linis</strong></span> <span class='ocrx_word' id='word_1_412' title='bbox 3094 1868 3109 1891; x_wconf 92' lang='lat'><strong>,</strong></span> <span class='ocrx_word' id='word_1_413' title='bbox 3154 1829 3419 1898; x_wconf 86' lang='lat' dir='ltr'><strong>sequitur,</strong></span> <span class='ocrx_word' id='word_1_414' title='bbox 3470 1831 3615 1898; x_wconf 88' lang='lat' dir='ltr'><strong>quod</strong></span> 
     </span>
    </p>
   </div>
   <div class='ocr_carea' id='block_1_49' title="bbox 2018 1915 3614 1986">
    <p class='ocr_par' dir='ltr' id='par_1_49' title="bbox 2018 1915 3614 1986">
     <span class='ocr_line' id='line_1_49' title="bbox 2018 1915 3614 1986; baseline 0 -15"><span class='ocrx_word' id='word_1_415' title='bbox 2018 1915 2163 1971; x_wconf 86' lang='lat' dir='ltr'><strong>solus</strong></span> <span class='ocrx_word' id='word_1_416' title='bbox 2189 1916 2535 1986; x_wconf 81' lang='lat' dir='ltr'><strong>singulariter</strong></span> <span class='ocrx_word' id='word_1_417' title='bbox 2572 1925 2823 1970; x_wconf 86' lang='lat' dir='ltr'><strong>aeternus</strong></span> <span class='ocrx_word' id='word_1_418' title='bbox 2880 1921 2969 1979; x_wconf 87' lang='lat' dir='ltr'><strong>sit,</strong></span> <span class='ocrx_word' id='word_1_419' title='bbox 3002 1927 3057 1971; x_wconf 92' lang='lat' dir='ltr'><strong>et</strong></span> <span class='ocrx_word' id='word_1_420' title='bbox 3099 1933 3288 1981; x_wconf 89' lang='lat' dir='ltr'><strong>omne,</strong></span> <span class='ocrx_word' id='word_1_421' title='bbox 3320 1919 3462 1985; x_wconf 87' lang='lat' dir='ltr'><strong>quod</strong></span> <span class='ocrx_word' id='word_1_422' title='bbox 3489 1933 3614 1971; x_wconf 87' lang='lat' dir='ltr'><strong>cum</strong></span> 
     </span>
    </p>
   </div>
   <div class='ocr_carea' id='block_1_50' title="bbox 2018 2005 3612 2076">
    <p class='ocr_par' dir='ltr' id='par_1_50' title="bbox 2018 2005 3612 2076">
     <span class='ocr_line' id='line_1_50' title="bbox 2018 2005 3612 2076; baseline -0.001 -16"><span class='ocrx_word' id='word_1_423' title='bbox 2018 2006 2331 2076; x_wconf 86' lang='lat' dir='ltr'><strong>participat,</strong></span> <span class='ocrx_word' id='word_1_424' title='bbox 2376 2005 2710 2061; x_wconf 86' lang='lat' dir='ltr'><strong>solummodo</strong></span> <span class='ocrx_word' id='word_1_425' title='bbox 2759 2016 3037 2061; x_wconf 86' lang='lat' dir='ltr'><strong>aeternum</strong></span> <span class='ocrx_word' id='word_1_426' title='bbox 3085 2022 3227 2061; x_wconf 81' lang='lat' dir='ltr'><strong>esse.</strong></span> <span class='ocrx_word' id='word_1_427' title='bbox 3276 2006 3414 2074; x_wconf 85' lang='lat' dir='ltr'><strong>Quid</strong></span> <span class='ocrx_word' id='word_1_428' title='bbox 3467 2008 3612 2060; x_wconf 82' lang='lat' dir='ltr'><strong>enini</strong></span> 
     </span>
    </p>
   </div>
   <div class='ocr_carea' id='block_1_51' title="bbox 2019 2099 3631 2170">
    <p class='ocr_par' dir='ltr' id='par_1_51' title="bbox 2019 2099 3631 2170">
     <span class='ocr_line' id='line_1_51' title="bbox 2019 2099 3631 2170; baseline -0.001 -18"><span class='ocrx_word' id='word_1_429' title='bbox 2019 2108 2297 2152; x_wconf 88' lang='lat' dir='ltr'><strong>aeternum</strong></span> <span class='ocrx_word' id='word_1_430' title='bbox 2325 2112 2447 2152; x_wconf 88' lang='lat' dir='ltr'><strong>esse</strong></span> <span class='ocrx_word' id='word_1_431' title='bbox 2478 2107 2655 2167; x_wconf 85' lang='lat' dir='ltr'><strong>potest</strong></span> <span class='ocrx_word' id='word_1_432' title='bbox 2683 2109 2895 2170; x_wconf 88' lang='lat' dir='ltr'><strong>praeter</strong></span> <span class='ocrx_word' id='word_1_433' title='bbox 2923 2100 3095 2167; x_wconf 88' lang='lat' dir='ltr'><strong>ipsum</strong></span> <span class='ocrx_word' id='word_1_434' title='bbox 3115 2140 3131 2164; x_wconf 88' lang='lat'><strong>,</strong></span> <span class='ocrx_word' id='word_1_435' title='bbox 3166 2109 3221 2153; x_wconf 90' lang='lat' dir='ltr'><strong>et</strong></span> <span class='ocrx_word' id='word_1_436' title='bbox 3248 2099 3387 2167; x_wconf 86' lang='lat' dir='ltr'><strong>quod</strong></span> <span class='ocrx_word' id='word_1_437' title='bbox 3420 2099 3471 2153; x_wconf 92' lang='lat' dir='ltr'><strong>in</strong></span> <span class='ocrx_word' id='word_1_438' title='bbox 3502 2099 3631 2168; x_wconf 73' lang='lat' dir='ltr'><strong>ipso</strong></span> 
     </span>
    </p>
   </div>
   <div class='ocr_carea' id='block_1_52' title="bbox 2019 2187 3618 2259">
    <p class='ocr_par' dir='ltr' id='par_1_52' title="bbox 2019 2187 3618 2259">
     <span class='ocr_line' id='line_1_52' title="bbox 2019 2187 3618 2259; baseline -0.001 -16"><span class='ocrx_word' id='word_1_439' title='bbox 2019 2187 2162 2243; x_wconf 88' lang='lat' dir='ltr'><strong>etab</strong></span> <span class='ocrx_word' id='word_1_440' title='bbox 2189 2189 2305 2257; x_wconf 86' lang='lat' dir='ltr'><strong>ipso</strong></span> <span class='ocrx_word' id='word_1_441' title='bbox 2332 2188 2528 2244; x_wconf 82' lang='lat' dir='ltr'><strong>factum</strong></span> <span class='ocrx_word' id='word_1_442' title='bbox 2558 2189 2682 2243; x_wconf 87' lang='lat' dir='ltr'><strong>est?</strong></span> <span class='ocrx_word' id='word_1_443' title='bbox 2711 2188 2850 2243; x_wconf 74' lang='lat' dir='ltr'><strong>Msa.</strong></span> <span class='ocrx_word' id='word_1_444' title='bbox 2874 2188 3130 2243; x_wconf 81' lang='lat' dir='ltr'><strong>Malitiam</strong></span> <span class='ocrx_word' id='word_1_445' title='bbox 3160 2189 3618 2259; x_wconf 78' lang='lat' dir='ltr'><strong>pedissequasque</strong></span> 
     </span>
    </p>
   </div>
   <div class='ocr_carea' id='block_1_53' title="bbox 2020 2278 3619 2349">
    <p class='ocr_par' dir='ltr' id='par_1_53' title="bbox 2020 2278 3619 2349">
     <span class='ocr_line' id='line_1_53' title="bbox 2020 2278 3619 2349; baseline -0.003 -14"><span class='ocrx_word' id='word_1_446' title='bbox 2020 2279 2169 2349; x_wconf 82' lang='lat' dir='ltr'><strong>ejus,</strong></span> <span class='ocrx_word' id='word_1_447' title='bbox 2200 2288 2428 2333; x_wconf 87' lang='lat' dir='ltr'><strong>mortem</strong></span> <span class='ocrx_word' id='word_1_448' title='bbox 2465 2278 2586 2332; x_wconf 88' lang='lat' dir='ltr'><strong>dico</strong></span> <span class='ocrx_word' id='word_1_449' title='bbox 2615 2285 2670 2332; x_wconf 87' lang='lat' dir='ltr'><strong>et</strong></span> <span class='ocrx_word' id='word_1_450' title='bbox 2709 2278 3005 2341; x_wconf 88' lang='lat' dir='ltr'><strong>miseriam,</strong></span> <span class='ocrx_word' id='word_1_451' title='bbox 3043 2278 3488 2347; x_wconf 86' lang='lat' dir='ltr'><strong>diversorumque</strong></span> <span class='ocrx_word' id='word_1_452' title='bbox 3532 2280 3619 2331; x_wconf 74' lang='lat' dir='ltr'><strong>(ie-</strong></span> 
     </span>
    </p>
   </div>
   <div class='ocr_carea' id='block_1_54' title="bbox 2021 2366 3617 2440">
    <p class='ocr_par' dir='ltr' id='par_1_54' title="bbox 2021 2366 3617 2440">
     <span class='ocr_line' id='line_1_54' title="bbox 2021 2366 3617 2440; baseline -0.006 -11"><span class='ocrx_word' id='word_1_453' title='bbox 2021 2372 2268 2429; x_wconf 86' lang='lat' dir='ltr'><strong>lictorum</strong></span> <span class='ocrx_word' id='word_1_454' title='bbox 2299 2384 2502 2440; x_wconf 85' lang='lat' dir='ltr'><strong>poenas</strong></span> <span class='ocrx_word' id='word_1_455' title='bbox 2530 2368 2886 2421; x_wconf 87' lang='lat' dir='ltr'><strong>arbitrarisne</strong></span> <span class='ocrx_word' id='word_1_456' title='bbox 2915 2383 2943 2420; x_wconf 90' lang='lat' dir='ltr'><strong>a</strong></span> <span class='ocrx_word' id='word_1_457' title='bbox 2975 2366 3084 2420; x_wconf 90' lang='lat' dir='ltr'><strong>Deo</strong></span> <span class='ocrx_word' id='word_1_458' title='bbox 3117 2368 3286 2421; x_wconf 80' lang='lat' dir='ltr'><strong>factas</strong></span> <span class='ocrx_word' id='word_1_459' title='bbox 3308 2406 3323 2431; x_wconf 94' lang='lat'><strong>,</strong></span> <span class='ocrx_word' id='word_1_460' title='bbox 3352 2376 3443 2420; x_wconf 84' lang='lat' dir='ltr'><strong>aut</strong></span> <span class='ocrx_word' id='word_1_461' title='bbox 3478 2367 3617 2419; x_wconf 78' lang='lat' dir='ltr'><strong>divi-</strong></span> 
     </span>
    </p>
   </div>
   <div class='ocr_carea' id='block_1_55' title="bbox 2021 2457 3614 2529">
    <p class='ocr_par' dir='ltr' id='par_1_55' title="bbox 2021 2457 3614 2529">
     <span class='ocr_line' id='line_1_55' title="bbox 2021 2457 3614 2529; baseline -0.001 -15"><span class='ocrx_word' id='word_1_462' title='bbox 2021 2475 2121 2514; x_wconf 90' lang='lat' dir='ltr'><strong>nae</strong></span> <span class='ocrx_word' id='word_1_463' title='bbox 2149 2461 2364 2514; x_wconf 88' lang='lat' dir='ltr'><strong>virtutis</strong></span> <span class='ocrx_word' id='word_1_464' title='bbox 2394 2460 2685 2529; x_wconf 85' lang='lat' dir='ltr'><strong>participes</strong></span> <span class='ocrx_word' id='word_1_465' title='bbox 2698 2458 2860 2515; x_wconf 86' lang='lat' dir='ltr'><strong>esse?</strong></span> <span class='ocrx_word' id='word_1_466' title='bbox 2882 2457 3015 2512; x_wconf 86' lang='lat' dir='ltr'><strong>Nam</strong></span> <span class='ocrx_word' id='word_1_467' title='bbox 3043 2458 3185 2527; x_wconf 90' lang='lat' dir='ltr'><strong>quod</strong></span> <span class='ocrx_word' id='word_1_468' title='bbox 3209 2458 3468 2526; x_wconf 89' lang='lat' dir='ltr'><strong>scriptum</strong></span> <span class='ocrx_word' id='word_1_469' title='bbox 3484 2466 3577 2528; x_wconf 90' lang='lat' dir='ltr'><strong>est</strong></span> <span class='ocrx_word' id='word_1_470' title='bbox 3606 2499 3614 2512; x_wconf 93' lang='lat'><strong>.</strong></span> 
     </span>
    </p>
   </div>
   <div class='ocr_carea' id='block_1_56' title="bbox 2024 2548 3617 2612">
    <p class='ocr_par' dir='ltr' id='par_1_56' title="bbox 2024 2548 3617 2612">
     <span class='ocr_line' id='line_1_56' title="bbox 2024 2548 3617 2612; baseline -0.001 -9"><span class='ocrx_word' id='word_1_471' title='bbox 2024 2548 2168 2603; x_wconf 76' lang='lat' dir='ltr'><strong>Mors</strong></span> <span class='ocrx_word' id='word_1_472' title='bbox 2197 2560 2246 2603; x_wconf 89' lang='lat' dir='ltr'><strong>et</strong></span> <span class='ocrx_word' id='word_1_473' title='bbox 2284 2552 2386 2603; x_wconf 78' lang='lat' dir='ltr'><strong>vita</strong></span> <span class='ocrx_word' id='word_1_474' title='bbox 2419 2567 2451 2602; x_wconf 91' lang='lat' dir='ltr'><strong>a</strong></span> <span class='ocrx_word' id='word_1_475' title='bbox 2497 2550 2720 2604; x_wconf 89' lang='lat' dir='ltr'><strong>Domino</strong></span> <span class='ocrx_word' id='word_1_476' title='bbox 2751 2549 2860 2604; x_wconf 84' lang='lat' dir='ltr'><strong>Deo</strong></span> <span class='ocrx_word' id='word_1_477' title='bbox 2887 2560 2960 2604; x_wconf 87' lang='lat' dir='ltr'><strong>est</strong></span> <span class='ocrx_word' id='word_1_478' title='bbox 2982 2589 2996 2612; x_wconf 94' lang='lat'><strong>,</strong></span> <span class='ocrx_word' id='word_1_479' title='bbox 3039 2564 3143 2603; x_wconf 91' lang='lat' dir='ltr'><strong>non</strong></span> <span class='ocrx_word' id='word_1_480' title='bbox 3173 2550 3239 2602; x_wconf 92' lang='lat' dir='ltr'><strong>de</strong></span> <span class='ocrx_word' id='word_1_481' title='bbox 3281 2549 3369 2602; x_wconf 77' lang='lat' dir='ltr'><strong>illa</strong></span> <span class='ocrx_word' id='word_1_482' title='bbox 3417 2557 3617 2611; x_wconf 81' lang='lat' dir='ltr'><strong>morte,</strong></span> 
     </span>
    </p>
   </div>
   <div class='ocr_carea' id='block_1_57' title="bbox 2023 2636 3613 2711">
    <p class='ocr_par' dir='ltr' id='par_1_57' title="bbox 2023 2636 3613 2711">
     <span class='ocr_line' id='line_1_57' title="bbox 2023 2636 3613 2711; baseline 0 -17"><span class='ocrx_word' id='word_1_483' title='bbox 2023 2656 2129 2711; x_wconf 90' lang='lat' dir='ltr'><strong>qua</strong></span> <span class='ocrx_word' id='word_1_484' title='bbox 2160 2636 2390 2696; x_wconf 78' lang='lat' dir='ltr'><strong>moritur&quot;</strong></span> <span class='ocrx_word' id='word_1_485' title='bbox 2417 2642 2724 2696; x_wconf 88' lang='lat' dir='ltr'><strong>humanitas</strong></span> <span class='ocrx_word' id='word_1_486' title='bbox 2763 2642 3065 2711; x_wconf 86' lang='lat' dir='ltr'><strong>peccando,</strong></span> <span class='ocrx_word' id='word_1_487' title='bbox 3097 2655 3376 2710; x_wconf 87' lang='lat' dir='ltr'><strong>poenaque</strong></span> <span class='ocrx_word' id='word_1_488' title='bbox 3407 2641 3613 2709; x_wconf 76' lang='lat' dir='ltr'><strong>peccati</strong></span> 
     </span>
    </p>
   </div>
   <div class='ocr_carea' id='block_1_58' title="bbox 2032 2729 3616 2802">
    <p class='ocr_par' dir='ltr' id='par_1_58' title="bbox 2032 2729 3616 2802">
     <span class='ocr_line' id='line_1_58' title="bbox 2032 2729 3616 2802; baseline -0.002 -16"><span class='ocrx_word' id='word_1_489' title='bbox 2032 2732 2396 2800; x_wconf 77' lang='lat' dir='ltr'><strong>subsequente</strong></span> <span class='ocrx_word' id='word_1_490' title='bbox 2421 2746 2516 2802; x_wconf 91' lang='lat' dir='ltr'><strong>per</strong></span> <span class='ocrx_word' id='word_1_491' title='bbox 2536 2732 2935 2801; x_wconf 87' lang='lat' dir='ltr'><strong>corruptionem</strong></span> <span class='ocrx_word' id='word_1_492' title='bbox 2961 2729 3204 2790; x_wconf 88' lang='lat' dir='ltr'><strong>solvitur,</strong></span> <span class='ocrx_word' id='word_1_493' title='bbox 3232 2730 3464 2784; x_wconf 89' lang='lat' dir='ltr'><strong>arbitror</strong></span> <span class='ocrx_word' id='word_1_494' title='bbox 3493 2744 3616 2785; x_wconf 77' lang='lat' dir='ltr'><strong>esse</strong></span> 
     </span>
    </p>
   </div>
   <div class='ocr_carea' id='block_1_59' title="bbox 2024 2819 3621 2891">
    <p class='ocr_par' dir='ltr' id='par_1_59' title="bbox 2024 2819 3621 2891">
     <span class='ocr_line' id='line_1_59' title="bbox 2024 2819 3621 2891; baseline -0.002 -15"><span class='ocrx_word' id='word_1_495' title='bbox 2024 2824 2252 2887; x_wconf 89' lang='lat' dir='ltr'><strong>dictum,</strong></span> <span class='ocrx_word' id='word_1_496' title='bbox 2283 2823 2376 2877; x_wconf 88' lang='lat' dir='ltr'><strong>sed</strong></span> <span class='ocrx_word' id='word_1_497' title='bbox 2407 2824 2471 2877; x_wconf 90' lang='lat' dir='ltr'><strong>de</strong></span> <span class='ocrx_word' id='word_1_498' title='bbox 2498 2822 2611 2887; x_wconf 88' lang='lat' dir='ltr'><strong>illa,</strong></span> <span class='ocrx_word' id='word_1_499' title='bbox 2642 2822 2708 2877; x_wconf 88' lang='lat' dir='ltr'><strong>de</strong></span> <span class='ocrx_word' id='word_1_500' title='bbox 2730 2837 2833 2891; x_wconf 88' lang='lat' dir='ltr'><strong>qua</strong></span> <span class='ocrx_word' id='word_1_501' title='bbox 2864 2820 3149 2876; x_wconf 87' lang='lat' dir='ltr'><strong>Psalmista</strong></span> <span class='ocrx_word' id='word_1_502' title='bbox 3175 2821 3306 2875; x_wconf 85' lang='lat' dir='ltr'><strong>dicit</strong></span> <span class='ocrx_word' id='word_1_503' title='bbox 3331 2838 3343 2873; x_wconf 89' lang='lat'><strong>:</strong></span> <span class='ocrx_word' id='word_1_504' title='bbox 3376 2819 3621 2873; x_wconf 79' lang='lat' dir='ltr'><strong>Pretiosa</strong></span> 
     </span>
    </p>
   </div>
   <div class='ocr_carea' id='block_1_60' title="bbox 2024 2912 3618 2982">
    <p class='ocr_par' dir='ltr' id='par_1_60' title="bbox 2024 2912 3618 2982">
     <span class='ocr_line' id='line_1_60' title="bbox 2024 2912 3618 2982; baseline -0.001 -17"><span class='ocrx_word' id='word_1_505' title='bbox 2024 2913 2080 2965; x_wconf 90' lang='lat' dir='ltr'><strong>in</strong></span> <span class='ocrx_word' id='word_1_506' title='bbox 2119 2924 2396 2982; x_wconf 78' lang='lat' dir='ltr'><strong>conspectu</strong></span> <span class='ocrx_word' id='word_1_507' title='bbox 2430 2912 2640 2966; x_wconf 82' lang='lat' dir='ltr'><strong>Domini</strong></span> <span class='ocrx_word' id='word_1_508' title='bbox 2682 2929 2822 2967; x_wconf 87' lang='lat' dir='ltr'><strong>mors</strong></span> <span class='ocrx_word' id='word_1_509' title='bbox 2872 2922 3173 2966; x_wconf 85' lang='lat' dir='ltr'><strong>sanctorum</strong></span> <span class='ocrx_word' id='word_1_510' title='bbox 3217 2912 3348 2981; x_wconf 86' lang='lat' dir='ltr'><strong>ejus,</strong></span> <span class='ocrx_word' id='word_1_511' title='bbox 3384 2913 3484 2966; x_wconf 88' lang='lat' dir='ltr'><strong>hoc</strong></span> <span class='ocrx_word' id='word_1_512' title='bbox 3512 2920 3618 2976; x_wconf 90' lang='lat' dir='ltr'><strong>est,</strong></span> 
     </span>
    </p>
   </div>
   <div class='ocr_carea' id='block_1_61' title="bbox 2026 3000 3617 3072">
    <p class='ocr_par' dir='ltr' id='par_1_61' title="bbox 2026 3000 3617 3072">
     <span class='ocr_line' id='line_1_61' title="bbox 2026 3000 3617 3072; baseline 0.001 -19"><span class='ocrx_word' id='word_1_513' title='bbox 2026 3001 2296 3069; x_wconf 88' lang='lat' dir='ltr'><strong>pretiosus</strong></span> <span class='ocrx_word' id='word_1_514' title='bbox 2344 3001 2848 3072; x_wconf 83' lang='lat' dir='ltr'><strong>pttrgatissimarum</strong></span> <span class='ocrx_word' id='word_1_515' title='bbox 2896 3000 3198 3053; x_wconf 81' lang='lat' dir='ltr'><strong>animarum</strong></span> <span class='ocrx_word' id='word_1_516' title='bbox 3260 3000 3313 3053; x_wconf 88' lang='lat' dir='ltr'><strong>in</strong></span> <span class='ocrx_word' id='word_1_517' title='bbox 3373 3000 3617 3054; x_wconf 87' lang='lat' dir='ltr'><strong>intimam</strong></span> 
     </span>
    </p>
   </div>
   <div class='ocr_carea' id='block_1_62' title="bbox 316 3077 3619 3164">
    <p class='ocr_par' dir='ltr' id='par_1_62' title="bbox 316 3077 3619 3164">
     <span class='ocr_line' id='line_1_62' title="bbox 316 3077 3619 3164; baseline -0.002 -11"><span class='ocrx_word' id='word_1_518' title='bbox 316 3101 398 3153; x_wconf 85' lang='lat' dir='ltr'><strong>sic</strong></span> <span class='ocrx_word' id='word_1_519' title='bbox 428 3097 907 3164; x_wconf 78' lang='lat' dir='ltr'><strong>dicam,principio</strong></span> <span class='ocrx_word' id='word_1_520' title='bbox 943 3096 1111 3149; x_wconf 86' lang='lat' dir='ltr'><strong>sciens</strong></span> <span class='ocrx_word' id='word_1_521' title='bbox 1148 3103 1195 3147; x_wconf 91' lang='lat' dir='ltr'><strong>et</strong></span> <span class='ocrx_word' id='word_1_522' title='bbox 1221 3095 1274 3146; x_wconf 89' lang='lat' dir='ltr'><strong>in</strong></span> <span class='ocrx_word' id='word_1_523' title='bbox 1288 3095 1564 3147; x_wconf 80' lang='lat' dir='ltr'><strong>essentiam</strong></span> <span class='ocrx_word' id='word_1_524' title='bbox 1598 3093 1812 3147; x_wconf 84' lang='lat' dir='ltr'><strong>ducens.</strong></span> <span class='ocrx_word' id='word_1_525' title='bbox 1857 3091 1920 3145; x_wconf 86' lang='lat' dir='ltr'><strong>Et</strong></span> <span class='ocrx_word' id='word_1_526' title='bbox 1951 3077 1995 3137; x_wconf 71' lang='grc' dir='ltr'>Ο</span> <span class='ocrx_word' id='word_1_527' title='bbox 2029 3092 2270 3145; x_wconf 78' lang='lat' dir='ltr'><strong>veritatis</strong></span> <span class='ocrx_word' id='word_1_528' title='bbox 2300 3091 2831 3159; x_wconf 89' lang='lat' dir='ltr'><strong>contemplationem,</strong></span> <span class='ocrx_word' id='word_1_529' title='bbox 2865 3106 3004 3159; x_wconf 89' lang='lat' dir='ltr'><strong>quae</strong></span> <span class='ocrx_word' id='word_1_530' title='bbox 3031 3104 3157 3145; x_wconf 84' lang='lat' dir='ltr'><strong>vere</strong></span> <span class='ocrx_word' id='word_1_531' title='bbox 3183 3104 3308 3145; x_wconf 86' lang='lat' dir='ltr'><strong>vera</strong></span> <span class='ocrx_word' id='word_1_532' title='bbox 3336 3090 3619 3145; x_wconf 87' lang='lat' dir='ltr'><strong>beatitudo</strong></span> 
     </span>
    </p>
   </div>
   <div class='ocr_carea' id='block_1_63' title="bbox 316 3183 1922 3255">
    <p class='ocr_par' dir='ltr' id='par_1_63' title="bbox 316 3183 1922 3255">
     <span class='ocr_line' id='line_1_63' title="bbox 316 3183 1922 3255; baseline -0.006 -11"><span class='ocrx_word' id='word_1_533' title='bbox 316 3191 678 3244; x_wconf 78' lang='lat' dir='ltr'><strong>hocarbitror</strong></span> <span class='ocrx_word' id='word_1_534' title='bbox 706 3188 911 3240; x_wconf 80' lang='lat' dir='ltr'><strong>tradere</strong></span> <span class='ocrx_word' id='word_1_535' title='bbox 935 3184 1222 3255; x_wconf 83' lang='lat' dir='ltr'><strong>eloquium,</strong></span> <span class='ocrx_word' id='word_1_536' title='bbox 1253 3200 1371 3237; x_wconf 89' lang='lat' dir='ltr'><strong>cum</strong></span> <span class='ocrx_word' id='word_1_537' title='bbox 1405 3185 1478 3237; x_wconf 90' lang='lat' dir='ltr'><strong>ait</strong></span> <span class='ocrx_word' id='word_1_538' title='bbox 1503 3196 1520 3235; x_wconf 89' lang='lat'><strong><em>:</em></strong></span> <span class='ocrx_word' id='word_1_539' title='bbox 1548 3183 1714 3237; x_wconf 85' lang='lat' dir='ltr'><strong>sciens</strong></span> <span class='ocrx_word' id='word_1_540' title='bbox 1744 3184 1922 3237; x_wconf 86' lang='lat' dir='ltr'><strong>omnia</strong></span> 
     </span>
    </p>
   </div>
   <div class='ocr_carea' id='block_1_64' title="bbox 319 3274 1924 3351">
    <p class='ocr_par' dir='ltr' id='par_1_64' title="bbox 319 3274 1924 3351">
     <span class='ocr_line' id='line_1_64' title="bbox 319 3274 1924 3351; baseline -0.006 -14"><span class='ocrx_word' id='word_1_541' title='bbox 319 3293 455 3337; x_wconf 87' lang='lat' dir='ltr'><strong>ante</strong></span> <span class='ocrx_word' id='word_1_542' title='bbox 482 3281 872 3351; x_wconf 80' lang='lat' dir='ltr'><strong>generationem</strong></span> <span class='ocrx_word' id='word_1_543' title='bbox 903 3293 1104 3330; x_wconf 87' lang='lat' dir='ltr'><strong>eorum.</strong></span> <span class='ocrx_word' id='word_1_544' title='bbox 1157 3274 1279 3329; x_wconf 90' lang='lat' dir='ltr'><strong>Non</strong></span> <span class='ocrx_word' id='word_1_545' title='bbox 1322 3276 1459 3329; x_wconf 90' lang='lat' dir='ltr'><strong>enim</strong></span> <span class='ocrx_word' id='word_1_546' title='bbox 1496 3291 1562 3329; x_wconf 77' lang='lat' dir='ltr'><strong>ea:</strong></span> <span class='ocrx_word' id='word_1_547' title='bbox 1589 3275 1924 3329; x_wconf 76' lang='lat' dir='ltr'><strong>existentibus</strong></span> 
     </span>
    </p>
   </div>
   <div class='ocr_carea' id='block_1_65' title="bbox 316 3365 1925 3430">
    <p class='ocr_par' dir='ltr' id='par_1_65' title="bbox 316 3365 1925 3430">
     <span class='ocr_line' id='line_1_65' title="bbox 316 3365 1925 3430; baseline -0.004 -5"><span class='ocrx_word' id='word_1_548' title='bbox 316 3370 625 3426; x_wconf 68' lang='lat' dir='ltr'><strong>existentia</strong></span> <span class='ocrx_word' id='word_1_549' title='bbox 656 3368 927 3421; x_wconf 81' lang='lat' dir='ltr'><strong>addiscens</strong></span> <span class='ocrx_word' id='word_1_550' title='bbox 962 3367 1100 3419; x_wconf 79' lang='lat' dir='ltr'><strong>norit</strong></span> <span class='ocrx_word' id='word_1_551' title='bbox 1142 3366 1348 3419; x_wconf 77' lang='lat' dir='ltr'><strong>divinus</strong></span> <span class='ocrx_word' id='word_1_552' title='bbox 1403 3366 1632 3430; x_wconf 81' lang='lat' dir='ltr'><strong>animus,</strong></span> <span class='ocrx_word' id='word_1_553' title='bbox 1661 3365 1750 3419; x_wconf 78' lang='lat' dir='ltr'><strong>sed</strong></span> <span class='ocrx_word' id='word_1_554' title='bbox 1783 3381 1848 3418; x_wconf 79' lang='lat' dir='ltr'><strong>ea:</strong></span> <span class='ocrx_word' id='word_1_555' title='bbox 1871 3381 1925 3418; x_wconf 80' lang='lat' dir='ltr'><strong>se</strong></span> 
     </span>
    </p>
   </div>
   <div class='ocr_carea' id='block_1_66' title="bbox 314 3456 1923 3516">
    <p class='ocr_par' dir='ltr' id='par_1_66' title="bbox 314 3456 1923 3516">
     <span class='ocr_line' id='line_1_66' title="bbox 314 3456 1923 3516; baseline -0.004 -1"><span class='ocrx_word' id='word_1_556' title='bbox 314 3473 366 3516; x_wconf 81' lang='lat' dir='ltr'><strong>et</strong></span> <span class='ocrx_word' id='word_1_557' title='bbox 401 3462 465 3514; x_wconf 84' lang='lat' dir='ltr'><strong>in</strong></span> <span class='ocrx_word' id='word_1_558' title='bbox 494 3475 555 3513; x_wconf 85' lang='lat' dir='ltr'><strong>se</strong></span> <span class='ocrx_word' id='word_1_559' title='bbox 591 3456 874 3511; x_wconf 75' lang='lat' dir='ltr'><strong>secundum</strong></span> <span class='ocrx_word' id='word_1_560' title='bbox 921 3471 1133 3509; x_wconf 79' lang='lat' dir='ltr'><strong>causata</strong></span> <span class='ocrx_word' id='word_1_561' title='bbox 1174 3456 1407 3509; x_wconf 85' lang='lat' dir='ltr'><strong>omnium</strong></span> <span class='ocrx_word' id='word_1_562' title='bbox 1453 3456 1727 3511; x_wconf 87' lang='lat' dir='ltr'><strong>scientiam</strong></span> <span class='ocrx_word' id='word_1_563' title='bbox 1758 3465 1805 3507; x_wconf 89' lang='lat' dir='ltr'><strong>et</strong></span> <span class='ocrx_word' id='word_1_564' title='bbox 1834 3471 1923 3508; x_wconf 88' lang='lat' dir='ltr'><strong>co-</strong></span> 
     </span>
    </p>
   </div>
   <div class='ocr_carea' id='block_1_67' title="bbox 314 3544 1924 3621">
    <p class='ocr_par' dir='ltr' id='par_1_67' title="bbox 314 3544 1924 3621">
     <span class='ocr_line' id='line_1_67' title="bbox 314 3544 1924 3621; baseline -0.004 -18"><span class='ocrx_word' id='word_1_565' title='bbox 314 3550 622 3621; x_wconf 78' lang='lat' dir='ltr'><strong>gnitionem</strong></span> <span class='ocrx_word' id='word_1_566' title='bbox 651 3547 872 3617; x_wconf 73' lang='lat' dir='ltr'><strong>praefert</strong></span> <span class='ocrx_word' id='word_1_567' title='bbox 898 3556 944 3600; x_wconf 86' lang='lat' dir='ltr'><strong>et</strong></span> <span class='ocrx_word' id='word_1_568' title='bbox 987 3546 1403 3600; x_wconf 83' lang='lat' dir='ltr'><strong>aute—coambirit</strong></span> <span class='ocrx_word' id='word_1_569' title='bbox 1448 3558 1466 3595; x_wconf 92' lang='lat'><strong><em>:</em></strong></span> <span class='ocrx_word' id='word_1_570' title='bbox 1503 3561 1603 3598; x_wconf 90' lang='lat' dir='ltr'><strong>non</strong></span> <span class='ocrx_word' id='word_1_571' title='bbox 1642 3544 1924 3597; x_wconf 84' lang='lat' dir='ltr'><strong>secundum</strong></span> 
     </span>
    </p>
   </div>
   <div class='ocr_carea' id='block_1_68' title="bbox 315 3633 1924 3711">
    <p class='ocr_par' dir='ltr' id='par_1_68' title="bbox 315 3633 1924 3711">
     <span class='ocr_line' id='line_1_68' title="bbox 315 3633 1924 3711; baseline -0.006 -16"><span class='ocrx_word' id='word_1_572' title='bbox 315 3641 561 3711; x_wconf 80' lang='lat' dir='ltr'><strong>speciem</strong></span> <span class='ocrx_word' id='word_1_573' title='bbox 607 3636 812 3706; x_wconf 84' lang='lat' dir='ltr'><strong>singula</strong></span> <span class='ocrx_word' id='word_1_574' title='bbox 874 3633 1250 3705; x_wconf 79' lang='lat' dir='ltr'><strong>contemplans,</strong></span> <span class='ocrx_word' id='word_1_575' title='bbox 1302 3634 1391 3687; x_wconf 85' lang='lat' dir='ltr'><strong>sed</strong></span> <span class='ocrx_word' id='word_1_576' title='bbox 1440 3633 1719 3687; x_wconf 75' lang='lat' dir='ltr'><strong>secundum</strong></span> <span class='ocrx_word' id='word_1_577' title='bbox 1764 3649 1924 3686; x_wconf 88' lang='lat' dir='ltr'><strong>unam</strong></span> 
     </span>
    </p>
   </div>
   <div class='ocr_carea' id='block_1_69' title="bbox 316 3723 1921 3786">
    <p class='ocr_par' dir='ltr' id='par_1_69' title="bbox 316 3723 1921 3786">
     <span class='ocr_line' id='line_1_69' title="bbox 316 3723 1921 3786; baseline -0.004 -6"><span class='ocrx_word' id='word_1_578' title='bbox 316 3743 533 3783; x_wconf 85' lang='lat' dir='ltr'><strong>causae</strong></span> <span class='ocrx_word' id='word_1_579' title='bbox 592 3726 1034 3779; x_wconf 86' lang='lat' dir='ltr'><strong>circumstantiam</strong></span> <span class='ocrx_word' id='word_1_580' title='bbox 1091 3725 1266 3776; x_wconf 87' lang='lat' dir='ltr'><strong>omnia</strong></span> <span class='ocrx_word' id='word_1_581' title='bbox 1314 3723 1479 3776; x_wconf 77' lang='lat' dir='ltr'><strong>sciens</strong></span> <span class='ocrx_word' id='word_1_582' title='bbox 1533 3732 1580 3775; x_wconf 90' lang='lat' dir='ltr'><strong>et</strong></span> <span class='ocrx_word' id='word_1_583' title='bbox 1633 3723 1921 3786; x_wconf 88' lang='lat' dir='ltr'><strong>continens,</strong></span> 
     </span>
    </p>
   </div>
   <div class='ocr_carea' id='block_1_70' title="bbox 314 3813 1923 3883">
    <p class='ocr_par' dir='ltr' id='par_1_70' title="bbox 314 3813 1923 3883">
     <span class='ocr_line' id='line_1_70' title="bbox 314 3813 1923 3883; baseline -0.005 -10"><span class='ocrx_word' id='word_1_584' title='bbox 314 3822 465 3874; x_wconf 85' lang='lat' dir='ltr'><strong>sicut</strong></span> <span class='ocrx_word' id='word_1_585' title='bbox 496 3828 545 3871; x_wconf 86' lang='lat' dir='ltr'><strong>et</strong></span> <span class='ocrx_word' id='word_1_586' title='bbox 581 3814 672 3869; x_wconf 77' lang='lat' dir='ltr'><strong>tua:</strong></span> <span class='ocrx_word' id='word_1_587' title='bbox 708 3815 990 3869; x_wconf 81' lang='lat' dir='ltr'><strong>secundum</strong></span> <span class='ocrx_word' id='word_1_588' title='bbox 1035 3830 1248 3867; x_wconf 88' lang='lat' dir='ltr'><strong>causam</strong></span> <span class='ocrx_word' id='word_1_589' title='bbox 1298 3815 1349 3865; x_wconf 87' lang='lat' dir='ltr'><strong>in</strong></span> <span class='ocrx_word' id='word_1_590' title='bbox 1384 3815 1550 3883; x_wconf 79' lang='lat' dir='ltr'><strong>seipsa</strong></span> <span class='ocrx_word' id='word_1_591' title='bbox 1580 3813 1923 3882; x_wconf 85' lang='lat' dir='ltr'><strong>cognitionem</strong></span> 
     </span>
    </p>
   </div>
   <div class='ocr_carea' id='block_1_71' title="bbox 317 3906 1924 3977">
    <p class='ocr_par' dir='ltr' id='par_1_71' title="bbox 317 3906 1924 3977">
     <span class='ocr_line' id='line_1_71' title="bbox 317 3906 1924 3977; baseline -0.004 -10"><span class='ocrx_word' id='word_1_592' title='bbox 317 3912 672 3967; x_wconf 84' lang='lat' dir='ltr'><strong>tenebrarum</strong></span> <span class='ocrx_word' id='word_1_593' title='bbox 710 3908 1024 3977; x_wconf 88' lang='lat' dir='ltr'><strong>praeambit,</strong></span> <span class='ocrx_word' id='word_1_594' title='bbox 1074 3922 1175 3959; x_wconf 88' lang='lat' dir='ltr'><strong>non</strong></span> <span class='ocrx_word' id='word_1_595' title='bbox 1222 3906 1435 3959; x_wconf 84' lang='lat' dir='ltr'><strong>aliunde</strong></span> <span class='ocrx_word' id='word_1_596' title='bbox 1483 3906 1658 3958; x_wconf 80' lang='lat' dir='ltr'><strong>ridens</strong></span> <span class='ocrx_word' id='word_1_597' title='bbox 1689 3907 1924 3960; x_wconf 78' lang='lat' dir='ltr'><strong>tenebras</strong></span> 
     </span>
    </p>
   </div>
   <div class='ocr_carea' id='block_1_72' title="bbox 315 3994 1923 4071">
    <p class='ocr_par' dir='ltr' id='par_1_72' title="bbox 315 3994 1923 4071">
     <span class='ocr_line' id='line_1_72' title="bbox 315 3994 1923 4071; baseline -0.003 -17"><span class='ocrx_word' id='word_1_598' title='bbox 315 4016 492 4071; x_wconf 78' lang='lat' dir='ltr'><strong>quam</strong></span> <span class='ocrx_word' id='word_1_599' title='bbox 506 4017 538 4051; x_wconf 88' lang='lat' dir='ltr'><strong>a</strong></span> <span class='ocrx_word' id='word_1_600' title='bbox 556 3995 954 4050; x_wconf 81' lang='lat' dir='ltr'><strong>lumine.Scmet</strong></span> <span class='ocrx_word' id='word_1_601' title='bbox 974 3996 1133 4065; x_wconf 85' lang='lat' dir='ltr'><strong>igitur</strong></span> <span class='ocrx_word' id='word_1_602' title='bbox 1146 3995 1323 4048; x_wconf 86' lang='lat' dir='ltr'><strong>divina</strong></span> <span class='ocrx_word' id='word_1_603' title='bbox 1338 3994 1593 4064; x_wconf 81' lang='lat' dir='ltr'><strong>sapientia</strong></span> <span class='ocrx_word' id='word_1_604' title='bbox 1611 4010 1923 4064; x_wconf 80' lang='lat' dir='ltr'><strong>cognoscens</strong></span> 
     </span>
    </p>
   </div>
   <div class='ocr_carea' id='block_1_73' title="bbox 317 4082 1924 4159">
    <p class='ocr_par' dir='ltr' id='par_1_73' title="bbox 317 4082 1924 4159">
     <span class='ocr_line' id='line_1_73' title="bbox 317 4082 1924 4159; baseline -0.005 -15"><span class='ocrx_word' id='word_1_605' title='bbox 317 4087 601 4159; x_wconf 80' lang='lat' dir='ltr'><strong>cognoscit</strong></span> <span class='ocrx_word' id='word_1_606' title='bbox 628 4101 800 4138; x_wconf 76' lang='lat' dir='ltr'><strong>omnia</strong></span> <span class='ocrx_word' id='word_1_607' title='bbox 825 4082 1241 4137; x_wconf 87' lang='lat' dir='ltr'><strong>immaterialiter</strong></span> <span class='ocrx_word' id='word_1_608' title='bbox 1263 4083 1578 4144; x_wconf 75' lang='lat' dir='ltr'><strong>materiatio,</strong></span> <span class='ocrx_word' id='word_1_609' title='bbox 1606 4093 1650 4135; x_wconf 86' lang='lat' dir='ltr'><strong>ct</strong></span> <span class='ocrx_word' id='word_1_610' title='bbox 1676 4100 1777 4136; x_wconf 89' lang='lat' dir='ltr'><strong>non</strong></span> <span class='ocrx_word' id='word_1_611' title='bbox 1796 4099 1924 4152; x_wconf 61' lang='lat' dir='ltr'><strong>par.</strong></span> 
     </span>
    </p>
   </div>
   <div class='ocr_carea' id='block_1_74' title="bbox 320 4172 1921 4246">
    <p class='ocr_par' dir='ltr' id='par_1_74' title="bbox 320 4172 1921 4246">
     <span class='ocr_line' id='line_1_74' title="bbox 320 4172 1921 4246; baseline -0.004 -14"><span class='ocrx_word' id='word_1_612' title='bbox 320 4178 658 4246; x_wconf 77' lang='lat' dir='ltr'><strong>titepartita,</strong></span> <span class='ocrx_word' id='word_1_613' title='bbox 689 4186 737 4228; x_wconf 86' lang='lat' dir='ltr'><strong>et</strong></span> <span class='ocrx_word' id='word_1_614' title='bbox 766 4174 930 4229; x_wconf 87' lang='lat' dir='ltr'><strong>multa</strong></span> <span class='ocrx_word' id='word_1_615' title='bbox 960 4172 1415 4236; x_wconf 84' lang='lat' dir='ltr'><strong>universaliter,in</strong></span> <span class='ocrx_word' id='word_1_616' title='bbox 1442 4174 1652 4242; x_wconf 79' lang='lat' dir='ltr'><strong>se&#39;ipso</strong></span> <span class='ocrx_word' id='word_1_617' title='bbox 1676 4190 1780 4226; x_wconf 89' lang='lat' dir='ltr'><strong>uno</strong></span> <span class='ocrx_word' id='word_1_618' title='bbox 1808 4189 1921 4226; x_wconf 88' lang='lat' dir='ltr'><strong>om-</strong></span> 
     </span>
    </p>
   </div>
   <div class='ocr_carea' id='block_1_75' title="bbox 325 4263 1921 4337">
    <p class='ocr_par' dir='ltr' id='par_1_75' title="bbox 325 4263 1921 4337">
     <span class='ocr_line' id='line_1_75' title="bbox 325 4263 1921 4337; baseline -0.004 -13"><span class='ocrx_word' id='word_1_619' title='bbox 325 4272 425 4325; x_wconf 81' lang='lat' dir='ltr'><strong>nia</strong></span> <span class='ocrx_word' id='word_1_620' title='bbox 460 4278 512 4323; x_wconf 84' lang='lat' dir='ltr'><strong>et</strong></span> <span class='ocrx_word' id='word_1_621' title='bbox 547 4282 861 4337; x_wconf 81' lang='lat' dir='ltr'><strong>cognoscens</strong></span> <span class='ocrx_word' id='word_1_622' title='bbox 901 4275 947 4318; x_wconf 87' lang='lat' dir='ltr'><strong>et</strong></span> <span class='ocrx_word' id='word_1_623' title='bbox 973 4265 1259 4319; x_wconf 81' lang='lat' dir='ltr'><strong>adducens.</strong></span> <span class='ocrx_word' id='word_1_624' title='bbox 1307 4263 1512 4317; x_wconf 86' lang='lat' dir='ltr'><strong>Etenim</strong></span> <span class='ocrx_word' id='word_1_625' title='bbox 1554 4264 1599 4318; x_wconf 87' lang='lat' dir='ltr'><strong>si</strong></span> <span class='ocrx_word' id='word_1_626' title='bbox 1636 4265 1921 4318; x_wconf 87' lang='lat' dir='ltr'><strong>secundum</strong></span> 
     </span>
    </p>
   </div>
   <div class='ocr_carea' id='block_1_76' title="bbox 319 4360 1918 4419">
    <p class='ocr_par' dir='ltr' id='par_1_76' title="bbox 319 4360 1918 4419">
     <span class='ocr_line' id='line_1_76' title="bbox 319 4360 1918 4419; baseline -0.003 -1"><span class='ocrx_word' id='word_1_627' title='bbox 319 4380 500 4419; x_wconf 83' lang='lat' dir='ltr'><strong>unam</strong></span> <span class='ocrx_word' id='word_1_628' title='bbox 524 4378 741 4416; x_wconf 85' lang='lat' dir='ltr'><strong>causam</strong></span> <span class='ocrx_word' id='word_1_629' title='bbox 767 4360 903 4413; x_wconf 86' lang='lat' dir='ltr'><strong>Deus</strong></span> <span class='ocrx_word' id='word_1_630' title='bbox 933 4361 1171 4413; x_wconf 87' lang='lat' dir='ltr'><strong>omnibus</strong></span> <span class='ocrx_word' id='word_1_631' title='bbox 1199 4360 1535 4412; x_wconf 71' lang='lat' dir='ltr'><strong>existentibus</strong></span> <span class='ocrx_word' id='word_1_632' title='bbox 1571 4375 1679 4413; x_wconf 79' lang='lat' dir='ltr'><strong>esse</strong></span> <span class='ocrx_word' id='word_1_633' title='bbox 1706 4360 1868 4413; x_wconf 82' lang='lat' dir='ltr'><strong>tradit</strong></span> <span class='ocrx_word' id='word_1_634' title='bbox 1900 4374 1918 4412; x_wconf 89' lang='lat'><strong><em>:</em></strong></span> 
     </span>
    </p>
   </div>
   <div class='ocr_carea' id='block_1_77' title="bbox 318 4431 1998 4514">
    <p class='ocr_par' dir='ltr' id='par_1_77' title="bbox 318 4431 1998 4514">
     <span class='ocr_line' id='line_1_77' title="bbox 318 4431 1998 4514; baseline -0.003 -5"><span class='ocrx_word' id='word_1_635' title='bbox 318 4453 627 4509; x_wconf 84' lang='lat' dir='ltr'><strong>secundum</strong></span> <span class='ocrx_word' id='word_1_636' title='bbox 653 4452 871 4504; x_wconf 82' lang='lat' dir='ltr'><strong>eandem</strong></span> <span class='ocrx_word' id='word_1_637' title='bbox 898 4451 1106 4504; x_wconf 88' lang='lat' dir='ltr'><strong>unicam</strong></span> <span class='ocrx_word' id='word_1_638' title='bbox 1152 4466 1365 4503; x_wconf 86' lang='lat' dir='ltr'><strong>causam</strong></span> <span class='ocrx_word' id='word_1_639' title='bbox 1395 4450 1540 4503; x_wconf 79' lang='lat' dir='ltr'><strong>scivit</strong></span> <span class='ocrx_word' id='word_1_640' title='bbox 1590 4451 1784 4514; x_wconf 89' lang='lat' dir='ltr'><strong>omnia,</strong></span> <span class='ocrx_word' id='word_1_641' title='bbox 1817 4463 1871 4505; x_wconf 91' lang='lat' dir='ltr'><strong>ut</strong></span> <span class='ocrx_word' id='word_1_642' title='bbox 1895 4451 1919 4484; x_wconf 85' lang='grc'><strong><em>⁸</em></strong></span> <span class='ocrx_word' id='word_1_643' title='bbox 1952 4431 1998 4489; x_wconf 79' lang='grc' dir='ltr'>υ</span> 
     </span>
    </p>
   </div>
   <div class='ocr_carea' id='block_1_78' title="bbox 317 4538 1919 4611">
    <p class='ocr_par' dir='ltr' id='par_1_78' title="bbox 317 4538 1919 4611">
     <span class='ocr_line' id='line_1_78' title="bbox 317 4538 1919 4611; baseline -0.001 -14"><span class='ocrx_word' id='word_1_644' title='bbox 317 4558 391 4597; x_wconf 72' lang='lat' dir='ltr'><strong>ex</strong></span> <span class='ocrx_word' id='word_1_645' title='bbox 418 4542 544 4611; x_wconf 83' lang='lat' dir='ltr'><strong>ipso</strong></span> <span class='ocrx_word' id='word_1_646' title='bbox 576 4538 878 4602; x_wconf 75' lang='lat' dir='ltr'><strong>existentia,</strong></span> <span class='ocrx_word' id='word_1_647' title='bbox 907 4547 955 4591; x_wconf 89' lang='lat' dir='ltr'><strong>et</strong></span> <span class='ocrx_word' id='word_1_648' title='bbox 1003 4539 1059 4591; x_wconf 87' lang='lat' dir='ltr'><strong>in</strong></span> <span class='ocrx_word' id='word_1_649' title='bbox 1088 4538 1200 4608; x_wconf 82' lang='lat' dir='ltr'><strong>ipso</strong></span> <span class='ocrx_word' id='word_1_650' title='bbox 1231 4549 1351 4592; x_wconf 88' lang='lat' dir='ltr'><strong>ante</strong></span> <span class='ocrx_word' id='word_1_651' title='bbox 1391 4541 1706 4605; x_wconf 81' lang='lat' dir='ltr'><strong>substituto;</strong></span> <span class='ocrx_word' id='word_1_652' title='bbox 1739 4551 1788 4593; x_wconf 85' lang='lat' dir='ltr'><strong>et</strong></span> <span class='ocrx_word' id='word_1_653' title='bbox 1814 4558 1919 4595; x_wconf 88' lang='lat' dir='ltr'><strong>non</strong></span> 
     </span>
    </p>
   </div>
   <div class='ocr_carea' id='block_1_79' title="bbox 316 4627 1919 4699">
    <p class='ocr_par' dir='ltr' id='par_1_79' title="bbox 316 4627 1919 4699">
     <span class='ocr_line' id='line_1_79' title="bbox 316 4627 1919 4699; baseline -0.001 -14"><span class='ocrx_word' id='word_1_654' title='bbox 316 4646 390 4686; x_wconf 74' lang='lat' dir='ltr'><strong>ea:</strong></span> <span class='ocrx_word' id='word_1_655' title='bbox 415 4628 766 4684; x_wconf 68' lang='lat' dir='ltr'><strong>existentibus</strong></span> <span class='ocrx_word' id='word_1_656' title='bbox 801 4627 1019 4696; x_wconf 79' lang='lat' dir='ltr'><strong>accipiet</strong></span> <span class='ocrx_word' id='word_1_657' title='bbox 1071 4642 1251 4679; x_wconf 84' lang='lat' dir='ltr'><strong>eorum</strong></span> <span class='ocrx_word' id='word_1_658' title='bbox 1280 4628 1570 4692; x_wconf 86' lang='lat' dir='ltr'><strong>scientiam,</strong></span> <span class='ocrx_word' id='word_1_659' title='bbox 1599 4635 1687 4683; x_wconf 83' lang='lat' dir='ltr'><strong>sed</strong></span> <span class='ocrx_word' id='word_1_660' title='bbox 1717 4639 1765 4682; x_wconf 89' lang='lat' dir='ltr'><strong>et</strong></span> <span class='ocrx_word' id='word_1_661' title='bbox 1795 4629 1919 4699; x_wconf 83' lang='lat' dir='ltr'><strong>ipsis</strong></span> 
     </span>
    </p>
   </div>
   <div class='ocr_carea' id='block_1_80' title="bbox 318 4717 1920 4797">
    <p class='ocr_par' dir='ltr' id='par_1_80' title="bbox 318 4717 1920 4797">
     <span class='ocr_line' id='line_1_80' title="bbox 318 4717 1920 4797; baseline 0.001 -24"><span class='ocrx_word' id='word_1_662' title='bbox 318 4717 562 4789; x_wconf 77' lang='lat' dir='ltr'><strong>singulis</strong></span> <span class='ocrx_word' id='word_1_663' title='bbox 592 4733 773 4770; x_wconf 86' lang='lat' dir='ltr'><strong>eorum</strong></span> <span class='ocrx_word' id='word_1_664' title='bbox 789 4717 1038 4771; x_wconf 86' lang='lat' dir='ltr'><strong>scientiae</strong></span> <span class='ocrx_word' id='word_1_665' title='bbox 1081 4718 1179 4770; x_wconf 86' lang='lat' dir='ltr'><strong>erit</strong></span> <span class='ocrx_word' id='word_1_666' title='bbox 1221 4717 1463 4790; x_wconf 82' lang='lat' dir='ltr'><strong>largitor.</strong></span> <span class='ocrx_word' id='word_1_667' title='bbox 1508 4718 1649 4797; x_wconf 56' lang='lat' dir='ltr'><strong>MAG.</strong></span> <span class='ocrx_word' id='word_1_668' title='bbox 1697 4720 1920 4775; x_wconf 85' lang='lat' dir='ltr'><strong>Divinos</strong></span> 
     </span>
    </p>
   </div>
   <div class='ocr_carea' id='block_1_81' title="bbox 320 4808 1920 4880">
    <p class='ocr_par' dir='ltr' id='par_1_81' title="bbox 320 4808 1920 4880">
     <span class='ocr_line' id='line_1_81' title="bbox 320 4808 1920 4880; baseline 0 -13"><span class='ocrx_word' id='word_1_669' title='bbox 320 4812 525 4880; x_wconf 81' lang='lat' dir='ltr'><strong>itaque</strong></span> <span class='ocrx_word' id='word_1_670' title='bbox 570 4810 784 4865; x_wconf 85' lang='lat' dir='ltr'><strong>animus</strong></span> <span class='ocrx_word' id='word_1_671' title='bbox 816 4808 1020 4863; x_wconf 89' lang='lat' dir='ltr'><strong>nullum</strong></span> <span class='ocrx_word' id='word_1_672' title='bbox 1054 4809 1254 4865; x_wconf 91' lang='lat' dir='ltr'><strong>malum</strong></span> <span class='ocrx_word' id='word_1_673' title='bbox 1297 4810 1611 4880; x_wconf 88' lang='lat' dir='ltr'><strong>nullamque</strong></span> <span class='ocrx_word' id='word_1_674' title='bbox 1657 4812 1920 4867; x_wconf 87' lang='lat' dir='ltr'><strong>malitiam</strong></span> 
     </span>
    </p>
   </div>
   <div class='ocr_carea' id='block_1_82' title="bbox 321 4897 1923 4969">
    <p class='ocr_par' dir='ltr' id='par_1_82' title="bbox 321 4897 1923 4969">
     <span class='ocr_line' id='line_1_82' title="bbox 321 4897 1923 4969; baseline 0.002 -14"><span class='ocrx_word' id='word_1_675' title='bbox 321 4900 515 4955; x_wconf 88' lang='lat' dir='ltr'><strong>novit.</strong></span> <span class='ocrx_word' id='word_1_676' title='bbox 548 4897 682 4953; x_wconf 87' lang='lat' dir='ltr'><strong>Nam</strong></span> <span class='ocrx_word' id='word_1_677' title='bbox 711 4900 758 4953; x_wconf 88' lang='lat' dir='ltr'><strong>si</strong></span> <span class='ocrx_word' id='word_1_678' title='bbox 802 4908 1004 4963; x_wconf 86' lang='lat' dir='ltr'><strong>nosset,</strong></span> <span class='ocrx_word' id='word_1_679' title='bbox 1030 4902 1456 4957; x_wconf 88' lang='lat' dir='ltr'><strong>substantiahter</strong></span> <span class='ocrx_word' id='word_1_680' title='bbox 1479 4904 1806 4969; x_wconf 80' lang='lat' dir='ltr'><strong>extitissent,</strong></span> <span class='ocrx_word' id='word_1_681' title='bbox 1829 4919 1923 4959; x_wconf 88' lang='lat' dir='ltr'><strong>ne-</strong></span> 
     </span>
    </p>
   </div>
   <div class='ocr_carea' id='block_1_83' title="bbox 321 4989 1925 5063">
    <p class='ocr_par' dir='ltr' id='par_1_83' title="bbox 321 4989 1925 5063">
     <span class='ocr_line' id='line_1_83' title="bbox 321 4989 1925 5063; baseline 0.003 -20"><span class='ocrx_word' id='word_1_682' title='bbox 321 5004 441 5058; x_wconf 88' lang='lat' dir='ltr'><strong>que</strong></span> <span class='ocrx_word' id='word_1_683' title='bbox 469 5002 636 5043; x_wconf 83' lang='lat' dir='ltr'><strong>causa</strong></span> <span class='ocrx_word' id='word_1_684' title='bbox 664 4998 933 5044; x_wconf 86' lang='lat' dir='ltr'><strong>carerent.</strong></span> <span class='ocrx_word' id='word_1_685' title='bbox 955 4989 1075 5045; x_wconf 78' lang='lat' dir='ltr'><strong>Jam</strong></span> <span class='ocrx_word' id='word_1_686' title='bbox 1103 5006 1231 5046; x_wconf 89' lang='lat' dir='ltr'><strong>vero</strong></span> <span class='ocrx_word' id='word_1_687' title='bbox 1256 5000 1312 5045; x_wconf 91' lang='lat' dir='ltr'><strong>et</strong></span> <span class='ocrx_word' id='word_1_688' title='bbox 1329 5006 1490 5047; x_wconf 88' lang='lat' dir='ltr'><strong>causa</strong></span> <span class='ocrx_word' id='word_1_689' title='bbox 1514 5001 1723 5058; x_wconf 83' lang='lat' dir='ltr'><strong>carent,</strong></span> <span class='ocrx_word' id='word_1_690' title='bbox 1745 5009 1808 5048; x_wconf 91' lang='lat' dir='ltr'><strong>ac</strong></span> <span class='ocrx_word' id='word_1_691' title='bbox 1831 5009 1925 5063; x_wconf 88' lang='lat' dir='ltr'><strong>per</strong></span> 
     </span>
    </p>
   </div>
   <div class='ocr_carea' id='block_1_84' title="bbox 323 5076 1926 5138">
    <p class='ocr_par' dir='ltr' id='par_1_84' title="bbox 323 5076 1926 5138">
     <span class='ocr_line' id='line_1_84' title="bbox 323 5076 1926 5138; baseline 0.002 -5"><span class='ocrx_word' id='word_1_692' title='bbox 323 5079 440 5133; x_wconf 88' lang='lat' dir='ltr'><strong>hoc</strong></span> <span class='ocrx_word' id='word_1_693' title='bbox 470 5076 528 5130; x_wconf 92' lang='lat' dir='ltr'><strong>in</strong></span> <span class='ocrx_word' id='word_1_694' title='bbox 556 5091 786 5131; x_wconf 87' lang='lat' dir='ltr'><strong>numero</strong></span> <span class='ocrx_word' id='word_1_695' title='bbox 829 5077 1170 5132; x_wconf 88' lang='lat' dir='ltr'><strong>conditarum</strong></span> <span class='ocrx_word' id='word_1_696' title='bbox 1215 5088 1531 5134; x_wconf 85' lang='lat' dir='ltr'><strong>naturarum</strong></span> <span class='ocrx_word' id='word_1_697' title='bbox 1562 5081 1926 5138; x_wconf 81' lang='lat' dir='ltr'><strong>essentialiter</strong></span> 
     </span>
    </p>
   </div>
   <div class='ocr_carea' id='block_1_85' title="bbox 323 5165 1922 5235">
    <p class='ocr_par' dir='ltr' id='par_1_85' title="bbox 323 5165 1922 5235">
     <span class='ocr_line' id='line_1_85' title="bbox 323 5165 1922 5235; baseline 0.004 -15"><span class='ocrx_word' id='word_1_698' title='bbox 323 5181 444 5221; x_wconf 86' lang='lat' dir='ltr'><strong>non</strong></span> <span class='ocrx_word' id='word_1_699' title='bbox 475 5173 622 5229; x_wconf 88' lang='lat' dir='ltr'><strong>sunt,</strong></span> <span class='ocrx_word' id='word_1_700' title='bbox 673 5165 901 5235; x_wconf 86' lang='lat' dir='ltr'><strong>ideoque</strong></span> <span class='ocrx_word' id='word_1_701' title='bbox 932 5166 1152 5222; x_wconf 90' lang='lat' dir='ltr'><strong>omnino</strong></span> <span class='ocrx_word' id='word_1_702' title='bbox 1174 5167 1353 5221; x_wconf 91' lang='lat' dir='ltr'><strong>divina</strong></span> <span class='ocrx_word' id='word_1_703' title='bbox 1382 5167 1689 5224; x_wconf 76' lang='lat' dir='ltr'><strong>alienantur</strong></span> <span class='ocrx_word' id='word_1_704' title='bbox 1712 5172 1922 5227; x_wconf 87' lang='lat' dir='ltr'><strong>notitia.</strong></span> 
     </span>
    </p>
   </div>
   <div class='ocr_carea' id='block_1_86' title="bbox 326 5244 1930 5328">
    <p class='ocr_par' dir='ltr' id='par_1_86' title="bbox 326 5244 1930 5328">
     <span class='ocr_line' id='line_1_86' title="bbox 326 5244 1930 5328; baseline 0.004 -17"><span class='ocrx_word' id='word_1_705' title='bbox 326 5256 488 5312; x_wconf 73' lang='lat' dir='ltr'><strong>Diae.</strong></span> <span class='ocrx_word' id='word_1_706' title='bbox 517 5254 687 5311; x_wconf 78' lang='lat' dir='ltr'><strong>Aliter</strong></span> <span class='ocrx_word' id='word_1_707' title='bbox 708 5255 930 5328; x_wconf 74' lang='lat' dir='ltr'><strong>intelligi</strong></span> <span class='ocrx_word' id='word_1_708' title='bbox 960 5271 1085 5312; x_wconf 87' lang='lat' dir='ltr'><strong>vera</strong></span> <span class='ocrx_word' id='word_1_709' title='bbox 1102 5272 1207 5312; x_wconf 89' lang='lat' dir='ltr'><strong>non</strong></span> <span class='ocrx_word' id='word_1_710' title='bbox 1228 5257 1357 5314; x_wconf 86' lang='lat' dir='ltr'><strong>sinit</strong></span> <span class='ocrx_word' id='word_1_711' title='bbox 1378 5259 1535 5315; x_wconf 78' lang='lat' dir='ltr'><strong>ratio.</strong></span> <span class='ocrx_word' id='word_1_712' title='bbox 1559 5244 1751 5316; x_wconf 74' lang='lat' dir='ltr'><strong>Divina</strong></span> <span class='ocrx_word' id='word_1_713' title='bbox 1773 5279 1930 5317; x_wconf 86' lang='lat' dir='ltr'><strong>nam-</strong></span> 
     </span>
    </p>
   </div>
   <div class='ocr_carea' id='block_1_87' title="bbox 2028 3183 3617 3256">
    <p class='ocr_par' dir='ltr' id='par_1_87' title="bbox 2028 3183 3617 3256">
     <span class='ocr_line' id='line_1_87' title="bbox 2028 3183 3617 3256; baseline 0 -19"><span class='ocrx_word' id='word_1_714' title='bbox 2028 3195 2109 3237; x_wconf 84' lang='lat' dir='ltr'><strong>est</strong></span> <span class='ocrx_word' id='word_1_715' title='bbox 2152 3192 2207 3238; x_wconf 89' lang='lat' dir='ltr'><strong>et</strong></span> <span class='ocrx_word' id='word_1_716' title='bbox 2248 3184 2559 3247; x_wconf 81' lang='lat' dir='ltr'><strong>aeternitas,</strong></span> <span class='ocrx_word' id='word_1_717' title='bbox 2603 3184 2880 3237; x_wconf 89' lang='lat' dir='ltr'><strong>transitus.</strong></span> <span class='ocrx_word' id='word_1_718' title='bbox 2917 3183 2982 3256; x_wconf 82' lang='lat' dir='ltr'><strong>Et</strong></span> <span class='ocrx_word' id='word_1_719' title='bbox 3035 3183 3169 3237; x_wconf 88' lang='lat' dir='ltr'><strong>haec</strong></span> <span class='ocrx_word' id='word_1_720' title='bbox 3192 3190 3276 3237; x_wconf 91' lang='lat' dir='ltr'><strong>est</strong></span> <span class='ocrx_word' id='word_1_721' title='bbox 3303 3197 3471 3247; x_wconf 89' lang='lat' dir='ltr'><strong>mors,</strong></span> <span class='ocrx_word' id='word_1_722' title='bbox 3511 3198 3617 3253; x_wconf 81' lang='lat' dir='ltr'><strong>qua</strong></span> 
     </span>
    </p>
   </div>
   <div class='ocr_carea' id='block_1_88' title="bbox 2028 3272 3616 3344">
    <p class='ocr_par' dir='ltr' id='par_1_88' title="bbox 2028 3272 3616 3344">
     <span class='ocr_line' id='line_1_88' title="bbox 2028 3272 3616 3344; baseline -0.001 -15"><span class='ocrx_word' id='word_1_723' title='bbox 2028 3275 2275 3344; x_wconf 76' lang='lat' dir='ltr'><strong>religiose</strong></span> <span class='ocrx_word' id='word_1_724' title='bbox 2302 3276 2568 3337; x_wconf 89' lang='lat' dir='ltr'><strong>viventes,</strong></span> <span class='ocrx_word' id='word_1_725' title='bbox 2598 3275 2685 3344; x_wconf 88' lang='lat' dir='ltr'><strong>pie</strong></span> <span class='ocrx_word' id='word_1_726' title='bbox 2715 3274 2758 3314; x_wconf 73' lang='grc' dir='ltr'><strong>¹ί</strong></span> <span class='ocrx_word' id='word_1_727' title='bbox 2790 3283 3043 3343; x_wconf 87' lang='lat' dir='ltr'><strong>casteque</strong></span> <span class='ocrx_word' id='word_1_728' title='bbox 3069 3272 3238 3328; x_wconf 89' lang='lat' dir='ltr'><strong>Deum</strong></span> <span class='ocrx_word' id='word_1_729' title='bbox 3264 3288 3419 3328; x_wconf 87' lang='lat' dir='ltr'><strong>suum</strong></span> <span class='ocrx_word' id='word_1_730' title='bbox 3448 3287 3616 3341; x_wconf 85' lang='lat' dir='ltr'><strong>quae—</strong></span> 
     </span>
    </p>
   </div>
   <div class='ocr_carea' id='block_1_89' title="bbox 2027 3364 3617 3431">
    <p class='ocr_par' dir='ltr' id='par_1_89' title="bbox 2027 3364 3617 3431">
     <span class='ocr_line' id='line_1_89' title="bbox 2027 3364 3617 3431; baseline -0.001 -10"><span class='ocrx_word' id='word_1_731' title='bbox 2027 3377 2232 3431; x_wconf 88' lang='lat' dir='ltr'><strong>rentes,</strong></span> <span class='ocrx_word' id='word_1_732' title='bbox 2262 3367 2435 3421; x_wconf 77' lang='lat' dir='ltr'><strong>adhue</strong></span> <span class='ocrx_word' id='word_1_733' title='bbox 2467 3366 2521 3420; x_wconf 90' lang='lat' dir='ltr'><strong>in</strong></span> <span class='ocrx_word' id='word_1_734' title='bbox 2556 3367 2656 3420; x_wconf 88' lang='lat' dir='ltr'><strong>hac</strong></span> <span class='ocrx_word' id='word_1_735' title='bbox 2678 3365 2892 3419; x_wconf 86' lang='lat' dir='ltr'><strong>mortali</strong></span> <span class='ocrx_word' id='word_1_736' title='bbox 2929 3367 3034 3419; x_wconf 86' lang='lat' dir='ltr'><strong>vita</strong></span> <span class='ocrx_word' id='word_1_737' title='bbox 3063 3365 3347 3419; x_wconf 88' lang='lat' dir='ltr'><strong>constituti</strong></span> <span class='ocrx_word' id='word_1_738' title='bbox 3375 3364 3617 3419; x_wconf 85' lang='lat' dir='ltr'><strong>moriun-</strong></span> 
     </span>
    </p>
   </div>
   <div class='ocr_carea' id='block_1_90' title="bbox 2031 3454 3620 3528">
    <p class='ocr_par' dir='ltr' id='par_1_90' title="bbox 2031 3454 3620 3528">
     <span class='ocr_line' id='line_1_90' title="bbox 2031 3454 3620 3528; baseline -0.004 -15"><span class='ocrx_word' id='word_1_739' title='bbox 2031 3467 2143 3524; x_wconf 91' lang='lat' dir='ltr'><strong>tur,</strong></span> <span class='ocrx_word' id='word_1_740' title='bbox 2179 3458 2231 3512; x_wconf 92' lang='lat' dir='ltr'><strong>in</strong></span> <span class='ocrx_word' id='word_1_741' title='bbox 2256 3457 2475 3528; x_wconf 87' lang='lat' dir='ltr'><strong>speculo</strong></span> <span class='ocrx_word' id='word_1_742' title='bbox 2496 3468 2551 3512; x_wconf 89' lang='lat' dir='ltr'><strong>et</strong></span> <span class='ocrx_word' id='word_1_743' title='bbox 2581 3457 2907 3527; x_wconf 78' lang='lat' dir='ltr'><strong>aenigmate,</strong></span> <span class='ocrx_word' id='word_1_744' title='bbox 2936 3456 3077 3527; x_wconf 84' lang='lat' dir='ltr'><strong>quod</strong></span> <span class='ocrx_word' id='word_1_745' title='bbox 3116 3464 3403 3523; x_wconf 82' lang='lat' dir='ltr'><strong>quaerunt,</strong></span> <span class='ocrx_word' id='word_1_746' title='bbox 3434 3454 3620 3509; x_wconf 67' lang='lat' dir='ltr'><strong>viden-</strong></span> 
     </span>
    </p>
   </div>
   <div class='ocr_carea' id='block_1_91' title="bbox 2029 3545 3618 3617">
    <p class='ocr_par' dir='ltr' id='par_1_91' title="bbox 2029 3545 3618 3617">
     <span class='ocr_line' id='line_1_91' title="bbox 2029 3545 3618 3617; baseline -0.003 -13"><span class='ocrx_word' id='word_1_747' title='bbox 2029 3558 2142 3614; x_wconf 86' lang='lat' dir='ltr'><strong>tes,</strong></span> <span class='ocrx_word' id='word_1_748' title='bbox 2187 3549 2238 3601; x_wconf 91' lang='lat' dir='ltr'><strong>in</strong></span> <span class='ocrx_word' id='word_1_749' title='bbox 2270 3546 2451 3601; x_wconf 81' lang='lat' dir='ltr'><strong>futuro</strong></span> <span class='ocrx_word' id='word_1_750' title='bbox 2501 3562 2628 3602; x_wconf 88' lang='lat' dir='ltr'><strong>vero</strong></span> <span class='ocrx_word' id='word_1_751' title='bbox 2681 3548 2732 3600; x_wconf 91' lang='lat' dir='ltr'><strong>in</strong></span> <span class='ocrx_word' id='word_1_752' title='bbox 2781 3546 3062 3617; x_wconf 84' lang='lat' dir='ltr'><strong>pristinam</strong></span> <span class='ocrx_word' id='word_1_753' title='bbox 3111 3546 3325 3600; x_wconf 86' lang='lat' dir='ltr'><strong>divinae</strong></span> <span class='ocrx_word' id='word_1_754' title='bbox 3370 3545 3618 3615; x_wconf 78' lang='lat' dir='ltr'><strong>imaginis</strong></span> 
     </span>
    </p>
   </div>
   <div class='ocr_carea' id='block_1_92' title="bbox 2026 3636 3614 3710">
    <p class='ocr_par' dir='ltr' id='par_1_92' title="bbox 2026 3636 3614 3710">
     <span class='ocr_line' id='line_1_92' title="bbox 2026 3636 3614 3710; baseline -0.004 -16"><span class='ocrx_word' id='word_1_755' title='bbox 2026 3639 2375 3710; x_wconf 79' lang='lat' dir='ltr'><strong>dignitatem,</strong></span> <span class='ocrx_word' id='word_1_756' title='bbox 2402 3639 2467 3692; x_wconf 88' lang='lat' dir='ltr'><strong>ad</strong></span> <span class='ocrx_word' id='word_1_757' title='bbox 2509 3654 2669 3708; x_wconf 89' lang='lat' dir='ltr'><strong>quam</strong></span> <span class='ocrx_word' id='word_1_758' title='bbox 2708 3637 2833 3693; x_wconf 82' lang='lat' dir='ltr'><strong>facti</strong></span> <span class='ocrx_word' id='word_1_759' title='bbox 2886 3646 3051 3703; x_wconf 90' lang='lat' dir='ltr'><strong>sunt,</strong></span> <span class='ocrx_word' id='word_1_760' title='bbox 3104 3636 3414 3702; x_wconf 79' lang='lat' dir='ltr'><strong>reversuri,</strong></span> <span class='ocrx_word' id='word_1_761' title='bbox 3440 3636 3614 3706; x_wconf 90' lang='lat' dir='ltr'><strong>ipsum</strong></span> 
     </span>
    </p>
   </div>
   <div class='ocr_carea' id='block_1_93' title="bbox 2024 3717 3617 3800">
    <p class='ocr_par' dir='ltr' id='par_1_93' title="bbox 2024 3717 3617 3800">
     <span class='ocr_line' id='line_1_93' title="bbox 2024 3717 3617 3800; baseline -0.001 -17"><span class='ocrx_word' id='word_1_762' title='bbox 2024 3729 2192 3783; x_wconf 85' lang='lat' dir='ltr'><strong>Deum</strong></span> <span class='ocrx_word' id='word_1_763' title='bbox 2221 3730 2356 3798; x_wconf 82' lang='lat' dir='ltr'><strong>[acie</strong></span> <span class='ocrx_word' id='word_1_764' title='bbox 2382 3730 2452 3782; x_wconf 85' lang='lat' dir='ltr'><strong>ad</strong></span> <span class='ocrx_word' id='word_1_765' title='bbox 2483 3730 2669 3800; x_wconf 82' lang='lat' dir='ltr'><strong>faciem</strong></span> <span class='ocrx_word' id='word_1_766' title='bbox 2689 3769 2705 3796; x_wconf 93' lang='lat'><strong>,</strong></span> <span class='ocrx_word' id='word_1_767' title='bbox 2733 3738 2993 3800; x_wconf 87' lang='lat' dir='ltr'><strong>quantum</strong></span> <span class='ocrx_word' id='word_1_768' title='bbox 3040 3737 3326 3783; x_wconf 82' lang='lat' dir='ltr'><strong>creaturae</strong></span> <span class='ocrx_word' id='word_1_769' title='bbox 3372 3717 3617 3796; x_wconf 77' lang='lat' dir='ltr'><strong>cuntprc-</strong></span> 
     </span>
    </p>
   </div>
   <div class='ocr_carea' id='block_1_94' title="bbox 2023 3818 3617 3893">
    <p class='ocr_par' dir='ltr' id='par_1_94' title="bbox 2023 3818 3617 3893">
     <span class='ocr_line' id='line_1_94' title="bbox 2023 3818 3617 3893; baseline -0.001 -19"><span class='ocrx_word' id='word_1_770' title='bbox 2023 3821 2272 3876; x_wconf 87' lang='lat' dir='ltr'><strong>hcnsibili</strong></span> <span class='ocrx_word' id='word_1_771' title='bbox 2302 3829 2358 3875; x_wconf 87' lang='lat' dir='ltr'><strong>et</strong></span> <span class='ocrx_word' id='word_1_772' title='bbox 2386 3821 2705 3893; x_wconf 77' lang='lat' dir='ltr'><strong>intelligibili</strong></span> <span class='ocrx_word' id='word_1_773' title='bbox 2736 3820 2817 3874; x_wconf 81' lang='lat' dir='ltr'><strong>fas</strong></span> <span class='ocrx_word' id='word_1_774' title='bbox 2841 3820 2907 3884; x_wconf 61' lang='lat'><strong>‘3,</strong></span> <span class='ocrx_word' id='word_1_775' title='bbox 2941 3818 3532 3889; x_wconf 83' lang='lat' dir='ltr'><strong>incomprehensibiletn</strong></span> <span class='ocrx_word' id='word_1_776' title='bbox 3562 3825 3617 3872; x_wconf 83' lang='lat' dir='ltr'><strong>et</strong></span> 
     </span>
    </p>
   </div>
   <div class='ocr_carea' id='block_1_95' title="bbox 2024 3907 3616 3981">
    <p class='ocr_par' dir='ltr' id='par_1_95' title="bbox 2024 3907 3616 3981">
     <span class='ocr_line' id='line_1_95' title="bbox 2024 3907 3616 3981; baseline -0.002 -17"><span class='ocrx_word' id='word_1_777' title='bbox 2024 3909 2414 3981; x_wconf 73' lang='lat' dir='ltr'><strong>intelligihilem</strong></span> <span class='ocrx_word' id='word_1_778' title='bbox 2483 3909 2901 3965; x_wconf 88' lang='lat' dir='ltr'><strong>universalitatis</strong></span> <span class='ocrx_word' id='word_1_779' title='bbox 2953 3922 3192 3972; x_wconf 86' lang='lat' dir='ltr'><strong>causam,</strong></span> <span class='ocrx_word' id='word_1_780' title='bbox 3227 3922 3388 3977; x_wconf 83' lang='lat' dir='ltr'><strong>super</strong></span> <span class='ocrx_word' id='word_1_781' title='bbox 3434 3907 3616 3961; x_wconf 76' lang='lat' dir='ltr'><strong>omnia</strong></span> 
     </span>
    </p>
   </div>
   <div class='ocr_carea' id='block_1_96' title="bbox 2024 3996 3613 4065">
    <p class='ocr_par' dir='ltr' id='par_1_96' title="bbox 2024 3996 3613 4065">
     <span class='ocr_line' id='line_1_96' title="bbox 2024 3996 3613 4065; baseline -0.002 -13"><span class='ocrx_word' id='word_1_782' title='bbox 2024 3999 2285 4063; x_wconf 75' lang='lat' dir='ltr'><strong>exaltati,</strong></span> <span class='ocrx_word' id='word_1_783' title='bbox 2338 3999 2477 4054; x_wconf 82' lang='lat' dir='ltr'><strong>facie</strong></span> <span class='ocrx_word' id='word_1_784' title='bbox 2532 4000 2599 4052; x_wconf 89' lang='lat' dir='ltr'><strong>ad</strong></span> <span class='ocrx_word' id='word_1_785' title='bbox 2660 3998 2873 4062; x_wconf 83' lang='lat' dir='ltr'><strong>faciem,</strong></span> <span class='ocrx_word' id='word_1_786' title='bbox 2938 3997 3041 4050; x_wconf 88' lang='lat' dir='ltr'><strong>hoc</strong></span> <span class='ocrx_word' id='word_1_787' title='bbox 3101 3997 3498 4065; x_wconf 75' lang='lat' dir='ltr'><strong>est,proxima</strong></span> <span class='ocrx_word' id='word_1_788' title='bbox 3540 3996 3613 4050; x_wconf 91' lang='lat' dir='ltr'><strong>illi</strong></span> 
     </span>
    </p>
   </div>
   <div class='ocr_carea' id='block_1_97' title="bbox 2026 4084 3615 4161">
    <p class='ocr_par' dir='ltr' id='par_1_97' title="bbox 2026 4084 3615 4161">
     <span class='ocr_line' id='line_1_97' title="bbox 2026 4084 3615 4161; baseline -0.004 -16"><span class='ocrx_word' id='word_1_789' title='bbox 2026 4091 2352 4161; x_wconf 88' lang='lat' dir='ltr'><strong>theophania</strong></span> <span class='ocrx_word' id='word_1_790' title='bbox 2401 4088 2570 4142; x_wconf 81' lang='lat' dir='ltr'><strong>visuri</strong></span> <span class='ocrx_word' id='word_1_791' title='bbox 2602 4096 2749 4153; x_wconf 89' lang='lat' dir='ltr'><strong>sunt,</strong></span> <span class='ocrx_word' id='word_1_792' title='bbox 2785 4089 2922 4142; x_wconf 88' lang='lat' dir='ltr'><strong>sicut</strong></span> <span class='ocrx_word' id='word_1_793' title='bbox 2966 4088 3043 4140; x_wconf 90' lang='lat' dir='ltr'><strong>ait</strong></span> <span class='ocrx_word' id='word_1_794' title='bbox 3086 4085 3420 4155; x_wconf 81' lang='lat' dir='ltr'><strong>Apostolus:</strong></span> <span class='ocrx_word' id='word_1_795' title='bbox 3460 4084 3615 4139; x_wconf 86' lang='lat' dir='ltr'><strong>Vide-</strong></span> 
     </span>
    </p>
   </div>
   <div class='ocr_carea' id='block_1_98' title="bbox 2026 4177 3612 4251">
    <p class='ocr_par' dir='ltr' id='par_1_98' title="bbox 2026 4177 3612 4251">
     <span class='ocr_line' id='line_1_98' title="bbox 2026 4177 3612 4251; baseline -0.004 -16"><span class='ocrx_word' id='word_1_796' title='bbox 2026 4198 2144 4236; x_wconf 87' lang='lat' dir='ltr'><strong>mus</strong></span> <span class='ocrx_word' id='word_1_797' title='bbox 2176 4198 2312 4235; x_wconf 90' lang='lat' dir='ltr'><strong>nunc</strong></span> <span class='ocrx_word' id='word_1_798' title='bbox 2337 4196 2431 4251; x_wconf 83' lang='lat' dir='ltr'><strong>per</strong></span> <span class='ocrx_word' id='word_1_799' title='bbox 2456 4177 2724 4250; x_wconf 86' lang='lat' dir='ltr'><strong>speculum</strong></span> <span class='ocrx_word' id='word_1_800' title='bbox 2764 4190 2810 4231; x_wconf 88' lang='lat' dir='ltr'><strong>et</strong></span> <span class='ocrx_word' id='word_1_801' title='bbox 2851 4179 2907 4232; x_wconf 86' lang='lat' dir='ltr'><strong>in</strong></span> <span class='ocrx_word' id='word_1_802' title='bbox 2952 4178 3266 4249; x_wconf 87' lang='lat' dir='ltr'><strong>aenigmate,</strong></span> <span class='ocrx_word' id='word_1_803' title='bbox 3295 4186 3417 4229; x_wconf 88' lang='lat' dir='ltr'><strong>tunc</strong></span> <span class='ocrx_word' id='word_1_804' title='bbox 3441 4185 3612 4229; x_wconf 85' lang='lat' dir='ltr'><strong>autem</strong></span> 
     </span>
    </p>
   </div>
   <div class='ocr_carea' id='block_1_99' title="bbox 2025 4264 3610 4342">
    <p class='ocr_par' dir='ltr' id='par_1_99' title="bbox 2025 4264 3610 4342">
     <span class='ocr_line' id='line_1_99' title="bbox 2025 4264 3610 4342; baseline -0.004 -18"><span class='ocrx_word' id='word_1_805' title='bbox 2025 4271 2159 4342; x_wconf 73' lang='lat' dir='ltr'><strong>facie</strong></span> <span class='ocrx_word' id='word_1_806' title='bbox 2185 4270 2253 4325; x_wconf 80' lang='lat' dir='ltr'><strong>ad</strong></span> <span class='ocrx_word' id='word_1_807' title='bbox 2293 4270 2505 4341; x_wconf 77' lang='lat' dir='ltr'><strong>facient,</strong></span> <span class='ocrx_word' id='word_1_808' title='bbox 2541 4269 2732 4322; x_wconf 80' lang='lat' dir='ltr'><strong>faciem</strong></span> <span class='ocrx_word' id='word_1_809' title='bbox 2766 4266 3042 4338; x_wconf 87' lang='lat' dir='ltr'><strong>appellans</strong></span> <span class='ocrx_word' id='word_1_810' title='bbox 3071 4264 3610 4335; x_wconf 87' lang='lat' dir='ltr'><strong>comprehensibilem</strong></span> 
     </span>
    </p>
   </div>
   <div class='ocr_carea' id='block_1_100' title="bbox 2024 4356 3613 4431">
    <p class='ocr_par' dir='ltr' id='par_1_100' title="bbox 2024 4356 3613 4431">
     <span class='ocr_line' id='line_1_100' title="bbox 2024 4356 3613 4431; baseline -0.003 -15"><span class='ocrx_word' id='word_1_811' title='bbox 2024 4363 2295 4431; x_wconf 87' lang='lat' dir='ltr'><strong>quandam</strong></span> <span class='ocrx_word' id='word_1_812' title='bbox 2344 4361 2580 4413; x_wconf 87' lang='lat' dir='ltr'><strong>humano</strong></span> <span class='ocrx_word' id='word_1_813' title='bbox 2612 4357 2904 4414; x_wconf 89' lang='lat' dir='ltr'><strong>intellectui</strong></span> <span class='ocrx_word' id='word_1_814' title='bbox 2948 4358 3161 4412; x_wconf 89' lang='lat' dir='ltr'><strong>divinae</strong></span> <span class='ocrx_word' id='word_1_815' title='bbox 3190 4356 3404 4410; x_wconf 89' lang='lat' dir='ltr'><strong>virtutis</strong></span> <span class='ocrx_word' id='word_1_816' title='bbox 3428 4396 3444 4421; x_wconf 96' lang='lat'><strong>,</strong></span> <span class='ocrx_word' id='word_1_817' title='bbox 3473 4370 3613 4424; x_wconf 80' lang='lat' dir='ltr'><strong>quae</strong></span> 
     </span>
    </p>
   </div>
   <div class='ocr_carea' id='block_1_101' title="bbox 2025 4442 3613 4519">
    <p class='ocr_par' dir='ltr' id='par_1_101' title="bbox 2025 4442 3613 4519">
     <span class='ocr_line' id='line_1_101' title="bbox 2025 4442 3613 4519; baseline -0.004 -14"><span class='ocrx_word' id='word_1_818' title='bbox 2025 4442 2055 4505; x_wconf 83' lang='lat' dir='ltr'><strong>a</strong></span> <span class='ocrx_word' id='word_1_819' title='bbox 2089 4449 2232 4505; x_wconf 87' lang='lat' dir='ltr'><strong>nulla</strong></span> <span class='ocrx_word' id='word_1_820' title='bbox 2256 4457 2507 4504; x_wconf 88' lang='lat' dir='ltr'><strong>creatura</strong></span> <span class='ocrx_word' id='word_1_821' title='bbox 2544 4462 2641 4517; x_wconf 90' lang='lat' dir='ltr'><strong>per</strong></span> <span class='ocrx_word' id='word_1_822' title='bbox 2669 4449 2899 4519; x_wconf 80' lang='lat' dir='ltr'><strong>seipsam</strong></span> <span class='ocrx_word' id='word_1_823' title='bbox 2928 4446 3274 4517; x_wconf 86' lang='lat' dir='ltr'><strong>perspicitur,</strong></span> <span class='ocrx_word' id='word_1_824' title='bbox 3317 4444 3613 4514; x_wconf 60' lang='lat' dir='ltr'><strong>apparitiov</strong></span> 
     </span>
    </p>
   </div>
   <div class='ocr_carea' id='block_1_102' title="bbox 2029 4534 3611 4594">
    <p class='ocr_par' dir='ltr' id='par_1_102' title="bbox 2029 4534 3611 4594">
     <span class='ocr_line' id='line_1_102' title="bbox 2029 4534 3611 4594; baseline -0.002 0"><span class='ocrx_word' id='word_1_825' title='bbox 2029 4554 2173 4594; x_wconf 87' lang='lat' dir='ltr'><strong>nem.</strong></span> <span class='ocrx_word' id='word_1_826' title='bbox 2206 4537 2375 4592; x_wconf 85' lang='lat' dir='ltr'><strong>Porro</strong></span> <span class='ocrx_word' id='word_1_827' title='bbox 2422 4539 2466 4593; x_wconf 92' lang='lat' dir='ltr'><strong>si</strong></span> <span class='ocrx_word' id='word_1_828' title='bbox 2507 4536 2709 4591; x_wconf 88' lang='lat' dir='ltr'><strong>malitia</strong></span> <span class='ocrx_word' id='word_1_829' title='bbox 2740 4546 2795 4592; x_wconf 90' lang='lat' dir='ltr'><strong>et</strong></span> <span class='ocrx_word' id='word_1_830' title='bbox 2843 4552 2987 4592; x_wconf 85' lang='lat' dir='ltr'><strong>mors</strong></span> <span class='ocrx_word' id='word_1_831' title='bbox 3030 4546 3085 4590; x_wconf 90' lang='lat' dir='ltr'><strong>et</strong></span> <span class='ocrx_word' id='word_1_832' title='bbox 3127 4534 3343 4590; x_wconf 87' lang='lat' dir='ltr'><strong>miseria</strong></span> <span class='ocrx_word' id='word_1_833' title='bbox 3387 4544 3611 4591; x_wconf 85' lang='lat' dir='ltr'><strong>naturae</strong></span> 
     </span>
    </p>
   </div>
   <div class='ocr_carea' id='block_1_103' title="bbox 2028 4629 3608 4701">
    <p class='ocr_par' dir='ltr' id='par_1_103' title="bbox 2028 4629 3608 4701">
     <span class='ocr_line' id='line_1_103' title="bbox 2028 4629 3608 4701; baseline -0.002 -16"><span class='ocrx_word' id='word_1_834' title='bbox 2028 4632 2164 4686; x_wconf 90' lang='lat' dir='ltr'><strong>adeo</strong></span> <span class='ocrx_word' id='word_1_835' title='bbox 2191 4630 2441 4686; x_wconf 89' lang='lat' dir='ltr'><strong>conditae</strong></span> <span class='ocrx_word' id='word_1_836' title='bbox 2468 4646 2770 4701; x_wconf 81' lang='lat' dir='ltr'><strong>repugnans</strong></span> <span class='ocrx_word' id='word_1_837' title='bbox 2794 4671 2809 4696; x_wconf 95' lang='lat'><strong>,</strong></span> <span class='ocrx_word' id='word_1_838' title='bbox 2853 4646 3028 4700; x_wconf 90' lang='lat' dir='ltr'><strong>neque</strong></span> <span class='ocrx_word' id='word_1_839' title='bbox 3071 4631 3124 4684; x_wconf 92' lang='lat' dir='ltr'><strong>in</strong></span> <span class='ocrx_word' id='word_1_840' title='bbox 3159 4644 3322 4685; x_wconf 86' lang='lat' dir='ltr'><strong>causa</strong></span> <span class='ocrx_word' id='word_1_841' title='bbox 3367 4629 3608 4684; x_wconf 85' lang='lat' dir='ltr'><strong>omnium</strong></span> 
     </span>
    </p>
   </div>
   <div class='ocr_carea' id='block_1_104' title="bbox 2026 4720 3609 4791">
    <p class='ocr_par' dir='ltr' id='par_1_104' title="bbox 2026 4720 3609 4791">
     <span class='ocr_line' id='line_1_104' title="bbox 2026 4720 3609 4791; baseline -0.001 -16"><span class='ocrx_word' id='word_1_842' title='bbox 2026 4720 2190 4785; x_wconf 75' lang='lat' dir='ltr'><strong>facta,</strong></span> <span class='ocrx_word' id='word_1_843' title='bbox 2225 4734 2398 4789; x_wconf 89' lang='lat' dir='ltr'><strong>neque</strong></span> <span class='ocrx_word' id='word_1_844' title='bbox 2423 4720 2540 4791; x_wconf 84' lang='lat' dir='ltr'><strong>ejus</strong></span> <span class='ocrx_word' id='word_1_845' title='bbox 2583 4721 2855 4789; x_wconf 86' lang='lat' dir='ltr'><strong>particeps</strong></span> <span class='ocrx_word' id='word_1_846' title='bbox 2891 4731 3007 4786; x_wconf 87' lang='lat' dir='ltr'><strong>est,</strong></span> <span class='ocrx_word' id='word_1_847' title='bbox 3038 4720 3225 4785; x_wconf 76' lang='lat' dir='ltr'><strong>mirqr,</strong></span> <span class='ocrx_word' id='word_1_848' title='bbox 3253 4735 3357 4790; x_wconf 91' lang='lat' dir='ltr'><strong>qua</strong></span> <span class='ocrx_word' id='word_1_849' title='bbox 3403 4728 3609 4774; x_wconf 78' lang='lat' dir='ltr'><strong>ratione</strong></span> 
     </span>
    </p>
   </div>
   <div class='ocr_carea' id='block_1_105' title="bbox 2028 4813 3609 4885">
    <p class='ocr_par' dir='ltr' id='par_1_105' title="bbox 2028 4813 3609 4885">
     <span class='ocr_line' id='line_1_105' title="bbox 2028 4813 3609 4885; baseline -0.001 -16"><span class='ocrx_word' id='word_1_850' title='bbox 2028 4813 2310 4875; x_wconf 88' lang='lat' dir='ltr'><strong>deliberas,</strong></span> <span class='ocrx_word' id='word_1_851' title='bbox 2339 4822 2394 4868; x_wconf 86' lang='lat' dir='ltr'><strong>et</strong></span> <span class='ocrx_word' id='word_1_852' title='bbox 2416 4814 2679 4881; x_wconf 80' lang='lat' dir='ltr'><strong>haesitas,</strong></span> <span class='ocrx_word' id='word_1_853' title='bbox 2707 4816 2966 4870; x_wconf 86' lang='lat' dir='ltr'><strong>malitiam</strong></span> <span class='ocrx_word' id='word_1_854' title='bbox 2995 4824 3332 4885; x_wconf 87' lang='lat' dir='ltr'><strong>mortemque</strong></span> <span class='ocrx_word' id='word_1_855' title='bbox 3361 4825 3609 4869; x_wconf 78' lang='lat' dir='ltr'><strong>aeterno-</strong></span> 
     </span>
    </p>
   </div>
   <div class='ocr_carea' id='block_1_106' title="bbox 2028 4903 3609 4975">
    <p class='ocr_par' dir='ltr' id='par_1_106' title="bbox 2028 4903 3609 4975">
     <span class='ocr_line' id='line_1_106' title="bbox 2028 4903 3609 4975; baseline 0.001 -20"><span class='ocrx_word' id='word_1_856' title='bbox 2028 4917 2145 4955; x_wconf 89' lang='lat' dir='ltr'><strong>rum</strong></span> <span class='ocrx_word' id='word_1_857' title='bbox 2178 4911 2564 4956; x_wconf 89' lang='lat' dir='ltr'><strong>tormentorum</strong></span> <span class='ocrx_word' id='word_1_858' title='bbox 2610 4903 2663 4958; x_wconf 88' lang='lat' dir='ltr'><strong>in</strong></span> <span class='ocrx_word' id='word_1_859' title='bbox 2708 4904 3068 4970; x_wconf 85' lang='lat' dir='ltr'><strong>humanitate,</strong></span> <span class='ocrx_word' id='word_1_860' title='bbox 3108 4920 3272 4975; x_wconf 80' lang='lat' dir='ltr'><strong>quant</strong></span> <span class='ocrx_word' id='word_1_861' title='bbox 3318 4912 3484 4959; x_wconf 83' lang='lat' dir='ltr'><strong>totam</strong></span> <span class='ocrx_word' id='word_1_862' title='bbox 3516 4904 3609 4958; x_wconf 88' lang='lat' dir='ltr'><strong>Dei</strong></span> 
     </span>
    </p>
   </div>
   <div class='ocr_carea' id='block_1_107' title="bbox 2028 4991 3612 5065">
    <p class='ocr_par' dir='ltr' id='par_1_107' title="bbox 2028 4991 3612 5065">
     <span class='ocr_line' id='line_1_107' title="bbox 2028 4991 3612 5065; baseline -0.001 -19"><span class='ocrx_word' id='word_1_863' title='bbox 2028 4992 2260 5048; x_wconf 83' lang='lat' dir='ltr'><strong>Verbum</strong></span> <span class='ocrx_word' id='word_1_864' title='bbox 2290 4995 2341 5049; x_wconf 92' lang='lat' dir='ltr'><strong>in</strong></span> <span class='ocrx_word' id='word_1_865' title='bbox 2368 4995 2545 5065; x_wconf 89' lang='lat' dir='ltr'><strong>seipso</strong></span> <span class='ocrx_word' id='word_1_866' title='bbox 2587 5004 2919 5065; x_wconf 85' lang='lat' dir='ltr'><strong>assumptam</strong></span> <span class='ocrx_word' id='word_1_867' title='bbox 2954 4994 3234 5060; x_wconf 82' lang='lat' dir='ltr'><strong>liberavit,</strong></span> <span class='ocrx_word' id='word_1_868' title='bbox 3264 4991 3612 5049; x_wconf 82' lang='lat' dir='ltr'><strong>aeternaliter</strong></span> 
     </span>
    </p>
   </div>
   <div class='ocr_carea' id='block_1_108' title="bbox 2024 5086 3612 5154">
    <p class='ocr_par' dir='ltr' id='par_1_108' title="bbox 2024 5086 3612 5154">
     <span class='ocr_line' id='line_1_108' title="bbox 2024 5086 3612 5154; baseline -0.003 -15"><span class='ocrx_word' id='word_1_869' title='bbox 2024 5099 2457 5154; x_wconf 88' lang='lat' dir='ltr'><strong>permansuram,</strong></span> <span class='ocrx_word' id='word_1_870' title='bbox 2505 5101 2629 5141; x_wconf 91' lang='lat' dir='ltr'><strong>cum</strong></span> <span class='ocrx_word' id='word_1_871' title='bbox 2668 5101 2796 5143; x_wconf 88' lang='lat' dir='ltr'><strong>vera</strong></span> <span class='ocrx_word' id='word_1_872' title='bbox 2824 5089 2968 5145; x_wconf 86' lang='lat' dir='ltr'><strong>ratio</strong></span> <span class='ocrx_word' id='word_1_873' title='bbox 2990 5089 3202 5153; x_wconf 86' lang='lat' dir='ltr'><strong>doceat,</strong></span> <span class='ocrx_word' id='word_1_874' title='bbox 3229 5086 3432 5141; x_wconf 89' lang='lat' dir='ltr'><strong>nullum</strong></span> <span class='ocrx_word' id='word_1_875' title='bbox 3474 5097 3612 5137; x_wconf 83' lang='lat' dir='ltr'><strong>con-</strong></span> 
     </span>
    </p>
   </div>
   <div class='ocr_carea' id='block_1_109' title="bbox 2026 5173 3606 5250">
    <p class='ocr_par' dir='ltr' id='par_1_109' title="bbox 2026 5173 3606 5250">
     <span class='ocr_line' id='line_1_109' title="bbox 2026 5173 3606 5250; baseline -0.002 -21"><span class='ocrx_word' id='word_1_876' title='bbox 2026 5176 2251 5230; x_wconf 85' lang='lat' dir='ltr'><strong>trarium</strong></span> <span class='ocrx_word' id='word_1_877' title='bbox 2304 5176 2522 5232; x_wconf 86' lang='lat' dir='ltr'><strong>divinae</strong></span> <span class='ocrx_word' id='word_1_878' title='bbox 2575 5178 2803 5233; x_wconf 86' lang='lat' dir='ltr'><strong>bonitati</strong></span> <span class='ocrx_word' id='word_1_879' title='bbox 2860 5180 3111 5250; x_wconf 85' lang='lat' dir='ltr'><strong>vitaeque</strong></span> <span class='ocrx_word' id='word_1_880' title='bbox 3163 5194 3227 5232; x_wconf 83' lang='lat' dir='ltr'><strong>ac</strong></span> <span class='ocrx_word' id='word_1_881' title='bbox 3286 5173 3606 5230; x_wconf 84' lang='lat' dir='ltr'><strong>beatitudini</strong></span> 
     </span>
    </p>
   </div>
   <div class='ocr_carea' id='block_1_110' title="bbox 2023 5261 3611 5340">
    <p class='ocr_par' dir='ltr' id='par_1_110' title="bbox 2023 5261 3611 5340">
     <span class='ocr_line' id='line_1_110' title="bbox 2023 5261 3611 5340; baseline -0.004 -18"><span class='ocrx_word' id='word_1_882' title='bbox 2023 5282 2182 5337; x_wconf 87' lang='lat' dir='ltr'><strong>posse</strong></span> <span class='ocrx_word' id='word_1_883' title='bbox 2227 5282 2351 5323; x_wconf 86' lang='lat' dir='ltr'><strong>esse</strong></span> <span class='ocrx_word' id='word_1_884' title='bbox 2405 5277 2770 5326; x_wconf 79' lang='lat' dir='ltr'><strong>coaeternum.</strong></span> <span class='ocrx_word' id='word_1_885' title='bbox 2823 5269 3010 5326; x_wconf 79' lang='lat' dir='ltr'><strong>Divina</strong></span> <span class='ocrx_word' id='word_1_886' title='bbox 3072 5269 3338 5340; x_wconf 83' lang='lat' dir='ltr'><strong>siquidem</strong></span> <span class='ocrx_word' id='word_1_887' title='bbox 3392 5261 3611 5319; x_wconf 83' lang='lat' dir='ltr'><strong>bonitas</strong></span> 
     </span>
    </p>
   </div>
   <div class='ocr_carea' id='block_1_111' title="bbox 1648 5374 2336 5440">
    <p class='ocr_par' dir='ltr' id='par_1_111' title="bbox 1648 5374 2336 5440">
     <span class='ocr_line' id='line_1_111' title="bbox 1648 5374 2336 5440; baseline 0.012 -11"><span class='ocrx_word' id='word_1_888' title='bbox 1648 5374 1902 5433; x_wconf 77' lang='lat' dir='ltr'><strong>VARIAE</strong></span> <span class='ocrx_word' id='word_1_889' title='bbox 1939 5376 2336 5440; x_wconf 73' lang='lat' dir='ltr'><strong>LECTIONES.</strong></span> 
     </span>
    </p>
   </div>
   <div class='ocr_carea' id='block_1_112' title="bbox 426 5479 2150 5561">
    <p class='ocr_par' dir='ltr' id='par_1_112' title="bbox 426 5479 2150 5561">
     <span class='ocr_line' id='line_1_112' title="bbox 426 5479 2150 5561; baseline 0.016 -30"><span class='ocrx_word' id='word_1_890' title='bbox 426 5479 565 5561; x_wconf 52' lang='lat' dir='ltr'><strong>&#39;hSic</strong></span> <span class='ocrx_word' id='word_1_891' title='bbox 591 5481 717 5561; x_wconf 83' lang='lat' dir='ltr'><strong>CF_;</strong></span> <span class='ocrx_word' id='word_1_892' title='bbox 749 5483 1195 5561; x_wconf 45' lang='lat' dir='ltr'><strong>A‘gmpbibologi.</strong></span> <span class='ocrx_word' id='word_1_893' title='bbox 1268 5494 1289 5524; x_wconf 80' lang='lat'><strong>’</strong></span> <span class='ocrx_word' id='word_1_894' title='bbox 1313 5493 1403 5547; x_wconf 85' lang='lat' dir='ltr'><strong>Sic</strong></span> <span class='ocrx_word' id='word_1_895' title='bbox 1430 5494 1553 5561; x_wconf 78' lang='lat' dir='ltr'><strong>CF;</strong></span> <span class='ocrx_word' id='word_1_896' title='bbox 1585 5495 1789 5554; x_wconf 82' lang='lat' dir='ltr'><strong>dicitur</strong></span> <span class='ocrx_word' id='word_1_897' title='bbox 1817 5515 1924 5555; x_wconf 76' lang='lat' dir='ltr'><strong>esse</strong></span> <span class='ocrx_word' id='word_1_898' title='bbox 1957 5511 2012 5555; x_wconf 81' lang='lat' dir='ltr'><strong>et</strong></span> <span class='ocrx_word' id='word_1_899' title='bbox 2046 5512 2150 5561; x_wconf 88' lang='lat' dir='ltr'><strong>est.</strong></span> 
     </span>
    </p>
   </div>
   <div class='ocr_carea' id='block_1_113' title="bbox 337 5548 1159 5630">
    <p class='ocr_par' dir='ltr' id='par_1_113' title="bbox 337 5548 1159 5630">
     <span class='ocr_line' id='line_1_113' title="bbox 337 5548 1159 5630; baseline 0.013 -27"><span class='ocrx_word' id='word_1_900' title='bbox 507 5564 522 5615; x_wconf 86' lang='lat'><strong>;</strong></span> <span class='ocrx_word' id='word_1_901' title='bbox 542 5548 775 5630; x_wconf 43' lang='lat' dir='ltr'><strong>putt-tina</strong></span> <span class='ocrx_word' id='word_1_902' title='bbox 793 5548 924 5610; x_wconf 54' lang='lat' dir='ltr'><strong>MAG;</strong></span> <span class='ocrx_word' id='word_1_903' title='bbox 955 5548 1159 5630; x_wconf 52' lang='lat' dir='ltr'><strong>Itaque:</strong></span> 
     </span>
    </p>
   </div>
   <div class='ocr_carea' id='block_1_114' title="bbox 343 5561 1648 5647">
    <p class='ocr_par' dir='ltr' id='par_1_114' title="bbox 343 5561 1648 5647">
     <span class='ocr_line' id='line_1_114' title="bbox 343 5561 1648 5647; baseline 0.016 -47"><span class='ocrx_word' id='word_1_904' title='bbox 343 5561 487 5647; x_wconf 52' lang='lat' dir='ltr'><strong>:‘A‘lt</strong></span> <span class='ocrx_word' id='word_1_905' title='bbox 504 5561 924 5647; x_wconf 37' lang='lat' dir='ltr'><strong>Lernan-oblini.</strong></span> <span class='ocrx_word' id='word_1_906' title='bbox 955 5561 1159 5647; x_wconf 62' lang='lat' dir='ltr'><strong>Itaque:</strong></span> <span class='ocrx_word' id='word_1_907' title='bbox 1189 5632 1207 5647; x_wconf 49' lang='lat'><em>’</em></span> <span class='ocrx_word' id='word_1_908' title='bbox 1238 5561 1257 5591; x_wconf 81' lang='grc'><strong>⁷</strong></span> <span class='ocrx_word' id='word_1_909' title='bbox 1278 5563 1332 5615; x_wconf 82' lang='lat' dir='ltr'><strong>in</strong></span> <span class='ocrx_word' id='word_1_910' title='bbox 1361 5580 1415 5617; x_wconf 80' lang='lat' dir='ltr'><strong>se</strong></span> <span class='ocrx_word' id='word_1_911' title='bbox 1584 5566 1648 5622; x_wconf 83' lang='lat' dir='ltr'><strong>A.</strong></span> 
     </span>
    </p>
   </div>
   <div class='ocr_carea' id='block_1_115' title="bbox 420 5619 1035 5691">
    <p class='ocr_par' dir='ltr' id='par_1_115' title="bbox 420 5619 1035 5691">
     <span class='ocr_line' id='line_1_115' title="bbox 420 5619 1035 5691; baseline 0.02 -23"><span class='ocrx_word' id='word_1_912' title='bbox 420 5619 468 5668; x_wconf 77' lang='grc' dir='ltr'><strong>Α</strong></span> <span class='ocrx_word' id='word_1_913' title='bbox 501 5629 570 5673; x_wconf 79' lang='lat' dir='ltr'><strong>et.</strong></span> <span class='ocrx_word' id='word_1_914' title='bbox 647 5623 691 5652; x_wconf 84' lang='lat'>&quot;</span> <span class='ocrx_word' id='word_1_915' title='bbox 722 5623 804 5691; x_wconf 84' lang='lat' dir='ltr'><strong>pie</strong></span> <span class='ocrx_word' id='word_1_916' title='bbox 834 5640 943 5683; x_wconf 88' lang='lat' dir='ltr'><strong>om.</strong></span> <span class='ocrx_word' id='word_1_917' title='bbox 970 5633 1035 5682; x_wconf 79' lang='grc' dir='ltr'><strong>Α.</strong></span> 
     </span>
    </p>
   </div>
   <div class='ocr_carea' id='block_1_116' title="bbox 1109 5630 1539 5701">
    <p class='ocr_par' dir='ltr' id='par_1_116' title="bbox 1109 5630 1539 5701">
     <span class='ocr_line' id='line_1_116' title="bbox 1109 5630 1539 5701; baseline 0.014 -18"><span class='ocrx_word' id='word_1_918' title='bbox 1109 5630 1154 5663; x_wconf 86' lang='grc'><strong>¹³</strong></span> <span class='ocrx_word' id='word_1_919' title='bbox 1182 5632 1261 5701; x_wconf 78' lang='lat' dir='ltr'><strong>{as</strong></span> <span class='ocrx_word' id='word_1_920' title='bbox 1287 5646 1398 5687; x_wconf 91' lang='lat' dir='ltr'><strong>om.</strong></span> <span class='ocrx_word' id='word_1_921' title='bbox 1431 5632 1539 5690; x_wconf 80' lang='lat' dir='ltr'><strong>CF.</strong></span> 
     </span>
    </p>
   </div>
   <div class='ocr_carea' id='block_1_117' title="bbox 1734 5568 2449 5638">
    <p class='ocr_par' dir='ltr' id='par_1_117' title="bbox 1734 5568 2449 5638">
     <span class='ocr_line' id='line_1_117' title="bbox 1734 5568 2449 5638; baseline 0.01 -15"><span class='ocrx_word' id='word_1_922' title='bbox 1734 5569 1755 5601; x_wconf 85' lang='grc'><strong><em>⁸</em></strong></span> <span class='ocrx_word' id='word_1_923' title='bbox 1781 5568 1872 5626; x_wconf 88' lang='lat' dir='ltr'><strong>Sic</strong></span> <span class='ocrx_word' id='word_1_924' title='bbox 1903 5568 1989 5625; x_wconf 76' lang='lat' dir='ltr'><strong>CF</strong></span> <span class='ocrx_word' id='word_1_925' title='bbox 2009 5609 2028 5638; x_wconf 89' lang='lat'><strong>,</strong></span> <span class='ocrx_word' id='word_1_926' title='bbox 2063 5576 2105 5625; x_wconf 82' lang='grc' dir='ltr'><strong>Δ</strong></span> <span class='ocrx_word' id='word_1_927' title='bbox 2134 5584 2204 5629; x_wconf 79' lang='lat' dir='ltr'><strong>et.</strong></span> <span class='ocrx_word' id='word_1_928' title='bbox 2269 5575 2291 5607; x_wconf 81' lang='lat'><strong>&#39;</strong></span> <span class='ocrx_word' id='word_1_929' title='bbox 2314 5568 2449 5630; x_wconf 71' lang='grc' dir='ltr'><strong>Αέι.</strong></span> 
     </span>
    </p>
   </div>
   <div class='ocr_carea' id='block_1_118' title="bbox 2589 5494 3585 5558">
    <p class='ocr_par' dir='ltr' id='par_1_118' title="bbox 2589 5494 3585 5558">
     <span class='ocr_line' id='line_1_118' title="bbox 2589 5494 3585 5558; baseline -0.015 1"><span class='ocrx_word' id='word_1_930' title='bbox 2589 5506 2609 5537; x_wconf 69' lang='grc'>⁸</span> <span class='ocrx_word' id='word_1_931' title='bbox 2640 5520 2749 5558; x_wconf 84' lang='lat' dir='ltr'><strong>esse</strong></span> <span class='ocrx_word' id='word_1_932' title='bbox 2780 5503 2920 5556; x_wconf 86' lang='lat' dir='ltr'><strong>Dtsc.</strong></span> <span class='ocrx_word' id='word_1_933' title='bbox 2958 5513 3071 5552; x_wconf 90' lang='lat' dir='ltr'><strong>om.</strong></span> <span class='ocrx_word' id='word_1_934' title='bbox 3097 5497 3162 5548; x_wconf 82' lang='grc' dir='ltr'><strong>Α.</strong></span> <span class='ocrx_word' id='word_1_935' title='bbox 3230 5495 3251 5526; x_wconf 85' lang='grc'>⁸</span> <span class='ocrx_word' id='word_1_936' title='bbox 3276 5498 3351 5547; x_wconf 76' lang='lat' dir='ltr'><strong>ret</strong></span> <span class='ocrx_word' id='word_1_937' title='bbox 3375 5509 3486 5549; x_wconf 90' lang='lat' dir='ltr'><strong>om.</strong></span> <span class='ocrx_word' id='word_1_938' title='bbox 3520 5494 3585 5547; x_wconf 84' lang='lat' dir='ltr'><strong>A.</strong></span> 
     </span>
    </p>
   </div>
   <div class='ocr_carea' id='block_1_119' title="bbox 2224 5503 3539 5579">
    <p class='ocr_par' dir='ltr' id='par_1_119' title="bbox 2224 5503 3539 5579">
     <span class='ocr_line' id='line_1_119' title="bbox 2224 5503 3539 5579; baseline -0.01 -18"><span class='ocrx_word' id='word_1_939' title='bbox 2224 5503 2310 5579; x_wconf 74' lang='lat' dir='ltr'><strong>&#39;_A</strong></span> <span class='ocrx_word' id='word_1_940' title='bbox 2332 5507 2557 5579; x_wconf 23' lang='lat' dir='ltr'><strong>igiturn</strong></span> <span class='ocrx_word' id='word_1_941' title='bbox 2589 5506 2617 5579; x_wconf 63' lang='lat'><strong>‘_</strong></span> <span class='ocrx_word' id='word_1_942' title='bbox 2640 5520 2749 5558; x_wconf 86' lang='lat' dir='ltr'><strong>esse</strong></span> <span class='ocrx_word' id='word_1_943' title='bbox 2780 5503 2920 5579; x_wconf 76' lang='lat' dir='ltr'><strong>Dtsc.</strong></span> <span class='ocrx_word' id='word_1_944' title='bbox 2958 5503 3162 5579; x_wconf 41' lang='lat' dir='ltr'><strong>om..A.</strong></span> <span class='ocrx_word' id='word_1_945' title='bbox 3230 5503 3351 5579; x_wconf 66' lang='lat' dir='ltr'><strong>&#39;rel</strong></span> <span class='ocrx_word' id='word_1_946' title='bbox 3375 5509 3486 5549; x_wconf 89' lang='lat' dir='ltr'><strong>om.</strong></span> 
     </span>
    </p>
   </div>
   <div class='ocr_carea' id='block_1_120' title="bbox 2520 5572 3584 5630">
    <p class='ocr_par' dir='ltr' id='par_1_120' title="bbox 2520 5572 3584 5630">
     <span class='ocr_line' id='line_1_120' title="bbox 2520 5572 3584 5630; baseline -0.01 -2"><span class='ocrx_word' id='word_1_947' title='bbox 2520 5578 2561 5606; x_wconf 74' lang='lat'><strong><em>‘°</em></strong></span> <span class='ocrx_word' id='word_1_948' title='bbox 2593 5575 2633 5627; x_wconf 84' lang='grc' dir='ltr'><strong>Λ</strong></span> <span class='ocrx_word' id='word_1_949' title='bbox 2664 5572 3005 5627; x_wconf 84' lang='lat' dir='ltr'><strong>aeternitatis</strong></span> <span class='ocrx_word' id='word_1_950' title='bbox 3029 5572 3142 5630; x_wconf 75' lang='lat' dir='ltr'><strong>eius</strong></span> <span class='ocrx_word' id='word_1_951' title='bbox 3190 5575 3462 5620; x_wconf 80' lang='lat' dir='ltr'><strong>aeternum</strong></span> <span class='ocrx_word' id='word_1_952' title='bbox 3493 5572 3584 5622; x_wconf 83' lang='lat' dir='ltr'><strong>sit.</strong></span> 
     </span>
    </p>
   </div>
  </div>
