  <div class='ocr_page' id='page_1' title='image "/cluster/home/n/w/nwhite01/storage/ocr_20150623/122/hvd.32044054759840/501.png"; bbox 0 0 3898 6154; ppageno 0'>
   <div class='ocr_carea' id='block_1_1' title="bbox 406 233 513 292">
    <p class='ocr_par' dir='ltr' id='par_1_1' title="bbox 406 233 513 292">
     <span class='ocr_line' id='line_1_1' title="bbox 406 233 513 292; baseline -0.019 -1"><span class='ocrx_word' id='word_1_1' title='bbox 406 233 513 292; x_wconf 76' lang='lat'><strong>927</strong></span> 
     </span>
    </p>
   </div>
   <div class='ocr_carea' id='block_1_2' title="bbox 403 433 1981 505">
    <p class='ocr_par' dir='ltr' id='par_1_2' title="bbox 403 433 1981 505">
     <span class='ocr_line' id='line_1_2' title="bbox 403 433 1981 505; baseline -0.002 -14"><span class='ocrx_word' id='word_1_2' title='bbox 403 447 539 505; x_wconf 88' lang='lat' dir='ltr'><strong>tem,</strong></span> <span class='ocrx_word' id='word_1_3' title='bbox 565 436 848 492; x_wconf 70' lang='lat' dir='ltr'><strong>beatitudo</strong></span> <span class='ocrx_word' id='word_1_4' title='bbox 877 435 1177 490; x_wconf 86' lang='lat' dir='ltr'><strong>miseriam.</strong></span> <span class='ocrx_word' id='word_1_5' title='bbox 1210 434 1486 500; x_wconf 59' lang='lat' dir='ltr'><strong>Scrip‘um</strong></span> <span class='ocrx_word' id='word_1_6' title='bbox 1520 444 1605 488; x_wconf 73' lang='lat' dir='ltr'><strong>est</strong></span> <span class='ocrx_word' id='word_1_7' title='bbox 1653 435 1799 489; x_wconf 87' lang='lat' dir='ltr'><strong>enim</strong></span> <span class='ocrx_word' id='word_1_8' title='bbox 1828 452 1842 489; x_wconf 86' lang='lat'><strong>:</strong></span> <span class='ocrx_word' id='word_1_9' title='bbox 1878 433 1981 488; x_wconf 81' lang='lat' dir='ltr'><strong>Ero</strong></span> 
     </span>
    </p>
   </div>
   <div class='ocr_carea' id='block_1_3' title="bbox 402 526 1981 591">
    <p class='ocr_par' dir='ltr' id='par_1_3' title="bbox 402 526 1981 591">
     <span class='ocr_line' id='line_1_3' title="bbox 402 526 1981 591; baseline 0 -11"><span class='ocrx_word' id='word_1_10' title='bbox 402 545 545 581; x_wconf 86' lang='lat' dir='ltr'><strong>mors</strong></span> <span class='ocrx_word' id='word_1_11' title='bbox 578 538 694 591; x_wconf 89' lang='lat' dir='ltr'><strong>tua,</strong></span> <span class='ocrx_word' id='word_1_12' title='bbox 726 544 756 580; x_wconf 91' lang='grc' dir='ltr'><strong><em>ο</em></strong></span> <span class='ocrx_word' id='word_1_13' title='bbox 798 543 958 589; x_wconf 87' lang='lat' dir='ltr'><strong>mors,</strong></span> <span class='ocrx_word' id='word_1_14' title='bbox 993 535 1042 578; x_wconf 89' lang='lat' dir='ltr'><strong>et</strong></span> <span class='ocrx_word' id='word_1_15' title='bbox 1098 542 1303 579; x_wconf 85' lang='lat' dir='ltr'><strong>morsus</strong></span> <span class='ocrx_word' id='word_1_16' title='bbox 1353 537 1495 589; x_wconf 90' lang='lat' dir='ltr'><strong>tuus,</strong></span> <span class='ocrx_word' id='word_1_17' title='bbox 1521 543 1550 579; x_wconf 92' lang='grc' dir='ltr'><strong><em>ο</em></strong></span> <span class='ocrx_word' id='word_1_18' title='bbox 1604 526 1834 589; x_wconf 76' lang='lat' dir='ltr'><strong>inferne.</strong></span> <span class='ocrx_word' id='word_1_19' title='bbox 1864 526 1981 580; x_wconf 83' lang='lat' dir='ltr'><strong>Nisi</strong></span> 
     </span>
    </p>
   </div>
   <div class='ocr_carea' id='block_1_4' title="bbox 403 606 1984 684">
    <p class='ocr_par' dir='ltr' id='par_1_4' title="bbox 403 606 1984 684">
     <span class='ocr_line' id='line_1_4' title="bbox 403 606 1984 684; baseline -0.001 -15"><span class='ocrx_word' id='word_1_20' title='bbox 403 615 545 671; x_wconf 76' lang='lat' dir='ltr'><strong>forte</strong></span> <span class='ocrx_word' id='word_1_21' title='bbox 571 616 750 670; x_wconf 87' lang='lat' dir='ltr'><strong>adhuc</strong></span> <span class='ocrx_word' id='word_1_22' title='bbox 778 615 1032 684; x_wconf 76' lang='lat' dir='ltr'><strong>ambigis,</strong></span> <span class='ocrx_word' id='word_1_23' title='bbox 1054 613 1341 669; x_wconf 90' lang='lat' dir='ltr'><strong>Dominum</strong></span> <span class='ocrx_word' id='word_1_24' title='bbox 1367 614 1552 670; x_wconf 81' lang='lat' dir='ltr'><strong>Jesnm</strong></span> <span class='ocrx_word' id='word_1_25' title='bbox 1584 606 1851 669; x_wconf 65' lang='lat' dir='ltr'><strong>humanae</strong></span> <span class='ocrx_word' id='word_1_26' title='bbox 1884 633 1984 668; x_wconf 87' lang='lat' dir='ltr'><strong>na-</strong></span> 
     </span>
    </p>
   </div>
   <div class='ocr_carea' id='block_1_5' title="bbox 404 708 1984 777">
    <p class='ocr_par' dir='ltr' id='par_1_5' title="bbox 404 708 1984 777">
     <span class='ocr_line' id='line_1_5' title="bbox 404 708 1984 777; baseline -0.003 -13"><span class='ocrx_word' id='word_1_27' title='bbox 404 720 561 764; x_wconf 87' lang='lat' dir='ltr'><strong>turae</strong></span> <span class='ocrx_word' id='word_1_28' title='bbox 588 717 927 776; x_wconf 74' lang='lat' dir='ltr'><strong>acceptorem</strong></span> <span class='ocrx_word' id='word_1_29' title='bbox 963 717 1020 762; x_wconf 90' lang='lat' dir='ltr'><strong>et</strong></span> <span class='ocrx_word' id='word_1_30' title='bbox 1058 708 1383 763; x_wconf 69' lang='lat' dir='ltr'><strong>salvatorem</strong></span> <span class='ocrx_word' id='word_1_31' title='bbox 1422 724 1528 762; x_wconf 90' lang='lat' dir='ltr'><strong>non</strong></span> <span class='ocrx_word' id='word_1_32' title='bbox 1590 717 1757 761; x_wconf 70' lang='lat' dir='ltr'><strong>totattt</strong></span> <span class='ocrx_word' id='word_1_33' title='bbox 1787 710 1984 777; x_wconf 80' lang='lat' dir='ltr'><strong>ipsam,</strong></span> 
     </span>
    </p>
   </div>
   <div class='ocr_carea' id='block_1_6' title="bbox 404 800 1984 869">
    <p class='ocr_par' dir='ltr' id='par_1_6' title="bbox 404 800 1984 869">
     <span class='ocr_line' id='line_1_6' title="bbox 404 800 1984 869; baseline -0.001 -15"><span class='ocrx_word' id='word_1_34' title='bbox 404 801 500 855; x_wconf 83' lang='lat' dir='ltr'><strong>sed</strong></span> <span class='ocrx_word' id='word_1_35' title='bbox 534 800 1076 868; x_wconf 80' lang='lat' dir='ltr'><strong>quantulumcunque</strong></span> <span class='ocrx_word' id='word_1_36' title='bbox 1117 810 1328 867; x_wconf 84' lang='lat' dir='ltr'><strong>partem</strong></span> <span class='ocrx_word' id='word_1_37' title='bbox 1359 802 1475 869; x_wconf 78' lang='lat' dir='ltr'><strong>ejus</strong></span> <span class='ocrx_word' id='word_1_38' title='bbox 1500 813 1552 853; x_wconf 88' lang='lat' dir='ltr'><strong>et</strong></span> <span class='ocrx_word' id='word_1_39' title='bbox 1581 804 1600 831; x_wconf 81' lang='grc'>¹</span> <span class='ocrx_word' id='word_1_40' title='bbox 1626 800 1902 867; x_wconf 75' lang='lat' dir='ltr'><strong>accepisse</strong></span> <span class='ocrx_word' id='word_1_41' title='bbox 1929 809 1984 853; x_wconf 81' lang='lat' dir='ltr'><strong>et</strong></span> 
     </span>
    </p>
   </div>
   <div class='ocr_carea' id='block_1_7' title="bbox 403 891 1982 959">
    <p class='ocr_par' dir='ltr' id='par_1_7' title="bbox 403 891 1982 959">
     <span class='ocr_line' id='line_1_7' title="bbox 403 891 1982 959; baseline -0.001 -13"><span class='ocrx_word' id='word_1_42' title='bbox 403 891 644 947; x_wconf 72' lang='lat' dir='ltr'><strong>salva~se</strong></span> <span class='ocrx_word' id='word_1_43' title='bbox 670 908 685 958; x_wconf 90' lang='lat'><strong>;</strong></span> <span class='ocrx_word' id='word_1_44' title='bbox 716 893 857 958; x_wconf 87' lang='lat' dir='ltr'><strong>quod</strong></span> <span class='ocrx_word' id='word_1_45' title='bbox 881 894 1106 945; x_wconf 83' lang='lat' dir='ltr'><strong>credere</strong></span> <span class='ocrx_word' id='word_1_46' title='bbox 1128 894 1444 959; x_wconf 84' lang='lat' dir='ltr'><strong>superiores</strong></span> <span class='ocrx_word' id='word_1_47' title='bbox 1464 894 1701 945; x_wconf 67' lang='lat' dir='ltr'><strong>rationi-5</strong></span> <span class='ocrx_word' id='word_1_48' title='bbox 1724 891 1982 948; x_wconf 81' lang='lat' dir='ltr'><strong>refutant.</strong></span> 
     </span>
    </p>
   </div>
   <div class='ocr_carea' id='block_1_8' title="bbox 402 982 1983 1052">
    <p class='ocr_par' dir='ltr' id='par_1_8' title="bbox 402 982 1983 1052">
     <span class='ocr_line' id='line_1_8' title="bbox 402 982 1983 1052; baseline -0.003 -15"><span class='ocrx_word' id='word_1_49' title='bbox 402 984 550 1038; x_wconf 88' lang='lat' dir='ltr'><strong>Disc.</strong></span> <span class='ocrx_word' id='word_1_50' title='bbox 566 982 683 1037; x_wconf 82' lang='lat' dir='ltr'><strong>Jam</strong></span> <span class='ocrx_word' id='word_1_51' title='bbox 705 984 857 1038; x_wconf 69' lang='lat' dir='ltr'><strong>video</strong></span> <span class='ocrx_word' id='word_1_52' title='bbox 877 985 1118 1052; x_wconf 81' lang='lat' dir='ltr'><strong>undique</strong></span> <span class='ocrx_word' id='word_1_53' title='bbox 1137 1000 1219 1038; x_wconf 80' lang='lat' dir='ltr'><strong>tne</strong></span> <span class='ocrx_word' id='word_1_54' title='bbox 1235 986 1795 1052; x_wconf 81' lang='lat' dir='ltr'><strong>captutn,nullamque</strong></span> <span class='ocrx_word' id='word_1_55' title='bbox 1817 990 1983 1035; x_wconf 77' lang='lat' dir='ltr'><strong>ratio-</strong></span> 
     </span>
    </p>
   </div>
   <div class='ocr_carea' id='block_1_9' title="bbox 401 1076 1984 1143">
    <p class='ocr_par' dir='ltr' id='par_1_9' title="bbox 401 1076 1984 1143">
     <span class='ocr_line' id='line_1_9' title="bbox 401 1076 1984 1143; baseline -0.002 -15"><span class='ocrx_word' id='word_1_56' title='bbox 401 1091 524 1128; x_wconf 77' lang='lat' dir='ltr'><strong>nem</strong></span> <span class='ocrx_word' id='word_1_57' title='bbox 558 1076 819 1143; x_wconf 85' lang='lat' dir='ltr'><strong>reperire,</strong></span> <span class='ocrx_word' id='word_1_58' title='bbox 852 1092 956 1143; x_wconf 87' lang='lat' dir='ltr'><strong>qua</strong></span> <span class='ocrx_word' id='word_1_59' title='bbox 992 1076 1192 1141; x_wconf 53' lang='lat' dir='ltr'><strong>passim</strong></span> <span class='ocrx_word' id='word_1_60' title='bbox 1227 1087 1499 1139; x_wconf 88' lang='lat' dir='ltr'><strong>astruere,</strong></span> <span class='ocrx_word' id='word_1_61' title='bbox 1525 1076 1675 1127; x_wconf 74' lang='lat' dir='ltr'><strong>malit</strong></span> <span class='ocrx_word' id='word_1_62' title='bbox 1700 1089 1807 1138; x_wconf 84' lang='lat' dir='ltr'><strong>ain,</strong></span> <span class='ocrx_word' id='word_1_63' title='bbox 1839 1089 1984 1126; x_wconf 85' lang='lat' dir='ltr'><strong>mor-</strong></span> 
     </span>
    </p>
   </div>
   <div class='ocr_carea' id='block_1_10' title="bbox 405 1167 1986 1232">
    <p class='ocr_par' dir='ltr' id='par_1_10' title="bbox 405 1167 1986 1232">
     <span class='ocr_line' id='line_1_10' title="bbox 405 1167 1986 1232; baseline -0.001 -13"><span class='ocrx_word' id='word_1_64' title='bbox 405 1176 645 1232; x_wconf 79' lang='lat' dir='ltr'><strong>temque,</strong></span> <span class='ocrx_word' id='word_1_65' title='bbox 666 1182 725 1218; x_wconf 86' lang='lat' dir='ltr'><strong>ac</strong></span> <span class='ocrx_word' id='word_1_66' title='bbox 750 1167 1027 1221; x_wconf 59' lang='lat' dir='ltr'><strong>miseriam</strong></span> <span class='ocrx_word' id='word_1_67' title='bbox 1060 1167 1112 1219; x_wconf 91' lang='lat' dir='ltr'><strong>in</strong></span> <span class='ocrx_word' id='word_1_68' title='bbox 1147 1172 1503 1231; x_wconf 78' lang='lat' dir='ltr'><strong>humanitate,</strong></span> <span class='ocrx_word' id='word_1_69' title='bbox 1535 1167 1703 1219; x_wconf 89' lang='lat' dir='ltr'><strong>autin</strong></span> <span class='ocrx_word' id='word_1_70' title='bbox 1730 1175 1862 1229; x_wconf 75' lang='lat' dir='ltr'><strong>tota,</strong></span> <span class='ocrx_word' id='word_1_71' title='bbox 1892 1175 1986 1218; x_wconf 85' lang='lat' dir='ltr'><strong>aut</strong></span> 
     </span>
    </p>
   </div>
   <div class='ocr_carea' id='block_1_11' title="bbox 402 1258 1986 1329">
    <p class='ocr_par' dir='ltr' id='par_1_11' title="bbox 402 1258 1986 1329">
     <span class='ocr_line' id='line_1_11' title="bbox 402 1258 1986 1329; baseline -0.001 -18"><span class='ocrx_word' id='word_1_72' title='bbox 402 1258 456 1311; x_wconf 91' lang='lat' dir='ltr'><strong>in</strong></span> <span class='ocrx_word' id='word_1_73' title='bbox 481 1259 662 1327; x_wconf 81' lang='lat' dir='ltr'><strong>aliqua</strong></span> <span class='ocrx_word' id='word_1_74' title='bbox 688 1270 837 1326; x_wconf 83' lang='lat' dir='ltr'><strong>parte</strong></span> <span class='ocrx_word' id='word_1_75' title='bbox 857 1262 997 1329; x_wconf 77' lang='lat' dir='ltr'><strong>ejus,</strong></span> <span class='ocrx_word' id='word_1_76' title='bbox 1019 1260 1441 1318; x_wconf 65' lang='lat' dir='ltr'><strong>do;i.inaturnm,</strong></span> <span class='ocrx_word' id='word_1_77' title='bbox 1469 1269 1840 1326; x_wconf 51' lang='lat' dir='ltr'><strong>perpetuoque</strong></span> <span class='ocrx_word' id='word_1_78' title='bbox 1865 1273 1986 1321; x_wconf 89' lang='lat' dir='ltr'><strong>per-</strong></span> 
     </span>
    </p>
   </div>
   <div class='ocr_carea' id='block_1_12' title="bbox 403 1348 1985 1419">
    <p class='ocr_par' dir='ltr' id='par_1_12' title="bbox 403 1348 1985 1419">
     <span class='ocr_line' id='line_1_12' title="bbox 403 1348 1985 1419; baseline -0.002 -16"><span class='ocrx_word' id='word_1_79' title='bbox 403 1366 734 1413; x_wconf 80' lang='lat' dir='ltr'><strong>niausuram,</strong></span> <span class='ocrx_word' id='word_1_80' title='bbox 759 1351 1017 1419; x_wconf 82' lang='lat' dir='ltr'><strong>quoniam</strong></span> <span class='ocrx_word' id='word_1_81' title='bbox 1054 1352 1106 1402; x_wconf 90' lang='lat' dir='ltr'><strong>in</strong></span> <span class='ocrx_word' id='word_1_82' title='bbox 1140 1348 1315 1402; x_wconf 71' lang='lat' dir='ltr'><strong>Verbo</strong></span> <span class='ocrx_word' id='word_1_83' title='bbox 1346 1348 1461 1411; x_wconf 73' lang='lat' dir='ltr'><strong>Dei,</strong></span> <span class='ocrx_word' id='word_1_84' title='bbox 1494 1349 1637 1416; x_wconf 85' lang='lat' dir='ltr'><strong>quod</strong></span> <span class='ocrx_word' id='word_1_85' title='bbox 1669 1365 1784 1401; x_wconf 81' lang='lat' dir='ltr'><strong>eam</strong></span> <span class='ocrx_word' id='word_1_86' title='bbox 1820 1357 1985 1400; x_wconf 87' lang='lat' dir='ltr'><strong>lotam</strong></span> 
     </span>
    </p>
   </div>
   <div class='ocr_carea' id='block_1_13' title="bbox 405 1440 1983 1509">
    <p class='ocr_par' dir='ltr' id='par_1_13' title="bbox 405 1440 1983 1509">
     <span class='ocr_line' id='line_1_13' title="bbox 405 1440 1983 1509; baseline -0.003 -12"><span class='ocrx_word' id='word_1_87' title='bbox 405 1444 460 1497; x_wconf 88' lang='lat' dir='ltr'><strong>in</strong></span> <span class='ocrx_word' id='word_1_88' title='bbox 495 1444 761 1495; x_wconf 84' lang='lat' dir='ltr'><strong>unitatem</strong></span> <span class='ocrx_word' id='word_1_89' title='bbox 791 1442 811 1472; x_wconf 85' lang='grc'>³</span> <span class='ocrx_word' id='word_1_90' title='bbox 842 1458 973 1495; x_wconf 80' lang='lat' dir='ltr'><strong>suae</strong></span> <span class='ocrx_word' id='word_1_91' title='bbox 1003 1442 1344 1496; x_wconf 82' lang='lat' dir='ltr'><strong>substantiae</strong></span> <span class='ocrx_word' id='word_1_92' title='bbox 1395 1441 1658 1509; x_wconf 83' lang='lat' dir='ltr'><strong>suscepit.</strong></span> <span class='ocrx_word' id='word_1_93' title='bbox 1697 1440 1983 1493; x_wconf 79' lang='lat' dir='ltr'><strong>universa-</strong></span> 
     </span>
    </p>
   </div>
   <div class='ocr_carea' id='block_1_14' title="bbox 401 1531 1984 1601">
    <p class='ocr_par' dir='ltr' id='par_1_14' title="bbox 401 1531 1984 1601">
     <span class='ocr_line' id='line_1_14' title="bbox 401 1531 1984 1601; baseline -0.004 -12"><span class='ocrx_word' id='word_1_94' title='bbox 401 1536 532 1589; x_wconf 87' lang='lat' dir='ltr'><strong>liter</strong></span> <span class='ocrx_word' id='word_1_95' title='bbox 560 1544 614 1587; x_wconf 84' lang='lat' dir='ltr'><strong>et</strong></span> <span class='ocrx_word' id='word_1_96' title='bbox 652 1534 930 1601; x_wconf 81' lang='lat' dir='ltr'><strong>redrmpta</strong></span> <span class='ocrx_word' id='word_1_97' title='bbox 956 1546 1012 1587; x_wconf 88' lang='lat' dir='ltr'><strong>et</strong></span> <span class='ocrx_word' id='word_1_98' title='bbox 1043 1533 1270 1587; x_wconf 82' lang='lat' dir='ltr'><strong>liberata</strong></span> <span class='ocrx_word' id='word_1_99' title='bbox 1299 1543 1379 1585; x_wconf 74' lang='lat' dir='ltr'><strong>est</strong></span> <span class='ocrx_word' id='word_1_100' title='bbox 1408 1548 1426 1597; x_wconf 88' lang='lat'><strong>;</strong></span> <span class='ocrx_word' id='word_1_101' title='bbox 1458 1546 1519 1585; x_wconf 90' lang='lat' dir='ltr'><strong>ac</strong></span> <span class='ocrx_word' id='word_1_102' title='bbox 1544 1547 1640 1599; x_wconf 83' lang='lat' dir='ltr'><strong>per</strong></span> <span class='ocrx_word' id='word_1_103' title='bbox 1670 1531 1774 1584; x_wconf 72' lang='lat' dir='ltr'><strong>hoc</strong></span> <span class='ocrx_word' id='word_1_104' title='bbox 1804 1540 1984 1585; x_wconf 83' lang='lat' dir='ltr'><strong>rectae</strong></span> 
     </span>
    </p>
   </div>
   <div class='ocr_carea' id='block_1_15' title="bbox 402 1623 1979 1693">
    <p class='ocr_par' dir='ltr' id='par_1_15' title="bbox 402 1623 1979 1693">
     <span class='ocr_line' id='line_1_15' title="bbox 402 1623 1979 1693; baseline -0.004 -13"><span class='ocrx_word' id='word_1_105' title='bbox 402 1626 847 1680; x_wconf 82' lang='lat' dir='ltr'><strong>ratiocinationis</strong></span> <span class='ocrx_word' id='word_1_106' title='bbox 873 1626 1075 1680; x_wconf 82' lang='lat' dir='ltr'><strong>virtute</strong></span> <span class='ocrx_word' id='word_1_107' title='bbox 1096 1634 1385 1693; x_wconf 74' lang='lat' dir='ltr'><strong>superatus</strong></span> <span class='ocrx_word' id='word_1_108' title='bbox 1414 1640 1579 1691; x_wconf 76' lang='lat' dir='ltr'><strong>cogor</strong></span> <span class='ocrx_word' id='word_1_109' title='bbox 1600 1623 1782 1681; x_wconf 83' lang='lat' dir='ltr'><strong>fateri.</strong></span> <span class='ocrx_word' id='word_1_110' title='bbox 1813 1631 1979 1676; x_wconf 87' lang='lat' dir='ltr'><strong>totam</strong></span> 
     </span>
    </p>
   </div>
   <div class='ocr_carea' id='block_1_16' title="bbox 403 1716 1981 1786">
    <p class='ocr_par' dir='ltr' id='par_1_16' title="bbox 403 1716 1981 1786">
     <span class='ocr_line' id='line_1_16' title="bbox 403 1716 1981 1786; baseline -0.003 -14"><span class='ocrx_word' id='word_1_111' title='bbox 403 1720 802 1774; x_wconf 78' lang='lat' dir='ltr'><strong>humanitatem</strong></span> <span class='ocrx_word' id='word_1_112' title='bbox 837 1723 891 1774; x_wconf 91' lang='lat' dir='ltr'><strong>in</strong></span> <span class='ocrx_word' id='word_1_113' title='bbox 924 1720 1182 1773; x_wconf 84' lang='lat' dir='ltr'><strong>omnibus</strong></span> <span class='ocrx_word' id='word_1_114' title='bbox 1209 1734 1329 1772; x_wconf 89' lang='lat' dir='ltr'><strong>eam</strong></span> <span class='ocrx_word' id='word_1_115' title='bbox 1362 1717 1821 1786; x_wconf 71' lang='lat' dir='ltr'><strong>parzicip.nntibus</strong></span> <span class='ocrx_word' id='word_1_116' title='bbox 1846 1716 1981 1769; x_wconf 84' lang='lat' dir='ltr'><strong>libe-</strong></span> 
     </span>
    </p>
   </div>
   <div class='ocr_carea' id='block_1_17' title="bbox 407 1806 1980 1879">
    <p class='ocr_par' dir='ltr' id='par_1_17' title="bbox 407 1806 1980 1879">
     <span class='ocr_line' id='line_1_17' title="bbox 407 1806 1980 1879; baseline 0 -18"><span class='ocrx_word' id='word_1_117' title='bbox 407 1811 652 1873; x_wconf 82' lang='lat' dir='ltr'><strong>randam,</strong></span> <span class='ocrx_word' id='word_1_118' title='bbox 682 1811 1046 1879; x_wconf 73' lang='lat' dir='ltr'><strong>clunibusque</strong></span> <span class='ocrx_word' id='word_1_119' title='bbox 1080 1811 1321 1862; x_wconf 80' lang='lat' dir='ltr'><strong>malitiae</strong></span> <span class='ocrx_word' id='word_1_120' title='bbox 1385 1808 1617 1861; x_wconf 81' lang='lat' dir='ltr'><strong>vinculis</strong></span> <span class='ocrx_word' id='word_1_121' title='bbox 1674 1806 1980 1875; x_wconf 73' lang='lat' dir='ltr'><strong>mentisque</strong></span> 
     </span>
    </p>
   </div>
   <div class='ocr_carea' id='block_1_18' title="bbox 407 1898 1978 1967">
    <p class='ocr_par' dir='ltr' id='par_1_18' title="bbox 407 1898 1978 1967">
     <span class='ocr_line' id='line_1_18' title="bbox 407 1898 1978 1967; baseline -0.002 -15"><span class='ocrx_word' id='word_1_122' title='bbox 407 1906 465 1953; x_wconf 80' lang='lat' dir='ltr'><strong>ut</strong></span> <span class='ocrx_word' id='word_1_123' title='bbox 485 1915 569 1967; x_wconf 64' lang='lat' dir='ltr'><strong>gue</strong></span> <span class='ocrx_word' id='word_1_124' title='bbox 594 1901 841 1954; x_wconf 80' lang='lat' dir='ltr'><strong>miseriae</strong></span> <span class='ocrx_word' id='word_1_125' title='bbox 862 1899 1269 1957; x_wconf 56' lang='lat' dir='ltr'><strong>absolvendum,</strong></span> <span class='ocrx_word' id='word_1_126' title='bbox 1296 1900 1511 1967; x_wconf 73' lang='lat' dir='ltr'><strong>quando</strong></span> <span class='ocrx_word' id='word_1_127' title='bbox 1536 1898 1588 1949; x_wconf 90' lang='lat' dir='ltr'><strong>in</strong></span> <span class='ocrx_word' id='word_1_128' title='bbox 1613 1913 1740 1951; x_wconf 87' lang='lat' dir='ltr'><strong>suas</strong></span> <span class='ocrx_word' id='word_1_129' title='bbox 1762 1912 1978 1960; x_wconf 80' lang='lat' dir='ltr'><strong>cauSas,</strong></span> 
     </span>
    </p>
   </div>
   <div class='ocr_carea' id='block_1_19' title="bbox 412 1991 1977 2060">
    <p class='ocr_par' dir='ltr' id='par_1_19' title="bbox 412 1991 1977 2060">
     <span class='ocr_line' id='line_1_19' title="bbox 412 1991 1977 2060; baseline -0.004 -13"><span class='ocrx_word' id='word_1_130' title='bbox 412 2006 553 2060; x_wconf 81' lang='lat' dir='ltr'><strong>quae</strong></span> <span class='ocrx_word' id='word_1_131' title='bbox 583 1994 636 2046; x_wconf 90' lang='lat' dir='ltr'><strong>in</strong></span> <span class='ocrx_word' id='word_1_132' title='bbox 665 2009 764 2047; x_wconf 87' lang='lat' dir='ltr'><strong>suo</strong></span> <span class='ocrx_word' id='word_1_133' title='bbox 816 1991 1097 2046; x_wconf 82' lang='lat' dir='ltr'><strong>Salvature</strong></span> <span class='ocrx_word' id='word_1_134' title='bbox 1164 1992 1497 2053; x_wconf 77' lang='lat' dir='ltr'><strong>subsistunt,</strong></span> <span class='ocrx_word' id='word_1_135' title='bbox 1535 2005 1823 2043; x_wconf 79' lang='lat' dir='ltr'><strong>reversura</strong></span> <span class='ocrx_word' id='word_1_136' title='bbox 1871 2001 1977 2043; x_wconf 72' lang='lat' dir='ltr'><strong>est.</strong></span> 
     </span>
    </p>
   </div>
   <div class='ocr_carea' id='block_1_20' title="bbox 405 2082 1980 2149">
    <p class='ocr_par' dir='ltr' id='par_1_20' title="bbox 405 2082 1980 2149">
     <span class='ocr_line' id='line_1_20' title="bbox 405 2082 1980 2149; baseline -0.001 -14"><span class='ocrx_word' id='word_1_137' title='bbox 405 2083 599 2136; x_wconf 80' lang='lat' dir='ltr'><strong>Adhuc</strong></span> <span class='ocrx_word' id='word_1_138' title='bbox 634 2093 812 2136; x_wconf 88' lang='lat' dir='ltr'><strong>tamen</strong></span> <span class='ocrx_word' id='word_1_139' title='bbox 842 2082 1110 2144; x_wconf 83' lang='lat' dir='ltr'><strong>delibero,</strong></span> <span class='ocrx_word' id='word_1_140' title='bbox 1135 2096 1362 2135; x_wconf 86' lang='lat' dir='ltr'><strong>securus</strong></span> <span class='ocrx_word' id='word_1_141' title='bbox 1395 2082 1507 2149; x_wconf 85' lang='lat' dir='ltr'><strong>jam</strong></span> <span class='ocrx_word' id='word_1_142' title='bbox 1538 2082 1603 2133; x_wconf 78' lang='lat' dir='ltr'><strong>de</strong></span> <span class='ocrx_word' id='word_1_143' title='bbox 1637 2082 1980 2134; x_wconf 79' lang='lat' dir='ltr'><strong>humanitate</strong></span> 
     </span>
    </p>
   </div>
   <div class='ocr_carea' id='block_1_21' title="bbox 406 2173 1982 2236">
    <p class='ocr_par' dir='ltr' id='par_1_21' title="bbox 406 2173 1982 2236">
     <span class='ocr_line' id='line_1_21' title="bbox 406 2173 1982 2236; baseline -0.001 -9"><span class='ocrx_word' id='word_1_144' title='bbox 406 2175 605 2236; x_wconf 79' lang='lat' dir='ltr'><strong>factus,</strong></span> <span class='ocrx_word' id='word_1_145' title='bbox 660 2183 847 2227; x_wconf 89' lang='lat' dir='ltr'><strong>utrum</strong></span> <span class='ocrx_word' id='word_1_146' title='bbox 928 2173 1310 2228; x_wconf 58' lang='lat' dir='ltr'><strong>universaliter</strong></span> <span class='ocrx_word' id='word_1_147' title='bbox 1384 2173 1437 2227; x_wconf 91' lang='lat' dir='ltr'><strong>in</strong></span> <span class='ocrx_word' id='word_1_148' title='bbox 1520 2173 1669 2227; x_wconf 90' lang='lat' dir='ltr'><strong>omni</strong></span> <span class='ocrx_word' id='word_1_149' title='bbox 1730 2181 1982 2228; x_wconf 86' lang='lat' dir='ltr'><strong>creatura</strong></span> 
     </span>
    </p>
   </div>
   <div class='ocr_carea' id='block_1_22' title="bbox 405 2263 1983 2327">
    <p class='ocr_par' dir='ltr' id='par_1_22' title="bbox 405 2263 1983 2327">
     <span class='ocr_line' id='line_1_22' title="bbox 405 2263 1983 2327; baseline 0.001 -11"><span class='ocrx_word' id='word_1_150' title='bbox 405 2263 617 2318; x_wconf 85' lang='lat' dir='ltr'><strong>malitia</strong></span> <span class='ocrx_word' id='word_1_151' title='bbox 676 2265 1007 2327; x_wconf 75' lang='lat' dir='ltr'><strong>abolebitur,</strong></span> <span class='ocrx_word' id='word_1_152' title='bbox 1040 2279 1109 2318; x_wconf 88' lang='lat' dir='ltr'><strong>an</strong></span> <span class='ocrx_word' id='word_1_153' title='bbox 1147 2265 1203 2318; x_wconf 92' lang='lat' dir='ltr'><strong>in</strong></span> <span class='ocrx_word' id='word_1_154' title='bbox 1235 2264 1349 2319; x_wconf 81' lang='lat' dir='ltr'><strong>sola</strong></span> <span class='ocrx_word' id='word_1_155' title='bbox 1384 2264 1746 2318; x_wconf 85' lang='lat' dir='ltr'><strong>humanitate.</strong></span> <span class='ocrx_word' id='word_1_156' title='bbox 1802 2265 1983 2318; x_wconf 81' lang='lat' dir='ltr'><strong>Aesti-</strong></span> 
     </span>
    </p>
   </div>
   <div class='ocr_carea' id='block_1_23' title="bbox 405 2356 1988 2426">
    <p class='ocr_par' dir='ltr' id='par_1_23' title="bbox 405 2356 1988 2426">
     <span class='ocr_line' id='line_1_23' title="bbox 405 2356 1988 2426; baseline 0.001 -19"><span class='ocrx_word' id='word_1_157' title='bbox 405 2369 496 2409; x_wconf 89' lang='lat' dir='ltr'><strong>mo</strong></span> <span class='ocrx_word' id='word_1_158' title='bbox 559 2371 819 2425; x_wconf 86' lang='lat' dir='ltr'><strong>namque,</strong></span> <span class='ocrx_word' id='word_1_159' title='bbox 880 2356 1184 2411; x_wconf 87' lang='lat' dir='ltr'><strong>diabolicos</strong></span> <span class='ocrx_word' id='word_1_160' title='bbox 1244 2359 1456 2411; x_wconf 84' lang='lat' dir='ltr'><strong>animos</strong></span> <span class='ocrx_word' id='word_1_161' title='bbox 1492 2372 1772 2426; x_wconf 86' lang='lat' dir='ltr'><strong>nunquam</strong></span> <span class='ocrx_word' id='word_1_162' title='bbox 1832 2358 1988 2409; x_wconf 81' lang='lat' dir='ltr'><strong>mali-</strong></span> 
     </span>
    </p>
   </div>
   <div class='ocr_carea' id='block_1_24' title="bbox 405 2447 1987 2516">
    <p class='ocr_par' dir='ltr' id='par_1_24' title="bbox 405 2447 1987 2516">
     <span class='ocr_line' id='line_1_24' title="bbox 405 2447 1987 2516; baseline 0.001 -19"><span class='ocrx_word' id='word_1_163' title='bbox 405 2449 476 2498; x_wconf 89' lang='lat' dir='ltr'><strong>tia</strong></span> <span class='ocrx_word' id='word_1_164' title='bbox 516 2448 879 2516; x_wconf 89' lang='lat' dir='ltr'><strong>omnibusque</strong></span> <span class='ocrx_word' id='word_1_165' title='bbox 911 2464 1029 2501; x_wconf 69' lang='lat' dir='ltr'><strong>eam</strong></span> <span class='ocrx_word' id='word_1_166' title='bbox 1085 2447 1557 2515; x_wconf 78' lang='lat' dir='ltr'><strong>consequentibus</strong></span> <span class='ocrx_word' id='word_1_167' title='bbox 1589 2449 1881 2500; x_wconf 59' lang='lat' dir='ltr'><strong>carituros.</strong></span> <span class='ocrx_word' id='word_1_168' title='bbox 1911 2450 1987 2499; x_wconf 85' lang='lat' dir='ltr'><strong>Ac</strong></span> 
     </span>
    </p>
   </div>
   <div class='ocr_carea' id='block_1_25' title="bbox 404 2535 1989 2603">
    <p class='ocr_par' dir='ltr' id='par_1_25' title="bbox 404 2535 1989 2603">
     <span class='ocr_line' id='line_1_25' title="bbox 404 2535 1989 2603; baseline 0 -16"><span class='ocrx_word' id='word_1_169' title='bbox 404 2549 503 2603; x_wconf 56' lang='lat' dir='ltr'><strong>per</strong></span> <span class='ocrx_word' id='word_1_170' title='bbox 541 2535 665 2598; x_wconf 86' lang='lat' dir='ltr'><strong>hoc,</strong></span> <span class='ocrx_word' id='word_1_171' title='bbox 702 2536 829 2589; x_wconf 89' lang='lat' dir='ltr'><strong>licet</strong></span> <span class='ocrx_word' id='word_1_172' title='bbox 853 2537 906 2588; x_wconf 89' lang='lat' dir='ltr'><strong>in</strong></span> <span class='ocrx_word' id='word_1_173' title='bbox 941 2535 1055 2590; x_wconf 90' lang='lat' dir='ltr'><strong>sola</strong></span> <span class='ocrx_word' id='word_1_174' title='bbox 1083 2537 1423 2588; x_wconf 74' lang='lat' dir='ltr'><strong>humanitate</strong></span> <span class='ocrx_word' id='word_1_175' title='bbox 1448 2537 1595 2588; x_wconf 87' lang='lat' dir='ltr'><strong>dono</strong></span> <span class='ocrx_word' id='word_1_176' title='bbox 1623 2535 1839 2588; x_wconf 83' lang='lat' dir='ltr'><strong>divinae</strong></span> <span class='ocrx_word' id='word_1_177' title='bbox 1864 2551 1989 2603; x_wconf 78' lang='lat' dir='ltr'><strong>gra-</strong></span> 
     </span>
    </p>
   </div>
   <div class='ocr_carea' id='block_1_26' title="bbox 407 2626 1990 2695">
    <p class='ocr_par' dir='ltr' id='par_1_26' title="bbox 407 2626 1990 2695">
     <span class='ocr_line' id='line_1_26' title="bbox 407 2626 1990 2695; baseline 0.001 -16"><span class='ocrx_word' id='word_1_178' title='bbox 407 2628 514 2680; x_wconf 79' lang='lat' dir='ltr'><strong>tiae</strong></span> <span class='ocrx_word' id='word_1_179' title='bbox 538 2626 883 2695; x_wconf 68' lang='lat' dir='ltr'><strong>naturalique</strong></span> <span class='ocrx_word' id='word_1_180' title='bbox 912 2628 1113 2680; x_wconf 63' lang='lat' dir='ltr'><strong>virtute</strong></span> <span class='ocrx_word' id='word_1_181' title='bbox 1138 2628 1511 2695; x_wconf 84' lang='lat' dir='ltr'><strong>cooperatrice</strong></span> <span class='ocrx_word' id='word_1_182' title='bbox 1531 2626 1737 2679; x_wconf 80' lang='lat' dir='ltr'><strong>malitia</strong></span> <span class='ocrx_word' id='word_1_183' title='bbox 1770 2628 1990 2694; x_wconf 80' lang='lat' dir='ltr'><strong>penitus</strong></span> 
     </span>
    </p>
   </div>
   <div class='ocr_carea' id='block_1_27' title="bbox 411 2717 1988 2780">
    <p class='ocr_par' dir='ltr' id='par_1_27' title="bbox 411 2717 1988 2780">
     <span class='ocr_line' id='line_1_27' title="bbox 411 2717 1988 2780; baseline 0 -9"><span class='ocrx_word' id='word_1_184' title='bbox 411 2717 717 2780; x_wconf 75' lang='lat' dir='ltr'><strong>aboleatur,</strong></span> <span class='ocrx_word' id='word_1_185' title='bbox 755 2718 1162 2771; x_wconf 69' lang='lat' dir='ltr'><strong>indacmonum</strong></span> <span class='ocrx_word' id='word_1_186' title='bbox 1231 2729 1409 2777; x_wconf 84' lang='lat' dir='ltr'><strong>tmncn</strong></span> <span class='ocrx_word' id='word_1_187' title='bbox 1443 2729 1635 2769; x_wconf 79' lang='lat' dir='ltr'><strong>natura</strong></span> <span class='ocrx_word' id='word_1_188' title='bbox 1701 2718 1821 2769; x_wconf 82' lang='lat' dir='ltr'><strong>sine</strong></span> <span class='ocrx_word' id='word_1_189' title='bbox 1884 2717 1988 2771; x_wconf 84' lang='lat' dir='ltr'><strong>ﬁne</strong></span> 
     </span>
    </p>
   </div>
   <div class='ocr_carea' id='block_1_28' title="bbox 411 2806 1989 2877">
    <p class='ocr_par' dir='ltr' id='par_1_28' title="bbox 411 2806 1989 2877">
     <span class='ocr_line' id='line_1_28' title="bbox 411 2806 1989 2877; baseline 0 -17"><span class='ocrx_word' id='word_1_190' title='bbox 411 2819 879 2876; x_wconf 70' lang='lat' dir='ltr'><strong>perseveratnram</strong></span> <span class='ocrx_word' id='word_1_191' title='bbox 921 2819 1071 2877; x_wconf 89' lang='lat' dir='ltr'><strong>puto,</strong></span> <span class='ocrx_word' id='word_1_192' title='bbox 1105 2818 1160 2861; x_wconf 88' lang='lat' dir='ltr'><strong>et</strong></span> <span class='ocrx_word' id='word_1_193' title='bbox 1206 2809 1260 2861; x_wconf 90' lang='lat' dir='ltr'><strong>in</strong></span> <span class='ocrx_word' id='word_1_194' title='bbox 1300 2809 1432 2877; x_wconf 56' lang='lat' dir='ltr'><strong>ipsi:</strong></span> <span class='ocrx_word' id='word_1_195' title='bbox 1458 2806 1480 2837; x_wconf 70' lang='lat'><strong>‘</strong></span> <span class='ocrx_word' id='word_1_196' title='bbox 1509 2808 1728 2862; x_wconf 83' lang='lat' dir='ltr'><strong>divinae</strong></span> <span class='ocrx_word' id='word_1_197' title='bbox 1758 2807 1989 2861; x_wconf 85' lang='lat' dir='ltr'><strong>bonitati</strong></span> 
     </span>
    </p>
   </div>
   <div class='ocr_carea' id='block_1_29' title="bbox 408 2900 1993 2969">
    <p class='ocr_par' dir='ltr' id='par_1_29' title="bbox 408 2900 1993 2969">
     <span class='ocr_line' id='line_1_29' title="bbox 408 2900 1993 2969; baseline -0.001 -14"><span class='ocrx_word' id='word_1_198' title='bbox 408 2909 697 2955; x_wconf 83' lang='lat' dir='ltr'><strong>coaeterna</strong></span> <span class='ocrx_word' id='word_1_199' title='bbox 729 2900 858 2960; x_wconf 89' lang='lat' dir='ltr'><strong>erit.</strong></span> <span class='ocrx_word' id='word_1_200' title='bbox 897 2900 1126 2969; x_wconf 86' lang='lat' dir='ltr'><strong>ideoque</strong></span> <span class='ocrx_word' id='word_1_201' title='bbox 1155 2918 1262 2953; x_wconf 89' lang='lat' dir='ltr'><strong>non</strong></span> <span class='ocrx_word' id='word_1_202' title='bbox 1293 2901 1347 2953; x_wconf 88' lang='lat' dir='ltr'><strong>itt</strong></span> <span class='ocrx_word' id='word_1_203' title='bbox 1376 2901 1522 2953; x_wconf 85' lang='lat' dir='ltr'><strong>omni</strong></span> <span class='ocrx_word' id='word_1_204' title='bbox 1551 2901 1862 2954; x_wconf 76' lang='lat' dir='ltr'><strong>abolebitur</strong></span> <span class='ocrx_word' id='word_1_205' title='bbox 1897 2915 1993 2953; x_wconf 89' lang='lat' dir='ltr'><strong>na-</strong></span> 
     </span>
    </p>
   </div>
   <div class='ocr_carea' id='block_1_30' title="bbox 408 2990 1992 3062">
    <p class='ocr_par' dir='ltr' id='par_1_30' title="bbox 408 2990 1992 3062">
     <span class='ocr_line' id='line_1_30' title="bbox 408 2990 1992 3062; baseline 0.001 -17"><span class='ocrx_word' id='word_1_206' title='bbox 408 3000 525 3046; x_wconf 85' lang='lat' dir='ltr'><strong>tura</strong></span> <span class='ocrx_word' id='word_1_207' title='bbox 551 2991 592 3044; x_wconf 82' lang='lat'><strong>&#39;.</strong></span> <span class='ocrx_word' id='word_1_208' title='bbox 643 2991 779 3045; x_wconf 73' lang='lat' dir='ltr'><strong>Msa.</strong></span> <span class='ocrx_word' id='word_1_209' title='bbox 836 2990 1083 3045; x_wconf 75' lang='lat' dir='ltr'><strong>Nondum</strong></span> <span class='ocrx_word' id='word_1_210' title='bbox 1139 2993 1283 3046; x_wconf 89' lang='lat' dir='ltr'><strong>clare</strong></span> <span class='ocrx_word' id='word_1_211' title='bbox 1355 2994 1637 3062; x_wconf 75' lang='lat' dir='ltr'><strong>perspicis,</strong></span> <span class='ocrx_word' id='word_1_212' title='bbox 1670 3001 1729 3046; x_wconf 91' lang='lat' dir='ltr'><strong>ut</strong></span> <span class='ocrx_word' id='word_1_213' title='bbox 1778 2994 1992 3061; x_wconf 84' lang='lat' dir='ltr'><strong>opinor.</strong></span> 
     </span>
    </p>
   </div>
   <div class='ocr_carea' id='block_1_31' title="bbox 409 3083 1983 3153">
    <p class='ocr_par' dir='ltr' id='par_1_31' title="bbox 409 3083 1983 3153">
     <span class='ocr_line' id='line_1_31' title="bbox 409 3083 1983 3153; baseline 0.001 -17"><span class='ocrx_word' id='word_1_214' title='bbox 409 3083 577 3137; x_wconf 88' lang='lat' dir='ltr'><strong>Deum</strong></span> <span class='ocrx_word' id='word_1_215' title='bbox 606 3083 810 3136; x_wconf 89' lang='lat' dir='ltr'><strong>nullam</strong></span> <span class='ocrx_word' id='word_1_216' title='bbox 832 3091 1165 3147; x_wconf 81' lang='lat' dir='ltr'><strong>creaturam,</strong></span> <span class='ocrx_word' id='word_1_217' title='bbox 1190 3101 1352 3152; x_wconf 84' lang='lat' dir='ltr'><strong>quam</strong></span> <span class='ocrx_word' id='word_1_218' title='bbox 1378 3084 1521 3149; x_wconf 83' lang='lat' dir='ltr'><strong>fecit,</strong></span> <span class='ocrx_word' id='word_1_219' title='bbox 1555 3088 1772 3153; x_wconf 83' lang='lat' dir='ltr'><strong>punire,</strong></span> <span class='ocrx_word' id='word_1_220' title='bbox 1799 3101 1898 3139; x_wconf 86' lang='lat' dir='ltr'><strong>nec</strong></span> <span class='ocrx_word' id='word_1_221' title='bbox 1927 3085 1983 3138; x_wconf 89' lang='lat' dir='ltr'><strong>in</strong></span> 
     </span>
    </p>
   </div>
   <div class='ocr_carea' id='block_1_32' title="bbox 405 3174 1983 3244">
    <p class='ocr_par' dir='ltr' id='par_1_32' title="bbox 405 3174 1983 3244">
     <span class='ocr_line' id='line_1_32' title="bbox 405 3174 1983 3244; baseline 0.001 -17"><span class='ocrx_word' id='word_1_222' title='bbox 405 3174 668 3237; x_wconf 79' lang='lat' dir='ltr'><strong>humana,</strong></span> <span class='ocrx_word' id='word_1_223' title='bbox 701 3190 802 3229; x_wconf 81' lang='lat' dir='ltr'><strong>nec</strong></span> <span class='ocrx_word' id='word_1_224' title='bbox 838 3176 892 3228; x_wconf 89' lang='lat' dir='ltr'><strong>in</strong></span> <span class='ocrx_word' id='word_1_225' title='bbox 952 3174 1279 3228; x_wconf 84' lang='lat' dir='ltr'><strong>daemonum</strong></span> <span class='ocrx_word' id='word_1_226' title='bbox 1314 3176 1622 3229; x_wconf 86' lang='lat' dir='ltr'><strong>substantia</strong></span> <span class='ocrx_word' id='word_1_227' title='bbox 1658 3192 1672 3241; x_wconf 91' lang='lat'><strong>;</strong></span> <span class='ocrx_word' id='word_1_228' title='bbox 1706 3177 1798 3229; x_wconf 63' lang='lat' dir='ltr'><strong>s~d</strong></span> <span class='ocrx_word' id='word_1_229' title='bbox 1838 3177 1983 3244; x_wconf 88' lang='lat' dir='ltr'><strong>quod</strong></span> 
     </span>
    </p>
   </div>
   <div class='ocr_carea' id='block_1_33' title="bbox 404 3263 1987 3334">
    <p class='ocr_par' dir='ltr' id='par_1_33' title="bbox 404 3263 1987 3334">
     <span class='ocr_line' id='line_1_33' title="bbox 404 3263 1987 3334; baseline 0.003 -17"><span class='ocrx_word' id='word_1_230' title='bbox 404 3280 515 3317; x_wconf 85' lang='lat' dir='ltr'><strong>non</strong></span> <span class='ocrx_word' id='word_1_231' title='bbox 540 3263 693 3331; x_wconf 79' lang='lat' dir='ltr'><strong>fecit,</strong></span> <span class='ocrx_word' id='word_1_232' title='bbox 728 3266 781 3317; x_wconf 90' lang='lat' dir='ltr'><strong>in</strong></span> <span class='ocrx_word' id='word_1_233' title='bbox 816 3268 1073 3319; x_wconf 85' lang='lat' dir='ltr'><strong>omnibus</strong></span> <span class='ocrx_word' id='word_1_234' title='bbox 1098 3267 1275 3334; x_wconf 82' lang='lat' dir='ltr'><strong>punit,</strong></span> <span class='ocrx_word' id='word_1_235' title='bbox 1308 3268 1410 3321; x_wconf 90' lang='lat' dir='ltr'><strong>hoc</strong></span> <span class='ocrx_word' id='word_1_236' title='bbox 1465 3277 1548 3320; x_wconf 87' lang='lat' dir='ltr'><strong>est</strong></span> <span class='ocrx_word' id='word_1_237' title='bbox 1580 3268 1987 3323; x_wconf 80' lang='lat' dir='ltr'><strong>irrationabiles</strong></span> 
     </span>
    </p>
   </div>
   <div class='ocr_carea' id='block_1_34' title="bbox 408 3357 1987 3423">
    <p class='ocr_par' dir='ltr' id='par_1_34' title="bbox 408 3357 1987 3423">
     <span class='ocr_line' id='line_1_34' title="bbox 408 3357 1987 3423; baseline 0.003 -16"><span class='ocrx_word' id='word_1_238' title='bbox 408 3369 699 3423; x_wconf 76' lang='lat' dir='ltr'><strong>perversae</strong></span> <span class='ocrx_word' id='word_1_239' title='bbox 731 3357 1028 3409; x_wconf 77' lang='lat' dir='ltr'><strong>voluntatis</strong></span> <span class='ocrx_word' id='word_1_240' title='bbox 1063 3368 1266 3411; x_wconf 88' lang='lat' dir='ltr'><strong>motus.</strong></span> <span class='ocrx_word' id='word_1_241' title='bbox 1303 3358 1378 3411; x_wconf 84' lang='lat' dir='ltr'><strong>Ac</strong></span> <span class='ocrx_word' id='word_1_242' title='bbox 1420 3375 1489 3411; x_wconf 89' lang='lat' dir='ltr'><strong>ne</strong></span> <span class='ocrx_word' id='word_1_243' title='bbox 1517 3358 1585 3413; x_wconf 91' lang='lat' dir='ltr'><strong>de</strong></span> <span class='ocrx_word' id='word_1_244' title='bbox 1618 3362 1718 3411; x_wconf 88' lang='lat' dir='ltr'><strong>hoc</strong></span> <span class='ocrx_word' id='word_1_245' title='bbox 1778 3360 1987 3411; x_wconf 86' lang='lat' dir='ltr'><strong>diutius</strong></span> 
     </span>
    </p>
   </div>
   <div class='ocr_carea' id='block_1_35' title="bbox 406 3446 1987 3517">
    <p class='ocr_par' dir='ltr' id='par_1_35' title="bbox 406 3446 1987 3517">
     <span class='ocr_line' id='line_1_35' title="bbox 406 3446 1987 3517; baseline 0.003 -18"><span class='ocrx_word' id='word_1_246' title='bbox 406 3446 799 3507; x_wconf 88' lang='lat' dir='ltr'><strong>haesites.audi</strong></span> <span class='ocrx_word' id='word_1_247' title='bbox 825 3447 1042 3501; x_wconf 87' lang='lat' dir='ltr'><strong>beatum</strong></span> <span class='ocrx_word' id='word_1_248' title='bbox 1060 3450 1424 3517; x_wconf 73' lang='lat' dir='ltr'><strong>Augustinum</strong></span> <span class='ocrx_word' id='word_1_249' title='bbox 1452 3451 1502 3503; x_wconf 90' lang='lat' dir='ltr'><strong>in</strong></span> <span class='ocrx_word' id='word_1_250' title='bbox 1532 3451 1822 3504; x_wconf 84' lang='lat' dir='ltr'><strong>undecimo</strong></span> <span class='ocrx_word' id='word_1_251' title='bbox 1844 3451 1987 3503; x_wconf 91' lang='lat' dir='ltr'><strong>libro</strong></span> 
     </span>
    </p>
   </div>
   <div class='ocr_carea' id='block_1_36' title="bbox 405 3538 1985 3618">
    <p class='ocr_par' dir='ltr' id='par_1_36' title="bbox 405 3538 1985 3618">
     <span class='ocr_line' id='line_1_36' title="bbox 405 3538 1985 3618; baseline 0.002 -27"><span class='ocrx_word' id='word_1_252' title='bbox 405 3538 657 3592; x_wconf 79' lang='lat' dir='ltr'><strong>Esemeri</strong></span> <span class='ocrx_word' id='word_1_253' title='bbox 678 3541 762 3593; x_wconf 92' lang='lat' dir='ltr'><strong>sui</strong></span> <span class='ocrx_word' id='word_1_254' title='bbox 792 3540 1085 3605; x_wconf 77' lang='lat' dir='ltr'><strong>dicentem,</strong></span> <span class='ocrx_word' id='word_1_255' title='bbox 1113 3546 1177 3594; x_wconf 86' lang='lat' dir='ltr'><strong>tle</strong></span> <span class='ocrx_word' id='word_1_256' title='bbox 1206 3554 1399 3618; x_wconf 74' lang='lat' dir='ltr'><strong>natura</strong></span> <span class='ocrx_word' id='word_1_257' title='bbox 1435 3544 1766 3596; x_wconf 83' lang='lat' dir='ltr'><strong>daemonum</strong></span> <span class='ocrx_word' id='word_1_258' title='bbox 1828 3543 1985 3595; x_wconf 89' lang='lat' dir='ltr'><strong>inali-</strong></span> 
     </span>
    </p>
   </div>
   <div class='ocr_carea' id='block_1_37' title="bbox 407 3629 1984 3700">
    <p class='ocr_par' dir='ltr' id='par_1_37' title="bbox 407 3629 1984 3700">
     <span class='ocr_line' id='line_1_37' title="bbox 407 3629 1984 3700; baseline 0.004 -22"><span class='ocrx_word' id='word_1_259' title='bbox 407 3630 591 3694; x_wconf 88' lang='lat' dir='ltr'><strong>tiaque</strong></span> <span class='ocrx_word' id='word_1_260' title='bbox 628 3630 949 3696; x_wconf 59' lang='lat' dir='ltr'><strong>disiutans:</strong></span> <span class='ocrx_word' id='word_1_261' title='bbox 979 3629 1265 3695; x_wconf 81' lang='lat' dir='ltr'><strong>Nonnulli,</strong></span> <span class='ocrx_word' id='word_1_262' title='bbox 1304 3635 1503 3700; x_wconf 89' lang='lat' dir='ltr'><strong>inquit,</strong></span> <span class='ocrx_word' id='word_1_263' title='bbox 1538 3649 1680 3694; x_wconf 80' lang='lat' dir='ltr'><strong>eum,</strong></span> <span class='ocrx_word' id='word_1_264' title='bbox 1706 3632 1984 3686; x_wconf 85' lang='lat' dir='ltr'><strong>diabolum</strong></span> 
     </span>
    </p>
   </div>
   <div class='ocr_carea' id='block_1_38' title="bbox 406 3719 1987 3784">
    <p class='ocr_par' dir='ltr' id='par_1_38' title="bbox 406 3719 1987 3784">
     <span class='ocr_line' id='line_1_38' title="bbox 406 3719 1987 3784; baseline 0.003 -11"><span class='ocrx_word' id='word_1_265' title='bbox 406 3719 685 3784; x_wconf 81' lang='lat' dir='ltr'><strong>videlicet,</strong></span> <span class='ocrx_word' id='word_1_266' title='bbox 715 3736 813 3773; x_wconf 91' lang='lat' dir='ltr'><strong>uou</strong></span> <span class='ocrx_word' id='word_1_267' title='bbox 836 3721 888 3773; x_wconf 90' lang='lat' dir='ltr'><strong>in</strong></span> <span class='ocrx_word' id='word_1_268' title='bbox 920 3724 1054 3774; x_wconf 79' lang='lat' dir='ltr'><strong>lianc</strong></span> <span class='ocrx_word' id='word_1_269' title='bbox 1074 3724 1332 3776; x_wconf 78' lang='lat' dir='ltr'><strong>malitiam</strong></span> <span class='ocrx_word' id='word_1_270' title='bbox 1365 3723 1525 3777; x_wconf 85' lang='lat' dir='ltr'><strong>libero</strong></span> <span class='ocrx_word' id='word_1_271' title='bbox 1555 3725 1778 3777; x_wconf 87' lang='lat' dir='ltr'><strong>arbitrio</strong></span> <span class='ocrx_word' id='word_1_272' title='bbox 1804 3724 1987 3778; x_wconf 87' lang='lat' dir='ltr'><strong>volun-</strong></span> 
     </span>
    </p>
   </div>
   <div class='ocr_carea' id='block_1_39' title="bbox 408 3814 1985 3884">
    <p class='ocr_par' dir='ltr' id='par_1_39' title="bbox 408 3814 1985 3884">
     <span class='ocr_line' id='line_1_39' title="bbox 408 3814 1985 3884; baseline 0.001 -19"><span class='ocrx_word' id='word_1_273' title='bbox 408 3816 529 3867; x_wconf 96' lang='lat' dir='ltr'><strong>tatis</strong></span> <span class='ocrx_word' id='word_1_274' title='bbox 552 3814 572 3845; x_wconf 84' lang='grc'><strong>⁸</strong></span> <span class='ocrx_word' id='word_1_275' title='bbox 605 3830 723 3868; x_wconf 91' lang='lat' dir='ltr'><strong>esse</strong></span> <span class='ocrx_word' id='word_1_276' title='bbox 751 3815 1035 3883; x_wconf 71' lang='lat' dir='ltr'><strong>deﬂexum,</strong></span> <span class='ocrx_word' id='word_1_277' title='bbox 1061 3817 1149 3867; x_wconf 86' lang='lat' dir='ltr'><strong>sed</strong></span> <span class='ocrx_word' id='word_1_278' title='bbox 1181 3817 1232 3868; x_wconf 89' lang='lat' dir='ltr'><strong>in</strong></span> <span class='ocrx_word' id='word_1_279' title='bbox 1263 3817 1360 3868; x_wconf 88' lang='lat' dir='ltr'><strong>ltac</strong></span> <span class='ocrx_word' id='word_1_280' title='bbox 1382 3817 1596 3869; x_wconf 91' lang='lat' dir='ltr'><strong>omnino</strong></span> <span class='ocrx_word' id='word_1_281' title='bbox 1624 3825 1862 3870; x_wconf 85' lang='lat' dir='ltr'><strong>creatum</strong></span> <span class='ocrx_word' id='word_1_282' title='bbox 1888 3833 1985 3884; x_wconf 88' lang='lat' dir='ltr'><strong>pu-</strong></span> 
     </span>
    </p>
   </div>
   <div class='ocr_carea' id='block_1_40' title="bbox 409 3907 1989 3975">
    <p class='ocr_par' dir='ltr' id='par_1_40' title="bbox 409 3907 1989 3975">
     <span class='ocr_line' id='line_1_40' title="bbox 409 3907 1989 3975; baseline 0 -14"><span class='ocrx_word' id='word_1_283' title='bbox 409 3916 546 3971; x_wconf 86' lang='lat' dir='ltr'><strong>tant,</strong></span> <span class='ocrx_word' id='word_1_284' title='bbox 590 3910 824 3975; x_wconf 81' lang='lat' dir='ltr'><strong>quamvis</strong></span> <span class='ocrx_word' id='word_1_285' title='bbox 856 3925 884 3959; x_wconf 88' lang='lat' dir='ltr'><strong>a</strong></span> <span class='ocrx_word' id='word_1_286' title='bbox 923 3907 1142 3959; x_wconf 87' lang='lat' dir='ltr'><strong>Domino</strong></span> <span class='ocrx_word' id='word_1_287' title='bbox 1175 3907 1278 3959; x_wconf 83' lang='lat' dir='ltr'><strong>Deo</strong></span> <span class='ocrx_word' id='word_1_288' title='bbox 1305 3924 1508 3961; x_wconf 90' lang='lat' dir='ltr'><strong>summo</strong></span> <span class='ocrx_word' id='word_1_289' title='bbox 1531 3918 1579 3961; x_wconf 91' lang='lat' dir='ltr'><strong>et</strong></span> <span class='ocrx_word' id='word_1_290' title='bbox 1614 3924 1732 3962; x_wconf 84' lang='lat' dir='ltr'><strong>vero</strong></span> <span class='ocrx_word' id='word_1_291' title='bbox 1766 3919 1989 3961; x_wconf 88' lang='lat' dir='ltr'><strong>natura-</strong></span> 
     </span>
    </p>
   </div>
   <div class='ocr_carea' id='block_1_41' title="bbox 414 3999 1989 4079">
    <p class='ocr_par' dir='ltr' id='par_1_41' title="bbox 414 3999 1989 4079">
     <span class='ocr_line' id='line_1_41' title="bbox 414 3999 1989 4079; baseline 0 -28"><span class='ocrx_word' id='word_1_292' title='bbox 414 4017 529 4053; x_wconf 86' lang='lat' dir='ltr'><strong>rum</strong></span> <span class='ocrx_word' id='word_1_293' title='bbox 570 4001 802 4054; x_wconf 87' lang='lat' dir='ltr'><strong>omnium</strong></span> <span class='ocrx_word' id='word_1_294' title='bbox 836 4009 1072 4053; x_wconf 78' lang='lat' dir='ltr'><strong>creatore</strong></span> <span class='ocrx_word' id='word_1_295' title='bbox 1102 4016 1121 4063; x_wconf 85' lang='lat'><em>;</em></span> <span class='ocrx_word' id='word_1_296' title='bbox 1153 3999 1495 4067; x_wconf 81' lang='lat' dir='ltr'><strong>adliibentqtte</strong></span> <span class='ocrx_word' id='word_1_297' title='bbox 1535 4002 1889 4079; x_wconf 71' lang='lat' dir='ltr'><strong>testimonium</strong></span> <span class='ocrx_word' id='word_1_298' title='bbox 1924 4001 1989 4052; x_wconf 87' lang='lat' dir='ltr'><strong>de</strong></span> 
     </span>
    </p>
   </div>
   <div class='ocr_carea' id='block_1_42' title="bbox 413 4090 1983 4161">
    <p class='ocr_par' dir='ltr' id='par_1_42' title="bbox 413 4090 1983 4161">
     <span class='ocr_line' id='line_1_42' title="bbox 413 4090 1983 4161; baseline -0.002 -16"><span class='ocrx_word' id='word_1_299' title='bbox 413 4093 546 4145; x_wconf 90' lang='lat' dir='ltr'><strong>libro</strong></span> <span class='ocrx_word' id='word_1_300' title='bbox 572 4091 692 4155; x_wconf 82' lang='lat' dir='ltr'><strong>Job,</strong></span> <span class='ocrx_word' id='word_1_301' title='bbox 725 4094 970 4161; x_wconf 87' lang='lat' dir='ltr'><strong>quoniam</strong></span> <span class='ocrx_word' id='word_1_302' title='bbox 1004 4090 1075 4141; x_wconf 88' lang='lat' dir='ltr'><strong>ibi</strong></span> <span class='ocrx_word' id='word_1_303' title='bbox 1100 4092 1354 4159; x_wconf 85' lang='lat' dir='ltr'><strong>scriptum</strong></span> <span class='ocrx_word' id='word_1_304' title='bbox 1384 4101 1479 4155; x_wconf 84' lang='lat' dir='ltr'><strong>est,</strong></span> <span class='ocrx_word' id='word_1_305' title='bbox 1514 4107 1633 4144; x_wconf 86' lang='lat' dir='ltr'><strong>cum</strong></span> <span class='ocrx_word' id='word_1_306' title='bbox 1669 4094 1730 4144; x_wconf 87' lang='lat' dir='ltr'><strong>de</strong></span> <span class='ocrx_word' id='word_1_307' title='bbox 1759 4095 1851 4145; x_wconf 84' lang='lat' dir='ltr'><strong>illo</strong></span> <span class='ocrx_word' id='word_1_308' title='bbox 1875 4107 1983 4145; x_wconf 85' lang='lat' dir='ltr'><strong>ser-</strong></span> 
     </span>
    </p>
   </div>
   <div class='ocr_carea' id='block_1_43' title="bbox 410 4181 1987 4252">
    <p class='ocr_par' dir='ltr' id='par_1_43' title="bbox 410 4181 1987 4252">
     <span class='ocr_line' id='line_1_43' title="bbox 410 4181 1987 4252; baseline -0.001 -15"><span class='ocrx_word' id='word_1_309' title='bbox 410 4199 495 4237; x_wconf 89' lang='lat' dir='ltr'><strong>mo</strong></span> <span class='ocrx_word' id='word_1_310' title='bbox 525 4191 705 4237; x_wconf 89' lang='lat' dir='ltr'><strong>esset:</strong></span> <span class='ocrx_word' id='word_1_311' title='bbox 736 4182 845 4235; x_wconf 84' lang='lat' dir='ltr'><strong>Hoc</strong></span> <span class='ocrx_word' id='word_1_312' title='bbox 898 4191 975 4234; x_wconf 84' lang='lat' dir='ltr'><strong>est</strong></span> <span class='ocrx_word' id='word_1_313' title='bbox 1027 4184 1241 4235; x_wconf 90' lang='lat' dir='ltr'><strong>initium</strong></span> <span class='ocrx_word' id='word_1_314' title='bbox 1296 4181 1530 4251; x_wconf 83' lang='lat' dir='ltr'><strong>ﬁgmenti</strong></span> <span class='ocrx_word' id='word_1_315' title='bbox 1580 4182 1792 4236; x_wconf 90' lang='lat' dir='ltr'><strong>Domini</strong></span> <span class='ocrx_word' id='word_1_316' title='bbox 1850 4186 1987 4252; x_wconf 87' lang='lat' dir='ltr'><strong>quod</strong></span> 
     </span>
    </p>
   </div>
   <div class='ocr_carea' id='block_1_44' title="bbox 411 4274 1985 4344">
    <p class='ocr_par' dir='ltr' id='par_1_44' title="bbox 411 4274 1985 4344">
     <span class='ocr_line' id='line_1_44' title="bbox 411 4274 1985 4344; baseline 0 -14"><span class='ocrx_word' id='word_1_317' title='bbox 411 4276 559 4344; x_wconf 77' lang='lat' dir='ltr'><strong>fecit,</strong></span> <span class='ocrx_word' id='word_1_318' title='bbox 618 4285 675 4329; x_wconf 87' lang='lat' dir='ltr'><strong>ut</strong></span> <span class='ocrx_word' id='word_1_319' title='bbox 729 4275 990 4328; x_wconf 81' lang='lat' dir='ltr'><strong>illutlatur</strong></span> <span class='ocrx_word' id='word_1_320' title='bbox 1044 4274 1107 4326; x_wconf 91' lang='lat' dir='ltr'><strong>ab</strong></span> <span class='ocrx_word' id='word_1_321' title='bbox 1168 4276 1369 4343; x_wconf 85' lang='lat' dir='ltr'><strong>angelis</strong></span> <span class='ocrx_word' id='word_1_322' title='bbox 1406 4276 1535 4342; x_wconf 87' lang='lat' dir='ltr'><strong>ejus.</strong></span> <span class='ocrx_word' id='word_1_323' title='bbox 1576 4275 1985 4330; x_wconf 79' lang='lat' dir='ltr'><strong>Cuisenteutiue</strong></span> 
     </span>
    </p>
   </div>
   <div class='ocr_carea' id='block_1_45' title="bbox 413 4362 1983 4436">
    <p class='ocr_par' dir='ltr' id='par_1_45' title="bbox 413 4362 1983 4436">
     <span class='ocr_line' id='line_1_45' title="bbox 413 4362 1983 4436; baseline -0.003 -16"><span class='ocrx_word' id='word_1_324' title='bbox 413 4366 677 4436; x_wconf 85' lang='lat' dir='ltr'><strong>congruit,</strong></span> <span class='ocrx_word' id='word_1_325' title='bbox 711 4367 849 4434; x_wconf 89' lang='lat' dir='ltr'><strong>quod</strong></span> <span class='ocrx_word' id='word_1_326' title='bbox 874 4365 927 4416; x_wconf 89' lang='lat' dir='ltr'><strong>in</strong></span> <span class='ocrx_word' id='word_1_327' title='bbox 960 4362 1173 4417; x_wconf 86' lang='lat' dir='ltr'><strong>Psalmo</strong></span> <span class='ocrx_word' id='word_1_328' title='bbox 1205 4365 1459 4430; x_wconf 71' lang='lat' dir='ltr'><strong>scriptum</strong></span> <span class='ocrx_word' id='word_1_329' title='bbox 1492 4376 1568 4416; x_wconf 89' lang='lat' dir='ltr'><strong>est</strong></span> <span class='ocrx_word' id='word_1_330' title='bbox 1600 4380 1617 4417; x_wconf 88' lang='lat'><strong><em>:</em></strong></span> <span class='ocrx_word' id='word_1_331' title='bbox 1656 4363 1827 4417; x_wconf 77' lang='lat' dir='ltr'><strong>Draro</strong></span> <span class='ocrx_word' id='word_1_332' title='bbox 1880 4366 1983 4430; x_wconf 70' lang='lat' dir='ltr'><strong>llic,</strong></span> 
     </span>
    </p>
   </div>
   <div class='ocr_carea' id='block_1_46' title="bbox 412 4451 1985 4522">
    <p class='ocr_par' dir='ltr' id='par_1_46' title="bbox 412 4451 1985 4522">
     <span class='ocr_line' id='line_1_46' title="bbox 412 4451 1985 4522; baseline -0.001 -19"><span class='ocrx_word' id='word_1_333' title='bbox 412 4468 567 4522; x_wconf 87' lang='lat' dir='ltr'><strong>quem</strong></span> <span class='ocrx_word' id='word_1_334' title='bbox 614 4451 820 4519; x_wconf 59' lang='lat' dir='ltr'><strong>[insisti</strong></span> <span class='ocrx_word' id='word_1_335' title='bbox 893 4451 962 4503; x_wconf 90' lang='lat' dir='ltr'><strong>ad</strong></span> <span class='ocrx_word' id='word_1_336' title='bbox 1015 4451 1340 4503; x_wconf 67' lang='lat' dir='ltr'><strong>illudendum</strong></span> <span class='ocrx_word' id='word_1_337' title='bbox 1394 4451 1463 4514; x_wconf 90' lang='lat' dir='ltr'><strong>ei,</strong></span> <span class='ocrx_word' id='word_1_338' title='bbox 1530 4452 1634 4503; x_wconf 85' lang='lat' dir='ltr'><strong>nisi</strong></span> <span class='ocrx_word' id='word_1_339' title='bbox 1686 4453 1826 4520; x_wconf 87' lang='lat' dir='ltr'><strong>quod</strong></span> <span class='ocrx_word' id='word_1_340' title='bbox 1901 4454 1985 4504; x_wconf 76' lang='lat' dir='ltr'><strong>hic</strong></span> 
     </span>
    </p>
   </div>
   <div class='ocr_carea' id='block_1_47' title="bbox 419 4538 1987 4611">
    <p class='ocr_par' dir='ltr' id='par_1_47' title="bbox 419 4538 1987 4611">
     <span class='ocr_line' id='line_1_47' title="bbox 419 4538 1987 4611; baseline 0.004 -22"><span class='ocrx_word' id='word_1_341' title='bbox 419 4559 436 4589; x_wconf 78' lang='lat' dir='ltr'><strong>s</strong></span> <span class='ocrx_word' id='word_1_342' title='bbox 476 4556 626 4611; x_wconf 70' lang='lat' dir='ltr'><strong>quem</strong></span> <span class='ocrx_word' id='word_1_343' title='bbox 652 4538 853 4606; x_wconf 73' lang='lat' dir='ltr'><strong>ﬁnxisti</strong></span> <span class='ocrx_word' id='word_1_344' title='bbox 884 4557 900 4588; x_wconf 78' lang='grc' dir='ltr'>ι</span> <span class='ocrx_word' id='word_1_345' title='bbox 929 4539 1081 4601; x_wconf 73' lang='lat' dir='ltr'><strong>dixit,</strong></span> <span class='ocrx_word' id='word_1_346' title='bbox 1120 4554 1221 4591; x_wconf 89' lang='lat' dir='ltr'><strong>non</strong></span> <span class='ocrx_word' id='word_1_347' title='bbox 1246 4551 1419 4591; x_wconf 90' lang='lat' dir='ltr'><strong>autem</strong></span> <span class='ocrx_word' id='word_1_348' title='bbox 1446 4540 1581 4592; x_wconf 86' lang='lat' dir='ltr'><strong>sicut</strong></span> <span class='ocrx_word' id='word_1_349' title='bbox 1607 4541 1696 4602; x_wconf 82' lang='lat' dir='ltr'><strong>ibi,</strong></span> <span class='ocrx_word' id='word_1_350' title='bbox 1742 4559 1758 4592; x_wconf 74' lang='grc' dir='ltr'>ι</span> <span class='ocrx_word' id='word_1_351' title='bbox 1789 4542 1883 4595; x_wconf 87' lang='lat' dir='ltr'><strong>Itoc</strong></span> <span class='ocrx_word' id='word_1_352' title='bbox 1912 4550 1987 4595; x_wconf 89' lang='lat' dir='ltr'><strong>est</strong></span> 
     </span>
    </p>
   </div>
   <div class='ocr_carea' id='block_1_48' title="bbox 413 4625 1989 4695">
    <p class='ocr_par' dir='ltr' id='par_1_48' title="bbox 413 4625 1989 4695">
     <span class='ocr_line' id='line_1_48' title="bbox 413 4625 1989 4695; baseline 0.002 -15"><span class='ocrx_word' id='word_1_353' title='bbox 413 4629 569 4685; x_wconf 83' lang='lat' dir='ltr'><strong>ititiu</strong></span> <span class='ocrx_word' id='word_1_354' title='bbox 592 4646 618 4675; x_wconf 86' lang='lat' dir='ltr'><strong>n</strong></span> <span class='ocrx_word' id='word_1_355' title='bbox 650 4626 880 4693; x_wconf 78' lang='lat' dir='ltr'><strong>ﬁgmenti</strong></span> <span class='ocrx_word' id='word_1_356' title='bbox 913 4625 1156 4689; x_wconf 80' lang='lat' dir='ltr'><strong>Domini;</strong></span> <span class='ocrx_word' id='word_1_357' title='bbox 1184 4643 1204 4678; x_wconf 69' lang='grc' dir='ltr'><strong><em>ι</em></strong></span> <span class='ocrx_word' id='word_1_358' title='bbox 1256 4636 1528 4695; x_wconf 79' lang='lat' dir='ltr'><strong>tamquam</strong></span> <span class='ocrx_word' id='word_1_359' title='bbox 1576 4629 1725 4682; x_wconf 88' lang='lat' dir='ltr'><strong>initio</strong></span> <span class='ocrx_word' id='word_1_360' title='bbox 1760 4647 1877 4682; x_wconf 70' lang='lat' dir='ltr'><strong>eum</strong></span> <span class='ocrx_word' id='word_1_361' title='bbox 1911 4630 1989 4683; x_wconf 85' lang='lat' dir='ltr'><strong>ita</strong></span> 
     </span>
    </p>
   </div>
   <div class='ocr_carea' id='block_1_49' title="bbox 412 4714 1984 4785">
    <p class='ocr_par' dir='ltr' id='par_1_49' title="bbox 412 4714 1984 4785">
     <span class='ocr_line' id='line_1_49' title="bbox 412 4714 1984 4785; baseline 0.002 -19"><span class='ocrx_word' id='word_1_362' title='bbox 412 4715 675 4785; x_wconf 75' lang='lat' dir='ltr'><strong>ﬁnxisset,</strong></span> <span class='ocrx_word' id='word_1_363' title='bbox 720 4722 772 4765; x_wconf 88' lang='lat' dir='ltr'><strong>ut</strong></span> <span class='ocrx_word' id='word_1_364' title='bbox 806 4714 998 4777; x_wconf 89' lang='lat' dir='ltr'><strong>malus,</strong></span> <span class='ocrx_word' id='word_1_365' title='bbox 1031 4723 1087 4765; x_wconf 88' lang='lat' dir='ltr'><strong>ut</strong></span> <span class='ocrx_word' id='word_1_366' title='bbox 1120 4715 1349 4771; x_wconf 89' lang='lat' dir='ltr'><strong>invidus.</strong></span> <span class='ocrx_word' id='word_1_367' title='bbox 1382 4725 1437 4768; x_wconf 93' lang='lat' dir='ltr'><strong>ut</strong></span> <span class='ocrx_word' id='word_1_368' title='bbox 1486 4717 1753 4783; x_wconf 80' lang='lat' dir='ltr'><strong>seductor,</strong></span> <span class='ocrx_word' id='word_1_369' title='bbox 1778 4726 1836 4770; x_wconf 90' lang='lat' dir='ltr'><strong>ut</strong></span> <span class='ocrx_word' id='word_1_370' title='bbox 1870 4735 1984 4772; x_wconf 86' lang='lat' dir='ltr'><strong>om-</strong></span> 
     </span>
    </p>
   </div>
   <div class='ocr_carea' id='block_1_50' title="bbox 416 4800 1989 4871">
    <p class='ocr_par' dir='ltr' id='par_1_50' title="bbox 416 4800 1989 4871">
     <span class='ocr_line' id='line_1_50' title="bbox 416 4800 1989 4871; baseline 0.001 -15"><span class='ocrx_word' id='word_1_371' title='bbox 416 4805 541 4856; x_wconf 88' lang='lat' dir='ltr'><strong>nino</strong></span> <span class='ocrx_word' id='word_1_372' title='bbox 575 4800 814 4854; x_wconf 82' lang='lat' dir='ltr'><strong>diabolus</strong></span> <span class='ocrx_word' id='word_1_373' title='bbox 831 4810 981 4864; x_wconf 80' lang='lat' dir='ltr'><strong>esset,</strong></span> <span class='ocrx_word' id='word_1_374' title='bbox 1012 4816 1115 4854; x_wconf 89' lang='lat' dir='ltr'><strong>non</strong></span> <span class='ocrx_word' id='word_1_375' title='bbox 1137 4802 1406 4856; x_wconf 82' lang='lat' dir='ltr'><strong>voluntate</strong></span> <span class='ocrx_word' id='word_1_376' title='bbox 1433 4804 1770 4871; x_wconf 80' lang='lat' dir='ltr'><strong>deprauatus,</strong></span> <span class='ocrx_word' id='word_1_377' title='bbox 1794 4805 1885 4859; x_wconf 90' lang='lat' dir='ltr'><strong>sed</strong></span> <span class='ocrx_word' id='word_1_378' title='bbox 1913 4807 1989 4858; x_wconf 90' lang='lat' dir='ltr'><strong>ita</strong></span> 
     </span>
    </p>
   </div>
   <div class='ocr_carea' id='block_1_51' title="bbox 415 4887 1989 4960">
    <p class='ocr_par' dir='ltr' id='par_1_51' title="bbox 415 4887 1989 4960">
     <span class='ocr_line' id='line_1_51' title="bbox 415 4887 1989 4960; baseline 0.002 -19"><span class='ocrx_word' id='word_1_379' title='bbox 415 4900 643 4941; x_wconf 82' lang='lat' dir='ltr'><strong>creatus.</strong></span> <span class='ocrx_word' id='word_1_380' title='bbox 666 4887 808 4942; x_wconf 81' lang='lat' dir='ltr'><strong>Haec</strong></span> <span class='ocrx_word' id='word_1_381' title='bbox 832 4889 1008 4955; x_wconf 87' lang='lat' dir='ltr'><strong>opinio</strong></span> <span class='ocrx_word' id='word_1_382' title='bbox 1029 4888 1286 4954; x_wconf 87' lang='lat' dir='ltr'><strong>quomodo</strong></span> <span class='ocrx_word' id='word_1_383' title='bbox 1309 4906 1410 4942; x_wconf 88' lang='lat' dir='ltr'><strong>non</strong></span> <span class='ocrx_word' id='word_1_384' title='bbox 1431 4892 1501 4942; x_wconf 85' lang='lat' dir='ltr'><strong>sit</strong></span> <span class='ocrx_word' id='word_1_385' title='bbox 1522 4892 1743 4945; x_wconf 81' lang='lat' dir='ltr'><strong>adversa</strong></span> <span class='ocrx_word' id='word_1_386' title='bbox 1763 4893 1828 4954; x_wconf 87' lang='lat' dir='ltr'><strong>ei,</strong></span> <span class='ocrx_word' id='word_1_387' title='bbox 1851 4892 1989 4960; x_wconf 89' lang='lat' dir='ltr'><strong>quod</strong></span> 
     </span>
    </p>
   </div>
   <div class='ocr_carea' id='block_1_52' title="bbox 412 4972 1989 5042">
    <p class='ocr_par' dir='ltr' id='par_1_52' title="bbox 412 4972 1989 5042">
     <span class='ocr_line' id='line_1_52' title="bbox 412 4972 1989 5042; baseline 0.001 -13"><span class='ocrx_word' id='word_1_388' title='bbox 412 4978 662 5042; x_wconf 62' lang='lat' dir='ltr'><strong>scriptum</strong></span> <span class='ocrx_word' id='word_1_389' title='bbox 687 4984 798 5027; x_wconf 83' lang='lat' dir='ltr'><strong>est:</strong></span> <span class='ocrx_word' id='word_1_390' title='bbox 836 4972 985 5026; x_wconf 79' lang='lat' dir='ltr'><strong>Fecit</strong></span> <span class='ocrx_word' id='word_1_391' title='bbox 1020 4976 1151 5027; x_wconf 82' lang='lat' dir='ltr'><strong>Deus</strong></span> <span class='ocrx_word' id='word_1_392' title='bbox 1187 4977 1387 5036; x_wconf 89' lang='lat' dir='ltr'><strong>omnia,</strong></span> <span class='ocrx_word' id='word_1_393' title='bbox 1417 4988 1464 5029; x_wconf 87' lang='lat' dir='ltr'><strong>et</strong></span> <span class='ocrx_word' id='word_1_394' title='bbox 1499 4992 1618 5030; x_wconf 88' lang='lat' dir='ltr'><strong>ecce</strong></span> <span class='ocrx_word' id='word_1_395' title='bbox 1645 4976 1663 5007; x_wconf 87' lang='grc'><strong>⁷</strong></span> <span class='ocrx_word' id='word_1_396' title='bbox 1699 4980 1832 5032; x_wconf 87' lang='lat' dir='ltr'><strong>bona</strong></span> <span class='ocrx_word' id='word_1_397' title='bbox 1873 4979 1989 5031; x_wconf 84' lang='lat' dir='ltr'><strong>val-</strong></span> 
     </span>
    </p>
   </div>
   <div class='ocr_carea' id='block_1_53' title="bbox 413 5063 1990 5129">
    <p class='ocr_par' dir='ltr' id='par_1_53' title="bbox 413 5063 1990 5129">
     <span class='ocr_line' id='line_1_53' title="bbox 413 5063 1990 5129; baseline 0.003 -12"><span class='ocrx_word' id='word_1_398' title='bbox 413 5067 477 5117; x_wconf 89' lang='lat' dir='ltr'><strong>de</strong></span> <span class='ocrx_word' id='word_1_399' title='bbox 500 5066 526 5118; x_wconf 69' lang='lat'><strong>.9</strong></span> <span class='ocrx_word' id='word_1_400' title='bbox 559 5063 655 5118; x_wconf 87' lang='lat' dir='ltr'><strong>Ubi</strong></span> <span class='ocrx_word' id='word_1_401' title='bbox 676 5065 936 5117; x_wconf 78' lang='lat' dir='ltr'><strong>invenitur</strong></span> <span class='ocrx_word' id='word_1_402' title='bbox 967 5063 1206 5117; x_wconf 79' lang='lat' dir='ltr'><strong>diabolus</strong></span> <span class='ocrx_word' id='word_1_403' title='bbox 1235 5081 1338 5117; x_wconf 90' lang='lat' dir='ltr'><strong>non</strong></span> <span class='ocrx_word' id='word_1_404' title='bbox 1360 5067 1570 5129; x_wconf 87' lang='lat' dir='ltr'><strong>propria</strong></span> <span class='ocrx_word' id='word_1_405' title='bbox 1596 5067 1865 5120; x_wconf 87' lang='lat' dir='ltr'><strong>voluntate</strong></span> <span class='ocrx_word' id='word_1_406' title='bbox 1893 5069 1990 5121; x_wconf 84' lang='lat' dir='ltr'><strong>de—</strong></span> 
     </span>
    </p>
   </div>
   <div class='ocr_carea' id='block_1_54' title="bbox 413 5150 1988 5222">
    <p class='ocr_par' dir='ltr' id='par_1_54' title="bbox 413 5150 1988 5222">
     <span class='ocr_line' id='line_1_54' title="bbox 413 5150 1988 5222; baseline 0.002 -15"><span class='ocrx_word' id='word_1_407' title='bbox 413 5165 681 5219; x_wconf 55' lang='lat' dir='ltr'><strong>prauatus,</strong></span> <span class='ocrx_word' id='word_1_408' title='bbox 712 5151 801 5205; x_wconf 82' lang='lat' dir='ltr'><strong>sed</strong></span> <span class='ocrx_word' id='word_1_409' title='bbox 817 5152 879 5204; x_wconf 85' lang='lat' dir='ltr'><strong>ab</strong></span> <span class='ocrx_word' id='word_1_410' title='bbox 909 5152 1019 5217; x_wconf 82' lang='lat' dir='ltr'><strong>ipso</strong></span> <span class='ocrx_word' id='word_1_411' title='bbox 1048 5151 1264 5203; x_wconf 84' lang='lat' dir='ltr'><strong>Domino</strong></span> <span class='ocrx_word' id='word_1_412' title='bbox 1283 5150 1388 5205; x_wconf 90' lang='lat' dir='ltr'><strong>Deo</strong></span> <span class='ocrx_word' id='word_1_413' title='bbox 1410 5152 1579 5222; x_wconf 79' lang='lat' dir='ltr'><strong>factus</strong></span> <span class='ocrx_word' id='word_1_414' title='bbox 1602 5154 1774 5207; x_wconf 88' lang='lat' dir='ltr'><strong>malus</strong></span> <span class='ocrx_word' id='word_1_415' title='bbox 1799 5156 1946 5209; x_wconf 82' lang='lat' dir='ltr'><strong>valde</strong></span> <span class='ocrx_word' id='word_1_416' title='bbox 1963 5157 1988 5209; x_wconf 88' lang='lat'><strong>.’</strong></span> 
     </span>
    </p>
   </div>
   <div class='ocr_carea' id='block_1_55' title="bbox 415 5236 1991 5307">
    <p class='ocr_par' dir='ltr' id='par_1_55' title="bbox 415 5236 1991 5307">
     <span class='ocr_line' id='line_1_55' title="bbox 415 5236 1991 5307; baseline 0.001 -12"><span class='ocrx_word' id='word_1_417' title='bbox 415 5243 666 5307; x_wconf 76' lang='lat' dir='ltr'><strong>Quamvis</strong></span> <span class='ocrx_word' id='word_1_418' title='bbox 707 5249 957 5294; x_wconf 87' lang='lat' dir='ltr'><strong>conentur</strong></span> <span class='ocrx_word' id='word_1_419' title='bbox 1021 5240 1309 5293; x_wconf 79' lang='lat' dir='ltr'><strong>ostendere.</strong></span> <span class='ocrx_word' id='word_1_420' title='bbox 1371 5236 1484 5291; x_wconf 84' lang='lat' dir='ltr'><strong>Nec</strong></span> <span class='ocrx_word' id='word_1_421' title='bbox 1517 5240 1540 5272; x_wconf 81' lang='grc'>⁸</span> <span class='ocrx_word' id='word_1_422' title='bbox 1577 5243 1776 5296; x_wconf 84' lang='lat' dir='ltr'><strong>insulse</strong></span> <span class='ocrx_word' id='word_1_423' title='bbox 1830 5244 1991 5297; x_wconf 90' lang='lat' dir='ltr'><strong>etiam</strong></span> 
     </span>
    </p>
   </div>
   <div class='ocr_carea' id='block_1_56' title="bbox 1835 230 2343 293">
    <p class='ocr_par' dir='ltr' id='par_1_56' title="bbox 1835 230 2343 293">
     <span class='ocr_line' id='line_1_56' title="bbox 1835 230 2343 293; baseline 0.012 -8"><span class='ocrx_word' id='word_1_424' title='bbox 1835 230 2114 291; x_wconf 77' lang='lat' dir='ltr'><strong>JOANNIS</strong></span> <span class='ocrx_word' id='word_1_425' title='bbox 2154 235 2343 293; x_wconf 83' lang='lat' dir='ltr'><strong>SCOTI</strong></span> 
     </span>
    </p>
   </div>
   <div class='ocr_carea' id='block_1_57' title="bbox 403 342 2160 405">
    <p class='ocr_par' dir='ltr' id='par_1_57' title="bbox 403 342 2160 405">
     <span class='ocr_line' id='line_1_57' title="bbox 403 342 2160 405; baseline -0.002 -4"><span class='ocrx_word' id='word_1_426' title='bbox 403 355 690 401; x_wconf 81' lang='lat' dir='ltr'><strong>consumet</strong></span> <span class='ocrx_word' id='word_1_427' title='bbox 722 344 1010 405; x_wconf 88' lang='lat' dir='ltr'><strong>malitiam.</strong></span> <span class='ocrx_word' id='word_1_428' title='bbox 1042 352 1261 398; x_wconf 70' lang='lat' dir='ltr'><strong>aeterna</strong></span> <span class='ocrx_word' id='word_1_429' title='bbox 1293 342 1403 399; x_wconf 84' lang='lat' dir='ltr'><strong>vita</strong></span> <span class='ocrx_word' id='word_1_430' title='bbox 1436 343 1757 398; x_wconf 87' lang='lat' dir='ltr'><strong>absorbebit</strong></span> <span class='ocrx_word' id='word_1_431' title='bbox 1785 347 1800 374; x_wconf 80' lang='grc'>⁸</span> <span class='ocrx_word' id='word_1_432' title='bbox 1830 360 1978 397; x_wconf 88' lang='lat' dir='ltr'><strong>inor-</strong></span> <span class='ocrx_word' id='word_1_433' title='bbox 2007 352 2052 403; x_wconf 72' lang='grc' dir='ltr'>Α</span> <span class='ocrx_word' id='word_1_434' title='bbox 2081 348 2160 401; x_wconf 81' lang='lat' dir='ltr'><strong>vel</strong></span> 
     </span>
    </p>
   </div>
   <div class='ocr_carea' id='block_1_58' title="bbox 3521 235 3618 288">
    <p class='ocr_par' dir='ltr' id='par_1_58' title="bbox 3521 235 3618 288">
     <span class='ocr_line' id='line_1_58' title="bbox 3521 235 3618 288; baseline 0 0"><span class='ocrx_word' id='word_1_435' title='bbox 3521 235 3618 288; x_wconf 71' lang='lat'><strong>923</strong></span> 
     </span>
    </p>
   </div>
   <div class='ocr_carea' id='block_1_59' title="bbox 2227 344 3627 408">
    <p class='ocr_par' dir='ltr' id='par_1_59' title="bbox 2227 344 3627 408">
     <span class='ocr_line' id='line_1_59' title="bbox 2227 344 3627 408; baseline -0.004 -7"><span class='ocrx_word' id='word_1_436' title='bbox 2227 349 2484 401; x_wconf 82' lang='lat' dir='ltr'><strong>inerudite</strong></span> <span class='ocrx_word' id='word_1_437' title='bbox 2547 349 2804 401; x_wconf 85' lang='lat' dir='ltr'><strong>asseritur</strong></span> <span class='ocrx_word' id='word_1_438' title='bbox 2863 348 2905 408; x_wconf 87' lang='grc'><strong>⁹,</strong></span> <span class='ocrx_word' id='word_1_439' title='bbox 3004 362 3109 399; x_wconf 88' lang='lat' dir='ltr'><strong>non</strong></span> <span class='ocrx_word' id='word_1_440' title='bbox 3181 353 3386 398; x_wconf 83' lang='lat' dir='ltr'><strong>tantum</strong></span> <span class='ocrx_word' id='word_1_441' title='bbox 3465 344 3627 397; x_wconf 76' lang='lat' dir='ltr'><strong>condi-</strong></span> 
     </span>
    </p>
   </div>
   <div class='ocr_carea' id='block_1_60' title="bbox 2088 434 3625 506">
    <p class='ocr_par' dir='ltr' id='par_1_60' title="bbox 2088 434 3625 506">
     <span class='ocr_line' id='line_1_60' title="bbox 2088 434 3625 506; baseline -0.003 -15"><span class='ocrx_word' id='word_1_442' title='bbox 2088 443 2225 492; x_wconf 86' lang='lat' dir='ltr'><strong>tione</strong></span> <span class='ocrx_word' id='word_1_443' title='bbox 2260 442 2451 506; x_wconf 84' lang='lat' dir='ltr'><strong>prima,</strong></span> <span class='ocrx_word' id='word_1_444' title='bbox 2487 440 2577 493; x_wconf 87' lang='lat' dir='ltr'><strong>sed</strong></span> <span class='ocrx_word' id='word_1_445' title='bbox 2628 444 2789 494; x_wconf 88' lang='lat' dir='ltr'><strong>etiam</strong></span> <span class='ocrx_word' id='word_1_446' title='bbox 2822 455 2958 492; x_wconf 81' lang='lat' dir='ltr'><strong>nunc</strong></span> <span class='ocrx_word' id='word_1_447' title='bbox 2989 438 3289 505; x_wconf 76' lang='lat' dir='ltr'><strong>depravatis</strong></span> <span class='ocrx_word' id='word_1_448' title='bbox 3334 443 3403 488; x_wconf 91' lang='lat' dir='ltr'><strong>tot</strong></span> <span class='ocrx_word' id='word_1_449' title='bbox 3464 434 3625 487; x_wconf 78' lang='lat' dir='ltr'><strong>volun-</strong></span> 
     </span>
    </p>
   </div>
   <div class='ocr_carea' id='block_1_61' title="bbox 2088 531 3626 598">
    <p class='ocr_par' dir='ltr' id='par_1_61' title="bbox 2088 531 3626 598">
     <span class='ocr_line' id='line_1_61' title="bbox 2088 531 3626 598; baseline -0.003 -16"><span class='ocrx_word' id='word_1_450' title='bbox 2088 531 2306 594; x_wconf 75' lang='lat' dir='ltr'><strong>tatibus,</strong></span> <span class='ocrx_word' id='word_1_451' title='bbox 2335 533 2392 585; x_wconf 84' lang='lat' dir='ltr'><strong>iu</strong></span> <span class='ocrx_word' id='word_1_452' title='bbox 2420 548 2625 584; x_wconf 86' lang='lat' dir='ltr'><strong>summa</strong></span> <span class='ocrx_word' id='word_1_453' title='bbox 2657 542 2830 585; x_wconf 88' lang='lat' dir='ltr'><strong>tamen</strong></span> <span class='ocrx_word' id='word_1_454' title='bbox 2882 532 3083 594; x_wconf 85' lang='lat' dir='ltr'><strong>omnia,</strong></span> <span class='ocrx_word' id='word_1_455' title='bbox 3117 544 3249 598; x_wconf 85' lang='lat' dir='ltr'><strong>quae</strong></span> <span class='ocrx_word' id='word_1_456' title='bbox 3280 537 3451 580; x_wconf 80' lang='lat' dir='ltr'><strong>creata</strong></span> <span class='ocrx_word' id='word_1_457' title='bbox 3498 538 3626 592; x_wconf 87' lang='lat' dir='ltr'><strong>sunt,</strong></span> 
     </span>
    </p>
   </div>
   <div class='ocr_carea' id='block_1_62' title="bbox 2086 618 3625 680">
    <p class='ocr_par' dir='ltr' id='par_1_62' title="bbox 2086 618 3625 680">
     <span class='ocr_line' id='line_1_62' title="bbox 2086 618 3625 680; baseline -0.003 -7"><span class='ocrx_word' id='word_1_458' title='bbox 2086 621 2139 673; x_wconf 90' lang='lat' dir='ltr'><strong>id</strong></span> <span class='ocrx_word' id='word_1_459' title='bbox 2168 633 2243 675; x_wconf 87' lang='lat' dir='ltr'><strong>est</strong></span> <span class='ocrx_word' id='word_1_460' title='bbox 2274 623 2567 676; x_wconf 88' lang='lat' dir='ltr'><strong>universam</strong></span> <span class='ocrx_word' id='word_1_461' title='bbox 2593 624 2804 676; x_wconf 88' lang='lat' dir='ltr'><strong>omnino</strong></span> <span class='ocrx_word' id='word_1_462' title='bbox 2822 631 3122 677; x_wconf 77' lang='lat' dir='ltr'><strong>creaturam</strong></span> <span class='ocrx_word' id='word_1_463' title='bbox 3138 620 3328 672; x_wconf 90' lang='lat' dir='ltr'><strong>bonam</strong></span> <span class='ocrx_word' id='word_1_464' title='bbox 3357 634 3458 671; x_wconf 84' lang='lat' dir='ltr'><strong>esse</strong></span> <span class='ocrx_word' id='word_1_465' title='bbox 3478 618 3625 680; x_wconf 80' lang='lat' dir='ltr'><strong>valde,</strong></span> 
     </span>
    </p>
   </div>
   <div class='ocr_carea' id='block_1_63' title="bbox 2088 710 3628 780">
    <p class='ocr_par' dir='ltr' id='par_1_63' title="bbox 2088 710 3628 780">
     <span class='ocr_line' id='line_1_63' title="bbox 2088 710 3628 780; baseline -0.003 -15"><span class='ocrx_word' id='word_1_466' title='bbox 2088 729 2190 765; x_wconf 89' lang='lat' dir='ltr'><strong>non</strong></span> <span class='ocrx_word' id='word_1_467' title='bbox 2235 711 2376 780; x_wconf 88' lang='lat' dir='ltr'><strong>quod</strong></span> <span class='ocrx_word' id='word_1_468' title='bbox 2403 712 2522 765; x_wconf 88' lang='lat' dir='ltr'><strong>boni</strong></span> <span class='ocrx_word' id='word_1_469' title='bbox 2549 714 2652 765; x_wconf 89' lang='lat' dir='ltr'><strong>sint</strong></span> <span class='ocrx_word' id='word_1_470' title='bbox 2681 713 2734 765; x_wconf 91' lang='lat' dir='ltr'><strong>in</strong></span> <span class='ocrx_word' id='word_1_471' title='bbox 2766 727 2827 764; x_wconf 82' lang='lat' dir='ltr'><strong>ea</strong></span> <span class='ocrx_word' id='word_1_472' title='bbox 2860 713 3012 777; x_wconf 89' lang='lat' dir='ltr'><strong>mali,</strong></span> <span class='ocrx_word' id='word_1_473' title='bbox 3041 712 3129 764; x_wconf 89' lang='lat' dir='ltr'><strong>sed</strong></span> <span class='ocrx_word' id='word_1_474' title='bbox 3187 710 3327 779; x_wconf 87' lang='lat' dir='ltr'><strong>quod</strong></span> <span class='ocrx_word' id='word_1_475' title='bbox 3384 726 3479 761; x_wconf 87' lang='lat' dir='ltr'><strong>non</strong></span> <span class='ocrx_word' id='word_1_476' title='bbox 3529 710 3628 777; x_wconf 66' lang='lat' dir='ltr'><strong>efﬁ-</strong></span> 
     </span>
    </p>
   </div>
   <div class='ocr_carea' id='block_1_64' title="bbox 2085 804 3629 868">
    <p class='ocr_par' dir='ltr' id='par_1_64' title="bbox 2085 804 3629 868">
     <span class='ocr_line' id='line_1_64' title="bbox 2085 804 3629 868; baseline -0.003 -11"><span class='ocrx_word' id='word_1_477' title='bbox 2085 808 2229 858; x_wconf 82' lang='lat' dir='ltr'><strong>ciant</strong></span> <span class='ocrx_word' id='word_1_478' title='bbox 2257 804 2465 858; x_wconf 88' lang='lat' dir='ltr'><strong>mulitia</strong></span> <span class='ocrx_word' id='word_1_479' title='bbox 2490 823 2612 867; x_wconf 91' lang='lat' dir='ltr'><strong>sua,</strong></span> <span class='ocrx_word' id='word_1_480' title='bbox 2637 814 2692 856; x_wconf 90' lang='lat' dir='ltr'><strong>ut</strong></span> <span class='ocrx_word' id='word_1_481' title='bbox 2712 806 2804 857; x_wconf 86' lang='lat' dir='ltr'><strong>sub</strong></span> <span class='ocrx_word' id='word_1_482' title='bbox 2827 805 2921 858; x_wconf 85' lang='lat' dir='ltr'><strong>Dei</strong></span> <span class='ocrx_word' id='word_1_483' title='bbox 2942 805 3390 858; x_wconf 76' lang='lat' dir='ltr'><strong>administratoris</strong></span> <span class='ocrx_word' id='word_1_484' title='bbox 3414 804 3629 868; x_wconf 84' lang='lat' dir='ltr'><strong>imperio.</strong></span> 
     </span>
    </p>
   </div>
   <div class='ocr_carea' id='block_1_65' title="bbox 2086 892 3631 965">
    <p class='ocr_par' dir='ltr' id='par_1_65' title="bbox 2086 892 3631 965">
     <span class='ocr_line' id='line_1_65' title="bbox 2086 892 3631 965; baseline -0.005 -15"><span class='ocrx_word' id='word_1_485' title='bbox 2086 900 2275 950; x_wconf 51' lang='lat' dir='ltr'><strong>vrtute</strong></span> <span class='ocrx_word' id='word_1_486' title='bbox 2304 898 2595 965; x_wconf 84' lang='lat' dir='ltr'><strong>sapientiae</strong></span> <span class='ocrx_word' id='word_1_487' title='bbox 2621 898 2682 961; x_wconf 72' lang='grc' dir='ltr'><strong>ν’,</strong></span> <span class='ocrx_word' id='word_1_488' title='bbox 2715 900 2871 951; x_wconf 82' lang='lat' dir='ltr'><strong>decus</strong></span> <span class='ocrx_word' id='word_1_489' title='bbox 2889 907 2938 949; x_wconf 86' lang='lat' dir='ltr'><strong>et</strong></span> <span class='ocrx_word' id='word_1_490' title='bbox 2960 899 3086 947; x_wconf 87' lang='lat' dir='ltr'><strong>ordo</strong></span> <span class='ocrx_word' id='word_1_491' title='bbox 3108 895 3461 947; x_wconf 76' lang='lat' dir='ltr'><strong>universitatis</strong></span> <span class='ocrx_word' id='word_1_492' title='bbox 3481 892 3631 959; x_wconf 73' lang='lat' dir='ltr'><strong>aliqua</strong></span> 
     </span>
    </p>
   </div>
   <div class='ocr_carea' id='block_1_66' title="bbox 2088 983 3633 1057">
    <p class='ocr_par' dir='ltr' id='par_1_66' title="bbox 2088 983 3633 1057">
     <span class='ocr_line' id='line_1_66' title="bbox 2088 983 3633 1057; baseline -0.005 -16"><span class='ocrx_word' id='word_1_493' title='bbox 2088 1005 2150 1041; x_wconf 80' lang='lat' dir='ltr'><strong>ex</strong></span> <span class='ocrx_word' id='word_1_494' title='bbox 2179 999 2330 1057; x_wconf 84' lang='lat' dir='ltr'><strong>parte</strong></span> <span class='ocrx_word' id='word_1_495' title='bbox 2366 998 2605 1055; x_wconf 81' lang='lat' dir='ltr'><strong>turpetur</strong></span> <span class='ocrx_word' id='word_1_496' title='bbox 2624 990 2726 1041; x_wconf 90' lang='lat' dir='ltr'><strong>sive</strong></span> <span class='ocrx_word' id='word_1_497' title='bbox 2753 990 2989 1041; x_wconf 89' lang='lat' dir='ltr'><strong>turbetur</strong></span> <span class='ocrx_word' id='word_1_498' title='bbox 3020 986 3087 1049; x_wconf 82' lang='lat'><strong>”,</strong></span> <span class='ocrx_word' id='word_1_499' title='bbox 3109 1002 3223 1038; x_wconf 89' lang='lat' dir='ltr'><strong>cum</strong></span> <span class='ocrx_word' id='word_1_500' title='bbox 3250 985 3357 1037; x_wconf 83' lang='lat' dir='ltr'><strong>suis</strong></span> <span class='ocrx_word' id='word_1_501' title='bbox 3377 983 3633 1051; x_wconf 81' lang='lat' dir='ltr'><strong>quibusque</strong></span> 
     </span>
    </p>
   </div>
   <div class='ocr_carea' id='block_1_67' title="bbox 2090 1075 3633 1141">
    <p class='ocr_par' dir='ltr' id='par_1_67' title="bbox 2090 1075 3633 1141">
     <span class='ocr_line' id='line_1_67' title="bbox 2090 1075 3633 1141; baseline -0.003 -11"><span class='ocrx_word' id='word_1_502' title='bbox 2090 1080 2445 1134; x_wconf 72' lang='lat' dir='ltr'><strong>roluutaibus</strong></span> <span class='ocrx_word' id='word_1_503' title='bbox 2481 1084 2636 1134; x_wconf 84' lang='lat' dir='ltr'><strong>etiam</strong></span> <span class='ocrx_word' id='word_1_504' title='bbox 2676 1080 2833 1132; x_wconf 87' lang='lat' dir='ltr'><strong>malis</strong></span> <span class='ocrx_word' id='word_1_505' title='bbox 2871 1080 3168 1132; x_wconf 88' lang='lat' dir='ltr'><strong>tribuantur</strong></span> <span class='ocrx_word' id='word_1_506' title='bbox 3198 1078 3333 1130; x_wconf 82' lang='lat' dir='ltr'><strong>certi</strong></span> <span class='ocrx_word' id='word_1_507' title='bbox 3372 1083 3419 1125; x_wconf 93' lang='lat' dir='ltr'><strong>et</strong></span> <span class='ocrx_word' id='word_1_508' title='bbox 3447 1075 3633 1141; x_wconf 75' lang='lat' dir='ltr'><strong>congrui</strong></span> 
     </span>
    </p>
   </div>
   <div class='ocr_carea' id='block_1_68' title="bbox 2089 1165 3631 1238">
    <p class='ocr_par' dir='ltr' id='par_1_68' title="bbox 2089 1165 3631 1238">
     <span class='ocr_line' id='line_1_68' title="bbox 2089 1165 3631 1238; baseline -0.007 -13"><span class='ocrx_word' id='word_1_509' title='bbox 2089 1171 2282 1226; x_wconf 76' lang='lat' dir='ltr'><strong>limites</strong></span> <span class='ocrx_word' id='word_1_510' title='bbox 2314 1183 2629 1238; x_wconf 79' lang='lat' dir='ltr'><strong>potestatum</strong></span> <span class='ocrx_word' id='word_1_511' title='bbox 2657 1184 2704 1224; x_wconf 89' lang='lat' dir='ltr'><strong>et</strong></span> <span class='ocrx_word' id='word_1_512' title='bbox 2736 1173 2967 1237; x_wconf 86' lang='lat' dir='ltr'><strong>pondera</strong></span> <span class='ocrx_word' id='word_1_513' title='bbox 3025 1169 3353 1231; x_wconf 87' lang='lat' dir='ltr'><strong>meritorum,</strong></span> <span class='ocrx_word' id='word_1_514' title='bbox 3385 1174 3439 1217; x_wconf 89' lang='lat' dir='ltr'><strong>ut</strong></span> <span class='ocrx_word' id='word_1_515' title='bbox 3495 1165 3631 1217; x_wconf 84' lang='lat' dir='ltr'><strong>etiam</strong></span> 
     </span>
    </p>
   </div>
   <div class='ocr_carea' id='block_1_69' title="bbox 2093 1255 3630 1331">
    <p class='ocr_par' dir='ltr' id='par_1_69' title="bbox 2093 1255 3630 1331">
     <span class='ocr_line' id='line_1_69' title="bbox 2093 1255 3630 1331; baseline -0.007 -14"><span class='ocrx_word' id='word_1_516' title='bbox 2093 1281 2207 1317; x_wconf 88' lang='lat' dir='ltr'><strong>cum</strong></span> <span class='ocrx_word' id='word_1_517' title='bbox 2246 1266 2376 1331; x_wconf 85' lang='lat' dir='ltr'><strong>ipsis</strong></span> <span class='ocrx_word' id='word_1_518' title='bbox 2409 1266 2771 1317; x_wconf 82' lang='lat' dir='ltr'><strong>convenienter</strong></span> <span class='ocrx_word' id='word_1_519' title='bbox 2788 1266 3032 1331; x_wconf 83' lang='lat' dir='ltr'><strong>justeque</strong></span> <span class='ocrx_word' id='word_1_520' title='bbox 3056 1257 3318 1312; x_wconf 86' lang='lat' dir='ltr'><strong>ordinatis</strong></span> <span class='ocrx_word' id='word_1_521' title='bbox 3349 1255 3630 1308; x_wconf 81' lang='lat' dir='ltr'><strong>universitas</strong></span> 
     </span>
    </p>
   </div>
   <div class='ocr_carea' id='block_1_70' title="bbox 2090 1343 3633 1423">
    <p class='ocr_par' dir='ltr' id='par_1_70' title="bbox 2090 1343 3633 1423">
     <span class='ocr_line' id='line_1_70' title="bbox 2090 1343 3633 1423; baseline -0.006 -17"><span class='ocrx_word' id='word_1_522' title='bbox 2090 1357 2310 1422; x_wconf 80' lang='lat' dir='ltr'><strong>pulchra</strong></span> <span class='ocrx_word' id='word_1_523' title='bbox 2339 1358 2406 1409; x_wconf 91' lang='lat' dir='ltr'><strong>sit</strong></span> <span class='ocrx_word' id='word_1_524' title='bbox 2434 1371 2453 1410; x_wconf 90' lang='lat'><strong><em>:</em></strong></span> <span class='ocrx_word' id='word_1_525' title='bbox 2488 1343 2661 1409; x_wconf 80' lang='lat' dir='ltr'><strong>tamen</strong></span> <span class='ocrx_word' id='word_1_526' title='bbox 2696 1357 2818 1423; x_wconf 82' lang='lat' dir='ltr'><strong>quia</strong></span> <span class='ocrx_word' id='word_1_527' title='bbox 2848 1353 3058 1406; x_wconf 82' lang='lat' dir='ltr'><strong>cuilibet</strong></span> <span class='ocrx_word' id='word_1_528' title='bbox 3108 1350 3361 1410; x_wconf 84' lang='lat' dir='ltr'><strong>occurrit,</strong></span> <span class='ocrx_word' id='word_1_529' title='bbox 3382 1356 3428 1400; x_wconf 77' lang='lat' dir='ltr'><strong>et</strong></span> <span class='ocrx_word' id='word_1_530' title='bbox 3481 1360 3633 1398; x_wconf 73' lang='lat' dir='ltr'><strong>perun</strong></span> 
     </span>
    </p>
   </div>
   <div class='ocr_carea' id='block_1_71' title="bbox 2089 1441 3633 1515">
    <p class='ocr_par' dir='ltr' id='par_1_71' title="bbox 2089 1441 3633 1515">
     <span class='ocr_line' id='line_1_71' title="bbox 2089 1441 3633 1515; baseline -0.008 -17"><span class='ocrx_word' id='word_1_531' title='bbox 2089 1460 2167 1500; x_wconf 90' lang='lat' dir='ltr'><strong>est</strong></span> <span class='ocrx_word' id='word_1_532' title='bbox 2202 1456 2357 1515; x_wconf 85' lang='lat' dir='ltr'><strong>atque</strong></span> <span class='ocrx_word' id='word_1_533' title='bbox 2386 1447 2746 1515; x_wconf 77' lang='lat' dir='ltr'><strong>manifestum,</strong></span> <span class='ocrx_word' id='word_1_534' title='bbox 2776 1446 3021 1513; x_wconf 87' lang='lat' dir='ltr'><strong>jnstitiae</strong></span> <span class='ocrx_word' id='word_1_535' title='bbox 3046 1442 3211 1512; x_wconf 82' lang='lat' dir='ltr'><strong>ipsius</strong></span> <span class='ocrx_word' id='word_1_536' title='bbox 3242 1441 3283 1470; x_wconf 84' lang='lat'><strong>&quot;</strong></span> <span class='ocrx_word' id='word_1_537' title='bbox 3314 1454 3421 1491; x_wconf 85' lang='lat' dir='ltr'><strong>esse</strong></span> <span class='ocrx_word' id='word_1_538' title='bbox 3448 1445 3633 1489; x_wconf 80' lang='lat' dir='ltr'><strong>contra-</strong></span> 
     </span>
    </p>
   </div>
   <div class='ocr_carea' id='block_1_72' title="bbox 2092 1529 3632 1606">
    <p class='ocr_par' dir='ltr' id='par_1_72' title="bbox 2092 1529 3632 1606">
     <span class='ocr_line' id='line_1_72' title="bbox 2092 1529 3632 1606; baseline -0.008 -15"><span class='ocrx_word' id='word_1_539' title='bbox 2092 1540 2512 1601; x_wconf 87' lang='lat' dir='ltr'><strong>rium,utnullo</strong></span> <span class='ocrx_word' id='word_1_540' title='bbox 2578 1540 2919 1606; x_wconf 73' lang='lat' dir='ltr'><strong>praecedente</strong></span> <span class='ocrx_word' id='word_1_541' title='bbox 2974 1538 3162 1589; x_wconf 86' lang='lat' dir='ltr'><strong>merito</strong></span> <span class='ocrx_word' id='word_1_542' title='bbox 3226 1533 3323 1586; x_wconf 84' lang='lat' dir='ltr'><strong>hoc</strong></span> <span class='ocrx_word' id='word_1_543' title='bbox 3380 1534 3533 1598; x_wconf 88' lang='lat' dir='ltr'><strong>ipsum</strong></span> <span class='ocrx_word' id='word_1_544' title='bbox 3586 1529 3632 1579; x_wconf 72' lang='lat' dir='ltr'><strong>is</strong></span> 
     </span>
    </p>
   </div>
   <div class='ocr_carea' id='block_1_73' title="bbox 2093 1618 3629 1700">
    <p class='ocr_par' dir='ltr' id='par_1_73' title="bbox 2093 1618 3629 1700">
     <span class='ocr_line' id='line_1_73' title="bbox 2093 1618 3629 1700; baseline -0.009 -17"><span class='ocrx_word' id='word_1_545' title='bbox 2093 1648 2356 1700; x_wconf 88' lang='lat' dir='ltr'><strong>quoquam</strong></span> <span class='ocrx_word' id='word_1_546' title='bbox 2378 1632 2420 1661; x_wconf 78' lang='lat'>”</span> <span class='ocrx_word' id='word_1_547' title='bbox 2442 1631 2578 1683; x_wconf 86' lang='lat' dir='ltr'><strong>Deus</strong></span> <span class='ocrx_word' id='word_1_548' title='bbox 2601 1631 2835 1687; x_wconf 82' lang='lat' dir='ltr'><strong>damnet.</strong></span> <span class='ocrx_word' id='word_1_549' title='bbox 2855 1629 2992 1697; x_wconf 88' lang='lat' dir='ltr'><strong>quod</strong></span> <span class='ocrx_word' id='word_1_550' title='bbox 3022 1629 3073 1679; x_wconf 90' lang='lat' dir='ltr'><strong>in</strong></span> <span class='ocrx_word' id='word_1_551' title='bbox 3097 1643 3156 1679; x_wconf 86' lang='lat' dir='ltr'><strong>eo</strong></span> <span class='ocrx_word' id='word_1_552' title='bbox 3190 1626 3299 1691; x_wconf 89' lang='lat' dir='ltr'><strong>ipse</strong></span> <span class='ocrx_word' id='word_1_553' title='bbox 3326 1620 3558 1676; x_wconf 76' lang='lat' dir='ltr'><strong>creaverit</strong></span> <span class='ocrx_word' id='word_1_554' title='bbox 3576 1618 3629 1681; x_wconf 71' lang='grc' dir='ltr'><strong>ιδ,</strong></span> 
     </span>
    </p>
   </div>
   <div class='ocr_carea' id='block_1_74' title="bbox 2085 1710 3628 1791">
    <p class='ocr_par' dir='ltr' id='par_1_74' title="bbox 2085 1710 3628 1791">
     <span class='ocr_line' id='line_1_74' title="bbox 2085 1710 3628 1791; baseline -0.01 -16"><span class='ocrx_word' id='word_1_555' title='bbox 2085 1735 2326 1791; x_wconf 84' lang='lat' dir='ltr'><strong>certaque</strong></span> <span class='ocrx_word' id='word_1_556' title='bbox 2351 1735 2400 1774; x_wconf 88' lang='lat' dir='ltr'><strong>ct</strong></span> <span class='ocrx_word' id='word_1_557' title='bbox 2429 1722 2635 1775; x_wconf 81' lang='lat' dir='ltr'><strong>evidens</strong></span> <span class='ocrx_word' id='word_1_558' title='bbox 2688 1720 2967 1772; x_wconf 86' lang='lat' dir='ltr'><strong>damnatio</strong></span> <span class='ocrx_word' id='word_1_559' title='bbox 3010 1717 3210 1770; x_wconf 88' lang='lat' dir='ltr'><strong>diaboli</strong></span> <span class='ocrx_word' id='word_1_560' title='bbox 3255 1723 3305 1767; x_wconf 88' lang='lat' dir='ltr'><strong>et</strong></span> <span class='ocrx_word' id='word_1_561' title='bbox 3356 1710 3628 1780; x_wconf 76' lang='lat' dir='ltr'><strong>angelorum</strong></span> 
     </span>
    </p>
   </div>
   <div class='ocr_carea' id='block_1_75' title="bbox 2085 1801 3634 1882">
    <p class='ocr_par' dir='ltr' id='par_1_75' title="bbox 2085 1801 3634 1882">
     <span class='ocr_line' id='line_1_75' title="bbox 2085 1801 3634 1882; baseline -0.01 -16"><span class='ocrx_word' id='word_1_562' title='bbox 2085 1814 2199 1882; x_wconf 79' lang='lat' dir='ltr'><strong>ejus</strong></span> <span class='ocrx_word' id='word_1_563' title='bbox 2236 1829 2299 1866; x_wconf 76' lang='lat' dir='ltr'><strong>ea:</strong></span> <span class='ocrx_word' id='word_1_564' title='bbox 2340 1812 2624 1881; x_wconf 80' lang='lat' dir='ltr'><strong>Evangelia</strong></span> <span class='ocrx_word' id='word_1_565' title='bbox 2663 1815 2936 1872; x_wconf 85' lang='lat' dir='ltr'><strong>recitatur,</strong></span> <span class='ocrx_word' id='word_1_566' title='bbox 2967 1811 3051 1861; x_wconf 88' lang='lat' dir='ltr'><strong>ubi</strong></span> <span class='ocrx_word' id='word_1_567' title='bbox 3113 1823 3167 1860; x_wconf 87' lang='lat' dir='ltr'><strong>se</strong></span> <span class='ocrx_word' id='word_1_568' title='bbox 3230 1806 3486 1858; x_wconf 88' lang='lat' dir='ltr'><strong>dicturum</strong></span> <span class='ocrx_word' id='word_1_569' title='bbox 3548 1801 3634 1853; x_wconf 89' lang='lat' dir='ltr'><strong>Do-</strong></span> 
     </span>
    </p>
   </div>
   <div class='ocr_carea' id='block_1_76' title="bbox 2089 1892 3625 1974">
    <p class='ocr_par' dir='ltr' id='par_1_76' title="bbox 2089 1892 3625 1974">
     <span class='ocr_line' id='line_1_76' title="bbox 2089 1892 3625 1974; baseline -0.008 -18"><span class='ocrx_word' id='word_1_570' title='bbox 2089 1908 2260 1959; x_wconf 85' lang='lat' dir='ltr'><strong>minus</strong></span> <span class='ocrx_word' id='word_1_571' title='bbox 2292 1905 2687 1974; x_wconf 86' lang='lat' dir='ltr'><strong>praeuunciavit</strong></span> <span class='ocrx_word' id='word_1_572' title='bbox 2725 1905 2768 1934; x_wconf 76' lang='grc'>⁸³</span> <span class='ocrx_word' id='word_1_573' title='bbox 2794 1904 2886 1968; x_wconf 81' lang='lat' dir='ltr'><strong>eis,</strong></span> <span class='ocrx_word' id='word_1_574' title='bbox 2921 1903 3011 1971; x_wconf 88' lang='lat' dir='ltr'><strong>qui</strong></span> <span class='ocrx_word' id='word_1_575' title='bbox 3065 1918 3095 1953; x_wconf 91' lang='lat' dir='ltr'><strong>a</strong></span> <span class='ocrx_word' id='word_1_576' title='bbox 3128 1900 3359 1952; x_wconf 86' lang='lat' dir='ltr'><strong>sinistris</strong></span> <span class='ocrx_word' id='word_1_577' title='bbox 3381 1907 3489 1948; x_wconf 87' lang='lat' dir='ltr'><strong>sunt</strong></span> <span class='ocrx_word' id='word_1_578' title='bbox 3516 1909 3533 1947; x_wconf 91' lang='lat'><strong><em>:</em></strong></span> <span class='ocrx_word' id='word_1_579' title='bbox 3558 1892 3625 1945; x_wconf 85' lang='lat' dir='ltr'><strong>Ite</strong></span> 
     </span>
    </p>
   </div>
   <div class='ocr_carea' id='block_1_77' title="bbox 2086 1986 3628 2066">
    <p class='ocr_par' dir='ltr' id='par_1_77' title="bbox 2086 1986 3628 2066">
     <span class='ocr_line' id='line_1_77' title="bbox 2086 1986 3628 2066; baseline -0.01 -15"><span class='ocrx_word' id='word_1_580' title='bbox 2086 2000 2140 2051; x_wconf 88' lang='lat' dir='ltr'><strong>in</strong></span> <span class='ocrx_word' id='word_1_581' title='bbox 2172 2000 2340 2065; x_wconf 79' lang='lat' dir='ltr'><strong>ignem</strong></span> <span class='ocrx_word' id='word_1_582' title='bbox 2377 2008 2668 2060; x_wconf 68' lang='lat' dir='ltr'><strong>aeternum,</strong></span> <span class='ocrx_word' id='word_1_583' title='bbox 2701 1998 2790 2066; x_wconf 86' lang='lat' dir='ltr'><strong>qui</strong></span> <span class='ocrx_word' id='word_1_584' title='bbox 2836 2002 3189 2063; x_wconf 88' lang='lat' dir='ltr'><strong>praeparatus</strong></span> <span class='ocrx_word' id='word_1_585' title='bbox 3227 1999 3304 2044; x_wconf 87' lang='lat' dir='ltr'><strong>est</strong></span> <span class='ocrx_word' id='word_1_586' title='bbox 3352 1986 3544 2041; x_wconf 78' lang='lat' dir='ltr'><strong>diabolo</strong></span> <span class='ocrx_word' id='word_1_587' title='bbox 3587 1993 3628 2035; x_wconf 87' lang='lat' dir='ltr'><strong>et</strong></span> 
     </span>
    </p>
   </div>
   <div class='ocr_carea' id='block_1_78' title="bbox 2086 2086 3629 2161">
    <p class='ocr_par' dir='ltr' id='par_1_78' title="bbox 2086 2086 3629 2161">
     <span class='ocr_line' id='line_1_78' title="bbox 2086 2086 3629 2161; baseline -0.012 -17"><span class='ocrx_word' id='word_1_588' title='bbox 2086 2090 2284 2161; x_wconf 87' lang='lat' dir='ltr'><strong>angelis</strong></span> <span class='ocrx_word' id='word_1_589' title='bbox 2343 2092 2479 2158; x_wconf 85' lang='lat' dir='ltr'><strong>ejus,</strong></span> <span class='ocrx_word' id='word_1_590' title='bbox 2541 2088 2687 2141; x_wconf 87' lang='lat' dir='ltr'><strong>nullo</strong></span> <span class='ocrx_word' id='word_1_591' title='bbox 2745 2089 2896 2140; x_wconf 90' lang='lat' dir='ltr'><strong>modo</strong></span> <span class='ocrx_word' id='word_1_592' title='bbox 2971 2086 3026 2137; x_wconf 91' lang='lat' dir='ltr'><strong>in</strong></span> <span class='ocrx_word' id='word_1_593' title='bbox 3056 2100 3115 2137; x_wconf 92' lang='lat' dir='ltr'><strong>eo</strong></span> <span class='ocrx_word' id='word_1_594' title='bbox 3183 2093 3454 2142; x_wconf 88' lang='lat' dir='ltr'><strong>naturam,</strong></span> <span class='ocrx_word' id='word_1_595' title='bbox 3497 2091 3629 2145; x_wconf 85' lang='lat' dir='ltr'><strong>quam</strong></span> 
     </span>
    </p>
   </div>
   <div class='ocr_carea' id='block_1_79' title="bbox 2090 2176 3625 2251">
    <p class='ocr_par' dir='ltr' id='par_1_79' title="bbox 2090 2176 3625 2251">
     <span class='ocr_line' id='line_1_79' title="bbox 2090 2176 3625 2251; baseline -0.01 -18"><span class='ocrx_word' id='word_1_596' title='bbox 2090 2181 2229 2235; x_wconf 89' lang='lat' dir='ltr'><strong>Deus</strong></span> <span class='ocrx_word' id='word_1_597' title='bbox 2254 2182 2473 2235; x_wconf 87' lang='lat' dir='ltr'><strong>creavit.</strong></span> <span class='ocrx_word' id='word_1_598' title='bbox 2503 2178 2595 2232; x_wconf 88' lang='lat' dir='ltr'><strong>sed</strong></span> <span class='ocrx_word' id='word_1_599' title='bbox 2623 2178 2818 2251; x_wconf 78' lang='lat' dir='ltr'><strong>mulam</strong></span> <span class='ocrx_word' id='word_1_600' title='bbox 2846 2178 3113 2245; x_wconf 85' lang='lat' dir='ltr'><strong>propriam</strong></span> <span class='ocrx_word' id='word_1_601' title='bbox 3144 2176 3460 2227; x_wconf 85' lang='lat' dir='ltr'><strong>voluntatem</strong></span> <span class='ocrx_word' id='word_1_602' title='bbox 3488 2183 3625 2227; x_wconf 78' lang='lat' dir='ltr'><strong>poena</strong></span> 
     </span>
    </p>
   </div>
   <div class='ocr_carea' id='block_1_80' title="bbox 2088 2261 3630 2344">
    <p class='ocr_par' dir='ltr' id='par_1_80' title="bbox 2088 2261 3630 2344">
     <span class='ocr_line' id='line_1_80' title="bbox 2088 2261 3630 2344; baseline -0.008 -19"><span class='ocrx_word' id='word_1_603' title='bbox 2088 2277 2223 2344; x_wconf 83' lang='lat' dir='ltr'><strong>ignis</strong></span> <span class='ocrx_word' id='word_1_604' title='bbox 2256 2274 2454 2327; x_wconf 73' lang='lat' dir='ltr'><strong>aeterni</strong></span> <span class='ocrx_word' id='word_1_605' title='bbox 2502 2273 2829 2341; x_wconf 85' lang='lat' dir='ltr'><strong>plectendum</strong></span> <span class='ocrx_word' id='word_1_606' title='bbox 2864 2287 2970 2322; x_wconf 89' lang='lat' dir='ltr'><strong>esse</strong></span> <span class='ocrx_word' id='word_1_607' title='bbox 3026 2266 3344 2321; x_wconf 79' lang='lat' dir='ltr'><strong>credendum</strong></span> <span class='ocrx_word' id='word_1_608' title='bbox 3382 2272 3472 2317; x_wconf 84' lang='lat' dir='ltr'><strong>est.</strong></span> <span class='ocrx_word' id='word_1_609' title='bbox 3523 2261 3630 2320; x_wconf 82' lang='lat' dir='ltr'><strong>Dae&#39;</strong></span> 
     </span>
    </p>
   </div>
   <div class='ocr_carea' id='block_1_81' title="bbox 2090 2355 3630 2427">
    <p class='ocr_par' dir='ltr' id='par_1_81' title="bbox 2090 2355 3630 2427">
     <span class='ocr_line' id='line_1_81' title="bbox 2090 2355 3630 2427; baseline -0.011 -9"><span class='ocrx_word' id='word_1_610' title='bbox 2090 2381 2315 2418; x_wconf 85' lang='lat' dir='ltr'><strong>mnuum</strong></span> <span class='ocrx_word' id='word_1_611' title='bbox 2346 2374 2526 2418; x_wconf 85' lang='lat' dir='ltr'><strong>autem</strong></span> <span class='ocrx_word' id='word_1_612' title='bbox 2558 2363 2819 2417; x_wconf 86' lang='lat' dir='ltr'><strong>malitiam</strong></span> <span class='ocrx_word' id='word_1_613' title='bbox 2847 2376 2953 2413; x_wconf 89' lang='lat' dir='ltr'><strong>non</strong></span> <span class='ocrx_word' id='word_1_614' title='bbox 2983 2375 3105 2415; x_wconf 82' lang='lat' dir='ltr'><strong>esse</strong></span> <span class='ocrx_word' id='word_1_615' title='bbox 3133 2367 3446 2427; x_wconf 78' lang='lat' dir='ltr'><strong>perpetuam</strong></span> <span class='ocrx_word' id='word_1_616' title='bbox 3472 2355 3630 2406; x_wconf 83' lang='lat' dir='ltr'><strong>beatus</strong></span> 
     </span>
    </p>
   </div>
   <div class='ocr_carea' id='block_1_82' title="bbox 2091 2444 3632 2523">
    <p class='ocr_par' dir='ltr' id='par_1_82' title="bbox 2091 2444 3632 2523">
     <span class='ocr_line' id='line_1_82' title="bbox 2091 2444 3632 2523; baseline -0.01 -13"><span class='ocrx_word' id='word_1_617' title='bbox 2091 2457 2414 2510; x_wconf 75' lang='lat' dir='ltr'><strong>Ambrosius</strong></span> <span class='ocrx_word' id='word_1_618' title='bbox 2446 2458 2500 2510; x_wconf 91' lang='lat' dir='ltr'><strong>in</strong></span> <span class='ocrx_word' id='word_1_619' title='bbox 2527 2454 2867 2523; x_wconf 63' lang='lat' dir='ltr'><strong>expoaitione</strong></span> <span class='ocrx_word' id='word_1_620' title='bbox 2899 2454 2952 2506; x_wconf 90' lang='lat' dir='ltr'><strong>in</strong></span> <span class='ocrx_word' id='word_1_621' title='bbox 2979 2451 3179 2506; x_wconf 87' lang='lat' dir='ltr'><strong>Lucam</strong></span> <span class='ocrx_word' id='word_1_622' title='bbox 3198 2447 3527 2519; x_wconf 87' lang='lat' dir='ltr'><strong>apertissime</strong></span> <span class='ocrx_word' id='word_1_623' title='bbox 3553 2444 3632 2497; x_wconf 80' lang='lat' dir='ltr'><strong>do-</strong></span> 
     </span>
    </p>
   </div>
   <div class='ocr_carea' id='block_1_83' title="bbox 2091 2536 3629 2614">
    <p class='ocr_par' dir='ltr' id='par_1_83' title="bbox 2091 2536 3629 2614">
     <span class='ocr_line' id='line_1_83' title="bbox 2091 2536 3629 2614; baseline -0.011 -13"><span class='ocrx_word' id='word_1_624' title='bbox 2091 2562 2197 2611; x_wconf 85' lang='lat' dir='ltr'><strong>cet,</strong></span> <span class='ocrx_word' id='word_1_625' title='bbox 2231 2550 2420 2601; x_wconf 85' lang='lat' dir='ltr'><strong>dicens</strong></span> <span class='ocrx_word' id='word_1_626' title='bbox 2457 2564 2471 2600; x_wconf 80' lang='lat' dir='ltr'>z</span> <span class='ocrx_word' id='word_1_627' title='bbox 2514 2547 2691 2614; x_wconf 82' lang='lat' dir='ltr'><strong>Coepit</strong></span> <span class='ocrx_word' id='word_1_628' title='bbox 2721 2561 2878 2599; x_wconf 85' lang='lat' dir='ltr'><strong>orare</strong></span> <span class='ocrx_word' id='word_1_629' title='bbox 2912 2546 3155 2607; x_wconf 86' lang='lat' dir='ltr'><strong>daemon,</strong></span> <span class='ocrx_word' id='word_1_630' title='bbox 3193 2552 3249 2595; x_wconf 88' lang='lat' dir='ltr'><strong>ut</strong></span> <span class='ocrx_word' id='word_1_631' title='bbox 3298 2536 3568 2594; x_wconf 85' lang='lat' dir='ltr'><strong>introeundi</strong></span> <span class='ocrx_word' id='word_1_632' title='bbox 3587 2536 3629 2585; x_wconf 84' lang='lat' dir='ltr'><strong>in</strong></span> 
     </span>
    </p>
   </div>
   <div class='ocr_carea' id='block_1_84' title="bbox 2095 2630 3629 2711">
    <p class='ocr_par' dir='ltr' id='par_1_84' title="bbox 2095 2630 3629 2711">
     <span class='ocr_line' id='line_1_84' title="bbox 2095 2630 3629 2711; baseline -0.012 -17"><span class='ocrx_word' id='word_1_633' title='bbox 2095 2657 2277 2711; x_wconf 86' lang='lat' dir='ltr'><strong>porcos</strong></span> <span class='ocrx_word' id='word_1_634' title='bbox 2305 2645 2563 2709; x_wconf 87' lang='lat' dir='ltr'><strong>acciperet</strong></span> <span class='ocrx_word' id='word_1_635' title='bbox 2594 2639 2922 2708; x_wconf 74' lang='lat' dir='ltr'><strong>facultatem.</strong></span> <span class='ocrx_word' id='word_1_636' title='bbox 2960 2636 3024 2689; x_wconf 87' lang='lat' dir='ltr'><strong>Et</strong></span> <span class='ocrx_word' id='word_1_637' title='bbox 3055 2636 3288 2702; x_wconf 85' lang='lat' dir='ltr'><strong>primum</strong></span> <span class='ocrx_word' id='word_1_638' title='bbox 3339 2630 3629 2685; x_wconf 76' lang='lat' dir='ltr'><strong>clementiam</strong></span> 
     </span>
    </p>
   </div>
   <div class='ocr_carea' id='block_1_85' title="bbox 2094 2720 3631 2799">
    <p class='ocr_par' dir='ltr' id='par_1_85' title="bbox 2094 2720 3631 2799">
     <span class='ocr_line' id='line_1_85' title="bbox 2094 2720 3631 2799; baseline -0.012 -13"><span class='ocrx_word' id='word_1_639' title='bbox 2094 2734 2306 2787; x_wconf 88' lang='lat' dir='ltr'><strong>Domini</strong></span> <span class='ocrx_word' id='word_1_640' title='bbox 2336 2734 2582 2787; x_wconf 84' lang='lat' dir='ltr'><strong>debemus</strong></span> <span class='ocrx_word' id='word_1_641' title='bbox 2614 2735 2905 2794; x_wconf 85' lang='lat' dir='ltr'><strong>advertere,</strong></span> <span class='ocrx_word' id='word_1_642' title='bbox 2937 2728 3075 2799; x_wconf 86' lang='lat' dir='ltr'><strong>quod</strong></span> <span class='ocrx_word' id='word_1_643' title='bbox 3098 2726 3304 2781; x_wconf 88' lang='lat' dir='ltr'><strong>nullum</strong></span> <span class='ocrx_word' id='word_1_644' title='bbox 3328 2728 3464 2792; x_wconf 84' lang='lat' dir='ltr'><strong>prius</strong></span> <span class='ocrx_word' id='word_1_645' title='bbox 3487 2720 3523 2751; x_wconf 82' lang='grc'><strong>¹⁶</strong></span> <span class='ocrx_word' id='word_1_646' title='bbox 3541 2721 3631 2787; x_wconf 88' lang='lat' dir='ltr'><strong>ipse</strong></span> 
     </span>
    </p>
   </div>
   <div class='ocr_carea' id='block_1_86' title="bbox 2093 2822 3629 2891">
    <p class='ocr_par' dir='ltr' id='par_1_86' title="bbox 2093 2822 3629 2891">
     <span class='ocr_line' id='line_1_86' title="bbox 2093 2822 3629 2891; baseline -0.01 -15"><span class='ocrx_word' id='word_1_647' title='bbox 2093 2831 2427 2887; x_wconf 85' lang='lat' dir='ltr'><strong>condemnat,</strong></span> <span class='ocrx_word' id='word_1_648' title='bbox 2462 2825 2553 2877; x_wconf 88' lang='lat' dir='ltr'><strong>sed</strong></span> <span class='ocrx_word' id='word_1_649' title='bbox 2578 2822 2931 2891; x_wconf 83' lang='lat' dir='ltr'><strong>unusquisque</strong></span> <span class='ocrx_word' id='word_1_650' title='bbox 2965 2822 3064 2873; x_wconf 85' lang='lat' dir='ltr'><strong>sibi</strong></span> <span class='ocrx_word' id='word_1_651' title='bbox 3099 2833 3291 2871; x_wconf 74' lang='lat' dir='ltr'><strong>anetor</strong></span> <span class='ocrx_word' id='word_1_652' title='bbox 3341 2826 3414 2869; x_wconf 86' lang='lat' dir='ltr'><strong>est</strong></span> <span class='ocrx_word' id='word_1_653' title='bbox 3445 2825 3629 2883; x_wconf 82' lang='lat' dir='ltr'><strong>poenae.</strong></span> 
     </span>
    </p>
   </div>
   <div class='ocr_carea' id='block_1_87' title="bbox 2100 2909 3628 2986">
    <p class='ocr_par' dir='ltr' id='par_1_87' title="bbox 2100 2909 3628 2986">
     <span class='ocr_line' id='line_1_87' title="bbox 2100 2909 3628 2986; baseline -0.003 -18"><span class='ocrx_word' id='word_1_654' title='bbox 2100 2916 2222 2968; x_wconf 85' lang='lat' dir='ltr'><strong>Non</strong></span> <span class='ocrx_word' id='word_1_655' title='bbox 2257 2917 2538 2969; x_wconf 86' lang='lat' dir='ltr'><strong>mittuntur</strong></span> <span class='ocrx_word' id='word_1_656' title='bbox 2570 2915 2625 2968; x_wconf 87' lang='lat' dir='ltr'><strong>in</strong></span> <span class='ocrx_word' id='word_1_657' title='bbox 2655 2932 2837 2986; x_wconf 89' lang='lat' dir='ltr'><strong>porcos</strong></span> <span class='ocrx_word' id='word_1_658' title='bbox 2862 2914 3160 2974; x_wconf 80' lang='lat' dir='ltr'><strong>daemones,</strong></span> <span class='ocrx_word' id='word_1_659' title='bbox 3186 2912 3279 2963; x_wconf 65' lang='lat' dir='ltr'><strong>sed</strong></span> <span class='ocrx_word' id='word_1_660' title='bbox 3325 2909 3420 2978; x_wconf 82' lang='lat' dir='ltr'><strong>ipsi</strong></span> <span class='ocrx_word' id='word_1_661' title='bbox 3460 2912 3628 2975; x_wconf 65' lang='lat' dir='ltr'><strong>petant.</strong></span> 
     </span>
    </p>
   </div>
   <div class='ocr_carea' id='block_1_88' title="bbox 2029 3004 3628 3076">
    <p class='ocr_par' dir='ltr' id='par_1_88' title="bbox 2029 3004 3628 3076">
     <span class='ocr_line' id='line_1_88' title="bbox 2029 3004 3628 3076; baseline -0.007 -16"><span class='ocrx_word' id='word_1_662' title='bbox 2029 3021 2069 3074; x_wconf 73' lang='grc' dir='ltr'><strong>ο</strong></span> <span class='ocrx_word' id='word_1_663' title='bbox 2104 3008 2227 3076; x_wconf 86' lang='lat' dir='ltr'><strong>quia</strong></span> <span class='ocrx_word' id='word_1_664' title='bbox 2272 3007 2510 3060; x_wconf 82' lang='lat' dir='ltr'><strong>caelestis</strong></span> <span class='ocrx_word' id='word_1_665' title='bbox 2544 3007 2760 3059; x_wconf 83' lang='lat' dir='ltr'><strong>luminis</strong></span> <span class='ocrx_word' id='word_1_666' title='bbox 2785 3006 3079 3059; x_wconf 87' lang='lat' dir='ltr'><strong>claritatem</strong></span> <span class='ocrx_word' id='word_1_667' title='bbox 3110 3004 3373 3055; x_wconf 79' lang='lat' dir='ltr'><strong>sustinere</strong></span> <span class='ocrx_word' id='word_1_668' title='bbox 3419 3013 3510 3052; x_wconf 80' lang='lat' dir='ltr'><strong>non</strong></span> <span class='ocrx_word' id='word_1_669' title='bbox 3551 3010 3628 3059; x_wconf 79' lang='lat' dir='ltr'><strong>po-</strong></span> 
     </span>
    </p>
   </div>
   <div class='ocr_carea' id='block_1_89' title="bbox 2092 3086 3630 3163">
    <p class='ocr_par' dir='ltr' id='par_1_89' title="bbox 2092 3086 3630 3163">
     <span class='ocr_line' id='line_1_89' title="bbox 2092 3086 3630 3163; baseline -0.011 -12"><span class='ocrx_word' id='word_1_670' title='bbox 2092 3107 2287 3160; x_wconf 84' lang='lat' dir='ltr'><strong>terant,</strong></span> <span class='ocrx_word' id='word_1_671' title='bbox 2343 3109 2419 3160; x_wconf 90' lang='lat' dir='ltr'><strong>ut,</strong></span> <span class='ocrx_word' id='word_1_672' title='bbox 2482 3099 2570 3163; x_wconf 87' lang='lat' dir='ltr'><strong>qui</strong></span> <span class='ocrx_word' id='word_1_673' title='bbox 2611 3096 2787 3150; x_wconf 89' lang='lat' dir='ltr'><strong>oculos</strong></span> <span class='ocrx_word' id='word_1_674' title='bbox 2848 3095 3044 3157; x_wconf 80' lang='lat' dir='ltr'><strong>dolent,</strong></span> <span class='ocrx_word' id='word_1_675' title='bbox 3092 3093 3305 3146; x_wconf 86' lang='lat' dir='ltr'><strong>radium</strong></span> <span class='ocrx_word' id='word_1_676' title='bbox 3360 3088 3477 3143; x_wconf 86' lang='lat' dir='ltr'><strong>solis</strong></span> <span class='ocrx_word' id='word_1_677' title='bbox 3520 3086 3630 3155; x_wconf 75' lang='lat' dir='ltr'><strong>ferre</strong></span> 
     </span>
    </p>
   </div>
   <div class='ocr_carea' id='block_1_90' title="bbox 2092 3175 3629 3258">
    <p class='ocr_par' dir='ltr' id='par_1_90' title="bbox 2092 3175 3629 3258">
     <span class='ocr_line' id='line_1_90' title="bbox 2092 3175 3629 3258; baseline -0.024 4"><span class='ocrx_word' id='word_1_678' title='bbox 2092 3211 2194 3248; x_wconf 77' lang='grc' dir='ltr'><strong>ηοη</strong></span> <span class='ocrx_word' id='word_1_679' title='bbox 2232 3204 2474 3258; x_wconf 70' lang='lat' dir='ltr'><strong>bos-sunt,</strong></span> <span class='ocrx_word' id='word_1_680' title='bbox 2505 3193 2596 3245; x_wconf 87' lang='lat' dir='ltr'><strong>sed</strong></span> <span class='ocrx_word' id='word_1_681' title='bbox 2648 3192 2914 3243; x_wconf 65' lang='lat' dir='ltr'><strong>tenebrosa</strong></span> <span class='ocrx_word' id='word_1_682' title='bbox 2973 3188 3202 3255; x_wconf 82' lang='lat' dir='ltr'><strong>eligunt,</strong></span> <span class='ocrx_word' id='word_1_683' title='bbox 3236 3198 3289 3238; x_wconf 89' lang='lat' dir='ltr'><strong>ut</strong></span> <span class='ocrx_word' id='word_1_684' title='bbox 3342 3175 3629 3252; x_wconf 81' lang='lat' dir='ltr'><strong>splendentia</strong></span> 
     </span>
    </p>
   </div>
   <div class='ocr_carea' id='block_1_91' title="bbox 2090 3263 3628 3354">
    <p class='ocr_par' dir='ltr' id='par_1_91' title="bbox 2090 3263 3628 3354">
     <span class='ocr_line' id='line_1_91' title="bbox 2090 3263 3628 3354; baseline -0.015 -17"><span class='ocrx_word' id='word_1_685' title='bbox 2090 3263 2458 3354; x_wconf 57' lang='lat' dir='ltr'><strong>deri‘lt’nquaut</strong></span> <span class='ocrx_word' id='word_1_686' title='bbox 2502 3285 2567 3337; x_wconf 83' lang='grc'><strong>¹⁷.</strong></span> <span class='ocrx_word' id='word_1_687' title='bbox 2610 3281 2834 3351; x_wconf 85' lang='lat' dir='ltr'><strong>Fugiunt</strong></span> <span class='ocrx_word' id='word_1_688' title='bbox 2879 3296 2998 3348; x_wconf 84' lang='lat' dir='ltr'><strong>ergo</strong></span> <span class='ocrx_word' id='word_1_689' title='bbox 3015 3280 3294 3331; x_wconf 81' lang='lat' dir='ltr'><strong>daemones</strong></span> <span class='ocrx_word' id='word_1_690' title='bbox 3343 3273 3628 3339; x_wconf 77' lang='lat' dir='ltr'><strong>splendorem</strong></span> 
     </span>
    </p>
   </div>
   <div class='ocr_carea' id='block_1_92' title="bbox 2090 3367 3629 3440">
    <p class='ocr_par' dir='ltr' id='par_1_92' title="bbox 2090 3367 3629 3440">
     <span class='ocr_line' id='line_1_92' title="bbox 2090 3367 3629 3440; baseline -0.016 -11"><span class='ocrx_word' id='word_1_691' title='bbox 2090 3376 2221 3429; x_wconf 80' lang='lat' dir='ltr'><strong>lucis</strong></span> <span class='ocrx_word' id='word_1_692' title='bbox 2253 3392 2515 3439; x_wconf 68' lang='lat' dir='ltr'><strong>acernae,</strong></span> <span class='ocrx_word' id='word_1_693' title='bbox 2557 3383 2608 3427; x_wconf 86' lang='lat' dir='ltr'><strong>et</strong></span> <span class='ocrx_word' id='word_1_694' title='bbox 2636 3383 2758 3427; x_wconf 90' lang='lat' dir='ltr'><strong>ante</strong></span> <span class='ocrx_word' id='word_1_695' title='bbox 2789 3382 2988 3440; x_wconf 89' lang='lat' dir='ltr'><strong>tempus</strong></span> <span class='ocrx_word' id='word_1_696' title='bbox 3042 3370 3217 3423; x_wconf 81' lang='lat' dir='ltr'><strong>debita</strong></span> <span class='ocrx_word' id='word_1_697' title='bbox 3256 3367 3354 3420; x_wconf 88' lang='lat' dir='ltr'><strong>sibi</strong></span> <span class='ocrx_word' id='word_1_698' title='bbox 3408 3367 3629 3416; x_wconf 72' lang='lat' dir='ltr'><strong>tormenta</strong></span> 
     </span>
    </p>
   </div>
   <div class='ocr_carea' id='block_1_93' title="bbox 2090 3457 3628 3535">
    <p class='ocr_par' dir='ltr' id='par_1_93' title="bbox 2090 3457 3628 3535">
     <span class='ocr_line' id='line_1_93' title="bbox 2090 3457 3628 3535; baseline -0.013 -17"><span class='ocrx_word' id='word_1_699' title='bbox 2090 3464 2431 3535; x_wconf 79' lang='lat' dir='ltr'><strong>formidant,</strong></span> <span class='ocrx_word' id='word_1_700' title='bbox 2491 3483 2594 3519; x_wconf 86' lang='lat' dir='ltr'><strong>non</strong></span> <span class='ocrx_word' id='word_1_701' title='bbox 2644 3465 3068 3535; x_wconf 88' lang='lat' dir='ltr'><strong>praedivinantes</strong></span> <span class='ocrx_word' id='word_1_702' title='bbox 3122 3476 3261 3529; x_wconf 89' lang='lat' dir='ltr'><strong>quae</strong></span> <span class='ocrx_word' id='word_1_703' title='bbox 3312 3457 3482 3525; x_wconf 79' lang='lat' dir='ltr'><strong>futura</strong></span> <span class='ocrx_word' id='word_1_704' title='bbox 3511 3457 3628 3507; x_wconf 81' lang='lat' dir='ltr'><strong>sunt,</strong></span> 
     </span>
    </p>
   </div>
   <div class='ocr_carea' id='block_1_94' title="bbox 2088 3542 3629 3628">
    <p class='ocr_par' dir='ltr' id='par_1_94' title="bbox 2088 3542 3629 3628">
     <span class='ocr_line' id='line_1_94' title="bbox 2088 3542 3629 3628; baseline -0.008 -18"><span class='ocrx_word' id='word_1_705' title='bbox 2088 3558 2176 3611; x_wconf 87' lang='lat' dir='ltr'><strong>sed</strong></span> <span class='ocrx_word' id='word_1_706' title='bbox 2208 3574 2345 3627; x_wconf 86' lang='lat' dir='ltr'><strong>quae</strong></span> <span class='ocrx_word' id='word_1_707' title='bbox 2399 3560 2714 3628; x_wconf 82' lang='lat' dir='ltr'><strong>propltetata</strong></span> <span class='ocrx_word' id='word_1_708' title='bbox 2761 3568 2905 3621; x_wconf 88' lang='lat' dir='ltr'><strong>sunt,</strong></span> <span class='ocrx_word' id='word_1_709' title='bbox 2938 3554 3294 3609; x_wconf 86' lang='lat' dir='ltr'><strong>recordantes.</strong></span> <span class='ocrx_word' id='word_1_710' title='bbox 3333 3550 3463 3603; x_wconf 74' lang='lat' dir='ltr'><strong>Dixit</strong></span> <span class='ocrx_word' id='word_1_711' title='bbox 3513 3542 3629 3597; x_wconf 79' lang='lat' dir='ltr'><strong>enim</strong></span> 
     </span>
    </p>
   </div>
   <div class='ocr_carea' id='block_1_95' title="bbox 2089 3638 3630 3712">
    <p class='ocr_par' dir='ltr' id='par_1_95' title="bbox 2089 3638 3630 3712">
     <span class='ocr_line' id='line_1_95' title="bbox 2089 3638 3630 3712; baseline -0.014 -7"><span class='ocrx_word' id='word_1_712' title='bbox 2089 3651 2423 3706; x_wconf 62' lang='lat' dir='ltr'><strong>Zacharias:</strong></span> <span class='ocrx_word' id='word_1_713' title='bbox 2460 3651 2525 3703; x_wconf 66' lang='lat' dir='ltr'><strong>Iit</strong></span> <span class='ocrx_word' id='word_1_714' title='bbox 2559 3652 2656 3703; x_wconf 77' lang='lat' dir='ltr'><strong>erit</strong></span> <span class='ocrx_word' id='word_1_715' title='bbox 2688 3655 2743 3703; x_wconf 85' lang='lat' dir='ltr'><strong>in</strong></span> <span class='ocrx_word' id='word_1_716' title='bbox 2804 3649 2898 3702; x_wconf 77' lang='lat' dir='ltr'><strong>illa</strong></span> <span class='ocrx_word' id='word_1_717' title='bbox 2930 3649 3031 3712; x_wconf 86' lang='lat' dir='ltr'><strong>die,</strong></span> <span class='ocrx_word' id='word_1_718' title='bbox 3091 3647 3355 3711; x_wconf 81' lang='lat' dir='ltr'><strong>disperdet</strong></span> <span class='ocrx_word' id='word_1_719' title='bbox 3415 3638 3630 3693; x_wconf 85' lang='lat' dir='ltr'><strong>Dominus</strong></span> 
     </span>
    </p>
   </div>
   <div class='ocr_carea' id='block_1_96' title="bbox 2093 3729 3629 3804">
    <p class='ocr_par' dir='ltr' id='par_1_96' title="bbox 2093 3729 3629 3804">
     <span class='ocr_line' id='line_1_96' title="bbox 2093 3729 3629 3804; baseline -0.015 -3"><span class='ocrx_word' id='word_1_720' title='bbox 2093 3748 2307 3801; x_wconf 89' lang='lat' dir='ltr'><strong>nomina</strong></span> <span class='ocrx_word' id='word_1_721' title='bbox 2370 3746 2632 3798; x_wconf 85' lang='lat' dir='ltr'><strong>idolorum</strong></span> <span class='ocrx_word' id='word_1_722' title='bbox 2688 3743 2750 3795; x_wconf 87' lang='lat' dir='ltr'><strong>de</strong></span> <span class='ocrx_word' id='word_1_723' title='bbox 2805 3750 2973 3804; x_wconf 87' lang='lat' dir='ltr'><strong>terra,</strong></span> <span class='ocrx_word' id='word_1_724' title='bbox 3024 3750 3072 3793; x_wconf 92' lang='lat' dir='ltr'><strong>et</strong></span> <span class='ocrx_word' id='word_1_725' title='bbox 3130 3755 3237 3791; x_wconf 90' lang='lat' dir='ltr'><strong>non</strong></span> <span class='ocrx_word' id='word_1_726' title='bbox 3294 3737 3389 3791; x_wconf 89' lang='lat' dir='ltr'><strong>erit</strong></span> <span class='ocrx_word' id='word_1_727' title='bbox 3446 3729 3629 3785; x_wconf 67' lang='lat' dir='ltr'><strong>ulterius</strong></span> 
     </span>
    </p>
   </div>
   <div class='ocr_carea' id='block_1_97' title="bbox 2092 3820 3633 3902">
    <p class='ocr_par' dir='ltr' id='par_1_97' title="bbox 2092 3820 3633 3902">
     <span class='ocr_line' id='line_1_97' title="bbox 2092 3820 3633 3902; baseline -0.018 -7"><span class='ocrx_word' id='word_1_728' title='bbox 2092 3841 2343 3895; x_wconf 70' lang='lat' dir='ltr'><strong>mensoris</strong></span> <span class='ocrx_word' id='word_1_729' title='bbox 2377 3854 2576 3902; x_wconf 84' lang='lat' dir='ltr'><strong>eorum,</strong></span> <span class='ocrx_word' id='word_1_730' title='bbox 2604 3845 2650 3887; x_wconf 90' lang='lat' dir='ltr'><strong>et</strong></span> <span class='ocrx_word' id='word_1_731' title='bbox 2680 3836 2920 3899; x_wconf 87' lang='lat' dir='ltr'><strong>spiritum</strong></span> <span class='ocrx_word' id='word_1_732' title='bbox 2971 3831 3301 3885; x_wconf 83' lang='lat' dir='ltr'><strong>immundum</strong></span> <span class='ocrx_word' id='word_1_733' title='bbox 3360 3839 3554 3880; x_wconf 73' lang='lat' dir='ltr'><strong>exuram</strong></span> <span class='ocrx_word' id='word_1_734' title='bbox 3582 3820 3633 3869; x_wconf 82' lang='lat' dir='ltr'><strong>tle</strong></span> 
     </span>
    </p>
   </div>
   <div class='ocr_carea' id='block_1_98' title="bbox 2090 3916 3631 3998">
    <p class='ocr_par' dir='ltr' id='par_1_98' title="bbox 2090 3916 3631 3998">
     <span class='ocr_line' id='line_1_98' title="bbox 2090 3916 3631 3998; baseline -0.01 -14"><span class='ocrx_word' id='word_1_735' title='bbox 2090 3941 2251 3985; x_wconf 62' lang='lat' dir='ltr'><strong>trrra.</strong></span> <span class='ocrx_word' id='word_1_736' title='bbox 2296 3931 2551 3983; x_wconf 80' lang='lat' dir='ltr'><strong>Docemur</strong></span> <span class='ocrx_word' id='word_1_737' title='bbox 2584 3946 2728 3998; x_wconf 84' lang='lat' dir='ltr'><strong>ergo,</strong></span> <span class='ocrx_word' id='word_1_738' title='bbox 2784 3926 3054 3995; x_wconf 88' lang='lat' dir='ltr'><strong>quodnon</strong></span> <span class='ocrx_word' id='word_1_739' title='bbox 3114 3939 3321 3992; x_wconf 83' lang='lat' dir='ltr'><strong>semper</strong></span> <span class='ocrx_word' id='word_1_740' title='bbox 3370 3916 3631 3971; x_wconf 72' lang='lat' dir='ltr'><strong>manebuu’.</strong></span> 
     </span>
    </p>
   </div>
   <div class='ocr_carea' id='block_1_99' title="bbox 2092 4001 3633 4085">
    <p class='ocr_par' dir='ltr' id='par_1_99' title="bbox 2092 4001 3633 4085">
     <span class='ocr_line' id='line_1_99' title="bbox 2092 4001 3633 4085; baseline -0.012 -13"><span class='ocrx_word' id='word_1_741' title='bbox 2092 4036 2185 4072; x_wconf 71' lang='lat' dir='ltr'><strong>nec</strong></span> <span class='ocrx_word' id='word_1_742' title='bbox 2213 4019 2419 4073; x_wconf 89' lang='lat' dir='ltr'><strong>malitia</strong></span> <span class='ocrx_word' id='word_1_743' title='bbox 2464 4034 2643 4070; x_wconf 72' lang='lat' dir='ltr'><strong>eorum</strong></span> <span class='ocrx_word' id='word_1_744' title='bbox 2667 4016 2829 4085; x_wconf 81' lang='lat' dir='ltr'><strong>possit</strong></span> <span class='ocrx_word' id='word_1_745' title='bbox 2852 4030 2959 4069; x_wconf 86' lang='lat' dir='ltr'><strong>esse</strong></span> <span class='ocrx_word' id='word_1_746' title='bbox 3002 4022 3281 4082; x_wconf 88' lang='lat' dir='ltr'><strong>perpetua.</strong></span> <span class='ocrx_word' id='word_1_747' title='bbox 3330 4008 3473 4061; x_wconf 76' lang='lat' dir='ltr'><strong>Nunc</strong></span> <span class='ocrx_word' id='word_1_748' title='bbox 3499 4001 3558 4068; x_wconf 81' lang='lat' dir='ltr'><strong>igt&#39;</strong></span> <span class='ocrx_word' id='word_1_749' title='bbox 3582 4010 3633 4047; x_wconf 66' lang='grc' dir='ltr'><strong>ηπ</strong></span> 
     </span>
    </p>
   </div>
   <div class='ocr_carea' id='block_1_100' title="bbox 2089 4092 3633 4171">
    <p class='ocr_par' dir='ltr' id='par_1_100' title="bbox 2089 4092 3633 4171">
     <span class='ocr_line' id='line_1_100' title="bbox 2089 4092 3633 4171; baseline -0.015 -13"><span class='ocrx_word' id='word_1_750' title='bbox 2089 4106 2241 4159; x_wconf 85' lang='lat' dir='ltr'><strong>illam</strong></span> <span class='ocrx_word' id='word_1_751' title='bbox 2293 4114 2575 4158; x_wconf 83' lang='lat' dir='ltr'><strong>metuentes</strong></span> <span class='ocrx_word' id='word_1_752' title='bbox 2640 4119 2882 4171; x_wconf 82' lang='lat' dir='ltr'><strong>poenam,</strong></span> <span class='ocrx_word' id='word_1_753' title='bbox 2951 4103 3144 4152; x_wconf 87' lang='lat' dir='ltr'><strong>aiunt:</strong></span> <span class='ocrx_word' id='word_1_754' title='bbox 3194 4095 3386 4151; x_wconf 82' lang='lat' dir='ltr'><strong>Venisti</strong></span> <span class='ocrx_word' id='word_1_755' title='bbox 3449 4092 3633 4160; x_wconf 74' lang='lat' dir='ltr'><strong>perdere</strong></span> 
     </span>
    </p>
   </div>
   <div class='ocr_carea' id='block_1_101' title="bbox 2091 4178 3633 4259">
    <p class='ocr_par' dir='ltr' id='par_1_101' title="bbox 2091 4178 3633 4259">
     <span class='ocr_line' id='line_1_101' title="bbox 2091 4178 3633 4259; baseline -0.014 -15"><span class='ocrx_word' id='word_1_756' title='bbox 2091 4209 2180 4244; x_wconf 92' lang='lat' dir='ltr'><strong>nos</strong></span> <span class='ocrx_word' id='word_1_757' title='bbox 2217 4205 2338 4244; x_wconf 92' lang='lat' dir='ltr'><strong>ante</strong></span> <span class='ocrx_word' id='word_1_758' title='bbox 2370 4205 2570 4259; x_wconf 85' lang='lat' dir='ltr'><strong>tempus</strong></span> <span class='ocrx_word' id='word_1_759' title='bbox 2596 4190 2621 4240; x_wconf 84' lang='lat'><strong><em>?</em></strong></span> <span class='ocrx_word' id='word_1_760' title='bbox 2654 4188 2759 4243; x_wconf 88' lang='lat' dir='ltr'><strong>Sed</strong></span> <span class='ocrx_word' id='word_1_761' title='bbox 2801 4188 2925 4258; x_wconf 87' lang='lat' dir='ltr'><strong>quia</strong></span> <span class='ocrx_word' id='word_1_762' title='bbox 2969 4186 3139 4240; x_wconf 77' lang='lat' dir='ltr'><strong>adhuc</strong></span> <span class='ocrx_word' id='word_1_763' title='bbox 3203 4199 3314 4236; x_wconf 87' lang='lat' dir='ltr'><strong>esse</strong></span> <span class='ocrx_word' id='word_1_764' title='bbox 3372 4178 3633 4232; x_wconf 77' lang='lat' dir='ltr'><strong>desiderant</strong></span> 
     </span>
    </p>
   </div>
   <div class='ocr_carea' id='block_1_102' title="bbox 2084 4273 3633 4350">
    <p class='ocr_par' dir='ltr' id='par_1_102' title="bbox 2084 4273 3633 4350">
     <span class='ocr_line' id='line_1_102' title="bbox 2084 4273 3633 4350; baseline -0.015 -17"><span class='ocrx_word' id='word_1_765' title='bbox 2084 4282 2201 4350; x_wconf 82' lang='lat' dir='ltr'><strong>jam</strong></span> <span class='ocrx_word' id='word_1_766' title='bbox 2236 4281 2301 4333; x_wconf 90' lang='lat' dir='ltr'><strong>ab</strong></span> <span class='ocrx_word' id='word_1_767' title='bbox 2334 4279 2632 4333; x_wconf 86' lang='lat' dir='ltr'><strong>hominibus</strong></span> <span class='ocrx_word' id='word_1_768' title='bbox 2689 4277 3237 4343; x_wconf 83' lang='lat' dir='ltr'><strong>recedentes,propter</strong></span> <span class='ocrx_word' id='word_1_769' title='bbox 3270 4285 3395 4338; x_wconf 86' lang='lat' dir='ltr'><strong>quos</strong></span> <span class='ocrx_word' id='word_1_770' title='bbox 3446 4273 3633 4331; x_wconf 68' lang='lat' dir='ltr'><strong>poenam</strong></span> 
     </span>
    </p>
   </div>
   <div class='ocr_carea' id='block_1_103' title="bbox 2023 4348 3630 4431">
    <p class='ocr_par' dir='ltr' id='par_1_103' title="bbox 2023 4348 3630 4431">
     <span class='ocr_line' id='line_1_103' title="bbox 2023 4348 3630 4431; baseline -0.015 -10"><span class='ocrx_word' id='word_1_771' title='bbox 2023 4348 2064 4398; x_wconf 65' lang='grc' dir='ltr'><strong>θ</strong></span> <span class='ocrx_word' id='word_1_772' title='bbox 2085 4348 2261 4421; x_wconf 75' lang='lat' dir='ltr'><strong>sciunt</strong></span> <span class='ocrx_word' id='word_1_773' title='bbox 2295 4369 2392 4419; x_wconf 76' lang='lat' dir='ltr'><strong>sibi</strong></span> <span class='ocrx_word' id='word_1_774' title='bbox 2419 4383 2529 4419; x_wconf 88' lang='lat' dir='ltr'><strong>esse</strong></span> <span class='ocrx_word' id='word_1_775' title='bbox 2560 4365 2881 4418; x_wconf 86' lang='lat' dir='ltr'><strong>subeundam</strong></span> <span class='ocrx_word' id='word_1_776' title='bbox 2911 4402 2926 4425; x_wconf 93' lang='lat'><strong>,</strong></span> <span class='ocrx_word' id='word_1_777' title='bbox 2981 4372 3161 4431; x_wconf 83' lang='lat' dir='ltr'><strong>petunt</strong></span> <span class='ocrx_word' id='word_1_778' title='bbox 3214 4359 3351 4411; x_wconf 89' lang='lat' dir='ltr'><strong>mitti</strong></span> <span class='ocrx_word' id='word_1_779' title='bbox 3381 4356 3430 4407; x_wconf 90' lang='lat' dir='ltr'><strong>in</strong></span> <span class='ocrx_word' id='word_1_780' title='bbox 3458 4360 3630 4419; x_wconf 81' lang='lat' dir='ltr'><strong>porrus.</strong></span> 
     </span>
    </p>
   </div>
   <div class='ocr_carea' id='block_1_104' title="bbox 2097 4441 3631 4517">
    <p class='ocr_par' dir='ltr' id='par_1_104' title="bbox 2097 4441 3631 4517">
     <span class='ocr_line' id='line_1_104' title="bbox 2097 4441 3631 4517; baseline -0.017 -10"><span class='ocrx_word' id='word_1_781' title='bbox 2097 4454 2161 4509; x_wconf 79' lang='lat' dir='ltr'><strong>Et</strong></span> <span class='ocrx_word' id='word_1_782' title='bbox 2195 4453 2429 4517; x_wconf 55' lang='lat' dir='ltr'><strong>nefarie</strong></span> <span class='ocrx_word' id='word_1_783' title='bbox 2465 4451 2766 4514; x_wconf 76' lang='lat' dir='ltr'><strong>existimes,</strong></span> <span class='ocrx_word' id='word_1_784' title='bbox 2817 4465 2924 4502; x_wconf 86' lang='lat' dir='ltr'><strong>non</strong></span> <span class='ocrx_word' id='word_1_785' title='bbox 2956 4449 3133 4501; x_wconf 87' lang='lat' dir='ltr'><strong>solum</strong></span> <span class='ocrx_word' id='word_1_786' title='bbox 3175 4446 3230 4498; x_wconf 89' lang='lat' dir='ltr'><strong>in</strong></span> <span class='ocrx_word' id='word_1_787' title='bbox 3273 4441 3478 4498; x_wconf 85' lang='lat' dir='ltr'><strong>diabolo</strong></span> <span class='ocrx_word' id='word_1_788' title='bbox 3537 4447 3631 4483; x_wconf 64' lang='lat' dir='ltr'><strong>uir</strong></span> 
     </span>
    </p>
   </div>
   <div class='ocr_carea' id='block_1_105' title="bbox 2097 4530 3628 4606">
    <p class='ocr_par' dir='ltr' id='par_1_105' title="bbox 2097 4530 3628 4606">
     <span class='ocr_line' id='line_1_105' title="bbox 2097 4530 3628 4606; baseline -0.013 -10"><span class='ocrx_word' id='word_1_789' title='bbox 2097 4544 2297 4606; x_wconf 78' lang='lat' dir='ltr'><strong>titiam,</strong></span> <span class='ocrx_word' id='word_1_790' title='bbox 2323 4555 2516 4594; x_wconf 79' lang='lat' dir='ltr'><strong>verum</strong></span> <span class='ocrx_word' id='word_1_791' title='bbox 2548 4541 2715 4592; x_wconf 83' lang='lat' dir='ltr'><strong>etiam</strong></span> <span class='ocrx_word' id='word_1_792' title='bbox 2749 4538 3109 4592; x_wconf 81' lang='lat' dir='ltr'><strong>substantiam</strong></span> <span class='ocrx_word' id='word_1_793' title='bbox 3135 4548 3257 4587; x_wconf 77' lang='lat' dir='ltr'><strong>esse</strong></span> <span class='ocrx_word' id='word_1_794' title='bbox 3285 4530 3555 4600; x_wconf 82' lang='lat' dir='ltr'><strong>perituram</strong></span> <span class='ocrx_word' id='word_1_795' title='bbox 3574 4543 3628 4556; x_wconf 79' lang='lat'><strong>—-</strong></span> 
     </span>
    </p>
   </div>
   <div class='ocr_carea' id='block_1_106' title="bbox 2095 4620 3626 4687">
    <p class='ocr_par' dir='ltr' id='par_1_106' title="bbox 2095 4620 3626 4687">
     <span class='ocr_line' id='line_1_106' title="bbox 2095 4620 3626 4687; baseline -0.019 0"><span class='ocrx_word' id='word_1_796' title='bbox 2095 4628 2459 4687; x_wconf 83' lang='lat' dir='ltr'><strong>substantiam</strong></span> <span class='ocrx_word' id='word_1_797' title='bbox 2494 4629 2640 4681; x_wconf 90' lang='lat' dir='ltr'><strong>enim</strong></span> <span class='ocrx_word' id='word_1_798' title='bbox 2677 4624 2812 4679; x_wconf 90' lang='lat' dir='ltr'><strong>dicit</strong></span> <span class='ocrx_word' id='word_1_799' title='bbox 2844 4638 2954 4677; x_wconf 90' lang='lat' dir='ltr'><strong>non</strong></span> <span class='ocrx_word' id='word_1_800' title='bbox 2985 4621 3140 4675; x_wconf 85' lang='lat' dir='ltr'><strong>aDeo</strong></span> <span class='ocrx_word' id='word_1_801' title='bbox 3168 4620 3364 4674; x_wconf 80' lang='lat' dir='ltr'><strong>factam</strong></span> <span class='ocrx_word' id='word_1_802' title='bbox 3392 4621 3626 4667; x_wconf 80' lang='lat' dir='ltr'><strong>naturam.</strong></span> 
     </span>
    </p>
   </div>
   <div class='ocr_carea' id='block_1_107' title="bbox 2095 4696 3626 4783">
    <p class='ocr_par' dir='ltr' id='par_1_107' title="bbox 2095 4696 3626 4783">
     <span class='ocr_line' id='line_1_107' title="bbox 2095 4696 3626 4783; baseline -0.016 -9"><span class='ocrx_word' id='word_1_803' title='bbox 2095 4718 2189 4773; x_wconf 90' lang='lat' dir='ltr'><strong>sed</strong></span> <span class='ocrx_word' id='word_1_804' title='bbox 2224 4730 2442 4771; x_wconf 83' lang='lat' dir='ltr'><strong>omnem</strong></span> <span class='ocrx_word' id='word_1_805' title='bbox 2472 4730 2610 4771; x_wconf 84' lang='lat' dir='ltr'><strong>suae</strong></span> <span class='ocrx_word' id='word_1_806' title='bbox 2662 4711 2965 4783; x_wconf 83' lang='lat' dir='ltr'><strong>apostasiae</strong></span> <span class='ocrx_word' id='word_1_807' title='bbox 2995 4707 3454 4777; x_wconf 83' lang='lat' dir='ltr'><strong>consequentiam,</strong></span> <span class='ocrx_word' id='word_1_808' title='bbox 3487 4696 3533 4751; x_wconf 83' lang='lat' dir='ltr'><strong>id</strong></span> <span class='ocrx_word' id='word_1_809' title='bbox 3555 4700 3626 4746; x_wconf 67' lang='lat' dir='ltr'><strong>est</strong></span> 
     </span>
    </p>
   </div>
   <div class='ocr_carea' id='block_1_108' title="bbox 2104 4791 3625 4882">
    <p class='ocr_par' dir='ltr' id='par_1_108' title="bbox 2104 4791 3625 4882">
     <span class='ocr_line' id='line_1_108' title="bbox 2104 4791 3625 4882; baseline -0.014 -19"><span class='ocrx_word' id='word_1_810' title='bbox 2104 4808 2440 4879; x_wconf 87' lang='lat' dir='ltr'><strong>propositum</strong></span> <span class='ocrx_word' id='word_1_811' title='bbox 2471 4804 2779 4875; x_wconf 85' lang='lat' dir='ltr'><strong>superbiae,</strong></span> <span class='ocrx_word' id='word_1_812' title='bbox 2813 4795 3185 4857; x_wconf 77' lang='lat' dir='ltr'><strong>et’inimicam</strong></span> <span class='ocrx_word' id='word_1_813' title='bbox 3216 4798 3554 4882; x_wconf 59' lang='lat' dir='ltr'><strong>voluntatem,</strong></span> <span class='ocrx_word' id='word_1_814' title='bbox 3576 4791 3625 4882; x_wconf 61' lang='lat' dir='ltr'><strong>et</strong></span> 
     </span>
    </p>
   </div>
   <div class='ocr_carea' id='block_1_109' title="bbox 2098 4876 3626 4960">
    <p class='ocr_par' dir='ltr' id='par_1_109' title="bbox 2098 4876 3626 4960">
     <span class='ocr_line' id='line_1_109' title="bbox 2098 4876 3626 4960; baseline -0.017 -9"><span class='ocrx_word' id='word_1_815' title='bbox 2098 4876 2119 4951; x_wconf 83' lang='lat' dir='ltr'><strong>i</strong></span> <span class='ocrx_word' id='word_1_816' title='bbox 2125 4876 2492 4951; x_wconf 84' lang='lat' dir='ltr'><strong>:nmunditiam</strong></span> <span class='ocrx_word' id='word_1_817' title='bbox 2510 4894 2847 4949; x_wconf 76' lang='lat' dir='ltr'><strong>idololatriae</strong></span> <span class='ocrx_word' id='word_1_818' title='bbox 2856 4892 2963 4960; x_wconf 86' lang='lat' dir='ltr'><strong>;his</strong></span> <span class='ocrx_word' id='word_1_819' title='bbox 2978 4889 3121 4944; x_wconf 90' lang='lat' dir='ltr'><strong>enim</strong></span> <span class='ocrx_word' id='word_1_820' title='bbox 3143 4899 3198 4943; x_wconf 89' lang='lat' dir='ltr'><strong>et</strong></span> <span class='ocrx_word' id='word_1_821' title='bbox 3214 4886 3471 4942; x_wconf 85' lang='lat' dir='ltr'><strong>similibus</strong></span> <span class='ocrx_word' id='word_1_822' title='bbox 3486 4876 3626 4930; x_wconf 75' lang='lat' dir='ltr'><strong>veluti</strong></span> 
     </span>
    </p>
   </div>
   <div class='ocr_carea' id='block_1_110' title="bbox 2096 4966 3624 5047">
    <p class='ocr_par' dir='ltr' id='par_1_110' title="bbox 2096 4966 3624 5047">
     <span class='ocr_line' id='line_1_110' title="bbox 2096 4966 3624 5047; baseline -0.017 -9"><span class='ocrx_word' id='word_1_823' title='bbox 2096 4984 2357 5038; x_wconf 87' lang='lat' dir='ltr'><strong>membris</strong></span> <span class='ocrx_word' id='word_1_824' title='bbox 2392 4981 2642 5036; x_wconf 82' lang='lat' dir='ltr'><strong>subsistit</strong></span> <span class='ocrx_word' id='word_1_825' title='bbox 2682 4994 2862 5040; x_wconf 90' lang='lat' dir='ltr'><strong>omne,</strong></span> <span class='ocrx_word' id='word_1_826' title='bbox 2904 4977 3050 5047; x_wconf 92' lang='lat' dir='ltr'><strong>quod</strong></span> <span class='ocrx_word' id='word_1_827' title='bbox 3109 4975 3356 5029; x_wconf 82' lang='lat' dir='ltr'><strong>diabolus</strong></span> <span class='ocrx_word' id='word_1_828' title='bbox 3397 4966 3576 5022; x_wconf 78' lang='lat' dir='ltr'><strong>dicitur</strong></span> <span class='ocrx_word' id='word_1_829' title='bbox 3608 4973 3624 5011; x_wconf 84' lang='lat'><strong>:</strong></span> 
     </span>
    </p>
   </div>
   <div class='ocr_carea' id='block_1_111' title="bbox 2095 5051 3624 5139">
    <p class='ocr_par' dir='ltr' id='par_1_111' title="bbox 2095 5051 3624 5139">
     <span class='ocr_line' id='line_1_111' title="bbox 2095 5051 3624 5139; baseline -0.015 -15"><span class='ocrx_word' id='word_1_830' title='bbox 2095 5078 2274 5139; x_wconf 85' lang='lat' dir='ltr'><strong>potest</strong></span> <span class='ocrx_word' id='word_1_831' title='bbox 2302 5070 2465 5121; x_wconf 88' lang='lat' dir='ltr'><strong>etiam</strong></span> <span class='ocrx_word' id='word_1_832' title='bbox 2500 5066 2727 5136; x_wconf 76' lang='lat' dir='ltr'><strong>intelligi</strong></span> <span class='ocrx_word' id='word_1_833' title='bbox 2758 5067 2827 5119; x_wconf 91' lang='lat' dir='ltr'><strong>de</strong></span> <span class='ocrx_word' id='word_1_834' title='bbox 2847 5078 3011 5119; x_wconf 86' lang='lat' dir='ltr'><strong>aereo</strong></span> <span class='ocrx_word' id='word_1_835' title='bbox 3039 5076 3286 5130; x_wconf 85' lang='lat' dir='ltr'><strong>corpore,</strong></span> <span class='ocrx_word' id='word_1_836' title='bbox 3315 5056 3452 5128; x_wconf 89' lang='lat' dir='ltr'><strong>quod</strong></span> <span class='ocrx_word' id='word_1_837' title='bbox 3483 5051 3528 5106; x_wconf 89' lang='lat' dir='ltr'><strong>ei</strong></span> <span class='ocrx_word' id='word_1_838' title='bbox 3552 5054 3624 5139; x_wconf 74' lang='lat' dir='ltr'><strong>est</strong></span> 
     </span>
    </p>
   </div>
   <div class='ocr_carea' id='block_1_112' title="bbox 2097 5134 3621 5226">
    <p class='ocr_par' dir='ltr' id='par_1_112' title="bbox 2097 5134 3621 5226">
     <span class='ocr_line' id='line_1_112' title="bbox 2097 5134 3621 5226; baseline -0.014 -15"><span class='ocrx_word' id='word_1_839' title='bbox 2097 5134 2507 5226; x_wconf 80' lang='lat' dir='ltr'><strong>superaddituin</strong></span> <span class='ocrx_word' id='word_1_840' title='bbox 2544 5156 2586 5186; x_wconf 79' lang='lat'>“</span> <span class='ocrx_word' id='word_1_841' title='bbox 2620 5134 2699 5195; x_wconf 52' lang='grc' dir='ltr'><strong>-ξ</strong></span> <span class='ocrx_word' id='word_1_842' title='bbox 2717 5163 2774 5208; x_wconf 89' lang='lat' dir='ltr'><strong>et</strong></span> <span class='ocrx_word' id='word_1_843' title='bbox 2804 5154 2949 5221; x_wconf 84' lang='lat' dir='ltr'><strong>quod</strong></span> <span class='ocrx_word' id='word_1_844' title='bbox 2986 5142 3094 5206; x_wconf 83' lang='lat' dir='ltr'><strong>non</strong></span> <span class='ocrx_word' id='word_1_845' title='bbox 3128 5152 3181 5206; x_wconf 85' lang='lat' dir='ltr'><strong>in</strong></span> <span class='ocrx_word' id='word_1_846' title='bbox 3231 5149 3373 5203; x_wconf 89' lang='lat' dir='ltr'><strong>omni</strong></span> <span class='ocrx_word' id='word_1_847' title='bbox 3402 5134 3621 5198; x_wconf 78' lang='lat' dir='ltr'><strong>rationali</strong></span> 
     </span>
    </p>
   </div>
   <div class='ocr_carea' id='block_1_113' title="bbox 2100 5229 3619 5311">
    <p class='ocr_par' dir='ltr' id='par_1_113' title="bbox 2100 5229 3619 5311">
     <span class='ocr_line' id='line_1_113' title="bbox 2100 5229 3619 5311; baseline -0.006 -14"><span class='ocrx_word' id='word_1_848' title='bbox 2100 5254 2350 5298; x_wconf 70' lang='lat' dir='ltr'><strong>creatura</strong></span> <span class='ocrx_word' id='word_1_849' title='bbox 2393 5258 2541 5297; x_wconf 81' lang='lat' dir='ltr'><strong>iiinrs</strong></span> <span class='ocrx_word' id='word_1_850' title='bbox 2570 5242 2907 5311; x_wconf 86' lang='lat' dir='ltr'><strong>aculeusque</strong></span> <span class='ocrx_word' id='word_1_851' title='bbox 2960 5241 3104 5311; x_wconf 77' lang='lat' dir='ltr'><strong>ejus,</strong></span> <span class='ocrx_word' id='word_1_852' title='bbox 3174 5244 3443 5309; x_wconf 83' lang='lat' dir='ltr'><strong>peccatum</strong></span> <span class='ocrx_word' id='word_1_853' title='bbox 3494 5229 3619 5288; x_wconf 59' lang='lat' dir='ltr'><strong>dicit.</strong></span> 
     </span>
    </p>
   </div>
   <div class='ocr_carea' id='block_1_114' title="bbox 1701 5338 2388 5395">
    <p class='ocr_par' dir='ltr' id='par_1_114' title="bbox 1701 5338 2388 5395">
     <span class='ocr_line' id='line_1_114' title="bbox 1701 5338 2388 5395; baseline 0.001 -2"><span class='ocrx_word' id='word_1_854' title='bbox 1701 5338 1957 5395; x_wconf 76' lang='lat' dir='ltr'><strong>VAltlAE</strong></span> <span class='ocrx_word' id='word_1_855' title='bbox 1992 5340 2388 5395; x_wconf 66' lang='lat' dir='ltr'><strong>LECTIONES.</strong></span> 
     </span>
    </p>
   </div>
   <div class='ocr_carea' id='block_1_115' title="bbox 486 5407 3610 5496">
    <p class='ocr_par' dir='ltr' id='par_1_115' title="bbox 486 5407 3610 5496">
     <span class='ocr_line' id='line_1_115' title="bbox 486 5407 3610 5496; baseline 0.003 -20"><span class='ocrx_word' id='word_1_856' title='bbox 486 5423 503 5454; x_wconf 84' lang='grc'>¹</span> <span class='ocrx_word' id='word_1_857' title='bbox 523 5420 612 5476; x_wconf 90' lang='lat' dir='ltr'><strong>Sic</strong></span> <span class='ocrx_word' id='word_1_858' title='bbox 639 5420 724 5477; x_wconf 80' lang='lat' dir='ltr'><strong>CF</strong></span> <span class='ocrx_word' id='word_1_859' title='bbox 752 5425 836 5496; x_wconf 18' lang='lat' dir='ltr'><strong>;AA</strong></span> <span class='ocrx_word' id='word_1_860' title='bbox 866 5424 1123 5496; x_wconf 83' lang='lat' dir='ltr'><strong>absorbet.</strong></span> <span class='ocrx_word' id='word_1_861' title='bbox 1198 5426 1294 5496; x_wconf 51' lang='lat' dir='ltr'><strong>Fet</strong></span> <span class='ocrx_word' id='word_1_862' title='bbox 1312 5439 1421 5496; x_wconf 80' lang='lat' dir='ltr'><strong>om.</strong></span> <span class='ocrx_word' id='word_1_863' title='bbox 1442 5425 1508 5477; x_wconf 79' lang='grc' dir='ltr'><strong>Α.</strong></span> <span class='ocrx_word' id='word_1_864' title='bbox 1585 5425 1605 5457; x_wconf 86' lang='grc'>³</span> <span class='ocrx_word' id='word_1_865' title='bbox 1626 5425 1717 5479; x_wconf 85' lang='lat' dir='ltr'><strong>Sic</strong></span> <span class='ocrx_word' id='word_1_866' title='bbox 1744 5424 1829 5480; x_wconf 81' lang='lat' dir='ltr'><strong>CF</strong></span> <span class='ocrx_word' id='word_1_867' title='bbox 1853 5444 1874 5492; x_wconf 90' lang='lat'><strong><em>;</em></strong></span> <span class='ocrx_word' id='word_1_868' title='bbox 1902 5428 2017 5480; x_wconf 87' lang='lat' dir='ltr'><strong>Ain</strong></span> <span class='ocrx_word' id='word_1_869' title='bbox 2044 5432 2267 5481; x_wconf 89' lang='lat' dir='ltr'><strong>unitate.</strong></span> <span class='ocrx_word' id='word_1_870' title='bbox 2346 5430 2365 5459; x_wconf 70' lang='grc'>⁸</span> <span class='ocrx_word' id='word_1_871' title='bbox 2386 5424 2578 5482; x_wconf 78' lang='lat' dir='ltr'><strong>SicCF</strong></span> <span class='ocrx_word' id='word_1_872' title='bbox 2605 5442 2619 5493; x_wconf 86' lang='lat'><strong>;</strong></span> <span class='ocrx_word' id='word_1_873' title='bbox 2655 5426 2695 5480; x_wconf 76' lang='grc' dir='ltr'>Α</span> <span class='ocrx_word' id='word_1_874' title='bbox 2723 5427 2879 5496; x_wconf 87' lang='lat' dir='ltr'><strong>ipsos.</strong></span> <span class='ocrx_word' id='word_1_875' title='bbox 2940 5424 2961 5454; x_wconf 84' lang='lat'><strong>&#39;</strong></span> <span class='ocrx_word' id='word_1_876' title='bbox 2989 5424 3317 5496; x_wconf 59' lang='lat' dir='ltr'><strong>ideoqugw&#39;!</strong></span> <span class='ocrx_word' id='word_1_877' title='bbox 3342 5418 3390 5470; x_wconf 70' lang='grc' dir='ltr'><strong><em>ίπ</em></strong></span> <span class='ocrx_word' id='word_1_878' title='bbox 3411 5407 3610 5496; x_wconf 61' lang='grc' dir='ltr'><strong>οφκδῖ</strong></span> 
     </span>
    </p>
   </div>
   <div class='ocr_carea' id='block_1_116' title="bbox 415 5488 3604 5551">
    <p class='ocr_par' dir='ltr' id='par_1_116' title="bbox 415 5488 3604 5551">
     <span class='ocr_line' id='line_1_116' title="bbox 415 5488 3604 5551; baseline -0 -7"><span class='ocrx_word' id='word_1_879' title='bbox 415 5502 608 5544; x_wconf 87' lang='lat' dir='ltr'><strong>natura</strong></span> <span class='ocrx_word' id='word_1_880' title='bbox 628 5508 737 5544; x_wconf 85' lang='lat' dir='ltr'><strong>out.</strong></span> <span class='ocrx_word' id='word_1_881' title='bbox 760 5493 823 5545; x_wconf 77' lang='grc' dir='ltr'><strong>Α.</strong></span> <span class='ocrx_word' id='word_1_882' title='bbox 865 5495 884 5523; x_wconf 83' lang='grc'><strong>⁸</strong></span> <span class='ocrx_word' id='word_1_883' title='bbox 912 5501 945 5543; x_wconf 72' lang='grc' dir='ltr'>Α</span> <span class='ocrx_word' id='word_1_884' title='bbox 969 5493 1253 5547; x_wconf 86' lang='lat' dir='ltr'><strong>voluntatis</strong></span> <span class='ocrx_word' id='word_1_885' title='bbox 1284 5494 1525 5547; x_wconf 91' lang='lat' dir='ltr'><strong>arbitrio.</strong></span> <span class='ocrx_word' id='word_1_886' title='bbox 1571 5497 1591 5527; x_wconf 85' lang='lat'><strong>&#39;</strong></span> <span class='ocrx_word' id='word_1_887' title='bbox 1615 5496 1659 5546; x_wconf 77' lang='grc' dir='ltr'><strong>Α</strong></span> <span class='ocrx_word' id='word_1_888' title='bbox 1687 5511 1801 5548; x_wconf 83' lang='lat' dir='ltr'><strong>ecce</strong></span> <span class='ocrx_word' id='word_1_889' title='bbox 1820 5488 1929 5549; x_wconf 72' lang='lat' dir='ltr'><strong>oin.</strong></span> <span class='ocrx_word' id='word_1_890' title='bbox 1949 5499 2015 5550; x_wconf 83' lang='lat' dir='ltr'><strong>A.</strong></span> <span class='ocrx_word' id='word_1_891' title='bbox 2077 5498 2099 5529; x_wconf 83' lang='grc'><strong><em>⁸</em></strong></span> <span class='ocrx_word' id='word_1_892' title='bbox 2120 5502 2161 5551; x_wconf 75' lang='grc' dir='ltr'>Α</span> <span class='ocrx_word' id='word_1_893' title='bbox 2182 5509 2234 5550; x_wconf 91' lang='lat' dir='ltr'><strong>ut</strong></span> <span class='ocrx_word' id='word_1_894' title='bbox 2253 5499 2476 5551; x_wconf 81' lang='lat' dir='ltr'><strong>insulse.</strong></span> <span class='ocrx_word' id='word_1_895' title='bbox 2521 5498 2540 5529; x_wconf 85' lang='lat'>&#39;</span> <span class='ocrx_word' id='word_1_896' title='bbox 2561 5488 2918 5550; x_wconf 45' lang='lat' dir='ltr'><strong>A&#39;asse&#39;ratur.</strong></span> <span class='ocrx_word' id='word_1_897' title='bbox 2985 5494 3029 5525; x_wconf 84' lang='lat'>“</span> <span class='ocrx_word' id='word_1_898' title='bbox 3050 5488 3139 5547; x_wconf 82' lang='lat' dir='ltr'><strong>Sic</strong></span> <span class='ocrx_word' id='word_1_899' title='bbox 3156 5491 3237 5545; x_wconf 79' lang='lat' dir='ltr'><strong>CF</strong></span> <span class='ocrx_word' id='word_1_900' title='bbox 3260 5507 3272 5551; x_wconf 84' lang='lat'><strong>;</strong></span> <span class='ocrx_word' id='word_1_901' title='bbox 3293 5490 3333 5538; x_wconf 79' lang='grc' dir='ltr'>Α</span> <span class='ocrx_word' id='word_1_902' title='bbox 3355 5488 3604 5544; x_wconf 74' lang='grc' dir='ltr'><strong>εανῐεηηη·</strong></span> 
     </span>
    </p>
   </div>
   <div class='ocr_carea' id='block_1_117' title="bbox 420 5562 1200 5631">
    <p class='ocr_par' dir='ltr' id='par_1_117' title="bbox 420 5562 1200 5631">
     <span class='ocr_line' id='line_1_117' title="bbox 420 5562 1200 5631; baseline 0.006 -20"><span class='ocrx_word' id='word_1_903' title='bbox 420 5562 459 5590; x_wconf 73' lang='grc'>³⁸</span> <span class='ocrx_word' id='word_1_904' title='bbox 496 5562 540 5612; x_wconf 78' lang='grc' dir='ltr'>Α</span> <span class='ocrx_word' id='word_1_905' title='bbox 572 5562 812 5631; x_wconf 85' lang='lat' dir='ltr'><strong>turbetur</strong></span> <span class='ocrx_word' id='word_1_906' title='bbox 832 5574 920 5614; x_wconf 89' lang='lat' dir='ltr'><strong>aut</strong></span> <span class='ocrx_word' id='word_1_907' title='bbox 940 5574 1200 5631; x_wconf 90' lang='lat' dir='ltr'><strong>turpetur.</strong></span> 
     </span>
    </p>
   </div>
   <div class='ocr_carea' id='block_1_118' title="bbox 1280 5563 1814 5633">
    <p class='ocr_par' dir='ltr' id='par_1_118' title="bbox 1280 5563 1814 5633">
     <span class='ocr_line' id='line_1_118' title="bbox 1280 5563 1814 5633; baseline -0.004 -14"><span class='ocrx_word' id='word_1_908' title='bbox 1280 5567 1323 5596; x_wconf 84' lang='lat'>”</span> <span class='ocrx_word' id='word_1_909' title='bbox 1354 5565 1443 5619; x_wconf 82' lang='lat' dir='ltr'><strong>Sic</strong></span> <span class='ocrx_word' id='word_1_910' title='bbox 1471 5563 1591 5628; x_wconf 83' lang='lat' dir='ltr'><strong>CF;</strong></span> <span class='ocrx_word' id='word_1_911' title='bbox 1621 5565 1662 5617; x_wconf 81' lang='grc' dir='ltr'><strong>Α</strong></span> <span class='ocrx_word' id='word_1_912' title='bbox 1694 5565 1814 5633; x_wconf 82' lang='lat' dir='ltr'><strong>ipsi.</strong></span> 
     </span>
    </p>
   </div>
   <div class='ocr_carea' id='block_1_119' title="bbox 418 5629 1144 5699">
    <p class='ocr_par' dir='ltr' id='par_1_119' title="bbox 418 5629 1144 5699">
     <span class='ocr_line' id='line_1_119' title="bbox 418 5629 1144 5699; baseline 0.011 -19"><span class='ocrx_word' id='word_1_913' title='bbox 418 5629 704 5681; x_wconf 79' lang='lat' dir='ltr'><strong>nuntiavit.</strong></span> <span class='ocrx_word' id='word_1_914' title='bbox 786 5632 826 5659; x_wconf 80' lang='grc'><strong>¹⁶</strong></span> <span class='ocrx_word' id='word_1_915' title='bbox 855 5635 894 5683; x_wconf 80' lang='grc' dir='ltr'><strong>Δ</strong></span> <span class='ocrx_word' id='word_1_916' title='bbox 923 5629 1144 5699; x_wconf 82' lang='lat' dir='ltr'><strong>primus.</strong></span> 
     </span>
    </p>
   </div>
   <div class='ocr_carea' id='block_1_120' title="bbox 1226 5635 1704 5703">
    <p class='ocr_par' dir='ltr' id='par_1_120' title="bbox 1226 5635 1704 5703">
     <span class='ocr_line' id='line_1_120' title="bbox 1226 5635 1704 5703; baseline -0.008 -12"><span class='ocrx_word' id='word_1_917' title='bbox 1226 5635 1267 5666; x_wconf 89' lang='grc'><strong>¹⁷</strong></span> <span class='ocrx_word' id='word_1_918' title='bbox 1304 5635 1348 5690; x_wconf 79' lang='grc' dir='ltr'>Α</span> <span class='ocrx_word' id='word_1_919' title='bbox 1375 5635 1704 5703; x_wconf 85' lang='lat' dir='ltr'><strong>relinquant.</strong></span> 
     </span>
    </p>
   </div>
   <div class='ocr_carea' id='block_1_121' title="bbox 1895 5567 2575 5636">
    <p class='ocr_par' dir='ltr' id='par_1_121' title="bbox 1895 5567 2575 5636">
     <span class='ocr_line' id='line_1_121' title="bbox 1895 5567 2575 5636; baseline 0 -17"><span class='ocrx_word' id='word_1_920' title='bbox 1895 5567 2039 5619; x_wconf 70' lang='lat' dir='ltr'><strong>&quot;CF</strong></span> <span class='ocrx_word' id='word_1_921' title='bbox 2066 5569 2118 5620; x_wconf 88' lang='lat' dir='ltr'><strong>in</strong></span> <span class='ocrx_word' id='word_1_922' title='bbox 2153 5584 2356 5636; x_wconf 75' lang='lat' dir='ltr'><strong>quoqut</strong></span> <span class='ocrx_word' id='word_1_923' title='bbox 2383 5570 2483 5634; x_wconf 76' lang='lat' dir='ltr'><strong>(sic</strong></span> <span class='ocrx_word' id='word_1_924' title='bbox 2514 5567 2575 5633; x_wconf 88' lang='lat' dir='ltr'><strong>l).</strong></span> 
     </span>
    </p>
   </div>
   <div class='ocr_carea' id='block_1_122' title="bbox 1786 5626 3334 5697">
    <p class='ocr_par' dir='ltr' id='par_1_122' title="bbox 1786 5626 3334 5697">
     <span class='ocr_line' id='line_1_122' title="bbox 1786 5626 3334 5697; baseline -0.005 -10"><span class='ocrx_word' id='word_1_925' title='bbox 1786 5634 1825 5664; x_wconf 82' lang='lat'>“</span> <span class='ocrx_word' id='word_1_926' title='bbox 1855 5626 2202 5690; x_wconf 76' lang='lat' dir='ltr'><strong>substantiam</strong></span> <span class='ocrx_word' id='word_1_927' title='bbox 2230 5626 2368 5691; x_wconf 75' lang='lat' dir='ltr'><strong>enim</strong></span> <span class='ocrx_word' id='word_1_928' title='bbox 2388 5626 2613 5688; x_wconf 45' lang='lat' dir='ltr'><strong>‘dicit&#39;—</strong></span> <span class='ocrx_word' id='word_1_929' title='bbox 2655 5636 3058 5697; x_wconf 82' lang='lat' dir='ltr'><strong>superudditum</strong></span> <span class='ocrx_word' id='word_1_930' title='bbox 3094 5647 3208 5686; x_wconf 88' lang='lat' dir='ltr'><strong>om.</strong></span> <span class='ocrx_word' id='word_1_931' title='bbox 3236 5626 3334 5683; x_wconf 73' lang='lat' dir='ltr'><strong>CF.</strong></span> 
     </span>
    </p>
   </div>
   <div class='ocr_carea' id='block_1_123' title="bbox 2656 5555 3602 5622">
    <p class='ocr_par' dir='ltr' id='par_1_123' title="bbox 2656 5555 3602 5622">
     <span class='ocr_line' id='line_1_123' title="bbox 2656 5555 3602 5622; baseline -0.018 -3"><span class='ocrx_word' id='word_1_932' title='bbox 2656 5565 2697 5595; x_wconf 82' lang='grc'><strong>¹⁵</strong></span> <span class='ocrx_word' id='word_1_933' title='bbox 2724 5565 2813 5619; x_wconf 76' lang='lat' dir='ltr'><strong>Sic</strong></span> <span class='ocrx_word' id='word_1_934' title='bbox 2842 5564 2925 5617; x_wconf 83' lang='lat' dir='ltr'><strong>CF</strong></span> <span class='ocrx_word' id='word_1_935' title='bbox 2952 5580 2965 5622; x_wconf 84' lang='lat'><strong>:</strong></span> <span class='ocrx_word' id='word_1_936' title='bbox 3012 5567 3051 5617; x_wconf 73' lang='grc' dir='ltr'>Α</span> <span class='ocrx_word' id='word_1_937' title='bbox 3075 5563 3284 5614; x_wconf 64' lang='lat' dir='ltr'><strong>creat-it.</strong></span> <span class='ocrx_word' id='word_1_938' title='bbox 3361 5555 3399 5585; x_wconf 84' lang='lat'><strong>&quot;</strong></span> <span class='ocrx_word' id='word_1_939' title='bbox 3424 5560 3457 5605; x_wconf 66' lang='grc' dir='ltr'><strong>Α</strong></span> <span class='ocrx_word' id='word_1_940' title='bbox 3481 5561 3602 5616; x_wconf 80' lang='lat' dir='ltr'><strong>pru-</strong></span> 
     </span>
    </p>
   </div>
  </div>
