3898 6154
343 272 447 328 929

1176 256 1263 311 DE
1302 254 1639 311 DIVISIONE
1678 252 2029 309 NATURAE.
2062 281 2134 291 —
2174 252 2370 307 LIBER
2411 250 2729 320 QUINTUS.

3479 259 3583 314 956

336 347 623 443 omnisque
654 371 854 427 malitia
887 369 1168 424 interitura
1198 372 1303 435 sit,
1347 370 1441 426 sed
1480 371 1533 423 in
1569 377 1724 439 parte
1755 381 1906 422 crea-
1933 369 1979 427 A
2006 375 2234 435 quantae
2252 365 2515 435 puritatis,
2542 375 2769 434 quantae
2791 364 3115 433 subtilitatis,
3138 377 3365 436 quantae
3389 369 3586 439 gloriae

335 478 492 523 turae
545 463 958 525 iuterimentur;
995 463 1048 515 in
1099 472 1254 532 parte
1303 461 1731 531 permanebunt,
1782 459 1907 514 audi

333 573 591 630 maguum
621 554 933 623 Origenem,
965 553 1436 624 diligentissimum
1471 568 1652 607 rerum
1686 550 1909 620 inquisi-

330 657 531 709 torem,
558 647 610 699 in
638 644 797 700 tertio
824 644 961 699 libro
986 649 1104 721 arpi
1126 644 1329 719 Ἀρχῶν
1359 645 1423 699 de
1449 642 1910 699 consummatione

330 739 557 802 mundi,
599 739 701 792 boc
729 744 810 791 est
838 736 905 790 de
934 752 1144 791 summo
1173 736 1336 799 bono,
1379 735 1448 789 ad
1478 735 1620 805 quod
1660 734 1908 787 universa

334 827 680 882 rationabilis
714 835 911 880 natura
941 824 1195 890 festinat,
1228 834 1286 878 ut
1316 825 1457 879 Deus
1487 823 1667 877 omnia
1704 821 1758 875 in
1789 836 1908 875 om-

334 918 505 972 nibus
540 918 649 981 sit;
679 931 784 971 non
827 916 971 970 enim
1015 915 1119 969 alia
1158 915 1549 969 consummatio
1599 911 1782 966 mundi
1828 918 1912 965 est

325 1017 554 1079 praeter
585 1007 747 1060 Deum
777 1005 959 1058 omnia
992 1004 1044 1057 in
1074 1003 1325 1057 omnibus
1354 1017 1475 1056 esse
1506 1010 1827 1055 tractantem
1857 1005 1915 1053 et.

325 1098 605 1152 dicentem
649 1096 687 1147 ¹.
743 1096 893 1158 Quae
932 1095 1035 1146 sint
1066 1109 1187 1162 ergo
1214 1093 1313 1144 ista
1335 1094 1355 1121 ’
1388 1090 1581 1164 omnia,
1612 1104 1745 1157 quae
1772 1087 1913 1141 Deus

323 1187 552 1258 futurus
590 1186 657 1239 sit
695 1185 750 1238 in
789 1184 1051 1247 omnibus,
1087 1184 1434 1253 requiramus.
1487 1181 1554 1233 Et
1584 1197 1675 1250 ego
1703 1178 1913 1250 quidem

321 1275 584 1339 arbitror,
613 1276 737 1343 quia
769 1275 886 1337 hoc,
913 1273 1052 1339 quod
1082 1273 1139 1325 in
1167 1270 1409 1325 omnibus
1441 1269 1619 1323 omnia
1649 1284 1759 1322 esse
1785 1267 1908 1320 dici-

320 1375 422 1417 tur
448 1364 611 1428 Deus,
636 1363 891 1433 signiﬁcet
922 1362 1079 1415 etiam
1108 1361 1162 1413 in
1190 1358 1410 1430 singulis
1441 1374 1558 1412 eum
1582 1357 1756 1411 omnia
1783 1371 1912 1409 esse.

320 1452 444 1508 Per
469 1453 704 1523 singulos
743 1462 919 1506 autent
957 1452 1135 1505 omnia
1171 1452 1267 1504 erit
1301 1451 1397 1504 hoc
1435 1448 1613 1513 modo,
1652 1455 1731 1511 ut,
1770 1444 1916 1515 quic-

316 1542 460 1610 quid
484 1540 809 1596 rationabilis
833 1557 997 1604 mens,
1015 1548 1300 1609 expurgata
1322 1538 1462 1592 omni
1485 1538 1729 1591 vitiorum
1749 1534 1914 1604 faece,

317 1643 490 1704 atque
529 1635 671 1687 omni
701 1632 908 1700 penitus
938 1632 1173 1704 abstersa
1209 1630 1342 1684 nube
1378 1630 1646 1694 malitiae,
1685 1626 1763 1681 vel
1798 1641 1917 1681 sen-

2011 457 2077 509 sit
2102 455 2329 524 qualitas
2352 456 2583 526 corporis
2610 454 2771 519 illius,
2797 456 2843 509 si
2865 456 3308 527 comparationem
3330 457 3588 527 faciamus

2008 547 2123 616 ejus
2163 546 2231 600 ad
2257 563 2339 610 ea,
2371 563 2503 615 quae
2531 563 2690 610 nunc,
2722 545 2839 600 licet
2879 546 3122 603 caelestia
3151 550 3255 602 sint
3281 560 3329 603 et
3363 549 3593 621 splendi-

2008 635 2225 689 dissima
2252 651 2494 705 corpora,
2526 636 2835 705 manufarta
2879 645 3053 691 tamen
3098 646 3221 691 sunt
3250 648 3301 691 et
3337 638 3589 693 visibilia.

2012 727 2090 781 De
2131 726 2224 780 illo
2256 726 2295 757 “
2325 736 2495 779 autem
2526 726 2722 779 dicitur
2749 726 2935 781 domus
2974 743 3084 781 esse
3115 743 3218 781 non
3263 727 3590 796 manufacta,

2010 815 2100 869 sed
2154 824 2364 868 aeterna
2415 814 2468 867 in
2522 814 2702 868 caelis.
2756 812 2895 879 Quia
2949 831 3095 884 ergo,
3157 831 3290 885 quae
3350 815 3593 879 ridentur,

2010 904 2321 974 temporalia
2360 913 2505 969 sunt,
2533 921 2667 975 quae
2715 914 2888 959 autem
2936 921 3038 959 non
3090 906 3347 970 videntur,
3384 913 3596 958 aeterna

2011 1003 2153 1057 sunt,
2183 993 2421 1047 omnibus
2454 993 2534 1047 his
2560 994 2884 1064 corporibus,
2910 1010 3043 1064 quae
3071 995 3177 1048 sive
3214 996 3270 1048 in
3295 995 3468 1057 terris,
3494 995 3599 1046 sive

2011 1081 2070 1135 in
2109 1079 2267 1135 caelis
2299 1081 2549 1146 videmus,
2595 1093 2641 1134 et
2685 1098 2817 1152 quae
2849 1082 3011 1136 videri
3054 1092 3292 1151 possunt,
3335 1093 3381 1135 et
3409 1097 3597 1136 rnanu.

2014 1170 2155 1239 facta
2185 1181 2306 1223 sunt
2356 1170 2425 1243 [et
2456 1180 2667 1268 qeterna
2696 1173 2837 1240 facta
2884 1171 3029 1243 sunt]
3056 1173 3120 1237 ¹²,
3142 1181 3191 1226 et
3243 1182 3453 1227 aeterna
3489 1190 3591 1229 non

2013 1269 2156 1323 sunt,
2188 1268 2351 1312 multa
2379 1258 2528 1329 longe
2555 1260 2875 1329 praelatione
2903 1258 3169 1328 praecellit
3199 1260 3353 1326 illud,
3382 1263 3521 1332 quod
3545 1277 3594 1319 et

2016 1345 2213 1403 visibile
2256 1363 2361 1402 non
2389 1357 2485 1414 est,
2517 1364 2608 1402 nec
2638 1337 2996 1417 manufactum
3044 1359 3138 1414 est,
3191 1351 3281 1403 sed
3332 1361 3598 1407 aeternum

2016 1448 2112 1507 est.
2139 1435 2226 1492 Ea:
2244 1454 2349 1509 qua
2377 1431 2766 1507 comparatione
2797 1438 2988 1506 conjici
3026 1449 3214 1509 potest,
3244 1451 3470 1510 quantus
3509 1449 3597 1496 de-

2018 1543 2124 1592 cor,
2156 1538 2381 1598 quantus
2405 1526 2669 1595 splendor,
2715 1540 3043 1598 quantusque
3071 1528 3246 1599 fulgor
3272 1532 3336 1583 sit
3367 1533 3600 1601 corporis

2018 1616 2339 1686 spiritualis;
2390 1627 2438 1670 et
2485 1633 2661 1671 verum
2713 1633 2823 1671 esse
2872 1618 3003 1671 illud
3051 1621 3188 1690 quod
3236 1622 3430 1676 dictum
3469 1634 3544 1679 est
3577 1640 3598 1679 :

316 1725 431 1777 tire
476 1722 553 1777 vel
590 1723 877 1795 intelligere
924 1722 1000 1778 vel
1047 1723 1275 1791 cogitare
1320 1730 1505 1791 potest,
1558 1720 1733 1775 omnia
1777 1717 1919 1771 Deus

2025 1707 2166 1773 Quia
2210 1707 2392 1761 oculus
2406 1723 2509 1762 non
2532 1707 2577 1739 ¹⁸
2598 1708 2743 1771 vidit,
2769 1725 2860 1762 nec
2896 1711 3041 1763 auris
3065 1711 3287 1776 audivit,
3311 1729 3403 1766 nec
3426 1714 3478 1766 in
3505 1732 3598 1768 cor

313 1817 419 1881 sit,
473 1831 567 1869 nec
607 1813 745 1868 ultra
786 1814 903 1885 jam
944 1812 1147 1881 aliquid
1186 1812 1331 1866 aliud
1372 1812 1472 1865 nisi
1511 1810 1677 1865 Deum
1715 1809 1908 1873 videat,

312 1907 505 1962 Deum
543 1915 734 1971 teneat,
781 1907 948 1959 omnis
978 1915 1149 1958 motus
1189 1904 1269 1956 sui
1296 1902 1436 1957 Deus
1464 1902 1649 1957 modus
1684 1898 1910 1954 et‘men-

312 2014 459 2051 sura
486 1998 588 2061 sit;
619 2006 665 2050 et
694 1997 769 2049 ita
795 1996 891 2049 erit
922 1995 1099 2048 omnia
1125 1993 1289 2047 Deus.
1324 1992 1447 2046 Non
1473 1994 1609 2046 enim
1632 1990 1747 2060 jam
1775 1990 1914 2044 ultra

312 2085 461 2140 mali
487 2087 708 2156 bonique
736 2085 1000 2149 discretio,
1030 2083 1154 2151 quia
1184 2098 1439 2150 nusquam
1468 2082 1687 2136 malum.
1720 2077 1913 2134 Omnia

310 2177 469 2232 enim
501 2176 550 2229 ei
579 2174 720 2229 Deus
749 2187 844 2240 est,
883 2176 969 2229 cui
1004 2175 1125 2245 jam
1167 2191 1271 2229 non
1300 2172 1505 2243 adjacet
1538 2171 1775 2237 malum;
1820 2186 1912 2224 nec

309 2267 472 2321 ultra
502 2282 571 2320 ex
598 2267 782 2321 arbore
819 2266 1016 2321 sciendi
1055 2265 1248 2319 bonum
1290 2273 1338 2318 et
1378 2263 1572 2317 malum
1613 2263 1763 2316 edere
1790 2277 1914 2315 eon-

309 2358 586 2429 cupiscet,
609 2358 698 2427 qui
726 2355 746 2386 ⁸
767 2373 967 2427 semper
1007 2357 1061 2411 in
1089 2356 1222 2410 bono
1248 2365 1346 2420 est,
1372 2364 1421 2409 et
1454 2354 1539 2408 cui
1566 2353 1743 2407 omnia
1772 2350 1912 2404 Dens

308 2460 418 2503 est.
462 2448 527 2504 Si
570 2465 690 2517 ergo
714 2447 735 2479 ⁸
765 2447 887 2518 ﬁnis
915 2449 983 2501 ad
1010 2448 1322 2518 principium
1346 2454 1644 2516 reparatus,
1664 2453 1713 2499 et
1739 2459 1912 2498 rerum

307 2539 501 2594 exitus
543 2539 762 2593 collatus
794 2538 989 2602 initiis,
1027 2539 1263 2593 restituet
1299 2536 1451 2592 illum
1486 2545 1714 2603 statum,
1760 2551 1912 2607 quem

308 2639 453 2682 tunc
481 2629 664 2680 habuit
691 2638 884 2681 natura
919 2626 1271 2693 rationabilis,
1298 2644 1417 2681 cum
1450 2626 1515 2681 de
1549 2624 1691 2698 ligno
1713 2624 1912 2681 sciendi

310 2718 526 2774 bonum
560 2727 606 2772 et
635 2718 835 2772 malum
875 2719 898 2752 ⁸
927 2718 1080 2772 edere
1109 2734 1212 2772 non
1242 2718 1440 2789 egebat,
1479 2727 1536 2773 ut
1569 2729 1743 2773 amoto
1771 2722 1913 2774 omni

317 2808 580 2863 malitiae
609 2825 788 2875 sensu,
825 2820 872 2863 et
917 2808 987 2863 ad
1020 2808 1291 2864 sincerum
1315 2810 1338 2843 ⁸
1371 2825 1659 2881 purumque
1687 2808 1908 2875 deterso,

316 2898 505 2960 solus,
545 2900 635 2966 qui
666 2909 740 2953 est
769 2916 924 2965 unus,
956 2898 1099 2955 Deus
1131 2900 1295 2954 bonus
1328 2900 1413 2953 hic
1439 2900 1484 2954 ei
1508 2899 1601 2968 ﬁat
1631 2901 1826 2965 omnia,
1863 2909 1912 2954 et

313 3005 432 3043 non
465 2990 524 3042 in
554 2991 735 3057 paucis
765 2987 1025 3059 aliquibus
1053 2986 1131 3044 vel
1156 2987 1413 3060 pluribus,
1442 2988 1533 3042 sed
1571 2997 1626 3041 nt
1663 2990 1719 3042 in
1743 2989 1911 3042 omni-

2011 1799 2235 1853 hominis
2266 1800 2309 1831 “
2338 1800 2593 1865 ascendit,
2623 1817 2756 1872 quae
2782 1804 3110 1873 praeparavit
3156 1804 3293 1859 Deus
3330 1808 3411 1860 his
3438 1809 3479 1839 ¹⁵
3506 1810 3617 1878 qui.

2011 1892 2237 1963 diligunt
2272 1907 2413 1946 eum.
2456 1889 2580 1946 Non
2632 1902 2806 1946 autem
2852 1892 2897 1924 ¹⁶
2938 1893 3283 1949 dubitandum
3313 1907 3408 1962 est,
3438 1911 3594 1952 natu‘

2014 1999 2126 2036 ram
2157 1984 2391 2054 corporis
2439 1982 2599 2053 hujus
2636 1983 2802 2037 nostri
2845 1983 3109 2039 voluntate
3148 1985 3263 2050 Dei,
3307 1989 3395 2057 qui
3439 1989 3595 2043 talem

2011 2069 2133 2141 fecit
2156 2085 2292 2134 eam,
2335 2086 2498 2140 usque
2525 2072 2593 2124 ad
2620 2070 2764 2125 illam
2791 2072 3096 2142 qualitatem
3127 2073 3169 2105 "
3199 2075 3526 2131 subtilissimi
3551 2092 3598 2133 et

2013 2163 2287 2233 purissimi
2316 2180 2378 2217 ac
2414 2162 2823 2233 splendidissimi
2852 2167 3084 2237 corporis
3112 2184 3262 2238 posse
3291 2187 3324 2223 a
3355 2167 3601 2225 Creatore

2013 2253 2249 2323 produci,
2298 2264 2452 2324 prout
2507 2271 2678 2308 rerum
2726 2265 2893 2309 status
2942 2260 3216 2324 vocaverit,
3257 2271 3305 2314 et
3357 2262 3600 2317 meritum

2015 2343 2344 2398 rationabilis
2390 2354 2610 2399 naturae
2647 2347 2956 2415 polioscerit.
2998 2348 3231 2419 Denique
3272 2367 3389 2405 cum
3433 2354 3602 2407 varie-

2015 2445 2121 2490 tate
2142 2446 2189 2490 et
2217 2436 2519 2491 diversitate
2540 2438 2763 2491 mundus
2789 2438 3034 2508 indiguit,
3057 2456 3150 2509 per
3168 2440 3400 2496 diversas
3425 2460 3598 2498 rerum

2014 2526 2178 2597 facies
2204 2527 2497 2598 speciesque
2539 2531 2680 2582 omni
2711 2528 2974 2598 famulatu
3016 2532 3254 2602 praebuit
3295 2551 3349 2589 se
3377 2538 3600 2591 materit

2013 2617 2295 2681 conditori,
2334 2628 2510 2688 utpote
2542 2618 2763 2673 Domino
2792 2630 2839 2674 et
2879 2619 3118 2676 Creatori
3152 2640 3270 2690 suo,
3294 2642 3395 2697 quo
3424 2627 3599 2682 direr-

2014 2726 2101 2766 sas
2128 2709 2428 2765 caelestium
2472 2720 2898 2783 terrenorumque
2927 2712 3012 2785 [de
3050 2715 3382 2786 simplicitate
3406 2728 3454 2773 et
3482 2720 3601 2774 uni-

2015 2811 2120 2856 tate
2149 2817 2428 2872 corporum
2475 2813 2590 2872 post
2636 2803 3089 2877 resurrectionem]
3120 2807 3163 2846 ³⁸
3198 2823 3264 2862 ea:
3303 2824 3365 2862 ea
3391 2809 3600 2864 duceret

2014 2891 2232 2959 formas.
2265 2890 2395 2945 Cum
2436 2907 2554 2945 vero
2582 2907 2662 2945 res
2684 2892 2754 2945 ad
2787 2892 2921 2946 illud
2953 2897 3210 2965 coeperint
3239 2898 3508 2967 festinare,
3545 2911 3601 2955 ut

2015 2981 2116 3034 sint
2154 2997 2328 3034 omnes
2354 2997 2549 3043 unum,
2595 2982 2727 3036 sicut
2772 2992 2847 3037 est
2876 2980 3039 3038 Pater
3073 3001 3190 3039 cum
3231 2985 3373 3042 Filio
3412 3005 3599 3057 unum,

313 3079 419 3132 bus
473 3078 586 3147 ipse
630 3077 696 3130 sit
742 3052 919 3131 omnia
941 3118 955 3139 ,
1004 3095 1123 3132 cum
1157 3052 1421 3149 nusquam
1458 3092 1622 3141 mors,
1652 3092 1907 3146 nusquam
1937 3052 1980 3113 (ἶ
2011 3082 2381 3143 consequenter
2407 3071 2626 3142 intelligi
2672 3073 2852 3137 datur,
2886 3076 3048 3145 quod,
3090 3076 3177 3130 ubi
3210 3093 3387 3135 omnes
3433 3096 3597 3134 unum

312 3169 555 3223 aculeus
589 3168 790 3232 mortis,
828 3183 1085 3237 nusquam
1114 3169 1324 3221 omnino
1362 3168 1559 3222 malum
1587 3180 1607 3218 :
1636 3179 1757 3221 tunc
1795 3183 1911 3221 vere

315 3255 493 3311 Deus
513 3254 690 3308 omnia
719 3256 773 3308 in
806 3256 1044 3309 omnibus
1074 3256 1192 3308 erit.
1242 3253 1426 3312 Verum
1456 3257 1611 3310 istam
1639 3256 1911 3326 perfectio-

314 3362 449 3400 nem
507 3361 575 3398 ac
620 3342 988 3398 beatitudinem
1035 3344 1429 3399 rationabilium
1477 3356 1789 3400 naturarum
1835 3346 1911 3399 ita

309 3438 549 3490 demum
599 3434 812 3504 quidam
861 3449 1165 3503 permanere
1215 3435 1267 3487 in
1316 3450 1376 3488 eo
1422 3444 1585 3499 statu,
1616 3451 1719 3505 quo
1751 3452 1912 3502 supra

310 3526 594 3587 diximus,
620 3533 837 3593 putant,
882 3523 938 3578 id
982 3534 1088 3591 est,
1129 3533 1185 3577 ut
1230 3523 1399 3578 Deum
1437 3525 1613 3579 omnia
1652 3525 1908 3588 habeant,

311 3625 364 3669 et
422 3614 579 3669 Deus
618 3614 691 3666 eis
735 3614 801 3667 sit
845 3613 1059 3679 omnia,
1118 3613 1162 3667 si
1216 3613 1514 3668 nullatenus
1558 3630 1647 3668 eas
1693 3615 1912 3669 societas

310 3717 566 3761 naturae
627 3703 914 3772 corporalis
961 3704 982 3735 ⁷
1040 3714 1271 3758 αηιουεαε
1325 3711 1369 3757 ⁸.
1439 3703 1686 3774 Alioquin
1757 3706 1915 3758 aesti-

311 3803 525 3855 mant,
588 3790 808 3861 gloriam
864 3808 1096 3845 summae
1144 3791 1480 3845 beatitudinis
1530 3792 1807 3862 impediri,
1868 3793 1915 3847 si

313 3881 631 3940 materialis
672 3883 994 3937 substantiae
1021 3883 1361 3936 interseratur
1385 3882 1658 3937 admixtio.
1705 3882 1784 3936 De
1811 3900 1915 3954 qua

313 3991 375 4029 re
428 3972 649 4043 plenius
695 3990 725 4025 a
773 3972 939 4034 nobis,
988 3987 1123 4041 quae
1161 3972 1215 4025 in
1253 3971 1607 4040 superioribus
1647 3988 1916 4026 occurrere

309 4071 661 4134 potuerunt,
728 4072 1048 4131 pertractata
1099 4071 1252 4132 atque
1305 4062 1506 4132 digesta
1562 4072 1706 4117 sunt.
1758 4062 1916 4117 Nunc

309 4170 483 4218 vero,
545 4153 793 4222 quoniam
839 4152 1130 4222 apostolum
1181 4150 1411 4207 Paulum
1457 4155 1767 4208 mentionem
1811 4156 1916 4226 spi-

312 4242 551 4298 ritualis
598 4242 827 4311 corporis
873 4241 1054 4310 fecisse
1105 4242 1433 4307 invenimus,
1489 4243 1715 4312 qualiter
1759 4244 1916 4299 etiam

311 4336 453 4390 inde
514 4332 698 4387 sentiri
748 4330 930 4386 debeat
989 4331 1053 4386 de
1108 4333 1243 4397 hoc,
1302 4332 1703 4397 tantummodo,
1762 4343 1914 4403 prout

307 4438 640 4496 possumus,
669 4421 1012 4492 requiramus.
1067 4421 1334 4487 Quantum
1373 4439 1494 4494 ergo
1534 4439 1716 4477 sensus
1742 4433 1916 4479 noster

311 4528 527 4585 capere
568 4521 759 4581 potest,
815 4510 1120 4582 qualitatem
1163 4513 1453 4581 spiritualis
1489 4517 1722 4586 corporis
1756 4515 1914 4570 talem

309 4602 609 4676 quandam
640 4618 749 4656 esse
792 4604 1065 4668 sentimus,
1111 4603 1165 4657 in
1207 4621 1308 4674 quo
1351 4605 1641 4662 inhabitare
1674 4613 1700 4647 ο
1735 4609 1913 4663 deceat

311 4711 431 4748 non
486 4690 661 4745 solum
700 4702 908 4746 sanctas
951 4708 1179 4763 quasque
1214 4692 1569 4766 perfectasque
1609 4696 1652 4729 ¹⁰
1689 4698 1913 4763 animas,

312 4799 523 4839 rerum
562 4784 718 4836 etiam
740 4798 942 4836 omnem
977 4781 1126 4836 illam
1166 4792 1481 4849 creaturam,
1512 4801 1645 4855 quae
1672 4785 1918 4840 liberabi-

312 4890 414 4930 tur
456 4892 501 4928 α
550 4874 791 4928 servitute
831 4874 1194 4944 corruptionis.
1251 4873 1328 4927 De
1374 4892 1476 4946 quo
1499 4893 1712 4946 corpore
1761 4880 1919 4932 etiam

314 4964 472 5018 illud
516 4962 796 5031 Apostolus
841 4963 973 5016 dixit
997 4976 1015 5013 :
1043 4961 1270 5016 Domum
1310 4963 1581 5025 habemus,
1605 4983 1709 5020 non
1738 4984 1923 5022 manu-

318 5054 567 5123 factam,
592 5063 853 5105 aeternam
906 5055 961 5105 in
1004 5052 1180 5116 caelis,
1206 5053 1260 5106 id
1306 5064 1379 5108 est
1416 5056 1773 5111 mansionibus
1803 5059 1925 5112 bea-

317 5156 539 5197 torum.
578 5140 659 5194 Ex
700 5144 797 5193 hoc
846 5158 966 5208 erqo
995 5154 1349 5210 conjecturam
1392 5160 1575 5210 capere
1623 5162 1919 5221 possumus,

2009 3175 2154 3234 sunt,
2198 3166 2317 3235 jam
2370 3165 2648 3220 diversitas
2695 3181 2800 3220 non
2845 3171 2962 3221 erit.
3014 3166 3323 3238 Propterea,
3381 3187 3604 3241 namque

2010 3257 2168 3310 etiam
2211 3255 2253 3286 ¹⁹
2283 3255 2591 3310 novissimus
2628 3256 2872 3312 inimicus
2901 3257 3164 3325 diabolus,
3198 3261 3288 3330 qui
3318 3277 3458 3317 mors
3501 3281 3599 3332 ap-

2010 3342 2260 3413 pellatur,
2315 3343 2514 3396 destrui
2559 3344 2772 3409 dicitur,
2826 3356 2882 3399 ut
2928 3364 3090 3418 neque
3139 3349 3279 3404 ultra
3342 3354 3490 3406 triste
3535 3354 3604 3407 sit

2012 3429 2233 3502 aliquid,
2267 3430 2355 3484 ubi
2382 3446 2522 3485 mors
2546 3448 2650 3486 non
2671 3444 2770 3500 est,
2794 3451 2959 3506 neque
2983 3437 3243 3492 diversum
3266 3439 3354 3505 sit,
3381 3442 3470 3494 ubi
3496 3457 3601 3496 non

2013 3531 2087 3576 est
2141 3522 2403 3577 inimicus.
2444 3523 2658 3578 Destrui
2705 3542 2830 3580 sane
2879 3528 3186 3583 novissimus
3233 3531 3476 3586 inimi,us
3525 3536 3601 3587 ita

2013 3615 2384 3687 intelligendus
2408 3627 2504 3682 est,
2539 3634 2642 3673 non
2686 3628 2744 3673 ut
2778 3619 3072 3676 substantia
3102 3623 3238 3693 ejus,
3277 3642 3411 3695 quae
3435 3644 3466 3679 a
3495 3626 3604 3681 Deo

2015 3708 2157 3778 facta
2198 3719 2292 3774 est,
2335 3719 2548 3781 pereat,
2577 3712 2667 3765 sed
2694 3721 2749 3765 ut
2774 3714 3096 3781 propositum
3126 3725 3172 3769 et
3221 3717 3457 3772 voluntas
3500 3721 3604 3773 ini-

2015 3802 2189 3867 mica,
2245 3818 2380 3873 quae
2438 3819 2542 3856 non
2595 3821 2627 3856 a
2674 3803 2824 3869 Deo,
2878 3806 2969 3859 sed
3034 3808 3099 3860 ab
3152 3809 3264 3876 ipso
3308 3813 3598 3878 processit,

2014 3893 2253 3946 intereat.
2311 3891 2621 3948 Destruetur
2670 3910 2791 3964 ergo
2839 3911 2944 3949 non
3000 3906 3057 3949 ut
3096 3914 3201 3951 non
3242 3900 3346 3962 sit,
3398 3902 3489 3954 sed
3540 3915 3599 3955 ut

2014 3982 2257 4036 inimicus
2301 3993 2347 4036 et
2390 3999 2530 4036 mors
2584 3998 2687 4035 non
2739 3983 2827 4035 sit.
2870 3983 3021 4036 Nihil
3046 3986 3207 4061 ’eniin
3259 3990 3601 4057 omnipotenti

2014 4071 2330 4141 impossibile
2367 4084 2470 4134 est,
2530 4086 2621 4123 nec
2690 4070 2983 4125 insanabile
3037 4082 3114 4126 est
3166 4073 3367 4144 aliquid
3410 4076 3601 4145 factori

2015 4176 2133 4214 suo.
2167 4159 2446 4228 PrOpterea
2482 4160 2617 4213 enim
2643 4158 2764 4227 fecit
2784 4161 2983 4227 omnia,
3011 4171 3067 4215 ut
3094 4174 3261 4217 essent
3288 4176 3333 4218 et
3359 4183 3441 4230 ea,
3470 4183 3600 4238 quae

2018 4250 2160 4320 facta
2187 4260 2329 4315 sunt,
2355 4260 2413 4304 ut
2438 4261 2629 4314 essent,
2657 4267 2749 4305 nec
2775 4268 2884 4306 esse
2913 4270 3014 4308 non
3037 4267 3243 4326 possent
3275 4254 3336 4309 '°.
3380 4255 3605 4327 Propter

2019 4341 2158 4413 quod
2200 4342 2618 4395 immutationem
2644 4341 2856 4411 quidem
2897 4347 3300 4416 varietatemque
3334 4351 3601 4418 recipient,

2019 4434 2092 4487 ita
2128 4443 2184 4485 ut
2235 4448 2328 4502 pro
2380 4433 2578 4486 meritis
2614 4433 2688 4486 vel
2733 4434 2784 4486 in
2832 4433 3064 4500 meliore,
3114 4437 3192 4490 vel
3239 4440 3294 4491 in
3347 4441 3606 4497 deteriore

2018 4523 2308 4577 habeantur
2358 4530 2547 4588 statu;
2615 4522 3007 4578 substantialem
3042 4541 3158 4580 vero
3188 4529 3455 4583 interitum
3516 4548 3602 4609 ea,

2016 4631 2150 4686 quae
2188 4631 2220 4667 a
2256 4612 2365 4667 Deo
2387 4614 2457 4667 ad
2486 4615 2583 4668 hoc
2624 4614 2767 4685 facta
2795 4625 2937 4681 sunt,
2967 4627 3020 4670 ut
3051 4630 3217 4674 essent
3262 4632 3309 4676 et
3337 4639 3605 4693 permane-

2019 4713 2152 4768 rent,
2181 4702 2404 4770 recipere
2450 4719 2555 4757 non
2596 4713 2831 4772 possunt.
2864 4705 3075 4775 Itaque,
3115 4712 3256 4778 quod
3284 4711 3605 4769 Ambrosius

2021 4795 2075 4849 in
2103 4793 2353 4863 atnbiguo
2383 4793 2692 4863 reliquerat,
2722 4792 2986 4865 Origenes
3018 4798 3272 4855 declarat.
3302 4801 3434 4857 Nam
3458 4809 3600 4874 quod

2021 4886 2110 4940 ille
2136 4885 2211 4939 ait
2244 4903 2258 4938 :
2287 4885 2566 4951 Docemur,
2588 4887 2726 4956 quod
2750 4904 2854 4941 non
2885 4906 3087 4960 semper
3121 4894 3396 4950 daemonia
3433 4915 3601 4951 manc-

2021 4975 2169 5039 bunt,
2200 4990 2262 5027 ne
2296 4972 2501 5027 malitia
2528 4990 2709 5027 eorum
2744 4977 2905 5044 possit
2933 4994 3046 5033 esse
3083 4995 3354 5053 perpetua,
3382 4986 3598 5038 dubium

2020 5072 2126 5128 est,
2159 5063 2287 5134 quid
2315 5063 2464 5128 velit,
2489 5072 2668 5118 utrum
2698 5064 3002 5123 substantia
3025 5071 3345 5128 daemonum
3373 5072 3603 5126 simulet

2023 5171 2207 5211 eorum
2255 5155 2494 5211 malitiae
2536 5157 2809 5227 periturae
2847 5161 2979 5225 sint,
3019 5175 3087 5216 an
3118 5162 3451 5217 solummodo
3486 5176 3604 5215 ma-

1614 5238 1869 5302 VARIAE
1904 5244 2303 5305 LECTlONES.

402 5330 423 5360 ¹
451 5336 771 5379 tractantem
792 5337 838 5381 et
859 5329 1112 5382 dicentem
1139 5340 1249 5381 om.
1272 5326 1339 5381 A.

319 5399 345 5430 ⁵
373 5395 475 5450 (1F
507 5397 573 5447 ad
597 5396 852 5450 incertum
878 5402 1200 5465 purumque.

324 5467 376 5499 ¹⁸
402 5467 451 5520 Α
488 5464 768 5533 perfectas.
873 5463 911 5499 “
954 5467 1042 5520 Sic
1076 5463 1188 5528 CF;
1218 5464 1261 5516 A
1289 5463 1409 5519 Ille.

324 5622 456 5661 om.
494 5604 561 5655 A.

600 5696 869 5753 ΙἈτκυι..
919 5697 1019 5757 CX
1038 5695 1151 5754 ΧΠ

1392 5328 1436 5408 .’
1458 5326 1678 5408 éft‘go,
1702 5331 1893 5401 inquit,
1917 5338 2041 5408 ista.

1294 5395 1437 5476 [βία
1462 5395 1551 5476 ΟΕ
1567 5395 1666 5460 ς”Α
1692 5395 1972 5476 corporali.
2044 5406 2067 5439 ⁸
2091 5402 2268 5472 Conj.,
2297 5395 2385 5462 AF
2418 5395 2689 5464 admoveat
2706 5395 3122 5476 ,‘ics‘t'tdmoneat.

579 5466 784 5544 fectus;
873 5468 911 5499 “
932 5467 1042 5544 “Sic
1076 5466 1188 5528 CF;
1218 5466 1261 5516 A
1289 5466 1409 5544 Ille.
1437 5534 1477 5544 _
1510 5466 1551 5544 ίξ
1576 5477 1622 5519 et
1637 5466 1862 5544 aeterna
1887 5473 2031 5544 facta
2055 5485 2174 5530 sunt
2199 5466 2309 5530 om.
2332 5477 2401 5532 A.

326 5536 376 5568 “
420 5536 473 5586 Δ
508 5537 681 5616 μήνυέ.
819 5535 1121 5616 qualitatem
1152 5550 1261 5616 om.
1295 5536 1358 5587 A.
1436 5534 1478 5616 ις
1513 5535 1576 5589 de
1603 5534 1938 5607 simplicitate
1972 5554 2020 5599 et
2050 5546 2251 5599 unitate
2278 5560 2554 5615 corporum
2585 5548 3015 5603 resurrectionem
3045 5563 3156 5601 om.
3188 5548 3294 5604 CF.

635 5604 682 5638 ”
721 5602 809 5658 Sic
831 5602 950 5669 CF;
979 5606 1023 5658 A
1056 5614 1337 5674 propterea
1368 5620 1417 5657 e.
1450 5602 1487 5657 τ.
1536 5619 1587 5659 o.
1626 5620 1679 5659 u.
1704 5602 1877 5667 essent
1925 5616 2038 5671 ideo
2071 5631 2173 5669 non
2219 5629 2329 5670 esse
2368 5602 2472 5670 non
2497 5602 2731 5689 possunt.

2118 5335 2246 5413 _'Si.c
2264 5335 2439 5413 (ἷξε-Α
2463 5339 2611 5413 quia.
2686 5340 2707 5372 ⁸
2729 5340 2976 5413 A_igitur.
3052 5349 3074 5380 ³
3100 5350 3148 5395 et
3171 5340 3368 5396 malum
3394 5358 3504 5397 om.
3532 5351 3599 5401 Α.

3220 5419 3243 5452 θ
3266 5413 3314 5465 Α
3344 5413 3604 5470 habitare.

2500 5477 2545 5510 "
2574 5480 2617 5532 A
2653 5493 2761 5532 nec.
2838 5478 2884 5513 ⁸⁸
2911 5480 2956 5532 Α
2979 5478 3266 5533 hominum.
3337 5483 3385 5524 ¹⁸
3422 5482 3469 5537 Α
3506 5488 3602 5543 eis.

3382 5552 3425 5583 "
3449 5556 3603 5610 etiam

3052 5712 3131 5774 30
