3952 6162
417 284 431 307 τ
454 278 547 330 ﬁt.“

1768 267 2039 326 .TJOLN‘NI

2141 268 2322 327 SCOTI
2692 227 2705 232 ’
3566 283 3654 337 με
3730 279 3748 299 ο

457 393 590 452 litia,
619 404 721 459 qua
755 391 867 445 sola
911 383 1191 443 daemOnia
1240 391 1520 447 vocantur,
1562 392 1813 436 manente
1842 396 2029 436 eorum
2059 384 2109 441 Α
2137 381 2275 451 [ει-ια
2334 396 2464 439 esset
2515 385 2590 450 ",
2644 396 2695 439 et
2752 389 3132 458 corruptionem
3180 400 3228 444 et
3272 393 3531 460 subjectum
3576 377 3657 449 tot-

457 477 938 549 incorruptibiliter
1011 485 1221 531 natura.
1294 474 1401 529 Iste
1472 488 1600 527 vero
1670 472 2035 527 indubitanter

458 571 670 634 astruit,
705 568 845 639 quod
875 569 925 621 in
958 567 1087 636 ipsis
1117 564 1413 620 substantia
1446 578 1475 617 a
1501 562 1612 617 Deo
1649 562 1788 617 facta
1821 576 2037 631 semper

456 674 828 733 permansura,
852 657 1058 711 malitia
1085 670 1216 710 vero
1237 669 1495 724 perversa
1523 654 1734 708 illorum
1761 653 2037 713 voluntate

457 760 668 820 reperta
698 750 750 803 in
767 757 1042 802 aeternum
1071 749 1326 817 peritura.
1357 744 1504 801 Talia
1532 744 1799 813 siquidem
1812 745 2035 798 nomina

454 839 786 895 daemonium
820 838 860 902 ί,
887 837 1164 903 Diabolus,
1182 838 1490 892 novissimus
1507 836 1774 901 inimicus,
1801 847 1848 889 et
1870 853 2034 900 mors,

455 950 560 986 non
592 940 732 994 sunt
761 938 1007 995 naturae,
1057 929 1149 983 sed
1183 943 1381 999 pravae
1428 927 1720 981 voluntatis
1755 925 2036 980 vocabula.

454 1022 664 1077 Audisti
713 1022 877 1091 igitur
910 1028 1158 1075 sanctum
1198 1019 1553 1088 Augustinum
1580 1019 1869 1084 dicentem,
1896 1018 2038 1087 quod

453 1115 595 1169 Deus
621 1115 674 1168 in
706 1112 916 1167 diabolo
947 1130 1071 1177 non,
1103 1113 1241 1183 quod
1269 1112 1410 1181 fecit,
1437 1112 1548 1175 sed,
1585 1112 1723 1181 quod
1765 1128 1866 1164 non
1893 1111 2035 1181 fecit,

452 1207 736 1271 puniturus
780 1214 853 1258 est
880 1204 931 1269 ';
966 1203 1161 1257 ntulisti
1192 1202 1480 1274 Origenem
1514 1200 1891 1267 allirmantem,
1924 1202 2040 1257 dia-

452 1295 561 1352 boli
607 1294 964 1350 substantiam
1031 1308 1304 1362 nunquam
1363 1294 1700 1363 perituram,
1766 1292 1860 1347 sed
1923 1292 2041 1362 ejus

456 1385 792 1443 solummodo
830 1384 1110 1438 malitiam.
1152 1384 1219 1438 Et
1267 1392 1325 1438 ut
1351 1384 1452 1438 hoc
1486 1383 1694 1438 ﬁrmius
1723 1392 1777 1437 ct
1804 1384 1824 1414 ⁸
1847 1383 2042 1439 credas

452 1487 511 1533 et
531 1491 843 1546 cognoscas,
869 1475 985 1546 lege
1012 1491 1262 1544 magnum
1307 1476 1618 1547 Dionysium
1655 1475 2039 1546 Areopagitam

456 1571 510 1626 in
538 1568 680 1624 libro
697 1566 763 1621 de
789 1565 983 1621 divinis
1013 1565 1331 1622 Nominibus
1365 1567 1430 1621 de
1456 1582 1541 1632 eo,
1575 1567 1717 1636 quod
1758 1566 1809 1620 in
1843 1575 2039 1621 natura

455 1661 778 1715 daemonum
799 1657 997 1713 malum
1019 1674 1125 1714 non
1151 1658 1251 1723 sit,
1287 1673 1519 1728 eamque
1550 1659 1696 1714 nullo
1724 1660 1885 1714 modo
1911 1674 2039 1713 cor-

454 1750 630 1825 rumpi
662 1749 745 1803 vel
770 1750 936 1805 minui
963 1765 1123 1821 posse
1153 1751 1537 1820 disputantem.

522 1842 615 1897 28.
654 1839 760 1896 Sed
814 1858 976 1909 neque
1030 1842 1331 1909 daemones,
1377 1843 1583 1913 inquit,
1642 1852 1835 1899 natura
1888 1844 2038 1901 mali.

439 1931 665 1986 sEtenim
693 1933 738 1986 si
765 1942 958 1986 natura
998 1933 1124 1986 mali
1154 1930 1283 2006 [hoc
1317 1934 1471 2001 dicit,
1502 1935 1629 2006 quia
1659 1936 1949 1993 daemones
1971 1952 2040 1992 ex

454 2024 596 2079 bono
635 2023 803 2078 creati
846 2032 993 2086 sunt,
1016 2032 1073 2078 et
1111 2023 1436 2079 naturaliter
1477 2025 1801 2092 subsistunt,
1830 2036 1885 2081 et
1909 2042 2040 2083 eoa-

458 2112 596 2168 rersi
617 2127 648 2165 a
673 2112 814 2167 bono
835 2120 962 2166 sunt
990 2112 1302 2168 deserentes
1324 2113 1477 2185 illud]
1507 2125 1558 2179 ι,
1588 2131 1750 2185 neque
1777 2132 1842 2170 ea:
1872 2117 2039 2181 bono,

455 2216 618 2271 neque
646 2201 701 2255 in
742 2200 1077 2255 existentibus
1104 2240 1119 2267 ,
1163 2218 1327 2272 neque
1370 2220 1435 2257 ea:
1483 2205 1629 2258 bonis
1676 2220 1980 2261 conversum
2011 2205 2041 2239 ⁴

457 2305 646 2348 natura
676 2301 723 2346 et
746 2308 948 2363 semper
971 2290 1100 2346 mali
1124 2294 1371 2348 existunt.
1394 2292 1666 2364 Sequitur,
1692 2296 1892 2350 sibimet
1920 2306 2041 2352 sunt

438 2387 582 2442 .mali
650 2403 719 2440 an
750 2384 928 2439 aliis?
982 2382 1252 2456 Siquidem
1298 2384 1537 2451 sibimet;
1588 2403 1658 2441 aa
1688 2398 2042 2458 corrumpunt

455 2479 699 2551 seipsos?
727 2475 785 2533 Si
813 2487 986 2532 autem
1016 2476 1171 2540 aliis;
1193 2478 1455 2547 quomodo
1478 2489 1837 2549 corrumpunt,
1871 2497 2043 2535 essen-

455 2572 581 2625 tiam
604 2588 672 2624 an
693 2571 936 2624 virtutem
970 2585 1039 2622 an
1061 2576 1083 2607 ⁸
1102 2568 1401 2622 actionem?
1438 2567 1707 2638 Siquidem
1732 2572 2042 2638 essentiam;

454 2662 682 2731 primum
726 2659 936 2729 quidem
986 2674 1090 2712 non
1125 2658 1286 2729 juxta
1335 2669 1601 2713 naturam.
1644 2657 1856 2713 Natura
1906 2662 2044 2714 enim

454 2749 875 2820 iucorruptibilia
904 2764 1007 2801 non
1037 2758 1399 2818 corrumpunt,
1426 2748 1516 2802 sed
1550 2751 1811 2819 acceptiva
1859 2767 2047 2805 corru-

438 2840 646 2906 ptionis
703 2838 829 2912 [hoc
875 2848 961 2895 est
1001 2839 1200 2893 nullam
1248 2850 1888 2910 naturaincort‘uuqtuat,
1919 2846 2042 2914 quia

456 2931 604 2986 nulla
651 2946 846 2987 natura
880 2932 1157 3001 acccptira
1198 2941 1279 2986 cst
1310 2929 1486 3004 ntali].
1514 2932 1761 2996 Sequitur
1796 2938 1840 3001 ⁸,
1884 2952 2045 3006 neque

456 3028 550 3080 hoc
581 3026 720 3079 onmi
743 3025 762 3054 "
790 3036 835 3079 ct
872 3026 1086 3080 omnino
1123 3023 1319 3079 malum
1338 3067 1352 3090 ,
1393 3026 1484 3079 sed
1510 3043 1671 3094 neque
1695 3030 2046 3098 corrumpitur

455 3117 737 3187 quidquam
770 3117 790 3148 ⁸
818 3117 1175 3179 existentium,
1218 3115 1502 3169 secundum
1553 3117 1692 3187 quod
1743 3119 1964 3173 essentia
1992 3129 2040 3174 et

455 3215 668 3269 natura,
699 3205 789 3258 sed
815 3204 1019 3274 defectu
1064 3206 1218 3275 (ordo
1247 3206 1570 3260 verborum:
1607 3207 1701 3261 sed
1739 3208 2041 3264 infirmatur

456 3294 596 3350 ratio
625 3293 942 3348 harmoniae
979 3303 1035 3348 et
1065 3296 1602 3351 commensurationis
1645 3296 1856 3352 defectu
1886 3309 2041 3355 natu-

457 3382 588 3438 ralis
623 3382 853 3451 ordinis)
896 3383 1055 3451 juxta
1108 3393 1352 3436 naturam
1386 3386 1608 3451 ordinis,
1659 3388 1964 3443 harmoniae
1992 3401 2040 3444 et

456 3473 980 3529 commensurationis
1008 3474 1145 3526 ratio
1171 3472 1473 3541 inﬁrmatur
1508 3491 1717 3530 manere
1756 3478 1997 3533 similiter
2015 3481 2037 3511 ⁹

456 3565 650 3618 habens
703 3564 777 3633 (id
798 3571 900 3629 est,
932 3564 1058 3618 dum
1093 3564 1344 3618 similiter
1372 3573 1565 3618 natura
1611 3568 1833 3637 manet).
1868 3568 2036 3639 Inﬁr-

2066 1732 2116 1785 Β

2140 471 2267 527 leret
2321 472 2384 537 ",
2424 485 2657 546 essetque
2713 476 2833 531 talis
2899 480 3166 549 corruptio
3213 491 3261 535 et
3316 483 3482 538 suimet
3528 488 3649 540 inter.

2137 564 2242 617 itus
2269 564 2336 630 “‘,
2380 565 2598 633 ideoque
2641 575 2699 619 ut
2742 566 2864 621 talis
2893 567 2940 599 "
2959 584 3061 622 non
3096 568 3308 635 malum,
3344 571 3428 626 sed
3452 573 3658 641 deﬁciens

2136 653 2349 708 bonum.
2384 655 2538 721 Quod
2564 657 2700 710 enim
2733 659 2946 712 omnino
2979 675 3159 728 expers
3192 671 3264 714 est
3303 661 3344 693 “
3372 662 3499 727 boni,
3530 680 3661 736 neque

2135 748 2193 801 in
2226 748 2561 802 existentibus
2602 751 2720 803 erit.
2762 748 2961 803 Eadem
2991 756 3145 804 etiam
3171 763 3242 805 est
3273 754 3399 807 ratio
3426 759 3491 809 de
3521 767 3660 827 poteti-

2137 838 2244 889 tiae
2286 848 2335 891 et
2390 839 2611 892 actionis
2655 842 2989 909 corruptione
3043 841 3105 894 ".
3157 841 3326 914 [Sicut
3363 856 3536 901 natura
3571 863 3662 903 (or-

2140 929 2315 997 rumpi
2340 945 2446 982 non
2472 938 2668 998 potest,
2692 930 2765 983 ita
2791 932 2962 985 virtus
2980 942 3035 985 et
3056 934 3195 986 actio
3238 936 3483 992 naturalis
3514 953 3665 995 conu-

2138 1020 2379 1090 ptiouem
2396 1035 2500 1073 non
2524 1019 2833 1092 recipiunt].
2848 1020 3072 1087 Deinde,
3086 1025 3340 1093 quomodo
3357 1026 3600 1084 daemones
3613 1048 3664 1085 es

2141 1110 2251 1165 Deo
2295 1113 2423 1181 [acti
2458 1112 2503 1143 ¹⁸
2536 1114 2639 1166 sint
2669 1112 2836 1166 tituli?
2870 1113 3074 1167 Bonum
3102 1117 3238 1168 enim
3265 1117 3393 1170 bona
3418 1120 3602 1173 adducit
3625 1132 3663 1176 et

2139 1202 2425 1256 substituit.
2465 1199 2657 1255 Verum
2685 1202 2818 1255 dicet
2854 1202 3047 1273 aliquis
3073 1204 3139 1266 ’⁸,
3170 1205 3413 1259 dicuntur
3432 1208 3571 1270 mali,
3594 1214 3665 1263 sed

2142 1308 2247 1345 non
2273 1291 2558 1345 secundum
2587 1292 2726 1360 quod
2754 1301 2899 1356 sunt,
2929 1308 2995 1345 ex
3013 1296 3143 1345 bono
3168 1292 3216 1323 "
3236 1295 3367 1347 enim
3393 1308 3520 1361 sunt,
3544 1308 3585 1350 et
3597 1300 3665 1352 bo-

2144 1399 2264 1436 nam
2289 1384 2459 1435 sortiti
2487 1392 2609 1436 sunt
2631 1383 2673 1413 ²¹
2703 1383 3002 1447 essentiam,
3030 1384 3119 1437 sed
3147 1386 3423 1441 secundum
3448 1390 3569 1459 quod
3586 1407 3665 1444 non

2141 1487 2286 1543 sunt,
2317 1477 2536 1546 inﬁrmi,
2576 1488 2630 1531 ut
2662 1476 2888 1548 Eloquia
2928 1480 3093 1542 aiunt,
3124 1496 3329 1534 servare
3353 1498 3491 1535 suum
3509 1483 3665 1547 princi-

2139 1569 2307 1640 piunt.
2340 1568 2405 1641 In
2427 1584 2529 1640 quo
2563 1570 2722 1634 enim,
2767 1570 2854 1622 dic
2880 1570 3031 1633 mihi,
3064 1570 3349 1625 daemonas
3375 1573 3531 1626 vitiari
3561 1573 3669 1626 dici-

2144 1674 2262 1712 mus
2291 1659 2355 1722 “,
2386 1659 2432 1712 si
2471 1675 2574 1712 non
2614 1657 2667 1711 in
2714 1659 3000 1712 cessatione
3032 1658 3241 1713 habitus
3288 1671 3335 1714 et
3385 1660 3661 1729 operationis.

2141 1766 2277 1823 quae
2322 1760 2596 1805 versantur
2634 1750 2774 1804 circa
2814 1750 2990 1804 diuina
3042 1750 3177 1805 bona
3205 1750 3296 1807 2⁸⁸
3310 1751 3531 1823 Alioquin
3555 1749 3610 1817 ⁸,
3631 1753 3668 1805 si

2143 1851 2338 1897 natura
2361 1841 2487 1895 mali
2516 1851 2637 1895 sunt
2660 1841 2962 1905 daemones,
2994 1857 3197 1909 semper
3225 1852 3341 1897 sunt
3380 1841 3531 1897 mali:
3554 1843 3667 1912 atqui

2142 1934 2341 1989 malum
2364 1933 2608 1988 instabile
2628 1945 2721 1987 est.
2766 1930 2825 1987 Si
2861 1934 3035 2004 itaque
3060 1947 3265 2003 semper
3288 1933 3454 1987 eodem
3475 1933 3601 1986 modo
3625 1948 3667 1986 se

2141 2026 2354 2091 habent,
2393 2041 2497 2078 non
2526 2034 2647 2079 sunt
2679 2024 2850 2078 mali:
2897 2040 3097 2093 semper
3122 2026 3263 2077 enim
3300 2024 3429 2078 idem
3463 2039 3557 2077 esse
3577 2021 3667 2075 boni

2141 2118 2413 2188 proprium
2438 2126 2535 2171 est.
2564 2116 2623 2171 Si
2657 2132 2775 2171 vero
2806 2132 2910 2169 non
2932 2132 3132 2184 semper
3158 2115 3321 2179 mali,
3347 2132 3495 2186 neque
3519 2121 3667 2168 natura

2145 2209 2271 2265 tituli
2297 2218 2436 2270 sunt,
2469 2210 2560 2264 sed
2601 2208 2954 2278 angelicorum
2986 2208 3247 2261 bonorum
3287 2209 3568 2279 indigentia.
3592 2204 3668 2262 Sed

2145 2314 2248 2355 non
2287 2300 2497 2355 omnino
2539 2308 2770 2368 expertes
2812 2307 2932 2351 sunt
2980 2297 3120 2363 boni,
3164 2299 3444 2353 secundum
3486 2298 3601 2369 quod
3631 2308 3667 2350 et

2143 2402 2287 2458 sunt,
2313 2403 2360 2446 et
2391 2393 2589 2458 vivunt,
2637 2402 2687 2447 et
2716 2390 3040 2460 intelligunt,
3073 2401 3120 2445 et
3159 2392 3370 2446 omnino
3398 2402 3466 2445 est
3494 2390 3668 2461 quidmst

2142 2484 2198 2538 in
2224 2483 2329 2537 illis
2355 2483 2611 2552 appetitus
2650 2493 2819 2535 motus
2844 2496 2861 2535 :
2890 2479 3017 2534 mali
3046 2491 3224 2535 autem
3248 2498 3357 2535 esse
3377 2482 3669 2544 dicuntur,»

2142 2576 2283 2645 quod
2310 2575 2364 2627 in
2394 2571 2624 2626 naturali
2664 2572 2964 2636 operatione
3000 2581 3121 2624 sunt
3151 2571 3369 2640 in/irusi.
3414 2568 3671 2637 Depravatio

2144 2666 2304 2735 igitur
2330 2673 2404 2717 est
2434 2663 2508 2716 eis
2533 2659 2753 2722 malum,
2777 2672 2823 2713 et
2851 2676 3024 2737 rerum
3053 2659 3161 2713 illis
3190 2660 3574 2725 convenientium
3601 2657 3668 2709 de-

2132 2755 2298 2807 ‘sertio
2323 2752 2721 2822 frustratioque,
2768 2760 2922 2819 atque
2949 2750 3275 2818 imperfectio
3299 2760 3345 2803 et
3387 2747 3670 2817 impotentia.

2145 2842 2515 2913 facultatisqne
2535 2842 2587 2895 in
2617 2842 2692 2894 eis
2727 2840 3095 2908 perfettionem
3122 2841 3469 2895 conservantis
3495 2836 3674 2906 inﬁrmi-

2145 2944 2250 2995 tas,
2275 2943 2322 2985 et
2349 2932 2575 2994 abactio,
2596 2940 2644 2983 et
2669 2929 2913 2998 dilapsio.
2940 2926 3081 2992 Quid
3106 2945 3228 2982 vero
3252 2927 3396 2982 aliud
3432 2929 3480 2981 in
3497 2927 3670 2980 daemo-

2149 3022 2299 3075 nibus
2323 3021 2520 3074 malutu
2541 3020 2564 3072 1’
2602 3014 2780 3072 Furor
2807 3018 3151 3081 irrationalis,
3188 3017 3574 3086 concupiscentia
3594 3014 3670 3063 de-

2146 3131 2315 3180 mens,
2348 3112 2656 3183 imaginatio
2676 3126 2941 3180 praeceps.
2987 3109 3092 3164 Sed
3117 3111 3249 3164 haec
3270 3110 3362 3164 etsi
3381 3110 3429 3163 in
3455 3103 3671 3161 daemoni-

2145 3205 2239 3260 bus
2263 3214 2407 3269 sttnt,
2435 3220 2537 3257 non
2560 3202 2791 3264 omnino,
2820 3217 2981 3271 neque
3008 3202 3063 3254 in
3090 3203 3355 3264 omnibus,
3396 3216 3425 3251 ιι
3453 3214 3538 3270 quc
3569 3197 3667 3248 haec

2143 3313 2235 3366 per
2260 3313 2314 3350 se
2343 3294 2501 3349 mala.
2558 3292 2765 3347 Etenim
2793 3295 2846 3347 in
2887 3294 3005 3346 aliis
3034 3294 3353 3348 animalibus
3381 3309 3474 3345 non
3504 3289 3669 3342 habitus

2143 3387 2352 3451 horum,
2377 3385 2467 3440 sed
2489 3386 2709 3452 privatio
2737 3394 2810 3437 est
2833 3393 2880 3437 et
2912 3384 3181 3452 corruptio
3214 3384 3503 3437 animalium
3527 3391 3566 3432 et
3585 3395 3669 3430 nta-

2141 3478 2252 3531 lum
2272 3494 2289 3542 ;
2313 3475 2521 3529 habitus
2547 3491 2664 3528 vero
2690 3473 2937 3527 animalis
2963 3482 3233 3540 naturam,
3260 3490 3389 3543 quae
3411 3470 3577 3524 isdtaec
3590 3467 3667 3519 lia-

2143 3570 2245 3633 bet,
2272 3576 2439 3621 servat
2468 3574 2514 3618 et
2537 3563 2824 3617 constituit.
2858 3561 2982 3615 Non
3003 3563 3178 3632 itaque
3203 3562 3391 3615 nmium
3420 3570 3484 3614 est
3504 3565 3671 3610 damno.

458 3657 613 3711 mitas
658 3657 700 3689 ¹⁰
746 3669 920 3711 autem
966 3673 1070 3711 non
1111 3666 1188 3710 est
1241 3656 1281 3688 ¹¹
1326 3656 1556 3726 perfecta
1605 3671 1620 3711 :
1664 3659 1710 3713 si
1749 3662 1885 3714 enim
1927 3680 2041 3729 per-
2142 3662 2258 3714 nica
2292 3675 2439 3729 gens,
2466 3674 2571 3728 qua
2607 3655 2893 3709 secundum
2924 3665 3171 3708 naturam
3207 3665 3303 3720 est,
3351 3652 3434 3707 sed
3464 3667 3553 3721 qua
3589 3662 3669 3701 non

1605 3671 1620 3711 :
1664 3659 1710 3713 si
1749 3662 1885 3714 enim
1927 3680 2041 3733 per-

1751 3768 2005 3829 \'AlllAE
2042 3771 2444 3830 LECTIONES.

1668 3860 1690 3894 ⁸
1728 3873 1773 3914 et
1802 3879 1911 3917 oui.
1936 3866 2004 3920 Α.
2083 3870 2104 3899 ⁸
2145 3868 2234 3921 Sic
2260 3865 2377 3929 CF;
2410 3862 2450 3917 A
2480 3875 2712 3915 conversi
2744 3862 2811 3913 si.
2906 3868 2927 3900 ι
2960 3858 3002 3913 Α
3044 3875 3133 3929 ac.
3232 3858 3256 3891 ‘
3292 3856 3395 3914 Pro
3419 3850 3675 3929 serpiturA

457 3931 664 4003 deinde.
712 3999 729 4003 Α
759 3931 781 3963 '
819 3929 933 4003 CB;
975 3930 1187 4003 omnino
1219 3938 1272 3983 et
1296 3923 1533 3983 omnim).
1588 3999 1596 4003 λ
1626 3931 1648 3963 ⁸
1682 3931 1767 3986 CF
1806 3935 1932 4003 quid
1984 3938 2334 3991 exis‘entium.
2366 3923 2375 3929 ’
2431 3935 2451 4003 ’ξ
2494 3929 2703 4003 Sic_CF
2731 3948 2759 4003 ,7
2783 3930 2823 3983 A
2849 3927 3223 4003 _ra_tio__eodent
3253 3928 3401 4003 niodo
3437 3923 3488 3978 se
3518 3923 3675 4003 habent

458 4002 534 4071 (id
570 4009 654 4056 est
699 3999 825 4054 dum
866 3990 1371 4071 siuiiliternatura
1405 3999 1606 4071 manet)
1659 4018 1761 4071 non
1801 3990 1964 4071 potest
2008 3990 2239 4061 manere.
2342 4004 2383 4035 ¹⁰
2426 4001 2515 4056 Sic
2559 3999 2683 4064 CF;
2733 3990 2781 4053 Ἀ
2842 3997 3224 4071 intbecillitai._
3277 3999 3315 4029 ²¹
3353 4007 3423 4071 est
3454 4011 3550 4071 (uti.

459 4059 503 4145 ξξ
541 4081 670 4125 esset
708 4069 995 4145 on4i_.__CF._
1223 4069 1489 4145 interimit.
1569 4059 1613 4101 ίλ
1644 4059 1811 4145 ὈΡἈεὶ
1832 4077 1927 4127 erit
1949 4059 2366 4145 ipsacorruptio
2391 4082 2445 4126 et
2466 4059 2973 4145 Stlilllc‘l'ggrruplit).
3033 4066 3194 4145 ξ’(ξῖ
3201 4069 3379 4145 itaque
3404 4059 3677 4145 huiusmodi.

458 4140 504 4174 “
525 4152 597 4194 est
628 4156 738 4213 om.
766 4139 882 4213 CF.
951 4140 995 4213 ξ’
1038 4138 1117 4213 Et
1140 4141 1204 4192 de
1229 4139 1416 4213 virtute
1462 4148 1512 4213 et
1550 4142 1773 4195 actionis
1807 4131 2138 4213 corruptione
2161 4131 2343 4199 eadem
2375 4144 2549 4213 ratio._
2608 4141 2654 4173 "
2677 4138 2776 4213 CFA
2798 4131 2863 4193 ea:
2888 4136 3149 4213 Deofacti
3171 4131 3462 4213 deamones.

443 4227 631 4266 .vcrum
656 4212 797 4285 eliget
811 4209 1004 4285 aliquis
1162 4218 1210 4262 et
1235 4210 1442 4285 quidem
1471 4210 1724 4285 dicuntur
1742 4212 1884 4285 ntali
1915 4202 2108 4271 dixerit
2159 4216 2296 4285 quis.
2327 4283 2336 4285 _
2394 4212 2439 4252 ²⁰
2466 4211 2640 4285 (ilics
2670 4210 2883 4285 optimo.
2983 4202 3032 4238 ’ί
3055 4206 3141 4285 (1_F
3166 4208 3415 4285 optimam
3435 4202 3677 4285 sortiebattf

458 4292 562 4335 tur.
594 4294 607 4309 ‘
640 4284 684 4315 ²¹
713 4278 797 4335 CF
827 4276 1004 4333 vitiari
1024 4280 1246 4333 dicimus
1272 4280 1576 4332 daemonas.
1651 4280 1698 4313 ⁸³
1730 4281 1814 4336 CF
1842 4283 1886 4338 si
1918 4300 2022 4339 non
2062 4286 2114 4339 in
2143 4276 2447 4341 cessatione
2467 4276 2759 4335 divinorum
2785 4277 3039 4331 bonorum
3087 4276 3393 4332 habitudine
3423 4285 3466 4329 et
3490 4276 3675 4325 odiose.

450 4349 507 4381 “
535 4349 645 4403 Pro
679 4352 745 4405 iis
772 4365 959 4423 ,_quae
998 4362 1168 4423 inque
1217 4349 1282 4401 ad
1334 4348 1856 4423 liuetuscqttuntur,
1922 4354 2009 4409 CF
2056 4355 2192 4410 haec
2236 4352 2521 4423 proferunt
2569 4364 2583 4403 :
2627 4349 2731 4423 Sed
2758 4350 2931 4423 itaque
2978 4348 3024 4400 si
3064 4357 3259 4401 natura
3297 4344 3419 4423 mali
3444 4345 3699 4423 daemones

449 4436 659 4489 semper
705 4412 869 4495 mali;
917 4429 965 4473 et
1002 4412 1221 4495 quidem
1266 4418 1463 4495 malum
1501 4412 1741 4495 instabile
1793 4412 1887 4477 est.
1944 4423 2068 4477 Non
2097 4412 2273 4495 igitui‘,
2324 4423 2369 4476 si
2410 4434 2610 4495 semper
2650 4419 2726 4472 sic
2746 4434 2801 4471 se
2829 4412 3037 4495 habent,
3068 4432 3191 4495 non.
3217 4415 3385 4495 mali:
3409 4412 3534 4494 quod
3567 4412 3677 4495 enisi

459 4476 773 4561 semper,_id
812 4476 981 4557 ipsum
1024 4476 1209 4561 optimi
1247 4489 1535 4561 prepriutn.
1593 4487 1652 4544 Si
1701 4501 1873 4545 autem
1920 4476 2337 4561 nionﬂetvsemper
2376 4476 2528 4553 mali:
2571 4504 2676 4543 non
2711 4487 3000 4551 naturales,
3023 4476 3129 4561 sed
3175 4476 3483 4561 indigentiae
3511 4476 3678 4561 ﬂagell-

460 4549 991 4631 ιὀιοιὶηιξιιοιιοὶηιηι.Δ
1019 4549 1155 4631 Sed
1186 4549 1289 4631 min
1343 4549 1554 4611 omnino
1596 4571 1828 4629 expertes
1878 4562 2040 4626 boni,
2097 4549 2380 4617 secundum
2437 4549 2577 4631 quod
2624 4568 2671 4612 et
2723 4567 2885 4620 sunt,
2941 4549 2993 4610 et
3039 4556 3254 4631 vivunt,
3284 4549 3353 4631 ζει
3406 4549 3673 4626 intelligunt.

459 4636 509 4680 et
538 4627 747 4697 omnino
798 4639 874 4681 est
902 4627 1115 4697 quidam
1139 4627 1193 4681 in
1222 4625 1775 4697 eisc‘onrupiseentiae
1797 4643 1986 4687 motus.
2030 4625 2166 4686 Mali
2191 4642 2369 4685 autem
2392 4625 2503 4683 esse
2528 4630 2777 4681 dicuntur
2798 4637 3009 4697 prapter
3037 4627 3178 4695 quod
3212 4625 3538 4697 inﬁtiarentur
3564 4631 3677 4695 circa

459 4696 754 4767 naturalem
786 4694 1156 4764 operationem.
1212 4696 1373 4767 Falsa
1399 4694 1521 4765 ergo
1553 4700 1818 4753 conversio
1848 4712 1922 4754 est
1950 4705 2024 4756 eis
2057 4702 2277 4763 malum,
2309 4712 2355 4754 et
2391 4717 2419 4752 a
2454 4698 2686 4767 cognatis
2726 4694 2836 4751 suis
2879 4694 3108 4766 egressio
3138 4694 3508 4767 et_in[ormitas
3529 4694 3681 4767 etin?

459 4763 721 4839 perfectio
749 4776 795 4819 et
819 4755 1163 4839 impotentia,
1198 4776 1246 4820 et
1280 4755 1514 4839 salvan'te
1559 4769 1644 4839 eis?
1674 4755 2043 4837 perfectionem
2078 4755 2276 4825 virtute.
2299 4755 2602 4839 inﬁrmitas,
2632 4779 2679 4839 et
2709 4767 2857 4836 fug-1.
2888 4755 2936 4819 εἷ
2966 4782 3160 4839 εαεξςεη
3179 4755 3287 4839 δρᾶ
3308 4755 3613 4839 δίειμι-σαψ

461 4831 801 4909 daemonibus
823 4831 1058 4889 malum?
1086 4834 1262 4909 lj'uror
1294 4831 1692 4909 irrationabilis,
1729 4831 1907 4892 (tinens
1943 4831 2388 4909 concupiscentia,
2438 4831 2718 4909 phantasia
2748 4831 3009 4909 proterva.
3057 4831 3678 4909 Sedultaeoetsiusnnttg

462 4903 825 4977 daemonibus,
850 4920 953 4957 non
982 4905 1191 4977 omnino
1214 4920 1374 4973 neque
1402 4907 1455 4956 in
1475 4898 1733 4973 omnibus,
1760 4924 1921 4977 neque
1944 4910 2073 4962 haec
2095 4898 2385 4964 secundum
2430 4898 2489 4961 se
2530 4907 2691 4960 mala.
2733 4898 2788 4956 ,Ε
2813 4908 2951 4958 enim
2993 4907 3049 4958 in
3095 4904 3215 4956 aliis
3261 4898 3560 4977 animalibus
3597 4904 3680 4977 tto!

463 4983 633 5049 {notus
663 4960 993 5049 talium.‘_sed
1011 4960 1337 5049 interemptio
1372 4984 1480 5049 es}.
1502 4985 1551 5027 et
1573 4960 1845 5049 corruptio.
1868 4960 2378 5049 animiit'éiiiiiitaiii
2400 4996 2416 5043 ;
2442 4960 2654 5030 habitus
2671 4979 2821 5049 enim
2856 4976 3047 5037 salvat,
3071 4984 3119 5027 et
3148 4989 3259 5049 esse
3287 4974 3435 5039 fact,
3460 4968 3574 5019 haec

466 5044 666 5119 {tentem
686 5043 932 5097 animalis
962 5036 1238 5119 naturam:
1263 5042 1388 5119 on
1409 5044 1571 5113 igitur
1592 5036 1787 5119 mnium
1813 5048 2090 5101 daemonia
2121 5065 2264 5118 gens,
2282 5036 2536 5119 quantum
2565 5057 2639 5100 est
2654 5046 2811 5119 juxta
2831 5036 3097 5119 naturam,
3114 5036 3466 5119 sedquontum
3486 5036 3678 5119 ποθείς·

460 5114 531 5169 Ει
554 5130 656 5169 non
683 5124 935 5168 mutatum
960 5125 1034 5167 est
1056 5114 1238 5168 datum
1261 5115 1314 5168 in
1340 5114 1415 5167 eis
1430 5100 1602 5184 "totum
1625 5115 1837 5180 bonum,
1862 5119 1952 5169 sed
1980 5100 2085 5184 ipsi
2104 5100 2544 5172 datoﬁee'ciderunt
2576 5100 2684 5169 toto
2707 5117 2859 5168 bono.
2892 5112 2959 5167 Et
2991 5100 3144 5184 datas
3166 5100 3244 5184 cii
3277 5100 3682 5184 αηςείὲςαιμοιξ·

460 5186 625 5258 tiones
662 5201 927 5258 nunquam
951 5184 1090 5252 ipsas
1126 5196 1411 5258 commotas
1436 5183 1599 5258 fuisse
1618 5175 1859 5247 dicimus,
1880 5186 1974 5258 sed
1995 5175 2115 5241 sunt
2142 5197 2190 5240 et
2213 5187 2420 5258 integri,
2438 5196 2485 5240 et
2510 5185 2792 5258 clarissimi
2816 5195 2961 5248 sunt,
2978 5183 3079 5258 etsi
3118 5182 3214 5251 ipsi
3245 5175 3365 5258 non:
3384 5175 3553 5231 viderit

459 5256 737 5323 ticipantes
760 5248 879 5309 boni
904 5248 1253 5322 conspectivas
1281 5248 1514 5307 virtutes.
1534 5252 1722 5324 Itaque
1747 5257 1886 5324 quod
1907 5266 2050 5321 sunt,
2072 5266 2119 5309 et
2144 5272 2208 5309 ex
2233 5248 2425 5320 optimo
2443 5267 2587 5320 sunt,
2610 5267 2656 5309 et
2682 5255 2883 5324 optimi,
2900 5264 2948 5306 et
2971 5248 3159 5305 bonum
3178 5248 3500 5324 cippum}?!
3522 5251 3682 5324 είξξξξς

460 5313 688 5394 piscant,
709 5336 758 5379 et
786 5326 950 5395 vivere
969 5313 1330 5394 et'intelligere
1349 5313 1677 5395 eaistentiuin
1702 5313 1997 5395 appetentes
2017 5313 2107 5390 {et
2129 5313 2421 5394 privatione
2446 5336 2491 5378 et
2530 5313 2654 5394 fuga
2685 5313 2731 5379 et
2762 5313 2888 5377 casu
2922 5313 3359 5395 conanturalibus
3377 5313 3473 5369 sibi
3508 5313 3680 5380 ομίιιυ

462 5392 712 5450 dicuntur
734 5394 882 5462 mali,
918 5392 1371 5466 secundum‘qttod
1398 5406 1500 5447 non
1530 5403 1670 5460 sunt,
1698 5404 1747 5447 et
1771 5392 1915 5465 quod
1944 5410 2047 5448 non
2076 5392 2152 5449 est
2179 5405 2481 5467 appetentes
2512 5392 2707 5448 malum
2728 5402 2997 5466 appetunt.
3044 5392 3260 5447 Intuere
3281 5394 3385 5443 cet.

1917 5503 2167 5561 NOTAE.

530 5633 563 5663 ι
598 5621 693 5685 Ea,
725 5636 862 5691 quae
891 5623 992 5678 hoc
1015 5621 1200 5692 capite
1224 5618 1374 5674 vides
1413 5611 1567 5669 uncis
1599 5616 1824 5683 inclusa,
1857 5616 2050 5671 desunt
2090 5616 2143 5671 in
2171 5614 2450 5672 codicibus
2472 5609 2575 5670 CF.
2652 5658 2663 5669 .

520 3861 548 3893 ί
585 3861 630 3915 Α
656 3859 1000 3915 Daemonum.
1095 3860 1116 3890 ³
1145 3858 1245 3915 :Sic
1273 3858 1356 3914 CF
1376 3874 1390 3926 ;
1426 3859 1468 3912 Α
1503 3860 1591 3913 sit.
