3952 6162
236 5323 287 5351 Ὦ

350 277 458 334 935

1205 264 1292 321 DE
1327 262 1664 320 DIVISIO‘NE
1698 257 2049 314 NATURAE.
2085 286 2157 329 -έ-
2190 254 2393 310 LIBER
2430 251 2755 321 QUINTUS.

3518 251 3617 306 92’»

347 406 448 447 est.
492 388 676 460 Neque
719 394 885 439 totum
927 385 1117 438 bonum
1145 382 1252 436 illis
1286 382 1492 445 datum,
1529 389 1790 433 mutatum
1832 385 1930 440 est,
1964 380 2012 437 Α
2039 384 2091 428 et
2117 372 2472 444 quantitates,
2501 380 2805 439 ceteraque,
2848 383 2987 438 quae
3006 369 3188 439 augeri
3223 383 3286 421 ac
3312 368 3480 424 minui
3506 385 3621 438 pos-

345 481 441 537 sed
466 479 568 550 ipsi
596 497 630 531 a
656 487 763 530 toto
791 475 926 529 bono
960 475 1084 528 dam
1120 473 1445 528 exciderunt.
1491 469 1673 541 Neque
1709 469 1931 522 dicimus

346 568 616 640 angelicas
670 567 977 620 donationes
1030 565 1156 627 illis,
1197 564 1352 617 datas
1411 576 1643 632 unquam
1703 568 1932 613 mutatas

344 667 531 729 tuisse,
564 658 654 712 sed
676 667 724 710 et
748 655 941 725 integri
970 665 1113 720 sunt,
1162 663 1211 706 et
1252 652 1407 721 plane
1434 648 1720 719 conspicui,
1748 662 1934 717 quam-

344 754 425 806 uis
455 751 558 821 ipsi
612 766 714 802 non
761 748 951 811 vident,
999 746 1125 798 dum
1175 743 1480 813 facultatem
1523 740 1800 805 claudunt,
1827 751 1931 807 qua

342 843 487 897 bona
527 858 625 896 sua
661 848 875 908 possunt
912 837 1125 891 intueri.
1170 835 1360 906 Itaque
1403 834 1542 905 quod
1588 842 1734 896 sunt,
1780 839 1827 884 et
1870 846 1935 884 ea:

344 939 485 993 bono
513 945 656 1000 sunt,
695 948 740 988 et
774 934 919 998 boni,
953 941 999 985 et
1033 932 1221 985 bonum
1256 928 1633 999 pulchrumque
1663 934 1931 995 appetunt,

341 1031 475 1084 dum
500 1044 631 1091 esse,
652 1037 699 1081 et
726 1029 911 1089 vivere,
934 1036 981 1080 et
1009 1024 1296 1094 intelligere
1320 1023 1594 1077 existentia
1614 1019 1932 1081 desiderant;

338 1129 390 1175 et
438 1119 751 1182 privatione,
794 1125 843 1170 et
893 1116 1043 1185 fuga,
1085 1123 1135 1168 et
1174 1112 1505 1182 prolapsione
1562 1109 1817 1164 bonorum
1858 1108 1933 1161 eis

338 1206 762 1263 conuenientium
795 1206 1049 1258 dicuntur
1092 1203 1240 1268 ntali,
1294 1211 1515 1271 suntque
1551 1196 1710 1263 ntali,
1750 1213 1937 1251 secun-

335 1299 474 1352 dum
497 1298 637 1368 quod
663 1313 766 1350 non
798 1307 916 1349 sunt
943 1312 962 1361 ;
1000 1306 1048 1349 et
1086 1311 1188 1348 non
1211 1292 1478 1347 existentis
1506 1288 1708 1360 cupidi,
1732 1286 1932 1341 malum

335 1400 619 1462 appetunt.
655 1389 870 1445 Intuere
904 1389 1015 1443 vim
1060 1389 1078 1420 ¹
1108 1388 1419 1450 verborum,
1449 1392 1504 1438 et
1547 1389 1786 1453 quantae
1810 1380 1937 1435 sub-

335 1483 559 1537 tilitatis
592 1490 739 1536 sunt.
771 1480 956 1534 Primo
999 1478 1216 1548 quidem
1261 1473 1639 1530 universaliter
1665 1470 1935 1527 breviter-

330 1588 450 1643 que
493 1570 976 1641 comprehenderis,
1027 1569 1319 1622 daemones
1367 1573 1564 1619 natura
1603 1560 1775 1616 malos
1827 1574 1935 1613 non

332 1678 487 1727 esse,
519 1662 750 1716 dicendo
778 1660 868 1715 sed
912 1676 1076 1731 neque
1107 1659 1386 1712 daemones
1421 1664 1612 1708 natura
1651 1651 1802 1716 mali,
1848 1664 1938 1705 ra-

2034 473 2183 529 sunt,
2213 474 2270 519 et
2301 464 2354 518 in
2389 463 2632 532 subjecto
2669 467 2902 532 quodam
2949 460 3339 533 intelliguntur.
3381 460 3486 515 Sed
3529 479 3622 516 nc-

2032 572 2138 626 que
2168 556 2257 611 illa
2277 564 2701 625 corrumpuntur
2730 569 2760 607 a
2786 548 2959 618 malo;
2991 552 3176 618 augeri
3206 551 3352 608 enim
3382 553 3624 609 accidens

2036 649 2107 704 tia
2141 649 2505 712 substantiae,
2536 645 2619 701 vel
2651 646 2846 711 minui,
2879 660 3052 715 neque
3076 645 3275 700 malum
3314 655 3418 711 est,
3452 661 3626 717 neque

2033 739 2332 807 corruptio,
2360 737 2455 792 sed
2500 736 2776 806 profectus
2806 736 3025 807 quidam
3047 744 3068 777 τ
3096 745 3259 805 atque
3284 736 3524 792 defectus
3539 753 3627 793 ca-

2032 828 2286 901 pacitatis
2315 826 2760 883 substantiarum.
2791 827 2914 882 ldeo
2943 828 3020 882 ait
3047 844 3059 881 :
3091 824 3275 897 Neque
3308 828 3405 882 ltoc
3438 829 3578 881 omni
3601 826 3624 860 ⁸

2031 931 2081 975 et
2104 920 2316 977 omnino
2338 918 2559 984 malum,
2579 920 2680 974 hoc
2700 928 2801 983 est,
2823 934 2997 988 neque
3023 921 3299 991 acceptiva
3323 922 3629 991 corruptio-

2026 1013 2119 1073 nis
2146 1027 2180 1066 a
2221 1010 2363 1065 malo
2394 1020 2836 1080 corrumpuntur,
2868 1009 2994 1079 quia
3047 1025 3224 1081 neque
3256 1011 3476 1064 omnino
3517 1026 3629 1064 ina—

2034 1105 2168 1160 lum.
2212 1103 2433 1175 Napi-in
2466 1103 2570 1158 hoc
2595 1102 2714 1157 loco
2747 1118 2849 1156 una
2892 1103 3109 1171 negatio
3152 1103 3233 1158 bis
3263 1103 3625 1172 ponitursic:

2032 1211 2198 1266 neque
2218 1196 2316 1248 Itoc
2342 1194 2485 1248 omni
2516 1202 2537 1234 ι
2571 1203 2618 1248 et
2646 1210 2810 1264 neque
2832 1196 3044 1247 omnino
3067 1194 3285 1247 malum.
3319 1194 3459 1262 Quid
3482 1197 3627 1250 enim

2035 1294 2446 1356 corrumperet,
2487 1284 2633 1353 quod
2681 1284 2905 1339 omnino
2956 1300 3064 1340 non
3116 1285 3238 1340 est?
3278 1284 3411 1339 Nam
3454 1286 3631 1341 cumis

2029 1375 2331 1443 corruptio,
2361 1388 2502 1444 quae
2557 1374 2611 1428 in
2657 1382 2853 1429 natura
2883 1389 3065 1428 rerum
3109 1374 3449 1429 mutabilium
3479 1375 3627 1429 intel-

2036 1465 2244 1535 ligitur;
2273 1474 2365 1520 aut
2416 1464 2665 1521 delectus
2711 1464 3065 1535 perfectionis
3114 1475 3229 1532 est,
3274 1475 3369 1520 aut
3410 1466 3478 1520 de
3513 1480 3631 1535 spc-

2036 1558 2122 1613 cie
2183 1558 2238 1612 in
2293 1557 2531 1627 speciem
2592 1558 2854 1614 transitus
2903 1558 3194 1622 materiae,
3256 1568 3349 1613 aut
3405 1574 3632 1629 genera-

2040 1650 2170 1705 lium
2201 1651 2257 1704 in
2285 1649 2543 1720 specialia
2572 1660 2628 1704 et
2669 1649 2984 1720 speeialium
3032 1650 3091 1705 in
3138 1650 3414 1719 generalia
3461 1663 3633 1706 trans-

331 1726 550 1809 tionem
597 1750 921 1821 subiunxit:
964 1726 1153 1802 etenim
1181 1750 1223 1801 si
1249 1757 1441 1800 natura
1484 1742 1635 1809 mali,
1663 1757 1828 1812 neque
1868 1754 1933 1794 ea;
1964 1726 2011 1787 Β
2038 1741 2286 1806 mutatio_
2339 1756 2482 1811 quae
2532 1742 2717 1796 onmia
2764 1757 2871 1797 non
2928 1742 3091 1807 mala,
3143 1743 3239 1798 sed
3288 1743 3631 1798 mutabilium

328 1843 499 1905 bono,
535 1841 646 1895 Deo
693 1839 964 1901 videlicet,
994 1836 1087 1906 qui
1133 1834 1281 1889 solus
1311 1849 1342 1887 a
1390 1833 1569 1902 seipse
1602 1833 1778 1887 bonus
1826 1836 1933 1892 est,

328 1933 510 1987 creati
542 1941 697 1996 sunt;
749 1945 912 1984 omne
935 1928 1153 1998 quippe,
1182 1925 1327 1995 quod
1366 1924 1434 1979 ab
1462 1939 1528 1979 eo
1554 1931 1797 1977 creatum
1828 1928 1932 1984 est,

326 2023 551 2078 bonum
579 2030 684 2084 est,
724 2034 827 2074 non
856 2018 1002 2074 enim
1034 2033 1099 2072 ex
1131 2017 1272 2071 bono
1304 2014 1505 2070 malum
1549 2012 1666 2067 ﬁeri
1715 2019 1933 2081 potest;

328 2127 522 2182 neque
555 2112 608 2164 in
637 2110 985 2165 existentium
1017 2117 1336 2161 naturarum
1367 2118 1593 2158 numero
1620 2109 1935 2170 computan-

328 2215 463 2269 tur;
497 2220 664 2275 neqne
702 2219 768 2257 ea:
819 2202 967 2256 bonis
1026 2215 1329 2254 conversum
1365 2198 1387 2228 '
1425 2206 1641 2260 natura,
1681 2195 1785 2249 hoc
1824 2201 1933 2256 est,

329 2311 522 2365 neque
551 2308 618 2348 ex
651 2293 805 2346 bonis
830 2290 1036 2359 angelis
1065 2298 1260 2343 natura
1284 2288 1336 2340 in
1362 2286 1620 2340 malitiam
1648 2297 1936 2354 perversae

325 2385 644 2439 voluntatis
675 2383 922 2439 conversi
959 2390 1104 2434 sunt.
1144 2379 1288 2433 Haec
1311 2378 1456 2433 enim
1487 2374 1746 2430 voeabula
1772 2390 1932 2443 prae-

325 2479 489 2533 fatns
517 2485 703 2531 auctor
746 2471 1275 2546 praevaricatoribus
1319 2469 1525 2539 angelis
1570 2464 1708 2522 solet
1758 2464 1934 2534 impo-

329 2585 494 2624 nere.
534 2567 854 2622 Conversunt
882 2565 926 2629 ³,
977 2566 1081 2619 hoc
1112 2572 1194 2617 est
1220 2561 1633 2617 conversionem
1667 2572 1738 2612 ex
1763 2556 1937 2611 bono-

327 2675 462 2713 rum
494 2665 715 2721 uatura,
742 2668 797 2712 et
823 2671 1008 2711 casum
1038 2669 1070 2708 a
1116 2653 1404 2722 sapientia.
1453 2647 1522 2703 Et
1560 2664 1764 2718 semper
1810 2646 1936 2700 mali

327 2752 611 2814 existunt;
634 2764 663 2800 a
693 2745 1062 2817 superioribus
1088 2743 1384 2798 assumitur
1411 2739 1630 2809 negatio
1660 2756 1673 2793 :
1706 2747 1755 2792 et
1776 2750 1936 2807 neque

326 2855 550 2910 semper
581 2838 710 2892 mali
755 2840 1005 2891 existunt.
1042 2833 1176 2890 Nam
1204 2833 1349 2904 quod
1375 2841 1567 2888 natura
1599 2830 1801 2886 malum
1833 2837 1939 2895 est,

327 2948 444 2986 non
482 2939 663 3000 potest
689 2945 903 2999 semper
933 2929 1189 2983 existere.
1221 2927 1479 2983 Naturam
1504 2927 1702 2998 quippe
1738 2923 1867 2979 mali
1887 2930 1945 2977 et

328 3022 591 3077 malitiae
630 3029 906 3076 aeternam
929 3018 951 3050 "
982 3035 1103 3074 esse
1137 3018 1468 3088 impossibile
1492 3026 1596 3073 est.
1627 3014 1942 3072 Substantia

2039 1846 2222 1886 rerum
2252 1830 2529 1887 naturales
2569 1831 2860 1901 qualitates
2884 1841 2940 1888 et
2967 1833 3305 1902 quantitates
3333 1842 3387 1887 et
3412 1846 3635 1887 convcr-

2037 1924 2219 1979 siones
2234 1922 2278 1954 ¹⁰
2298 1924 2694 1995 intelliguntur.
2716 1925 2906 1981 Cetera
2923 1940 3052 1979 vero
3068 1922 3228 1991 hujus
3241 1923 3458 1994 capituli
3475 1922 3632 1993 plana

2037 2025 2185 2081 sunt,
2209 2025 2262 2071 et
2288 2016 2643 2088 expositionis
2675 2031 2780 2071 non
2813 2016 3072 2087 indigent.
3106 2016 3462 2086 Apertissime
3487 2030 3635 2070 nam-

2038 2122 2146 2178 que
2171 2107 2350 2172 docet,
2377 2106 2511 2161 nibil
2536 2121 2747 2171 eorum,
2779 2122 2921 2178 quae
2949 2114 3097 2172 sunt,
3126 2109 3427 2163 secundum
3452 2120 3635 2162 essen-

2038 2200 2173 2255 tiam
2221 2208 2277 2254 et
2328 2209 2583 2253 naturam
2628 2213 2788 2268 posse
2840 2198 3137 2268 corrumpi,
3188 2196 3455 2253 defectuum
3502 2212 3634 2252 vero

2040 2290 2301 2346 naturalis
2335 2289 2561 2355 ordinis,
2588 2300 2642 2343 et
2670 2287 3215 2345 eommensurationis
3238 2287 3632 2353 inﬁrmitatem,

2039 2380 2237 2449 quibus
2271 2379 2482 2435 duobus
2511 2378 2791 2435 mutabilia
2828 2379 3020 2434 eodem
3061 2379 3220 2433 modo
3265 2393 3482 2447 semper
3519 2395 3635 2432 ina-

2040 2483 2171 2525 nere
2194 2485 2300 2524 non
2332 2478 2576 2540 possunt,
2617 2469 2982 2540 corruptionis
3012 2467 3273 2524 vocabulo
3306 2469 3552 2533 vocitari,
3579 2478 3636 2522 ct

2041 2558 2185 2629 quod
2228 2559 2343 2628 ipsa
2375 2558 2652 2628 corruptio
2680 2573 2788 2613 non
2843 2557 3049 2612 malum
3094 2556 3189 2623 sit,
3237 2556 3331 2613 sed
3374 2556 3633 2621 ,deticiens

2042 2653 2261 2708 bonum.
2296 2652 2356 2707 Si
2385 2652 2531 2707 enim
2560 2653 2764 2708 malum
2792 2662 2957 2717 esset,
2989 2652 3042 2707 in
3075 2662 3267 2708 natura
3310 2668 3489 2709 rerum
3526 2669 3632 2707 non

2043 2744 2322 2798 existeret.
2387 2742 2555 2799 Docet
2585 2743 2776 2809 etiam,
2824 2743 3123 2799 daemones
3183 2758 3288 2799 non
3338 2744 3633 2800 secundum

2045 2837 2187 2906 quod
2236 2843 2385 2901 sunt,
2413 2834 2586 2890 malos
2612 2849 2759 2901 esse,
2791 2850 2856 2890 ex
2888 2836 3095 2904 optimo
3138 2836 3283 2891 enim
3313 2844 3457 2901 sunt,
3489 2836 3634 2906 opti-

2046 2943 2275 3000 n'iaeque
2307 2929 2600 3001 participes
2625 2928 2894 2984 essentiae
2929 2929 2995 2993 “,
3035 2929 3129 2983 sed
3159 2929 3454 2984 secundum
3493 2930 3634 2999 quod

2046 3036 2155 3076 non
2188 3029 2335 3087 sunt,
2373 3020 2497 3075 mali
2532 3020 2806 3075 dicuntur.
2850 3020 2916 3074 Et
2945 3020 3073 3090 quid
3106 3020 3158 3074 in
3201 3021 3283 3076 cis
3323 3020 3520 3075 malmn
3554 3021 3635 3075 di-

328 3124 527 3167 autcm
580 3112 899 3165 daemonum
945 3124 1217 3179 numiuam
1262 3107 1478 3178 peribit.
1513 3106 1716 3161 Natura
1752 3106 1940 3174 itaque
1969 3081 2017 3145 (ί
2049 3114 2212 3178 citur,
2237 3124 2424 3183 aperte
2450 3112 2712 3177 declarat,
2747 3112 3116 3166 inﬁrmitatem
3140 3112 3393 3169 videlicet
3418 3128 3633 3176 eorum,

331 3204 472 3261 ntali
503 3218 611 3257 non
633 3211 779 3256 sunt.
802 3201 1007 3255 Deinde
1035 3208 1350 3269 argumenta
1370 3214 1466 3268 per
1488 3196 1943 3265 interrogationes

330 3293 610 3356 subdidit,
665 3294 849 3346 dicens
890 3306 904 3344 :
954 3290 1225 3360 Sequitur,
1268 3290 1467 3343 sibimet
1510 3298 1631 3342 sunt
1681 3287 1832 3351 mali,
1872 3303 1943 3340 an

329 3388 466 3439 aliis
495 3385 521 3436 1’
562 3384 639 3436 Ac
670 3382 714 3436 si
742 3381 971 3435 dixisset
1003 3396 1019 3433 :
1052 3381 1095 3433 si
1125 3390 1316 3433 natura
1348 3378 1471 3432 tnali
1500 3388 1647 3443 sunt,
1684 3390 1940 3432 necessa-

330 3480 420 3533 rio
454 3484 557 3528 aut
587 3473 804 3527 sibimet
827 3472 951 3526 mali
987 3482 1134 3535 sunt,
1164 3480 1256 3524 aut
1283 3470 1424 3523 aliis.
1444 3470 1511 3523 Et
1532 3468 1790 3539 siquidem
1813 3468 1944 3521 sibi-

328 3577 441 3620 met
478 3604 494 3629 ,
553 3580 625 3615 an
666 3570 1004 3631 corrumpunt
1049 3560 1296 3632 seipses?
1330 3558 1525 3628 Utique
1564 3564 1939 3625 corrumpunt.

330 3658 503 3726 Quod
531 3654 864 3724 impossibile
889 3663 974 3707 est
1001 3652 1148 3718 lieri;
1175 3651 1315 3704 nulla
1344 3651 1611 3720 siquidem
1638 3639 1831 3703 natura
1856 3663 1939 3701 se-

331 3754 524 3823 ipsatn
573 3760 921 3816 corrmnpere
969 3755 1178 3814 potest;
1206 3732 1461 3798 accidens
1496 3751 1581 3797 est
1606 3741 1753 3797 enim
1795 3740 1943 3795 omni

330 3852 587 3898 naturae
613 3838 698 3892 sui
729 3838 1028 3908 corruptio.
1081 3836 1159 3891 Ac
1183 3852 1279 3905 per
1304 3838 1407 3891 hoc
1434 3836 1478 3890 si
1509 3844 1703 3890 natura
1728 3834 1944 3889 daemo-

327 3951 475 3990 num
516 3930 661 3986 mala
679 3938 790 4010 .est,
830 3930 1049 3983 sibimet
1095 3943 1200 3981 non
1247 3936 1329 3981 est
1355 3925 1515 3989 mala,
1563 3923 1817 3995 quoniam
1854 3938 1947 3979 sed

331 4027 523 4097 ipsam
556 4037 665 4076 non
712 4021 909 4076 sinitur
955 4033 1340 4089 corrumpere;
1376 4015 1573 4070 malum
1603 4015 1800 4085 quippe
1832 4029 1942 4069 non

328 4120 505 4183 mali,
538 4114 635 4170 sed
684 4114 808 4169 boni
837 4122 926 4168 est
947 4112 1245 4180 corruptio.
1284 4107 1342 4164 Si
1385 4120 1557 4163 autem
1591 4106 1713 4161 aliis
1750 4115 1946 4162 natura

328 4212 511 4268 bonis
542 4207 669 4263 mali
701 4214 849 4271 sunt,
879 4205 1139 4277 quomodo
1167 4218 1232 4258 ea
1265 4212 1625 4272 corrumpunt,
1654 4211 1833 4254 utrum
1859 4218 1944 4255 es-

328 4305 576 4361 sentiam
631 4316 833 4363 eorum,
872 4315 941 4352 an
980 4299 1245 4362 virtutem,
1278 4313 1346 4350 an
1377 4302 1400 4335 ⁸
1444 4294 1741 4348 actionem?
1778 4294 1856 4348 Ac
1898 4293 1945 4349 si

2045 3220 2150 3274 qua
2205 3218 2425 3258 servare
2483 3219 2641 3258 suum
2696 3203 2884 3258 nolunt
2940 3204 3302 3274 principium,
3364 3220 3634 3260 summum

2047 3296 2255 3350 scilicet
2289 3296 2510 3358 bonum,
2556 3310 2624 3349 ex
2657 3311 2765 3365 quo
2794 3305 2960 3361 sunt,
3006 3295 3388 3367 negligentiam
3422 3313 3637 3368 quoque

2045 3401 2257 3449 eorum,
2323 3400 2430 3456 qua
2499 3386 2803 3441 divinorum
2878 3387 3142 3443 bonorum
3212 3388 3547 3445 habitudine.
3581 3398 3639 3444 et

2046 3479 2259 3535 actione
2290 3488 2486 3533 vacant
2531 3480 2598 3543 ¹²,
2634 3488 2947 3549 ceteraque,
2987 3496 3129 3551 quae
3153 3481 3220 3536 de
3248 3481 3466 3543 miseria
3490 3480 3635 3545 Adac-

2049 3583 2267 3622 monum
2316 3556 2747 3624 luculentissime
2794 3585 2822 3623 a
2874 3570 3119 3641 praelato
3176 3572 3438 3643 magistro
3493 3571 3635 3627 dicta

2047 3668 2196 3725 sunt,
2236 3661 2413 3730 deque
2440 3670 2667 3716 naturae
2716 3677 2905 3716 eorum
2944 3662 3205 3726 bonitate,
3236 3672 3293 3717 et
3328 3663 3470 3732 quod
3503 3663 3638 3717 nihil

2046 3749 2424 3814 donationum,
2457 3766 2592 3820 quas
2634 3752 2686 3805 in
2727 3752 3037 3807 coriditione
3075 3754 3157 3807 sui
3201 3765 3549 3825 acceperunt,
3582 3754 3635 3808 in

2046 3843 2127 3896 eis
2169 3850 2561 3897 commutatum
2608 3842 2679 3897 sit
2724 3853 2815 3897 aut
2844 3845 2913 3898 ab
2940 3844 3020 3897 eis
3052 3832 3348 3914 demptum,
3374 3845 3468 3899 sed
3508 3845 3635 3898 inte-

2046 3936 2287 4006 gritatem
2334 3947 2382 3989 et
2427 3935 2720 3989 claritatem
2744 3951 2872 3988 suae
2904 3945 3126 3990 naturae
3151 3952 3354 4006 semper
3390 3953 3601 3990 manere
3622 3976 3637 3999 ,

2046 4029 2285 4098 (luanwis
2317 4044 2420 4083 non
2451 4028 2751 4098 intelligant
2786 4027 2831 4059 ¹³
2863 4044 2987 4082 suas
3014 4028 3363 4095 spcculativns
3397 4030 3634 4092 uirtutes,

2047 4135 2184 4189 quas
2212 4120 2278 4173 ad
2307 4118 2821 4187 contemplationem
2860 4118 2943 4174 sui
2983 4119 3282 4184 Creatoris,
3321 4120 3366 4174 si
3412 4119 3635 4184 vellent,

2049 4210 2239 4267 insitas
2264 4209 2488 4276 habent,
2516 4210 2769 4281 fugientes
2791 4228 2824 4265 α
2846 4226 2965 4264 vero
2988 4209 3209 4275 lumine,
3235 4220 3282 4264 et
3310 4209 3550 4264 cadentes
3573 4226 3639 4263 ex:

2049 4300 2476 4356 connaturalium
2504 4300 2603 4353 sibi
2626 4300 2941 4369 optimorum
2965 4301 3276 4371 angelorum
3298 4300 3635 4371 contempla-

331 4397 602 4452 diceret:
635 4393 826 4446 harum
856 4392 1018 4444 trium
1043 4387 1242 4441 nullam
1274 4388 1296 4419 ⁸
1328 4395 1552 4455 possunt
1574 4399 1940 4456 corrumpere.

2051 4395 2159 4448 tiva
2187 4395 2405 4458 virtute,
2462 4402 2798 4464 appetentes,
2836 4393 2983 4462 quod
3031 4410 3136 4450 non
3164 4403 3248 4449 est
3275 4413 3287 4448 :
3316 4407 3376 4449 et
3414 4395 3519 4451 hoc
3553 4408 3641 4451 est

331 4487 502 4542 Haec
529 4483 677 4539 enim
705 4482 826 4546 tria,
854 4481 1146 4536 essentiam
1171 4480 1311 4544 dico,
1343 4487 1397 4533 et
1430 4478 1705 4544 virtutem,
1749 4486 1808 4533 et
1849 4491 1943 4531 ac-

332 4578 562 4632 tionem
596 4575 647 4628 in
681 4573 930 4628 onmibus
956 4571 1382 4641 incorruptibilia
1426 4574 1570 4637 Sunt,
1602 4570 1857 4640 quoniam
1890 4571 1943 4624 in

336 4666 432 4722 bis
470 4664 655 4718 tribus
689 4662 867 4717 omnis
903 4670 1093 4716 natura
1127 4662 1394 4716 subsistit.
1442 4661 1508 4715 Et
1557 4663 1659 4715 hoc
1684 4671 1767 4716 est
1800 4660 1946 4730 quod

335 4753 645 4823 sequitur:
689 4751 961 4822 Siquidem
999 4752 1311 4815 essentiam;
1344 4752 1569 4820 primum
1599 4751 1806 4820 quidem
1843 4767 1948 4805 non

324 4847 513 4919 juxta
543 4852 814 4908 natumut,
849 4843 951 4897 hoc
998 4850 1101 4906 est,
1143 4858 1251 4896 non
1302 4841 1445 4896 illam
1489 4842 1803 4907 essentiam,
1840 4859 1948 4913 qua

337 4934 614 4993 subsistit
641 4944 856 4988 natura.
899 4933 1112 4989 Natura
1143 4936 1278 4989 enim
1308 4935 1749 5004 incorruptibilia,
1771 4951 1952 4993 essen-

336 5029 490 5085 tiam
514 5025 787 5091 videlicet,
804 5026 1076 5089 virtutem,
1094 5035 1149 5080 et
1170 5027 1457 5091 actionem,
1474 5044 1574 5081 non
1590 5041 1951 5100 corrumpunt,

334 5123 443 5179 sed
487 5120 757 5188 acceptiva
781 5119 1154 5188 corruptionis,
1181 5122 1282 5174 hoc
1304 5130 1570 5190 est,.quae
1592 5134 1817 5192 possunt
1836 5142 1949 5179 cor-

342 5211 568 5282 rumpi,
602 5218 661 5264 ut
684 5218 808 5264 sunt
840 5211 1103 5265 naturalia
1137 5212 1455 5278 accidentia,
1501 5214 1791 5283 qualitates
1833 5218 1954 5272 dico

2054 4496 2246 4552 totum,
2274 4486 2421 4556 quod
2450 4486 2503 4541 in
2530 4487 2612 4542 eis
2651 4487 2852 4542 malum
2878 4497 2935 4543 et
2963 4486 3165 4543 malitia
3193 4487 3410 4543 dicitur.
3448 4486 3636 4547 Vidisti

2052 4594 2206 4649 ergo,
2228 4578 2373 4647 quod
2408 4587 2598 4634 natura
2623 4577 2943 4633 daemonum
2975 4588 3028 4635 ct
3052 4581 3189 4635 bona
3230 4581 3321 4645 sit,
3359 4591 3411 4636 et
3436 4598 3467 4637 a
3496 4598 3636 4637 smn.

2053 4685 2141 4721 mo
2168 4667 2311 4722 bono
2334 4666 2497 4734 facta,
2520 4671 2738 4740 etquod
2761 4684 2866 4724 non
2890 4671 3183 4726 secundum
3204 4673 3346 4741 quod
3370 4683 3518 4736 sunt,
3546 4675 3639 4729 sed

2053 4760 2347 4816 secundum
2379 4761 2525 4831 quod
2554 4777 2658 4816 non
2686 4771 2833 4825 sunt,
2864 4763 2988 4817 mali
3015 4763 3289 4820 dicuntur.
3321 4767 3400 4822 Ac
3422 4775 3520 4838 per
3538 4767 3640 4823 hoc

2059 4853 2292 4909 naturali
2345 4855 2670 4910 necessitate
2719 4856 2983 4925 sequitur,
3036 4858 3180 4926 quod
3234 4858 3288 4912 in
3340 4859 3420 4914 eis
3470 4869 3557 4914 est
3612 4876 3641 4912 a

2058 4961 2272 4999 summo
2299 4944 2411 4999 Deo
2441 4943 2663 5008 factum,
2713 4947 3049 5003 solummodo
3098 4949 3151 5003 in
3194 4950 3272 5006 eis
3320 4966 3645 5021 perinansu-

2061 5054 2201 5104 rum,
2233 5037 2381 5092 nullo
2410 5038 2672 5107 modoque
2695 5039 3043 5108 puniendum,
3067 5044 3208 5113 quod
3231 5054 3408 5099 autem
3437 5059 3502 5099 ex
3536 5045 3646 5096 lter.

2060 5144 2166 5183 non
2203 5137 2304 5191 est,
2350 5127 2562 5182 illorum
2592 5129 2842 5186 videlicet
2886 5132 3089 5187 malitia
3116 5134 3181 5199 ιδ,
3210 5135 3531 5204 periturum,
3580 5150 3645 5188 nu

2063 5222 2116 5275 in
2138 5221 2319 5290 aliqua
2347 5229 2618 5285 creatura,
2651 5222 2764 5277 sive
2800 5222 3057 5291 lunnana,
3096 5225 3209 5281 sive
3237 5224 3501 5296 angelica,
3533 5241 3645 5280 ma-

1655 5329 1909 5392 VARIAE
1934 5334 2341 5396 LECTIONES.

420 5446 445 5481 ⁸
479 5445 530 5500 Α
559 5452 813 5498 tenorem.
916 5442 936 5473 ²
978 5440 1069 5496 Sic
1101 5438 1219 5504 CF;
1263 5439 1309 5494 A
1336 5445 1589 5498 conuersi.

344 5588 389 5619 “
442 5585 492 5639 Α
533 5586 883 5653 optimamqne
928 5583 1223 5637 sortiuntur
1267 5583 1564 5638 essentiam.

344 5657 582 5713 illorum
608 5654 838 5710 malitia.

1225 5512 1233 5522 ι
1263 5446 1589 5522 ᾼροηυενεῇ.
1666 5446 1689 5477 ³
1947 5469 1961 5517 ;
1998 5454 2039 5509 Α
2073 5454 2326 5519 cmtcersi.

340 5517 368 5551 ς
390 5518 439 5571 Α
457 5514 648 5589 ΔηιιιιαΓ
725 5514 744 5545 ⁷
773 5513 862 5568 Sic
889 5510 974 5568 CF
990 5528 1003 5578 ;
1111 5512 1360 5579 perfectio
1383 5515 1679 5589 qu_aedam._
1717 5519 1845 5589 “CF
1872 5510 2082 5589 omnino
2107 5533 2163 5580 et
2182 5514 2405 5580 omn'mo

1644 5587 1685 5619 "
1726 5586 1816 5645 Sic
1861 5591 1946 5649 CF
1967 5609 1982 5662 ;
2013 5586 2059 5649 Α
2099 5604 2284 5649 cacant
2324 5605 2373 5651 et
2416 5594 2639 5651 actione.
2720 5594 2765 5627 "
2804 5596 2850 5651 A
2892 5596 3219 5651 in:elliaunt.
3285 5595 3327 5624 "
3362 5599 3409 5653 Δ
3444 5600 3538 5654 hoc
3572 5610 3646 5654 est

2415 5453 2435 5485 ⁸
2474 5452 2559 5510 CF
2588 5455 2797 5510 Natura
2826 5466 3175 5510 —aeternam
3205 5471 3354 5512 esse.
3420 5462 3439 5492 '
3479 5458 3520 5513 Α
3557 5475 3643 5515 ac.

2501 5524 2522 5558 °
2544 5524 2629 5580 CF
2652 5527 2862 5581 omnino
2938 5526 2982 5559 ιθ
3000 5537 3052 5580 et
3078 5543 3430 5584 conrerswncs
3452 5530 3639 5584 minA.
