3952 6162
415 211 530 267 ’935

1799 206 2079 265 JOANNIS
2118 206 2310 265 SCOTI

3526 215 3614 273 936

426 326 537 380 litia
584 324 755 397 possit
792 324 906 380 fieri
962 330 975 360 ί
1020 334 1271 393 perpetua
1320 319 1373 377 et
1413 321 1646 377 bonitati
1689 338 1996 379 coaeterua.
2031 334 2073 389 Λ
2106 326 2228 379 liter
2253 325 2304 378 in
2343 326 2576 394 quadam
2604 334 2776 394 parte,
2825 326 2904 379 vel
2932 325 2988 379 in
3019 325 3063 357 “
3093 334 3202 378 toto
3239 324 3389 394 hujus
3425 329 3619 383 visitutis

427 416 684 472 Similiter
704 417 770 472 de
792 424 962 470 morte
984 424 1037 469 et
1062 415 1274 469 miseria
1304 412 1728 484 intelligendum,
1761 431 1829 470 ne
1859 417 1998 471 vitae

421 517 478 561 ct
506 508 820 563 beatitudini
857 505 983 580 quid
1013 506 1530 575 contrariumatque
1557 521 1814 562 coaevum
1845 508 2002 563 intel-

424 600 638 671 ligatur.
669 597 836 652 Porro
862 598 906 651 si
938 595 1317 650 universaliter
1342 596 1568 662 malitia,
1602 604 1657 650 et
1688 611 1851 659 mors,
1876 611 2004 651 aeu-

423 691 643 759 leusque
669 687 806 758 ejus,
831 687 974 757 quod
1006 696 1087 742 est
1119 695 1421 757 peccatum,
1445 687 1729 757 omnisque
1759 687 2000 751 miseria,

421 785 642 852 insuper
660 781 825 835 etiam
850 779 1173 834 novissimus
1200 779 1467 841 inimicus,
1493 778 1734 848 nequitia
1750 776 2003 832 videlicet

419 871 706 935 diabolica,
746 869 1174 938 universalisque
1219 869 1466 938 impietas
1527 855 1645 941 [aut
1686 868 1800 936 ipsa
1853 873 2003 921 certe

420 960 591 1033 mors]
617 970 660 1027 ι,
698 960 765 1015 de
794 969 985 1015 natura
1032 974 1213 1013 rerum
1261 958 1604 1013 abolebitur:
1634 957 1762 1026 quid
1811 963 1999 1020 restat,

420 1054 523 1109 nisi
552 1061 611 1108 ut
635 1052 746 1109 sola
774 1050 1090 1107 universalis
1115 1058 1363 1104 creatura
1395 1049 1541 1105 omni
1574 1048 1724 1103 faece
1762 1046 2001 1101 malitiae

420 1154 475 1200 et
496 1144 792 1214 impietatis
805 1150 1050 1212 purgata,
1067 1140 1214 1195 omni
1238 1147 1410 1194 morte
1433 1137 1791 1208 corruptionis
1808 1137 1997 1200 libera,

420 1235 739 1305 penitusque
761 1231 1004 1287 absoluta
1035 1228 1349 1285 remaneat?
1376 1228 1444 1283 Et
1475 1230 1607 1283 haec
1628 1234 1713 1282 est
1732 1226 2001 1298 generalis

421 1327 705 1381 universae
750 1333 1052 1386 creaturae,
1105 1334 1244 1389 quae
1288 1333 1319 1372 a
1368 1318 1623 1374 servitute
1662 1317 1997 1382 liberabitur,

420 1412 771 1477 resurrectio,
824 1411 1192 1481 mysticaequc
1235 1415 1432 1474 terrae,
1461 1416 1686 1461 naturae
1730 1405 1999 1469 videlicet,

423 1503 701 1559 renovatio
723 1502 762 1554 ³.
790 1502 863 1555 De
893 1514 996 1569 qua
1029 1497 1296 1568 Propheta
1316 1498 1582 1568 praedixit
1607 1516 1618 1550 :
1650 1496 1866 1567 Auferes
1891 1497 1999 1564 spi-

420 1596 575 1646 ritum
593 1608 794 1657 eorum,
808 1601 855 1666 et
875 1589 1135 1659 deﬁcient,
1153 1599 1199 1642 et
1222 1588 1276 1642 in
1291 1587 1551 1659 pulverem
1571 1603 1723 1641 suum
1746 1595 2001 1640 reverten-

2102 423 2403 479 creaturae,
2430 425 2504 479 et,
2539 424 2599 469 ut
2622 415 2942 484 simpliciter
2962 416 3165 479 dicam,
3189 431 3353 483 neque
3375 418 3495 471 intra
3523 422 3619 474 uui-

2101 505 2416 560 versitatem
2470 504 2634 582 totius
2678 513 2905 560 naturae
2943 520 2973 559 a
3019 504 3131 559 Deo
3169 506 3405 560 conditae
3446 507 3621 563 futuras

2101 613 2223 654 esse
2247 598 2557 664 credimus;
2594 607 2648 652 et
2677 613 2852 667 neque
2878 612 3021 653 nunc
3055 613 3193 663 esse,
3222 607 3279 654 et
3298 614 3554 668 nusquam,
3578 612 3621 656 et

2102 706 2401 761 nunquam,
2425 690 2518 746 sed
2542 691 2594 745 in
2622 690 2885 745 malarum
2910 691 3242 746 voluntatum
3269 700 3620 762 corruptarum-

2101 795 2206 849 que
2260 780 2714 835 conscientiarum
2772 780 3044 849 perversis
3095 780 3355 845 motibus,
3404 781 3623 849 tardaque

2100 871 2432 940 poenitentia
2460 879 2516 927 et
2536 871 2892 935 infructuosa,
2925 870 3085 938 inque
3112 883 3391 939 perversae
3424 877 3623 937 potesta-

2098 959 2170 1014 tis
2200 960 2508 1014 omnimoda
2535 959 2913 1022 subversione,
2951 958 3067 1011 sive
3110 956 3179 1011 ab
3207 955 3252 989 ιδ
3295 958 3511 1012 humana
3535 958 3625 1012 sive

2099 1049 2342 1120 angelica
2373 1060 2642 1105 creatura.
2676 1048 3023 1104 Subvertitur
3046 1057 3246 1112 autem,
3276 1048 3413 1117 quod
3442 1049 3623 1102 omnino

2098 1142 2451 1212 extinguitur.
2514 1142 2877 1211 Estinguetur
2939 1139 3160 1193 omnino
3220 1139 3393 1193 omnis
3440 1138 3627 1194 facultas

2097 1230 2400 1301 peccandi,
2451 1229 2869 1293 malefacieudi,
2918 1229 3080 1297 impie
3128 1228 3335 1297 agendi.
3392 1226 3627 1283 Facultate

2099 1330 2279 1376 autem
2310 1322 2478 1376 totius
2514 1320 2754 1374 malitiae
2780 1319 2995 1388 penitus
3024 1318 3320 1382 subtracta,
3347 1332 3511 1372 nonne
3537 1316 3626 1372 sola

2098 1413 2342 1478 occasio,
2396 1427 2650 1482 perversa
2717 1410 2967 1465 videlicet
3030 1408 3317 1475 voluntas,
3374 1408 3627 1463 remanebit

2098 1506 2264 1560 veluti
2332 1504 2615 1560 extincta?
2701 1502 2772 1558 Ut
2838 1503 2983 1557 enim
3053 1501 3187 1569 ﬁdes
3248 1501 3357 1555 sine
3429 1500 3627 1570 operibus

2103 1606 2309 1651 mortua
2353 1605 2466 1661 est;
2495 1595 2615 1650 silet
2637 1595 2781 1649 enim
2811 1594 2854 1626 ιδ
2884 1610 2897 1645 :
2930 1594 3000 1646 ita
3027 1600 3305 1662 peccatum
3330 1592 3513 1660 absque
3531 1606 3630 1660 pos-

419 1693 535 1746 tur;
565 1680 762 1735 emittes
775 1680 1017 1750 spiritum
1041 1686 1276 1744 tuum,et
1291 1678 1619 1741 creabantur,
1647 1685 1693 1730 et
1729 1675 1996 1729 renovabis
2027 1674 2072 1733 Β
2100 1685 2360 1740 sibilitate
2394 1683 2688 1753 peccandi,
2734 1693 2790 1737 et
2816 1681 3025 1738 malitia
3054 1683 3261 1752 absque
3290 1679 3551 1738 maleﬁcio,
3586 1686 3632 1734 et

416 1773 604 1843 facient
638 1783 825 1827 terrae.
871 1769 975 1839 Qui
1004 1770 1167 1825 etiam
1205 1768 1393 1823 laetari
1435 1769 1712 1823 Dominum
1741 1770 1794 1823 in
1825 1767 1991 1837 operi-

411 1867 512 1918 bus
537 1866 647 1919 suis
674 1864 823 1928 dicit,
847 1861 1204 1933 deﬁcientibus
1227 1862 1581 1931 peccatoribus
1602 1878 1633 1914 a
1659 1872 1799 1915 terra
1818 1869 1865 1914 et
1888 1860 1991 1914 ini-

417 1958 558 2026 quis,
584 1958 661 2011 ita
684 1967 740 2011 ut
764 1971 867 2009 non
888 1956 1012 2009 sint.
1027 1953 1306 2021 Quomodo
1330 1953 1472 2008 enim
1495 1953 1616 2022 quis
1644 1968 1709 2007 ex
1736 1950 1994 2022 peccato‘

416 2048 809 2112 nominabitur,
849 2053 1068 2117 peccato
1124 2058 1229 2099 non
1275 2043 1569 2109 existente;
1610 2051 1705 2097 aut
1748 2042 1992 2111 iniquus,

410 2138 704 2209 iniquitate
731 2137 1040 2193 destructa?
1071 2137 1224 2193 Sicut
1248 2136 1325 2191 ait
1356 2136 1494 2192 idem
1520 2135 1790 2206 Propheta
1825 2153 1838 2188 :
1871 2134 1995 2192 Non

416 2239 685 2301 resurgant
714 2229 857 2299 impii
908 2230 960 2282 in
991 2228 1216 2299 judicio.
1260 2226 1394 2281 Nam
1444 2229 1658 2298 quando
1690 2225 1997 2281 humanitas

417 2323 471 2375 in
524 2319 923 2375 resurrectione
965 2319 1379 2385 restaurabitur,
1426 2306 1586 2374 omni.
1621 2318 1895 2389 impietate
1940 2327 1998 2373 et

417 2411 621 2465 malitia
644 2419 700 2466 et
725 2418 897 2467 morte
924 2410 1250 2466 absolvetur.
1280 2410 1359 2464 Ac
1380 2424 1478 2481 per
1507 2410 1608 2465 hoc
1644 2424 1819 2479 neque
1843 2408 1991 2475 mali,

416 2515 593 2572 neque
617 2499 767 2572 ἰληνῆ
795 2513 1107 2573 resurgeut;
1141 2501 1253 2557 sola
1294 2500 1558 2572 siquidem
1596 2508 1784 2556 natura
1817 2515 1997 2556 resur-

415 2600 504 2661 get
540 2592 587 2657 ⁸,
629 2592 879 2662 impietas
914 2606 1042 2647 vero
1073 2600 1128 2646 et
1161 2591 1364 2646 malitia
1398 2600 1619 2647 aeterna
1655 2590 1998 2646 damnatione

414 2680 686 2750 peribunt.
719 2680 865 2735 Disc.
892 2679 1024 2747 Quis
1043 2688 1127 2735 est
1146 2695 1273 2751 ergo
1295 2679 1383 2734 ille
1402 2689 1654 2735 aeternus
1674 2679 1834 2750 ignis,
1855 2682 1997 2749 quod

415 2769 759 2838 supplicium,
807 2769 1111 2838 ardensque
1159 2768 1436 2839 sulphurei
1482 2769 1503 2801 ⁸
1550 2776 1797 2839 stagnum
1825 2768 1996 2838 ignis,

417 2860 619 2915 vermis
659 2874 877 2931 quoque
921 2875 1029 2917 non
1066 2861 1325 2925 moriens,
1372 2869 1662 2929 ceteraque
1710 2867 1996 2924 tormenta,

411 2965 552 3018 quae
577 2950 757 3006 divina
796 2951 1011 3021 eloquia
1055 2950 1267 3006 diabolo
1303 2950 1659 3020 omnibusque
1684 2948 1801 3018 ejus
1829 2964 1999 3004 mem-

2092 1775 2343 1846 impietas
2371 1775 2575 1845 absque
2613 1773 2879 1829 idolorum
2911 1773 3078 1827 cultu.
3120 1772 3377 1839 Quamvis
3415 1773 3545 1827 enim
3583 1771 3627 1824 in

2091 1868 2365 1937 perversis
2389 1866 2757 1924 voluntatibus
2778 1880 3030 1936 perverse
3056 1865 3254 1935 agendi
3293 1864 3537 1935 appetitus
3558 1876 3625 1914 ar-t

2092 1958 2296 2027 dorque
2321 1971 2535 2026 semper
2560 1956 2939 2026 permanserit,
2989 1956 3247 2024 quoniam
3295 1953 3429 2024 quod
3454 1954 3627 2022 appeti-

2094 2054 2202 2111 tur,
2233 2047 2415 2116 perlici
2441 2062 2544 2100 non
2575 2046 2857 2109 sinitur,et
2882 2047 2935 2099 in
2959 2045 3123 2108 nullo,
3149 2045 3253 2099 nisi
3283 2045 3334 2098 in
3357 2043 3627 2112 semetipsa,

2096 2136 2310 2192 ﬂatnma
2339 2137 2634 2192 malevolae
2657 2137 2968 2207 cupiditatis
3009 2137 3173 2191 ardet
3205 2154 3218 2190 :
3252 2136 3378 2206 quid
3419 2134 3544 2189 aliud
3564 2148 3630 2187 re-

2096 2229 2375 2299 linquitur,
2395 2230 2497 2284 nisi
2522 2228 2718 2285 foetida
2742 2228 3192 2292 cadavera,omni
3219 2227 3361 2282 vitali
3384 2225 3629 2290 molu,hoc

2095 2329 2201 2383 est,
2217 2333 2361 2372 omni
2382 2318 2707 2373 naturalium
2730 2320 2992 2373 bonorum
3020 2318 3225 2373 virtute
3246 2329 3404 2386 atque
3422 2317 3632 2370 substan-

2096 2409 2169 2464 tia
2200 2409 2443 2479 privata?
2495 2409 2562 2462 Et
2599 2408 2854 2464 fortassis
2909 2408 3043 2463 tales
3067 2417 3197 2462 sunt
3226 2407 3513 2478 gravissimi
3539 2419 3633 2459 cru-

2097 2501 2271 2555 ciatus
2312 2499 2578 2558 malorum
2632 2498 2909 2554 hominum
2956 2507 3011 2553 et
3061 2498 3399 2569 angelorum,
3443 2507 3493 2551 et
3532 2504 3633 2549 ante

2090 2591 2352 2663 judicium
2374 2589 2637 2655 futurum,
2665 2597 2718 2645 et
2746 2598 2886 2661 post,
2912 2589 3290 2645 malefaciendi
3318 2589 3575 2659 cupiditas,
3590 2595 3633 2641 et

2096 2680 2411 2751 perficiendi
2437 2679 2737 2736 diﬂieultas.
2772 2680 2925 2748 Quod
2952 2689 3132 2734 autem
3163 2695 3273 2734 non
3316 2680 3367 2734 in
3415 2678 3634 2734 localibus

2099 2772 2289 2843 spatiis
2318 2770 2758 2841 corporalibusve
2778 2771 3088 2827 carceribus
3108 2770 3356 2825 diabolus
3370 2784 3483 2825 cum
3502 2783 3637 2822 mem-

2097 2862 2212 2918 bris
2270 2862 2385 2917 suis
2435 2861 2727 2931 punietur,
2777 2862 2873 2916 sed
2935 2861 3307 2930 unusquisque
3357 2860 3487 2914 intra
3529 2870 3635 2911 suae

2101 2950 2277 3005 malae
2302 2950 2593 3005 voluntatis
2614 2950 2872 3005 terminos
2897 2963 3099 3018 poenas
3143 2949 3281 3014 luet,
3314 2949 3491 3004 beatus
3526 2946 3634 3000 Aut-

416 3045 529 3100 bris
558 3043 739 3099 futura
764 3060 883 3101 esse
902 3044 1286 3115 pronuntiant?
1313 3042 1370 3097 Si
1391 3044 1682 3098 secundum
1710 3043 1990 3097 historiam
2020 3035 2065 3097 C
2097 3039 2309 3095 brosius
2344 3040 2400 3094 in
2431 3030 2771 3111 expositione
2797 3040 2848 3093 in
2876 3039 3075 3095 Lucam
3100 3039 3387 3094 manifeste
3412 3036 3635 3098 declarat,

408 3149 706 3205 .rcrumque
731 3135 1022 3190 visibilium
1053 3134 1435 3204 proprietatem
1459 3142 1714 3205 putantur
1740 3132 1875 3198 fore,
1896 3148 1993 3188 ne-

404 3224 652 3279 cessario
683 3224 737 3279 in
768 3224 946 3295 aliqua
976 3233 1127 3295 parte
1160 3225 1344 3280 mundi
1372 3225 1642 3281 sensibilis
1667 3224 1993 3280 sensibiliter

404 3324 594 3371 erunt.
649 3316 719 3372 Et
759 3316 807 3372 si
859 3317 935 3372 ita
962 3323 1115 3383 est',
1152 3317 1384 3371 mundus
1422 3317 1525 3374 iste
1565 3325 1660 3371 aut
1713 3301 1856 3371 totus
1900 3323 1994 3372 aut

414 3406 592 3476 aliqua
620 3421 751 3477 pars
774 3405 891 3475 eius
914 3407 1300 3472 reservabitur,
1328 3407 1382 3461 in
1413 3421 1520 3477 qua
1559 3406 1846 3462 damnandi
1870 3420 1993 3477 per-

414 3506 578 3566 petuo
608 3495 1025 3553 damnabantur.
1075 3496 1154 3552 Ac
1181 3510 1277 3566 per
1321 3496 1426 3551 hoc
1456 3510 1564 3549 non
1595 3494 1835 3550 solvetur
1877 3509 1994 3549 om-

418 3592 568 3657 nino,
597 3605 776 3659 neque
800 3589 1287 3655 consummabitur,
1312 3589 1416 3644 hoc
1436 3598 1539 3655 est,
1569 3589 1623 3644 in
1652 3603 1846 3644 causas
1869 3603 1995 3645 suas

416 3694 522 3733 non
568 3693 885 3734 reversurus
919 3686 1012 3735 .est
1054 3678 1102 3745 ⁸,
1154 3677 1370 3747 quando
1401 3677 1542 3733 Deus
1571 3679 1747 3734 omnia
1779 3680 1835 3732 in
1878 3694 1991 3732 om-

417 3769 566 3823 nibus
592 3769 711 3823 erit.
763 3769 880 3839 Ipsa
909 3777 994 3824 est
1014 3770 1159 3825 enim
1179 3777 1222 3835 θ,
1252 3776 1311 3823 ιιι
1334 3768 1717 3839 praediximus,
1744 3784 1996 3824 consum-

418 3859 584 3914 matio
611 3859 817 3925 mundi,
855 3867 909 3914 et
946 3874 1050 3914 non
1083 3859 1207 3925 alia,
1243 3859 1411 3914 Deum
1440 3861 1620 3913 omnia
1661 3859 1703 3891 ¹⁶
1732 3860 1786 3913 in
1823 3860 1996 3915 omni-

392 3948 517 4005 .bus
561 3964 700 4006 esse.
752 3950 817 4005 Et
841 3950 985 4020 quod
1026 3958 1109 4006 est
1161 3950 1400 4021 gravius,
1452 3949 1585 4019 quid
1628 3949 1905 4020 punietur,
1949 3950 1995 4007 si

414 4041 620 4097 nullum
652 4043 693 4075 ιι
717 4043 1072 4099 substantiale
1091 4042 1412 4111 subjectum,
1439 4043 1582 4114 quod
1605 4043 1780 4114 puniri
1802 4044 1992 4115 possit,

417 4130 563 4186 nullo
589 4133 632 4171 ¹²
658 4131 818 4187 modo
860 4133 1219 4187 remanserit?
1256 4132 1428 4189 Porro
1472 4136 1521 4188 si
1564 4141 1707 4189 totus
1743 4133 1994 4202 mundus,

396 4224 906 4295 .mtiversaliterque
926 4231 1040 4278 tota
1061 4233 1336 4290 creatura,
1362 4238 1501 4294 quae
1527 4239 1557 4279 a
1589 4224 1700 4279 Deo
1724 4222 1866 4281 facta
1888 4235 1997 4292 est,

414 4317 471 4371 in
502 4325 753 4373 aeternas
780 4331 996 4381 causas,
1028 4316 1082 4369 in
1113 4316 1309 4385 quibus
1352 4316 1615 4381 subsistit,
1651 4330 1759 4370 non
1786 4325 1871 4372 est
1899 4332 1995 4372 re-

2094 3129 2246 3186 illum
2276 3131 2450 3186 locum
2478 3130 2749 3201 Evangelii
2773 3145 3079 3200 exponens:
3109 3129 3347 3185 Tolletur
3366 3126 3577 3183 manibus
3591 3135 3634 3178 et

2092 3223 2308 3293 pedibus
2335 3223 2526 3295 ligatus
2548 3224 2615 3289 ¹⁸,
2640 3234 2689 3278 et
2710 3224 2942 3277 mittetur
2963 3223 3004 3255 ”
3024 3225 3082 3278 in
3104 3223 3345 3278 tenebras
3374 3221 3634 3281 exteriora,

2092 3319 2203 3375 illic
2234 3321 2330 3376 erit
2356 3321 2508 3391 ﬂetus
2541 3330 2588 3374 et
2608 3320 2804 3374 stridor
2838 3318 3091 3373 dentium.
3116 3316 3269 3383 Quae
3298 3326 3414 3373 sunt
3437 3315 3637 3369 tenebrae

2093 3411 2414 3465 exteriores?
2434 3408 2688 3480 Nunquid
2715 3407 2824 3462 illic
2847 3424 3049 3479 quoque
3078 3424 3262 3461 carcer
3288 3406 3475 3477 aliquis
3518 3402 3635 3455 latu-

2093 3502 2332 3572 miaeque
2386 3500 2689 3555 subeundae
2734 3500 2897 3554 sunt?
2942 3498 3179 3553 Minime.
3213 3497 3321 3553 Sed
3344 3507 3639 3568 quaecunque

2094 3602 2241 3647 extra
2262 3592 2518 3661 promissa
2547 3603 2668 3645 sunt
2692 3590 2994 3644 caelestium
3038 3590 3433 3652 mandatorum,
3457 3587 3506 3639 in
3530 3593 3639 3638 teu-

2096 3682 2199 3736 bris
2223 3681 2560 3736 exterioribus
2586 3672 2733 3746 sunt,
2761 3679 2885 3751 quia
2914 3679 3165 3733 mandata
3194 3678 3295 3733 Dei
3321 3678 3489 3733 lumen
3509 3684 3635 3730 sunt:

2095 3783 2140 3826 et
2167 3774 2458 3843 quicunque
2481 3773 2592 3826 sine
2628 3769 2836 3824 Christo
2879 3779 2974 3833 est,
3021 3773 3075 3822 in
3138 3768 3363 3823 tenebris
3410 3775 3496 3828 est,
3538 3762 3639 3834 quia

2095 3861 2270 3916 lumen
2287 3862 2503 3915 interius
2529 3861 2764 3915 Christus
2787 3868 2862 3913 est
2888 3860 2951 3913 ¹⁸.
2976 3857 3117 3928 Ergo
3148 3875 3314 3929 neque
3328 3852 3639 3926 corporalium

2096 3954 2292 4009 stridor
2323 3954 2513 4026 aliquis
2545 3955 2809 4018 dentium,
2839 3969 3000 4023 neque
3027 3953 3161 4023 ignis
3189 3952 3384 4023 aliquis
3403 3957 3643 4020 perpetuus

2096 4045 2432 4114 flammarum
2452 4053 2525 4098 est
2553 4043 2924 4113 corporalium,
2943 4060 3105 4111 neque
3130 4044 3320 4097 vermis
3345 4053 3415 4096 est
3434 4053 3646 4107 corpora-

2097 4132 2186 4198 lis,
2205 4132 2297 4187 sed
2323 4134 2449 4186 haec
2471 4132 2608 4197 ideo,
2632 4134 2776 4203 quia,
2805 4133 2937 4186 sicut
2986 4149 3050 4186 ea:
3102 4132 3273 4185 multa
3331 4129 3570 4184 cruditate
3603 4132 3643 4176 et

2101 4220 2267 4289 febres
2299 4233 2587 4275 nascuntur
2615 4231 2661 4274 et
2688 4238 2897 4281 vermes,
2927 4221 3022 4284 ita,
3051 4221 3096 4273 si
3137 4221 3257 4290 quis
3293 4237 3396 4273 non
3424 4219 3645 4285 decoquat

2098 4318 2308 4383 peccata
2330 4327 2427 4365 sua
2455 4313 2587 4365 velut
2610 4312 2838 4382 quadam
2867 4310 3167 4380 interposita
3206 4310 3484 4363 sobrietate
3508 4301 3646 4358 absti-

415 4423 661 4474 versura,
695 4417 806 4464 tota
836 4409 1011 4464 adhuc
1049 4417 1232 4462 nostra
1261 4407 1602 4463 ratiocinatio
1643 4409 1793 4464 irrita
1835 4410 1993 4479 peni-
2018 4377 2075 4437 D
2099 4403 2327 4469 nemine,
2352 4403 2441 4456 sed
2475 4401 2737 4455 miscendo
2760 4411 2968 4475 peccata
2995 4400 3244 4469 peccatis,
3277 4410 3516 4469 tanquam
3548 4410 3647 4449 cru—

420 4506 614 4566 tusque
642 4496 903 4551 dissoluta
929 4496 1206 4552 residebit.
1247 4494 1388 4552 Mss.
1408 4494 1472 4551 ln
1503 4512 1701 4551 vanum
1725 4496 1994 4554 laboravi-

417 4599 559 4649 mus,
585 4584 630 4639 si
656 4584 729 4638 ita
754 4583 939 4649 fuerit,
963 4586 1371 4655 sententiaeque
1404 4595 1713 4642 sanctorum
1742 4587 1993 4654 Patrum,

419 4688 557 4744 quas
580 4673 998 4739 introduximus,
1027 4675 1338 4746 redigentur
1362 4674 1416 4731 in
1445 4676 1637 4741 risum,
1659 4676 1801 4745 quod
1828 4677 1991 4733 absit.

417 4766 565 4821 Dtsc.
600 4763 869 4820 Succurre
902 4765 1114 4835 itaque,
1160 4766 1335 4835 deque
1381 4766 1672 4836 praedictis
1697 4776 1992 4823 tormento-

419 4869 543 4911 rum
573 4854 874 4924 speciebus,
914 4870 1051 4925 quas
1093 4856 1270 4911 divina
1319 4871 1425 4911 non
1469 4857 1697 4913 mendax
1734 4861 2005 4928 promittit

419 4943 668 5009 historia,
698 4943 1028 5013 probabilem
1057 4945 1222 5000 redde
1248 4945 1529 5000 rationem.

487 5036 578 5092 29.
618 5035 759 5092 Msa.
790 5034 1040 5091 Diversas
1065 5036 1446 5107 suppliciorum
1472 5035 1676 5094 formas
1710 5052 1816 5094 non
1845 5035 1998 5094 luca-

2097 4494 2313 4548 ditatem
2324 4492 2587 4564 quandam
2613 4492 2882 4545 contrahat
2905 4490 2947 4521 ¹⁹
2967 4501 3192 4544 veterum
3219 4500 3269 4545 et
3297 4488 3563 4544 recentium
3579 4484 3648 4535 de-

2099 4585 2361 4650 lictorum,
2383 4584 2500 4653 igne
2527 4583 2778 4636 aduretur
2803 4582 3034 4651 proprio,
3061 4590 3108 4635 et
3135 4582 3248 4635 suis
3275 4577 3523 4634 oemibus
3542 4590 3648 4629 cou-

2099 4683 2356 4729 sumetur.
2388 4670 2539 4727 Unde
2589 4682 2636 4726 et
2673 4671 2847 4725 Isaias
2900 4673 2973 4724 ait
3006 4685 3024 4722 :
3067 4670 3347 4724 Ambulate
3389 4671 3441 4722 in
3481 4665 3650 4721 lumine

2100 4767 2238 4839 ignis
2290 4767 2466 4830 uestri,
2490 4774 2542 4819 et
2572 4766 2808 4835 ﬂamma,
2830 4779 2988 4832 quam
3028 4761 3362 4816 accendistis.
3399 4758 3535 4830 Ignis
3570 4763 3651 4817 est,

2097 4871 2251 4928 queat
2296 4864 2505 4927 generat
2551 4853 2811 4907 maestitia
2858 4852 3194 4916 delictorum;
3243 4851 3430 4905 vermis
3474 4857 3560 4910 est,
3602 4858 3653 4896 eo

2099 4948 2239 5018 quod
2266 4946 2651 5001 irrationabilia
2687 4945 2894 4999 animae
2919 4953 3130 5015 peccata
3170 4953 3396 4997 mentem
3442 4941 3513 4994 rei
3555 4952 3655 4992 sett-

2100 5052 2317 5108 sumque
2342 5042 2715 5106 compungunt,
2735 5044 2782 5089 et
2803 5033 3060 5104 quaedam
3085 5032 3309 5088 exedant
3340 5033 3526 5086 viscera
3549 5042 3657 5080 cou-

1698 5154 1961 5212 vamau
1995 5128 2395 5211 LECTIONES.

490 5269 506 5299 ¹
614 5266 732 5347 ﬁeri
754 5267 943 5347 possit.
1020 5275 1041 5307 ³
1079 5276 1170 5321 aut
1198 5266 1313 5336 ipsa
1342 5275 1479 5347 certe
1512 5283 1662 5347 mor:
1689 5281 1801 5347 om.
1821 5275 1900 5347 ἐξ.
2024 5265 2116 5347 Sic
2144 5264 2263 5347 CF;
2302 5265 2347 5320 Α
2376 5265 2662 5347 revocatio;
2727 5266 2748 5297 ⁸
2774 5263 2864 5347 Sic
2897 5264 3013 5331 CF;
3045 5264 3091 5320 Α
3119 5263 3501 5347 quispeccatpr
3527 5271 3653 5347 noni:

419 5335 444 5368 ⁸
479 5325 885 5408 sold-siquidem
925 5347 1117 5391 natura
1155 5325 1385 5408 reiurget
1426 5352 1534 5391 om.
1578 5335 1684 5391 CF.
1721 5405 1730 5408 _
1759 5341 1782 5374 ⁸
1819 5335 1919 5408 Sic
1945 5336 2022 5408 ﬁ;
2058 5338 2099 5408 A_
2125 5325 2345 5408 sulphur
2372 5345 2455 5408 et;
2482 5325 3054 5408 Gaulfurestagnum.
3095 5325 3153 5408 γ’
3177 5325 3479 5408 est-orn._A.
3507 5325 3658 5408 _"

418 5420 509 5460 om
557 5403 697 5460 οἰδ(
739 5409 762 5441 ⁸
799 5405 845 5460 Α
887 5407 1025 5461 enim
1065 5417 1160 5461 est.
1237 5403 1493 5460 “omnia
1543 5420 1653 5461 om.
1705 5405 1773 5460 A.

418 5473 531 5545 QE;
567 5475 633 5528 ab
675 5490 785 5532 om.
833 5476 899 5528 A.
974 5477 1019 5509 "
1056 5476 1173 5530 silet
1201 5476 1338 5529 enim
1367 5490 1477 5530 om.
1505 5474 1573 5530 Α.
1651 5473 1697 5507 ⁸⁸
1722 5475 1769 5530 Α
1794 5474 1995 5545 ligatis.

415 5542 506 5599 CF
527 5558 546 5607 ς
605 5546 648 5596 Α
700 5547 976 5599 contrahit.

1848 5407 1896 5438 “
1938 5405 2031 5463 Sic
2065 5404 2221 5460 ACF.
2296 5405 2340 5437 ¹¹
2378 5405 2470 5460 Sic
2521 5404 2675 5459 ACF.

2751 5405 2795 5437 ³³
2833 5397 2939 5461 Ρῖο
2976 5404 3054 5459 vel
3086 5405 3141 5459 in
3168 5405 3214 5457 Α
3255 5402 3433 5456 veluti.
3504 5399 3548 5431 “
3582 5397 3660 5450 Sic

2103 5477 2143 5509 ¹⁷
2184 5473 2276 5532 Sic
2300 5473 2372 5542 F;
2406 5474 2495 5531 AC
2525 5475 2733 5530 mittite.
2837 5477 2882 5510 ¹⁸
2908 5474 2992 5530 CF
3041 5484 3117 5529 est
3162 5473 3423 5528 Christus.
3508 5470 3549 5503 ι’
3580 5465 3659 5520 Sic
