3952 6162
319 317 429 375 937

1182 325 1269 381 DE
1308 327 1648 386 DlVlSlONE
1688 332 2016 391 NATURAE
2049 368 2111 377 —
2149 336 2351 392 LIBER
2382 336 2705 404 QUINTUS.

3448 338 3553 394 959

314 436 589 497 scientiae,
615 452 747 506 quae
767 445 1012 509 tauquam
1038 458 1228 498 vermes
1250 461 1314 499 ex
1335 464 1647 519 unoquoque
1678 468 1902 508 nascun-
1929 447 2143 517 ADeus.
2172 450 2337 503 Adam
2356 451 2544 520 quippe
2575 451 2629 504 in
2651 448 3035 518 dedicationem
3060 456 3123 503 ea:
3149 448 3336 516 spiritu
3357 451 3551 504 nativi-

315 539 431 592 tur,
454 538 704 599 tanquam
727 545 791 583 ea:
818 546 1032 600 corpore
1050 537 1357 602 peccatoris.
1391 538 1625 611 Denique
1646 543 1700 595 id
1727 543 1906 599 Domi-

314 631 420 669 nus
482 634 580 687 per
633 617 835 673 Isaiam
888 620 1206 689 declaravit,
1257 628 1435 682 dicens
1490 646 1509 683 :
1557 631 1623 684 Et
1658 634 1904 688 videbunt

312 706 552 760 membra
592 708 863 762 hominum
901 715 1379 790 praevaricanﬁsm
1430 718 1484 773 in
1511 734 1615 783 me,
1641 730 1688 774 et
1718 723 1903 776 vermis

309 814 498 851 eorum
526 815 627 852 non
652 802 925 867 morietur,
941 813 990 857 et
1014 803 1148 873 ignis
1175 824 1279 860 non
1316 808 1649 880 extinguetur
1684 813 1725 865 ¹.
1764 812 1904 869 Stri-

308 884 417 938 dor
433 902 639 957 quoque
672 888 906 944 dentium
954 893 1125 961 prodit
1169 895 1491 967 indignantis
1540 901 1813 970 aﬂ'ectum,
1842 918 1902 955 eo

306 976 455 1044 quod
465 993 585 1031 sero
599 994 1013 1054 unumquemque
1027 986 1304 1055 poeniteat,
1319 1004 1432 1043 sero
1447 991 1770 1060 ingemiscat,
1785 1010 1901 1047 sero

306 1067 583 1121 irascatur
607 1070 727 1134 sibi,
757 1073 897 1140 quod
918 1082 1024 1127 tam
1050 1078 1305 1145 pervicaci
1328 1079 1652 1149 improbitate
1674 1082 1903 1153 delique-

306 1161 402 1213 rit.
434 1159 572 1216 Vide
601 1162 786 1233 igitur,
817 1164 997 1234 qualia
1029 1167 1144 1222 loca
1195 1177 1583 1226 tormentorum
1627 1173 1901 1242 praelatus

304 1251 576 1308 describit
596 1253 917 1327 Theologus.
948 1258 1046 1313 Ubi
1079 1259 1243 1317 Judas
1268 1262 1562 1320 Salvatoris
1589 1266 1756 1321 nostri
1778 1282 1901 1336 pro-

303 1340 454 1394 ditor
485 1346 806 1412 torquetur?
857 1345 1108 1417 Nunquid
1139 1350 1263 1405 alibi
1301 1352 1402 1407 nisi
1449 1354 1502 1408 in
1546 1370 1643 1409 sua
1700 1356 1901 1424 polluta

302 1433 670 1500 conscientia,
696 1451 801 1505 qua
826 1438 1109 1494 Dominum
1135 1443 1391 1498 tradidit?
1420 1446 1644 1512 Qualem
1674 1463 1900 1516 poenam

300 1523 556 1592 patitur?
612 1526 801 1582 Seram
830 1528 1071 1598 profecto
1096 1536 1483 1601 poeuitentiam
1508 1547 1586 1605 -et
1633 1538 1896 1604 inutilem,

297 1630 412 1684 qua
435 1630 657 1687 semper
675 1620 869 1675 uritur.
897 1622 1034 1690 Quid
1064 1625 1264 1693 patitur
1283 1627 1432 1683 dives
1454 1628 1541 1684 ille
1572 1630 1623 1684 in
1653 1630 1899 1686 inferno?

299 1704 502 1763 Nonne
532 1710 932 1778 splendidamm
970 1715 1287 1785 epularum,
1319 1720 1513 1789 quibus
1541 1721 1595 1776 in
1643 1722 1745 1777 bac
1788 1723 1897 1777 vita

1981 546 2139 591 tatem
2167 552 2349 607 sponte
2396 554 2493 591 sua
2545 540 2865 607 relinquens,
2905 547 3062 592 natus
3097 548 3169 590 est
3203 538 3553 607 corporaliter

1981 623 2036 677 in
2064 628 2472 696 corruptionem,
2529 627 2620 679 sed
2667 626 2761 679 hoc
2805 619 3077 678 damnavit
3108 624 3334 694 optimus
3365 634 3414 677 et
3451 623 3555 677 cle-

1984 722 2128 762 mens
2162 726 2256 778 pro
2292 719 2468 763 nostro
2484 709 2674 763 delicto
2706 711 2878 779 {actus
2910 708 3083 771 homo,
3103 716 3153 761 et
3179 708 3554 761 condemnavit

1980 800 2211 871 seipsum
2246 801 2390 875 nobis
2423 801 2445 832 ⁸
2468 803 2609 855 solus
2655 800 2786 854 liber
2812 808 3049 871 peccato,
3073 808 3125 854 et
3156 814 3221 852 ex
3246 799 3553 860 corporibus

1979 889 2129 942 nasci
2180 889 2430 957 dignatus
2458 889 2758 952 nativitate,
2792 888 2846 941 in
2879 904 2981 958 qua
3028 890 3318 957 potentiam
3345 894 3556 939 nostrae

1976 979 2434 1035 condemnationis
2475 981 2761 1051 superavit,
2792 982 3110 1050 mysticeque
3152 980 3208 1032 in
3253 979 3444 1048 spiritu
3474 978 3556 1030 di-

1977 1067 2116 1120 rexit
2138 1069 2496 1131 nativitatem.
2530 1078 2578 1122 et
2600 1067 2893 1136 corporalis
2909 1066 3209 1120 nativitatis
3231 1067 3436 1120 solvens
3458 1081 3555 1135 pro

1977 1140 2122 1212 nobis
2162 1163 2216 1212 in
2260 1160 2431 1227 seipso
2476 1157 2711 1221 vincula,
2742 1157 2883 1214 dedit
2918 1155 3061 1210 nobis
3117 1164 3428 1226 potestatem
3463 1172 3557 1227 per

1977 1251 2310 1305 nativitatem
2334 1261 2399 1304 ea:
2419 1251 2631 1315 spiritu,
2653 1249 2794 1319 ﬁlios
2817 1249 2911 1303 Dei
2919 1288 2932 1310 ,
2950 1265 3047 1320 pro
3069 1248 3246 1301 carnis
3266 1257 3316 1301 et
3339 1248 3557 1316 sangui-

1977 1342 2079 1406 nis,
2117 1341 2257 1410 ﬁeri,
2284 1344 2609 1396 credentibus
2631 1342 2682 1393 in
2713 1340 2924 1394 nomine
2953 1339 3089 1408 ejus.
3108 1337 3174 1391 Et
3204 1336 3342 1390 haec
3371 1348 3452 1390 est
3477 1337 3561 1390 in-

1976 1432 2155 1497 vidia,
2172 1450 2276 1501 qua
2303 1437 2538 1491 maxime
2568 1435 2709 1488 intra
2730 1433 3077 1502 semetipsam
3102 1429 3376 1484 diabolica
3399 1428 3558 1495 puni-

1979 1527 2067 1575 tur
2090 1521 2386 1591 iniquitas;
2412 1531 2703 1591 torquetur
2719 1521 2888 1584 enim,
2911 1533 3160 1588 magnam
3181 1531 3557 1572 communem-

1974 1590 2083 1678 que
2118 1590 2573 1665 resurrectionem
2606 1611 2877 1664 humanae
2908 1607 3249 1663 substantiae
3283 1607 3558 1659 omnium-

1981 1713 2088 1765 que
2110 1698 2162 1751 in
2183 1714 2245 1752 ea
2267 1698 2562 1752 visibilium
2579 1700 2631 1751 in
2651 1695 3045 1750 immutabilem
3068 1692 3557 1751 immortalitatem,

297 1802 656 1869 vescebatur,
668 1809 999 1874 egestatem?
1022 1808 1136 1876 Qua
1149 1809 1362 1867 ﬂamma
1379 1816 1714 1871 consumitur
1734 1818 1903 1888 impu-

1994 1789 2158 1856 ieque
2176 1802 2273 1843 sua
2298 1795 2569 1857 potestate
2584 1784 2826 1854 elapsam
2847 1781 3246 1852 prospiciens’,
3267 1795 3455 1848 quam,
3479 1781 3561 1831 vi-

297 1890 565 1947 rissimus
593 1909 686 1948 rex
716 1895 979 1960 Herodes,
1002 1901 1106 1955 nisi
1138 1916 1236 1956 suo
1267 1901 1467 1968 furore,
1492 1921 1600 1976 quo
1624 1907 1676 1962 in
1710 1924 1895 1963 necem

293 1980 516 2035 exarsit
545 1982 948 2041 innocentium?
986 1987 1130 2045 Haec
1151 1993 1397 2063 exempla
1427 1994 1494 2051 de
1524 1998 1704 2065 pravis
1733 2000 1898 2052 mala-

294 2083 424 2121 rum
450 2068 793 2126 voluntatum
816 2075 1070 2142 motibus,
1087 2093 1225 2148 quos
1247 2079 1299 2135 in
1321 2083 1625 2153 semetipsis
1647 2086 1896 2142 vitiorum

296 2168 534 2229 torquet
564 2160 865 2230 justissima
916 2168 1176 2237 vindicta,
1225 2173 1667 2247 diversarumque
1723 2180 1900 2236 libidi-

294 2266 429 2305 num
462 2253 755 2311 cicatrices
785 2255 1074 2315 suﬁiciunt.
1116 2262 1495 2336 Unusquisque
1539 2269 1682 2324 enim
1738 2273 1899 2342 impie

294 2342 607 2398 viventium
640 2344 753 2415 ipsa
782 2348 1033 2404 vitiorum
1058 2351 1302 2420 libidine,
1325 2371 1430 2426 qua
1459 2357 1511 2411 in
1550 2347 1712 2415 carne
1737 2377 1897 2416 exur-

292 2430 389 2494 sit,
422 2432 599 2521 veluti
643 2430 890 2504 quadarn
920 2438 1130 2495 llatnma
1181 2444 1572 2515 inextinguibili
1625 2438 1900 2521 torquebi-

293 2528 407 2574 tur.
440 2520 526 2576 De
557 2522 945 2581 diabolicarum
979 2544 1108 2584 vero
1136 2546 1516 2601 perversarum
1560 2520 1899 2596 voluntatum

290 2610 579 2681 supplicio
599 2614 729 2682 quid
775 2614 921 2672 aliud
962 2618 1386 2692 intelligendum,
1419 2636 1637 2695 praeter
1684 2627 1898 2684 illarum

290 2708 592 2755 aeternam
646 2703 1064 2764 refrenationem
1084 2750 1100 2774 ,
1133 2727 1371 2783 suaeque
1407 2715 1697 2785 impietatis
1724 2731 1900 2776 aeter-

291 2806 432 2845 num
465 2792 788 2849 interitum?
836 2796 985 2865 Quae
1035 2800 1179 2856 enim
1228 2805 1446 2873 gravior
1489 2823 1660 2877 poena
1713 2810 1899 2881 impio,

220 2898 231 2901 '
288 2903 464 2956 quam
502 2887 672 2957 impie
695 2905 856 2962 agere
882 2901 937 2947 et
962 2896 1231 2951 neminem
1261 2897 1476 2955 laedere
1500 2917 1657 2971 posse
1678 2905 1737 2957 ’ἲ
1757 2903 1901 2961 Haec

289 2989 377 3034 est
409 2979 434 3010 ³
485 2989 707 3047 catena,
748 2998 852 3052 qua
904 2984 1164 3043 Dominus
1206 2998 1388 3047 uoster
1430 2991 1589 3048 Jesus
1630 2995 1897 3066 Christus,

290 3070 650 3127 descendens
674 3073 727 3127 in
754 3072 1046 3143 infernum,
1080 3078 1347 3133 diabolum
1381 3079 1597 3153 ligavit,
1622 3099 1716 3140 eos
1755 3087 1900 3142 vide-

1979 1877 2179 1932 delicrt
2212 1875 2599 1937 substantiam,
2628 1872 2903 1927 subditam
2940 1870 3046 1924 sibi
3083 1879 3257 1937 atque
3287 1869 3558 1937 captivam

1981 1965 2199 2031 penitus
2229 1962 2471 2024 abolere,
2501 1963 2664 2028 inque
2709 1968 2928 2013 aeterna
2982 1967 3156 2011 morte
3205 1956 3246 1988 ¹⁰
3277 1955 3560 2025 perpetuis

1984 2053 2174 2113 poenis
2210 2048 2504 2104 obnoxiam
2563 2047 2814 2101 detinere
2846 2046 3183 2099 decreverat.
3218 2043 3354 2096 Dum
3412 2044 3560 2095 enim

1982 2141 2306 2194 VIClSSilIIth
2338 2137 2600 2193 nascendi
2624 2152 2692 2191 ex
2723 2134 3052 2202 corporibus
3078 2145 3133 2187 et
3161 2133 3214 2186 in
3249 2134 3556 2189 corruptio-

1980 2244 2106 2285 nem
2142 2226 2411 2282 redeundi
2448 2224 2692 2286 desierit,
2724 2223 2779 2276 in
2813 2237 2925 2291 quo
2956 2228 3199 2290 potestas
3218 2220 3431 2286 alitiqui
3458 2221 3561 2274 lto-

1981 2315 2083 2373 stis
2112 2314 2416 2370 remanebit
2443 2311 2467 2364 ἲ
2500 2313 2555 2365 In
2598 2311 2767 2365 nullo.

2059 2435 2453 2493 30.Disc.Haec
2470 2435 2650 2490 omnia
2666 2433 2928 2504 probabili
2942 2432 3267 2489 auctoritate
3283 2441 3339 2488 et
3352 2430 3569 2486 ratione

1992 2524 2225 2582 subnixa
2246 2538 2368 2579 esse
2393 2522 2654 2576 arbitror.
2684 2521 2790 2575 Sed
2820 2520 3000 2574 adhuc
3044 2528 3215 2574 restat
3243 2516 3566 2573 dilﬁcillima

1996 2617 2111 2678 illa.
2140 2623 2199 2670 ut
2223 2615 2353 2668 mihi
2379 2614 2620 2671 videtur.
2653 2613 2933 2681 quaestio,
2954 2613 3006 2664 in
3033 2627 3144 2679 quo
3176 2611 3444 2679 supplicia
3474 2610 3562 2660 illa

2000 2726 2163 2789 erupt
2184 2721 2249 2786 ιι,
2282 2734 2419 2789 quae
2453 2736 2557 2775 non
2594 2721 2766 2776 solum
2800 2720 3032 2788 diabolo,
3068 2737 3254 2777 verum
3283 2722 3446 2777 etiam
3478 2738 3570 2777 unv

2000 2811 2104 2879 piis
2155 2812 2462 2868 hominibus
2508 2814 2686 2870 futura
2743 2816 2923 2870 divina
2982 2823 3211 2871 testatur
3261 2817 3570 2872 auctoritas.

2002 2899 2163 2956 Verbi
2192 2903 2388 2973 gratia,
2414 2912 2472 2957 ut
2500 2920 2667 2974 pauca
2699 2919 2767 2959 ex
2798 2905 2979 2961 multis
3004 2906 3343 2960 introducam
3400 2906 3575 2961 Domi-

2002 3007 2104 3048 nus
2142 2992 2197 3047 iu
2236 2993 2523 3065 Evangelio
2559 2996 2828 3065 promittit
2870 3011 2929 3051 se
2971 2996 3284 3051 dicturum:
3319 2995 3578 3050 Discedite

2001 3100 2034 3136 ιι
2063 3098 2170 3148 me,
2192 3083 2477 3150 maledicti,
2517 3086 2571 3139 in
2610 3086 2781 3156 ignem
2814 3096 3104 3152 aeternum,
3141 3087 3232 3157 qui
3256 3096 3473 3156 paratus
3504 3095 3582 3141 est

292 3157 578 3251 ηερε.-αυί
626 3161 680 3214 in
716 3177 839 3217 eum
868 3163 955 3233 pie
996 3165 1342 3238 perfecteque
1388 3171 1637 3238 credunt,
1680 3173 1902 3247 ejusque
1928 3163 1973 3224 C
2004 3176 2214 3233 diabolo
2241 3188 2288 3233 et
2316 3178 2514 3249 angelis
2540 3174 2680 3249 ejus.
2742 3179 2839 3235 Ubi
2881 3181 3148 3243 ostendit,
3194 3188 3416 3235 aeterno
3451 3180 3575 3251 igne

292 3245 570 3300 mandata
598 3251 926 3316 custodiunt,
972 3255 1197 3323 perdere
1249 3273 1356 3313 non
1408 3260 1610 3325 valere.
1653 3245 1901 3333 quamvis

288 3350 426 3394 anfe
451 3337 725 3409 judicium
748 3358 853 3397 non
884 3345 1062 3412 puniri
1091 3346 1378 3403 daemones
1398 3348 1425 3382 ἰ
1445 3361 1734 3420 precentur
1748 3356 1901 3420 .',sed

292 3431 442 3484 mitti
512 3431 573 3485 in
630 3448 839 3501 porcos,
892 3434 1209 3493 libidinosos
1251 3440 1499 3496 videlicet
1543 3444 1811 3510 homines,
1844 3449 1897 3503 in

286 3524 502 3592 quibus
524 3523 704 3578 adhuc
726 3526 832 3579 vim
855 3542 1003 3580 suam
1032 3539 1320 3585 exerceant
1342 3532 1394 3586 °:
1424 3534 1610 3590 durius
1634 3536 1898 3606 ligandus,

290 3614 530 3680 quando
561 3614 627 3668 de
654 3625 920 3684 potestate
954 3619 1093 3675 illius
1121 3629 1241 3690 post
1262 3621 1523 3690 judicium
1548 3628 1725 3683 omnis
1772 3630 1903 3686 libe-

292 3705 523 3759 rabitur
550 3714 820 3771 creatura,
852 3710 1179 3781 omninoque
1207 3714 1514 3770 absolvetur
1548 3733 1580 3771 a
1619 3721 1897 3788 servitute,

292 3797 349 3851 in
379 3797 722 3867 principium
752 3814 928 3865 suum,
958 3801 1125 3858 Deum
1154 3805 1419 3873 videlicet,
1444 3809 1535 3879 qui
1575 3818 1659 3866 est
1700 3813 1905 3881 princi-

290 3888 449 3955 pium
485 3887 735 3942 omnium
766 3899 822 3943 et
856 3891 997 3956 linis,
1032 3908 1331 3960 reversura,
1355 3897 1481 3952 dum
1507 3900 1785 3955 visibilium
1807 3904 1903 3958 ad-

291 3977 640 4031 ministratio
678 3981 819 4033 circa
845 3983 1227 4050 generationem
1256 3994 1304 4038 et
1329 3989 1713 4056 corruptionem
1744 3991 1900 4060 ﬁnem

289 4064 531 4136 accipiet
582 4084 673 4135 per
708 4085 973 4139 magnam,
1015 4082 1073 4127 ut
1109 4074 1186 4128 ait
1232 4076 1418 4130 beatus
1449 4077 1733 4146 Maximus,
1762 4099 1902 4136 com-

292 4174 629 4227 munemque
668 4161 1115 4228 resurrectionem,
1143 4180 1278 4235 quae
1320 4168 1482 4237 gignit
1524 4168 1580 4221 in
1632 4171 1902 4226 immorta-

296 4250 513 4305 litatem
541 4250 807 4306 hominem
833 4255 1117 4309 secundum
1165 4257 1551 4313 subsistentiam
1599 4261 1900 4316 immutabi-

292 4344 426 4404 lem,
455 4351 679 4411 propter
702 4359 852 4412 quem
890 4345 1169 4398 visibilium
1200 4356 1392 4401 natura
1417 4364 1527 4402 esse
1560 4366 1653 4418 per
1686 4366 1904 4421 genera-

294 4435 508 4486 tionem
538 4435 798 4502 suscepit,
822 4445 868 4488 et
898 4452 1016 4490 cum
1043 4454 1147 4507 quo
1172 4438 1192 4469 ⁷
1217 4440 1433 4508 accipiet
1458 4457 1551 4510 per
1575 4444 1795 4512 gratiam
1821 4460 1901 4497 se-

2002 3268 2276 3323 diabolum
2305 3278 2361 3324 et
2388 3269 2604 3339 angelos
2632 3269 2748 3337 ejus
2777 3284 3015 3325 arsuros.
3048 3269 3117 3324 Et
3143 3270 3285 3340 quod
3315 3271 3577 3342 scriptum

2001 3368 2088 3415 est
2135 3360 2187 3415 in
2238 3360 2604 3432 Apocalypsi:
2659 3360 2909 3416 Diabolus
2937 3402 2951 3424 ,
2999 3361 3090 3432 qui
3137 3361 3414 3416 sed‘ucebat
3459 3378 3583 3427 eos,

2001 3454 2191 3508 missus
2217 3463 2289 3508 est
2315 3454 2370 3508 in
2395 3463 2635 3524 stagnum
2663 3455 2798 3524 ignis
2824 3462 2874 3507 et
2898 3452 3165 3523 sulphuris
3215 3470 3317 3523 quo
3343 3462 3390 3509 et
3418 3453 3581 3508 bestia

2001 3553 2049 3597 et
2076 3543 2549 3614 pseudoprophetae
2576 3544 2949 3598 cruciabuntur
2970 3546 3013 3576 ¹¹
3042 3545 3126 3600 die
3161 3556 3208 3600 et
3240 3556 3386 3600 nocte
3415 3548 3470 3601 in
3498 3564 3580 3601 se-

2002 3632 2121 3686 cuta
2147 3632 2460 3687 seculorum.
2495 3633 2595 3689 Ubi
2619 3633 2880 3689 vocabulo
2908 3634 3013 3690 diei
3046 3635 3395 3706 intelligimus
3421 3651 3581 3706 aper-

2006 3734 2113 3779 tam
2161 3726 2418 3797 angelicis
2467 3726 2825 3797 bumauisque
2870 3727 3023 3797 puris
3072 3727 3432 3784 intellectibus
3482 3728 3581 3782 im-

2002 3816 2214 3883 piorum
2266 3815 2711 3882 damnationem,
2761 3817 2939 3872 noctis
2985 3832 3116 3873 vero
3166 3828 3320 3888 tropo
3368 3818 3583 3874 divinae

2005 3907 2303 3961 sententiae
2347 3908 2678 3978 incognitam
2726 3908 2978 3963 omnibus
3017 3908 3458 3978 profunditatem.
3513 3910 3581 3964 Et

2002 3996 2410 4061 animadverte,
2462 3997 2605 4064 quod
2649 4010 2795 4050 nunc
2841 4011 2948 4050 non
2993 4010 3195 4066 quaero
3225 3996 3290 4052 de
3319 3997 3584 4065 qualitate

2003 4086 2385 4157 suppliciorum
2427 4093 2484 4140 et
2526 4085 2817 4141 localitate.
2874 4085 3020 4140 Satis
3055 4101 3290 4155 namque
3327 4087 3381 4140 in
3419 4102 3580 4156 supe-

2004 4177 2239 4249 ri‘oribus
2267 4184 2487 4231 auctore
2515 4174 2802 4230 Ambrosio
2824 4174 2867 4206 ¹³
2902 4190 3123 4230 suasum
3155 4185 3260 4240 est,
3286 4159 3576 4232 nulla'cor-

2004 4267 2207 4338 poralia
2266 4267 2353 4322 vel
2406 4266 2595 4321 localia
2649 4266 2735 4321 vel
2787 4266 3064 4322 seusibilia
3126 4266 3204 4321 vel
3262 4268 3573 4336 temporalia

2005 4359 2206 4415 futura.
2256 4357 2366 4414 Nec
2396 4360 2698 4424 immerito;
2736 4374 2861 4413 nam
2897 4368 3021 4429 post
3052 4360 3580 4414 consummationem

2005 4449 2188 4504 mundi
2217 4462 2392 4518 neque
2417 4463 2645 4508 corpora
2672 4448 2945 4504 sensibilia
2966 4448 3009 4479 “
3031 4460 3213 4514 erunt,
3235 4465 3412 4518 neque
3441 4450 3580 4515 loca,

290 4526 546 4577 cundum
571 4526 845 4579 essentiam
872 4544 974 4581 non
1006 4502 1287 4599 corrumpi.
1316 4502 1400 4585 Ᾰά
1433 4502 1753 4604 lianc'igitur
1774 4536 1898 4590 visi—
1932 4502 1982 4562 υ
2007 4553 2181 4608 neque
2219 4502 2462 4608 tempora
2490 4578 2505 4599 ,
2553 4542 2611 4594 in
2661 4537 2859 4607 quibus
2907 4546 3177 4593 tormenta
3200 4502 3585 4610 intelligantur

298 4616 426 4670 bilis
446 4626 730 4671 creaturae
748 4619 1041 4673 servitutem
1061 4620 1360 4676 solvendam
1388 4622 1606 4678 Verbum
1632 4624 1726 4679 Dei
1744 4629 1898 4682 homo

294 4725 365 4763 ea:
422 4707 733 4761 hominibus
780 4710 1121 4779 corporaliter
1159 4714 1393 4767 nascitur
1421 4717 1530 4769 sine
1556 4729 1767 4785 peccato
1807 4736 1900 4787 per

295 4802 603 4863 hominem,
654 4811 701 4853 et
748 4801 1045 4871 baptizatur
1080 4804 1133 4857 in
1193 4804 1507 4871 ﬁliolitatem
1554 4807 1894 4876 spiritualem,

296 4908 398 4958 pro
445 4889 604 4942 nobis
634 4892 919 4944 voluntarie
941 4891 1150 4946 subiens
1176 4896 1515 4958 nativitatem,
1543 4895 1687 4952 Deus
1714 4915 1899 4953 secun-

297 4980 434 5032 dum
467 4980 773 5043 essentiam,
795 4991 843 5035 et
874 4981 969 5035 Dei
997 4982 1168 5037 Filias
1198 4986 1480 5040 secundam
1516 4998 1793 5053 naturam;
1844 4999 1899 5043 ut

298 5066 647 5121 nativitatem
668 5083 733 5120 ea:
759 5070 1060 5139 corporibus
1097 5073 1401 5137 destrueret,
1430 5076 1771 5145 corporaliter
1799 5095 1899 5132 na-

296 5155 483 5210 scitur
507 5158 622 5211 sine
646 5168 876 5226 peccato,
903 5171 950 5213 et
996 5178 1062 5216 ea;
1102 5163 1409 5231 baptismate
1467 5166 1522 5219 in
1577 5162 1898 5237 spiritualem

298 5242 639 5319 ﬁliolitatent
658 5263 753 5314 pro
779 5248 923 5303 nobis
952 5252 1127 5305 subire
1150 5263 1331 5322 recepit
1362 5255 1684 5309 nativitatem
1710 5270 1899 5312 natura

2001 4644 2121 4683 esse
2151 4643 2325 4697 posse.
2380 4627 2524 4682 Haec
2553 4628 2697 4681 enim
2731 4628 2910 4683 omnia
2942 4629 3103 4683 tinem
3142 4629 3409 4700 accipient
3453 4646 3577 4686 cum

2003 4721 2224 4785 mundo,
2246 4720 2372 4775 dum
2403 4720 2523 4774 linis
2555 4718 2715 4773 fuerit
2743 4720 2983 4774 omnium
3014 4735 3300 4782 corporum
3329 4721 3583 4791 spiritua-

2003 4810 2148 4872 litas,
2196 4811 2438 4865 omnium
2482 4810 2719 4865 locorum
2766 4811 3084 4881 simplicitas
3126 4813 3351 4867 omnino
3394 4815 3584 4883 spatiis

2004 4916 2240 4964 carens,
2308 4900 2548 4955 omnium
2612 4910 2913 4969 temporum
2972 4902 3286 4957 aeternitas.
3354 4902 3584 4973 Ideoque

2008 4992 2385 5046 aeternitatem
2424 4992 2594 5061 ignis,
2639 4992 2704 5045 de
2746 5006 2853 5058 quo
2894 4977 3150 5047 Dominus
3179 4994 3421 5048 dicturus
3457 5003 3539 5047 est
3572 5012 3583 5046 :

2013 5081 2274 5135 Discedite
2317 5098 2349 5132 ο
2394 5098 2498 5145 me,
2544 5081 2679 5134 male
2707 5083 2828 5145 'icti,
2878 5084 2931 5135 in
2980 5084 3149 5153 ignem
3197 5094 3489 5148 aeternum,
3537 5093 3591 5138 ct

2010 5171 2177 5224 alibi:
2212 5169 2370 5224 Ibunt
2418 5172 2503 5224 isti
2548 5173 2603 5224 in
2645 5172 2961 5242 supplicium
3003 5188 3306 5237 aeternum,
3358 5176 3483 5230 item
3536 5176 3585 5227 iu

2010 5259 2327 5328 Apocalypsi
2356 5277 2368 5313 :
2406 5260 2473 5312 Et
2505 5261 2880 5317 cruciabuntur
2914 5264 2998 5317 die
3034 5274 3280 5335 nocteque
3315 5266 3368 5317 in
3406 5272 3583 5317 secuta

1586 5367 1836 5422 VARIAE
1875 5368 2280 5423 LEC'l‘lONES.

421 5475 524 5528 Sic
544 5472 652 5538 CF;
676 5474 716 5528 Α
743 5479 1027 5552 moritur...
1045 5478 1383 5550 extinguitur.
1462 5483 1483 5512 ¹
1504 5480 1588 5535 CF
1605 5482 1956 5552 neminemque
1975 5483 2187 5552 laedere
2211 5499 2311 5537 non
2337 5499 2513 5552 posse.
2593 5486 2613 5516 ³
2638 5486 2724 5541 Sic
2748 5486 2860 5550 CF;
2887 5485 2927 5536 Λ
2950 5475 3091 5539 llaec
3114 5494 3196 5539 est
3212 5478 3345 5539 enim
3362 5496 3575 5541 catena.

298 5544 326 5578 ⁸
354 5546 650 5625 daemones
678 5560 787 5628 om:
918 5551 971 5628 _'
1001 5549 1040 5603 A
1064 5544 1324 5628 precétur.
1399 5552 1421 5583 ⁸
1449 5552 1487 5604 Α
1520 5560 1798 5628 exerceat._
1852 5544 1880 5589 τ’
1904 5550 1994 5605 Sic
2018 5550 2103 5606 CF
2128 5568 2141 5615 ;
2162 5553 2304 5628 ‘ll_et
2329 5544 2628 5628 cumquod.
2705 5544 2857 5628 "Sic
2873 5554 2990 5618 CF;
3020 5554 3059 5608 A
3084 5555 3372 5628 pfOAllOblS.
3448 5560 3469 5591 ⁹
3498 5556 3584 5613 Cl"

298 5615 659 5684 perspiciens.

741 5615 782 5645 '°
812 5618 848 5669 Α
883 5619 1030 5686 vique
1056 5615 1108 5672 in
1151 5629 1416 5674 aeternam
1444 5631 1683 5674 mortem.

303 5686 618 5737 Ambrosio.

1763 5621 1799 5651 “
1833 5630 1983 5675 erunt
2013 5636 2122 5674 om.
2155 5621 2262 5681 CF.

696 5686 737 5715 η
770 5686 856 5739 Sir
885 5687 999 5753 CF;
1036 5690 1074 5742 Λ
1111 5704 1281 5758 neque
1307 5688 1601 5761 Corporalia
1630 5706 1786 5760 1eque
1813 5690 2108 5746 sensibilia.

2342 5624 2384 5655 η
2411 5622 2496 5680 CF
2527 5635 2575 5679 et
2607 5624 2990 5680 cruciabuntur
3086 5622 3133 5657 "
3157 5624 3240 5681 CF
3280 5627 3584 5684 auctoritate
