3952 6162
407 266 511 324 959

1757 269 1976 328 JOANN
1982 271 2046 330 IS
2084 269 2281 330 SCOTI

3522 276 3616 334 950

409 381 728 447 seculorum,
758 397 864 439 non
899 383 966 440 de
989 385 1368 450 diuturnitate,
1402 385 1580 456 deque
1605 383 1808 439 inlimis
1833 393 1972 439 tem-
1993 394 2041 452 Α
2071 400 2125 445 et
2153 392 2497 446 decrementa
2529 389 2552 425 ⁸
2589 378 2902 462 corporum,
2930 406 3220 461 omnesque
3246 406 3429 447 eorum
3452 410 3615 450 eorm-

409 468 674 535 peralinm
705 472 1105 527 revolutionum
1136 474 1561 540 prolixitatibus,
1593 490 1783 530 verum
1807 474 1874 528 de
1894 475 1969 528 ir-

410 561 705 616 revocabili
735 571 790 616 et
821 563 1253 619 iucommutabili
1280 567 1569 638 iustissimi
1605 567 1808 638 judicis
1842 581 1972 639 sen-

410 654 577 710 tentia
606 654 906 725 intelligere
937 656 1224 713 debemus.
1257 660 1461 715 Eadem
1492 662 1633 715 ratio
1662 670 1745 715 est
1775 661 1847 716 de
1875 649 1971 716 ae.-

408 750 662 803 tcrnitate
689 748 881 805 beatae
916 750 1081 815 vitae,
1119 754 1170 805 in
1207 768 1314 821 qua
1351 755 1514 806 etiam
1554 755 1701 807 nulla
1764 763 1973 822 tempo-

407 841 540 894 ralia
570 842 740 909 spatia
770 841 1424 911 intelliguntur,quoniam
1459 845 1514 896 iu
1543 841 1721 911 scipsa
1758 844 1973 897 immu-

405 931 645 986 tabililer
677 948 1026 1001 permanens,
1046 949 1229 1002 super
1277 936 1460 989 omnia
1505 947 1774 1004 tempora,
1811 936 1973 990 nullo

406 1023 677 1092 principio
734 1039 829 1077 seu
864 1024 969 1077 line
1028 1025 1398 1080 concluditur.
1460 1026 1601 1080 lliuc
1638 1028 1970 1092 confectum,

403 1130 585 1181 omne,
629 1117 773 1184 quad
814 1126 1099 1170 aeternum
1136 1118 1359 1181 dicitur,
1383 1120 1437 1173 in
1471 1120 1582 1173 Duo
1616 1122 1975 1175 solummodo

403 1207 655 1278 intelligi,
690 1224 759 1263 ne
792 1210 898 1263 ulla
934 1214 1231 1265 aeternitas
1261 1214 1602 1267 existimetur
1637 1223 1791 1268 extra
1824 1228 1971 1276 eum,

400 1300 496 1368 qui
520 1302 669 1354 solus
690 1309 953 1355 aeternus
965 1311 1049 1356 est
1066 1311 1123 1357 et
1148 1304 1463 1381 aeternitas.
1484 1307 1589 1358 Aut
1607 1307 1753 1358 enim
1782 1307 1975 1360 incon-

402 1407 559 1447 cussa
589 1392 1022 1462 justissimorum
1052 1395 1172 1464 ejus
1192 1396 1518 1464 judiciornm
1543 1398 1746 1452 scverit
1765 1413 1829 1457 σε.
1867 1412 1974 1465 qua

406 1485 585 1552 puniri
615 1484 746 1539 sinit
772 1486 824 1539 in
850 1487 1037 1554 impiis
1063 1487 1498 1542 irrcvocabiliter
1520 1492 1664 1558 quod
1694 1506 1802 1544 non
1824 1490 1974 1556 fecit,

406 1588 500 1633 aut
519 1577 809 1632 inell'abilis
826 1587 881 1632 et
900 1580 1338 1647 supcrnaturalis
1361 1583 1478 1648 ejus
1499 1583 1693 1650 gratia,
1714 1598 1819 1651 qua
1846 1598 1976 1650 quos

404 1670 680 1723 praesciuit
701 1678 751 1720 et
778 1669 1185 1725 praedestinavit
1212 1673 1502 1737 conformes
1534 1671 1653 1737 ﬁeri
1676 1674 1919 1741 imaginis
1954 1674 1972 1705 ⁸

2067 483 2302 552 ptiones,
2328 491 2383 535 ct
2404 490 2647 537 extrema
2672 482 2912 536 omnium
2945 486 2966 517 ’
2998 482 3290 552 corporalis
3310 483 3620 553 compaginis

2068 572 2296 637 solutio,
2347 572 2742 626 irrationabiles
2789 588 3003 643 quoque
3042 574 3318 630 rationalis
3344 572 3389 607 ¹⁹
3428 576 3622 631 animae

2069 669 2277 726 motus,
2310 662 2401 732 qui
2433 676 2501 716 ex
2528 662 2755 749 materia
2782 671 3097 727 nascuntur,
3127 674 3182 718 et
3210 664 3358 718 circa
3386 680 3497 718 eam
3522 666 3624 719 vol-

2069 761 2269 805 vuntur
2301 771 2313 805 :
2353 768 2491 822 quae
2531 762 2723 807 cuncta
2757 769 2863 806 non
2905 769 2972 808 ex
3012 756 3185 821 prima
3212 755 3514 809 conditione
3536 756 3624 810 ltu-

2071 848 2364 911 manitatis,
2392 847 2485 902 sed
2514 863 2577 902 ex
2608 847 2843 918 generali
2873 847 2989 916 ejus
3013 857 3236 918 peccato
3266 849 3472 903 initium
3496 865 3624 904 sum-

2071 946 2312 1006 pserunt,
2368 939 2596 1007 ideoque
2643 937 2803 993 simul
2849 954 2972 993 cum
3020 940 3135 1009 ipsa
3179 939 3431 1004 materia,
3481 955 3622 1009 quant

2073 1031 2341 1096 inliciunt,
2370 1032 2640 1102 peribunt,
2666 1032 2882 1101 quando
2901 1033 3067 1102 ipsius
3092 1034 3447 1087 humanitatis
3473 1035 3624 1103 prima

2070 1123 2308 1177 conditio
2332 1122 2398 1175 ab
2418 1122 2504 1177 his
2522 1121 2774 1178 omnibus
2794 1122 3166 1193 similibusque
3186 1124 3288 1179 sibi
3314 1126 3628 1194 passionihus

2070 1212 2409 1274 liberabitur,
2439 1213 2667 1282 igneque
2695 1212 2962 1281 spirituali
2994 1213 3210 1268 divinae
3239 1215 3448 1285 gratiae
3472 1225 3522 1269 et
3548 1217 3629 1269 bo-

2072 1303 2256 1357 nitatis
2282 1302 2619 1374 purgahitur.
2651 1302 2717 1356 Et
2748 1303 2849 1357 hoc
2875 1304 3134 1374 propheta
3166 1304 3338 1359 Isaias
3356 1305 3454 1360 sub
3480 1310 3629 1373 lignra

2067 1392 2365 1449 Jerusalem
2407 1393 2722 1462 praedicens
2762 1410 2777 1446 :
2819 1392 3196 1462 Sanctiﬁcabo,
3227 1396 3424 1464 inquit,
3459 1397 3629 1449 main

2071 1468 2187 1552 igne
2226 1488 2468 1546 ardente,
2516 1493 2564 1537 et
2610 1484 2874 1537 devorabit
2918 1486 3052 1537 sicut
3105 1485 3323 1555 foenum
3363 1486 3629 1551 materiem,

2072 1574 2246 1643 ignem
2285 1574 2559 1643 appellans
2598 1590 2706 1628 non
2742 1576 2934 1645 impios
2976 1585 3322 1645 torquentem
3356 1575 3628 1644 justissima

2070 1680 2269 1736 poena,
2303 1667 2393 1721 sed
2428 1667 2616 1723 sordes
2638 1679 2867 1721 naturae
2886 1677 3208 1738 purgantem
3234 1669 3628 1724 clementissima

396 1746 524 1802 Filii
552 1747 890 1811 sui,deilicat
913 1765 977 1806 ac
1002 1766 1165 1821 super
1188 1753 1367 1806 omnia
1394 1753 1967 1818 cxaltat,aeteruitatis
1997 1751 2043 1809 Β
2069 1758 2261 1828 gratia.
2290 1758 2361 1812 At
2394 1757 2438 1813 si
2484 1758 2662 1812 divina
2705 1759 2913 1827 justitia
2958 1759 3009 1812 iu
3058 1761 3204 1814 omni
3252 1771 3498 1816 creatura
3538 1776 3629 1814 non

394 1839 612 1895 nomine
642 1849 822 1895 rectae
859 1842 1086 1897 rationis
1115 1845 1355 1898 contuitu
1393 1845 1675 1914 accipitur,
1717 1846 1969 1914 quoniam

393 1931 526 1985 nihil
558 1931 669 1985 Deo
696 1942 1044 1988 coaeternum
1075 1944 1187 1998 est,
1226 1944 1320 1988 aut
1354 1951 1419 1989 ex
1460 1937 1725 1991 diametro
1754 1948 1972 1992 contra-

394 2022 554 2077 rium.
594 2022 711 2093 Ipse
740 2024 1005 2093 siquidem
1037 2025 1183 2080 solus
1213 2026 1266 2079 in
1297 2027 1403 2090 his,
1430 2043 1569 2093 quae
1599 2028 1653 2081 in
1683 2029 1797 2096 ipso
1825 2039 1969 2091 sunt,

392 2122 450 2169 et
476 2112 704 2171 feliciter
731 2117 947 2181 vivunt,
990 2127 1244 2173 aeternus
1284 2129 1365 2173 est
1396 2136 1493 2189 per
1517 2123 1806 2187 gratuitam
1844 2139 1968 2191 gra-

394 2210 563 2273 tiam;
599 2210 650 2263 in
683 2209 769 2264 his
799 2225 951 2275 vero,
984 2226 1121 2280 quae
1150 2222 1302 2266 extra
1338 2213 1507 2284 ipsum
1540 2223 1682 2276 sunt,
1716 2217 1970 2283 quoniam

393 2304 461 2357 ab
488 2304 603 2372 ipso
632 2318 739 2357 non
771 2312 897 2358 sunt
918 2303 960 2367 ²,
998 2303 1246 2374 ideoque,
1274 2306 1518 2373 quamvis
1554 2308 1802 2362 dicantur
1828 2322 1967 2367 esse,

393 2395 612 2448 omnino
640 2410 746 2448 "0D
779 2405 927 2458 sunt,
957 2405 1219 2449 aeternus
1245 2406 1327 2449 681.
1363 2411 1457 2464 per
1484 2413 1727 2452 severam
1757 2408 1971 2451 εθηῑιιη-

395 2486 546 2539 tiam.
579 2484 693 2540 Non
726 2487 908 2555 itaque
936 2494 988 2540 te
1018 2501 1159 2540 nunc
1186 2486 1456 2556 interrogo
1480 2488 1546 2541 de
1572 2488 1969 2556 corporalitate,

394 2593 488 2633 seu
541 2577 855 2641 localitate,
920 2593 1014 2632 seu
1083 2580 1479 2649 temporalitate
1536 2581 1967 2650 suppliciorum;

394 2668 747 2737 spiritualiter
781 2669 925 2723 enim
968 2668 1147 2723 futura
1189 2671 1473 2740 impiorum
1511 2680 1780 2726 tormenta
1816 2673 1974 2726 intel-

394 2759 606 2831 ligenda
637 2767 798 2812 sunt:
823 2758 917 2813 sed
947 2760 1121 2812 adhuc
1150 2775 1377 2829 quaero,
1401 2762 1454 2815 in
1483 2776 1591 2830 qua
1623 2777 1680 2816 re
1711 2762 1970 2817 debemus

392 2867 458 2906 ea
506 2852 760 2914 credere,
808 2851 891 2905 vel
945 2852 1240 2923 intelligere
1269 2851 1448 2907 futura
1482 2855 1644 2909 esse?
1671 2854 1786 2909 Non
1826 2856 1969 2909 enim

392 2942 690 3014 putandum
738 2952 825 2997 est
871 2942 1115 3012 subjecto
1162 2943 1341 3013 aliquo
1389 2960 1615 3011 carere;
1672 2947 1968 3001 accidentia

393 3034 591 3104 quippe
621 3041 746 3087 sunt
774 3034 1032 3104 supplicia
1077 3034 1119 3087 ³.
1180 3034 1236 3089 Si
1274 3044 1452 3091 autem
1484 3036 1687 3091 nttllum
1717 3038 1971 3093 accidens

390 3135 479 3181 est
516 3127 617 3182 nisi
659 3129 710 3182 in
747 3128 1009 3197 subjecto,
1050 3136 1105 3181 et
1132 3143 1292 3181 omne
1326 3127 1627 3196 subjectum
1665 3146 1756 3185 res
1789 3131 1967 3199 aliqua
1998 3103 2040 3159 (ἶ

394 3224 479 3270 est
522 3232 619 3286 per
664 3232 723 3271 se
772 3217 1111 3271 subsistens:
1145 3217 1404 3286 supplicia
1445 3218 1607 3289 igitur
1639 3220 1691 3272 in
1731 3220 1974 3289 subjecto

395 3306 576 3377 aliquo
612 3322 709 3377 per
742 3321 800 3361 se
836 3308 1160 3363 subsistente
1209 3308 1391 3363 futura
1438 3323 1558 3364 esse
1602 3324 1823 3365 necesse
1868 3319 1970 3364 est.

394 3390 591 3461 Porro,
633 3398 676 3453 si
716 3413 895 3462 omne,
937 3400 1079 3467 quod
1118 3415 1217 3468 per
1251 3415 1308 3454 se
1338 3402 1615 3468 subsistit,
1652 3402 1720 3456 ab
1754 3418 1836 3463 eo,
1881 3404 1970 3470 qui

394 3489 638 3543 omnium
670 3489 1078 3543 subsistentium
1112 3505 1280 3544 causa
1310 3501 1427 3553 est,
1460 3492 1811 3546 substitutum
1851 3504 1971 3558 est;

395 3594 557 3634 omne
604 3578 836 3650 quippe,
887 3564 1029 3648 quod
1069 3595 1100 3634 a
1137 3596 1300 3635 causa
1339 3582 1581 3637 omnium
1622 3583 1972 3638 substitutum

397 3687 504 3727 non
527 3678 635 3735 est,
664 3671 878 3739 penitus
906 3672 1038 3725 nihil
1067 3679 1169 3735 est,
1202 3681 1258 3727 et
1288 3673 1341 3726 in
1374 3687 1600 3729 nmnero
1627 3675 1973 3730 existentium

398 3779 506 3819 non
534 3764 821 3820 subsistit:
854 3765 1117 3832 sequitur,
1169 3770 1229 3819 ut
1278 3764 1331 3818 in
1380 3764 1556 3833 aliqua
1606 3766 1903 3822 substantia
1943 3783 1974 3821 a

397 3854 511 3910 Deo
541 3853 834 3909 suhstituta
864 3851 1251 3922 suppliciorum
1280 3852 1562 3909 calamitas
1591 3856 1970 3910 constituatur.

399 3943 455 3999 Si
488 3951 669 3999 autem
700 3944 805 3998 hoc
832 3944 1014 3999 datum
1050 3943 1241 4007 fuerit,
1276 3943 1560 3999 confestim
1596 3945 1680 4000 illa
1718 3947 1854 4001 ratio
1882 3963 1976 4002 va-

396 4033 800 4105 cillabit,quae
842 4034 1124 4105 approbat,
1160 4035 1399 4089 divinam
1435 4035 1703 4105 justitiam
1741 4038 1793 4092 iu
1833 4039 1975 4093 nulla

397 4133 683 4188 creatura,
724 4140 887 4193 quam
926 4123 1082 4189 fecit,
1121 4125 1314 4194 punire
1342 4127 1485 4194 quod
1516 4126 1680 4191 fecit,
1720 4130 1974 4198 quoniam

397 4232 579 4283 omne,
620 4218 764 4288 quod
806 4219 858 4272 in
896 4218 1167 4282 omnibus,
1206 4233 1349 4287 quae
1377 4220 1444 4271 ab
1475 4233 1561 4283 eo,
1600 4222 1693 4289 qui
1728 4222 1977 4290 impassi-

399 4308 523 4363 bilis
556 4317 644 4362 est
670 4315 727 4363 et
755 4306 1203 4377 incorruptibilis,
1234 4307 1435 4361 factum
1468 4319 1574 4373 est,
1604 4309 1846 4379 profecto
1878 4311 1977 4364 itu-

398 4395 653 4474 passibile
672 4405 729 4451 et
749 4397 1151 4466 iucorruptibile
1170 4406 1272 4460 est,
1290 4396 1555 4467 nullisque
1582 4396 1604 4429 δ
1635 4398 1975 4468 passionihus

400 4490 715 4545 obnoxium.
770 4486 1058 4545 Passiones
1104 4498 1285 4544 autem
1330 4505 1472 4545 nunc
1515 4490 1636 4545 dico
1675 4505 1780 4545 non
1837 4491 1973 4552 illas,

401 4592 541 4647 quae
576 4578 899 4633 naturaliter
927 4581 1128 4645 insunt,
1179 4588 1238 4633 ut
1276 4594 1519 4650 corporei
1556 4597 1747 4637 sensus
1788 4592 1843 4648 ³,
1884 4582 1980 4638 sed

400 4682 540 4736 quae
575 4676 763 4723 contra
802 4676 1049 4724 naturam
1088 4678 1249 4735 sunt,
1295 4670 1547 4740 circaque
1577 4672 1911 4742 corporalem
1959 4675 1981 4706 ⁸

402 4759 683 4813 materiam
723 4768 1010 4814 versantur
1059 4761 1114 4815 in
1181 4761 1285 4815 hac
1333 4763 1511 4816 adhuc
1556 4761 1776 4816 mortali
1821 4763 1975 4828 vita;

402 4850 573 4920 ipsius
601 4857 781 4904 autem
809 4858 1038 4906 naturae
1068 4851 1395 4915 trinitatem,
1433 4867 1571 4920 quae
1596 4861 1678 4906 est
1707 4852 1944 4907 essentia
1962 4892 1976 4916 ,

403 4941 596 5003 virtus,
624 4942 887 5012 operatio,
925 4956 1025 4997 nec
1058 4942 1325 5012 attingere
1353 4956 1453 4995 nec
1479 4955 1826 5010 corrumpere
1856 4956 1978 5010 pos-

401 5038 548 5096 sunt,
570 5033 819 5101 quamvis
840 5047 960 5086 eam
991 5047 1304 5103 oppugnare
1329 5031 1613 5086 videantur
1655 5041 1908 5100 appetere
1928 5037 1971 5085 ".

404 5122 517 5182 Hae
537 5132 717 5179 autem
737 5123 1018 5205 passiones
1042 5134 1169 5178 sunt
1187 5124 1463 5194 generatio
1484 5137 1549 5176 ex
1573 5122 1889 5194 corporibus
1911 5125 1978 5177 ad

402 5213 807 5270 similitudinem
829 5213 1277 5268 irrationabilium
1295 5212 1628 5279 animalium,
1647 5214 1977 5268 incrementa

2010 4449 2055 4508 D

2072 1849 2203 1903 sinit
2234 1848 2409 1918 puniri
2441 1863 2621 1912 omne,
2646 1850 2788 1919 quod
2818 1866 2846 1902 a
2872 1865 3082 1903 summo
3107 1850 3253 1904 bono
3284 1861 3518 1904 creatum
3538 1859 3629 1909 est,

2072 1954 2178 1992 non
2205 1939 2380 1993 solum
2421 1946 2479 1991 ut
2508 1947 2679 2000 esset,
2712 1955 2896 1992 verum
2926 1942 3088 1994 etiam
3125 1950 3184 1995 ut
3212 1956 3431 2011 semper
3458 1942 3630 2010 impas-

2072 2029 2226 2084 sibile
2254 2040 2308 2083 et
2331 2030 2736 2100 incorruptibile
2762 2031 3051 2085 contrariis
3075 2032 3422 2100 passionihus
3449 2046 3631 2099 perma-

2074 2128 2226 2173 neret
2256 2136 2271 2173 :
2300 2120 2568 2187 quomodo
2591 2119 2766 2189 puniri
2794 2128 3001 2189 potest,
3034 2128 3128 2173 aut
3163 2120 3445 2190 suppliciis
3473 2117 3629 2184 subjo-

2071 2222 2217 2267 ctum
2265 2227 2386 2267 esse
2434 2212 2496 2276 ιι,
2541 2212 2683 2281 quod
2724 2213 2945 2266 omnino
2992 2213 3043 2265 in
3090 2222 3287 2265 natura
3338 2228 3509 2267 rerum
3545 2227 3631 2264 tum

2074 2304 2389 2374 intelligitur
2422 2304 2583 2359 esse?
2616 2304 2722 2357 Aut
2758 2304 3029 2372 quomodo
3067 2304 3360 2374 impiorum
3394 2312 3634 2357 tormenta

2074 2396 2303 2449 naturali
2332 2393 2604 2463 subjecto,
2639 2397 2780 2465 quod
2820 2403 3145 2465 torqueant,
3176 2406 3411 2465 possunt
3432 2393 3634 2451 carere?

2077 2487 2213 2542 Msa.
2246 2485 2457 2540 Nodosa
2501 2486 2664 2540 nimis
2700 2485 3066 2555 dillieilisquc,
3098 2496 3158 2541 ut
3195 2488 3415 2546 divisti,
3447 2485 3509 2540 ad
3542 2482 3634 2540 sol-

2073 2578 2303 2631 vendum
2332 2576 2626 2647 perplexio.
2654 2577 2709 2630 lu
2739 2578 2838 2631 bac
2864 2578 3006 2631 enim
3029 2578 3355 2647 quaestione
3377 2578 3474 2631 tria
3502 2574 3636 2629 nobis

2073 2677 2386 2733 occurrunt,
2425 2678 2481 2723 et
2510 2684 2673 2722 unum
2700 2684 2768 2723 ex
2805 2668 2872 2723 iis
2905 2669 3126 2739 eligere,
3159 2668 3267 2723 alia
3295 2670 3341 2700 “
3376 2669 3477 2722 duo
3503 2664 3634 2720 inﬁr-

2075 2772 2225 2812 mare
2252 2743 2472 2813 necesse
2498 2770 2601 2812 est.
2632 2757 2890 2828 Cogimur
2929 2772 3159 2827 namque
3188 2757 3371 2818 lateri.
3397 2767 3484 2812 aut
3511 2754 3636 2824 quod

2074 2849 2289 2920 penitus
2324 2864 2429 2902 non
2456 2858 2539 2903 est
2566 2849 2622 2903 in
2651 2864 2830 2903 rerum
2856 2858 3070 2912 natura,
3105 2865 3198 2919 per
3226 2864 3291 2904 se
3322 2850 3519 2918 absque
3543 2845 3636 2897 ullo

2074 2940 2316 3007 subjecto
2342 2955 2497 3011 posse
2523 2940 2729 3009 puniri;
2762 2949 2814 2991 et
2854 2940 2957 2994 hoc
3008 2939 3203 2992 rationi
3249 2940 3411 2993 valde
3448 2938 3639 2991 videtur

2076 3034 2369 3095 resistere;
2399 3031 2668 3101 quomodo
2702 3033 2845 3086 enim
2878 3032 3127 3101 punitur,
3157 3032 3302 3099 quod
3347 3048 3449 3084 non
3481 3030 3528 3083 iu
3557 3028 3640 3080 ali-

2073 3139 2179 3192 quo
2209 3122 2490 3178 subsistit?
2509 3152 2577 3163 -—
2597 3130 2688 3176 aut
2716 3123 2983 3192 quoddam
3018 3121 3061 3152 ¹³
3086 3122 3339 3176 naturale
3364 3122 3639 3190 subjectum

2073 3213 2334 3283 supplicia
2363 3212 2506 3281 pati,
2536 3212 2677 3281 quod
2706 3228 2811 3265 rion
2850 3212 3056 3273 minus,
3088 3212 3196 3265 imo
3225 3212 3356 3281 plus
3387 3210 3566 3265 rationi
3593 3219 3640 3260 et

2074 3303 2383 3356 auctoritati
2433 3302 2763 3357 contrarium
2818 3315 2939 3355 esse
2985 3301 3174 3363 vides;
3226 3315 3395 3354 omne
3442 3300 3640 3369 quippe,

2074 3398 2218 3467 quod
2262 3397 2313 3450 in
2355 3405 2544 3450 natura
2590 3410 2768 3449 rerum
2806 3409 2835 3446 a
2877 3408 3088 3447 summo
3129 3393 3275 3447 bono
3309 3394 3639 3447 substitutum

2074 3496 2177 3552 cst,
2209 3487 2322 3541 sive
2354 3486 2649 3541 secundum
2679 3484 3060 3546 substantiam,
3097 3483 3213 3536 sive
3240 3484 3536 3555 secundum
3559 3495 3642 3532 aco

2075 3580 2282 3642 cidens,
2305 3579 2484 3632 divina
2503 3576 2707 3646 justitia
2739 3585 2898 3644 atque
2924 3575 3124 3643 pietate
3149 3575 3373 3643 provida
3408 3572 3639 3644 prohibe-

2079 3681 2163 3723 tur
2205 3669 2406 3739 puuiri,
2450 3682 2516 3721 ne
2563 3665 2690 3731 quid
2747 3666 2901 3719 triste
2946 3665 3277 3717 miscrutnve
3314 3665 3375 3718 in
3415 3665 3642 3717 universa

2075 3769 2323 3815 creatura
2374 3756 2676 3827 reperiatur
2712 3786 2782 3796 ——
2812 3764 2907 3809 aut
2952 3755 3155 3822 puniri,
3205 3753 3350 3823 quod
3404 3769 3506 3808 non
3549 3760 3642 3815 est,

2078 3860 2254 3904 tamen
2289 3848 2333 3881 ιδ
2360 3849 2412 3903 in
2439 3847 2681 3916 subjecto
2701 3847 2900 3915 aliquo,
2919 3846 3181 3914 quodest,
3202 3845 3465 3911 oumique
3489 3855 3643 3914 pecua

2079 3947 2301 3999 liberum
2336 3944 2572 4011 punitur.
2618 3941 2819 3995 llortnu
2865 3940 3026 3992 trium
3069 3938 3228 4007 elige,
3268 3938 3402 4006 quid
3433 3950 3645 4005 sequen-

2077 4038 2223 4089 dum.
2256 4034 2401 4088 Disc.
2444 4032 2708 4095 Tertium,
2747 4041 2801 4084 et
2845 4046 2908 4083 ex
2962 4030 3171 4083 duobus
3211 4027 3646 4097 praecedemibns

2078 4125 2466 4193 compositum,
2499 4122 2543 4177 si
2575 4131 2752 4176 tamen
2796 4119 3146 4191 probabiliter
3184 4128 3361 4188 potest
3405 4116 3640 4172 inveniri.

2078 4212 2343 4283 Torqueri
2372 4213 2535 4274 enim,
2569 4211 2712 4281 quod
2762 4227 2867 4264 non
2914 4218 3019 4269 est,
3051 4217 3105 4264 et
3156 4209 3206 4261 in
3249 4217 3444 4261 natura
3482 4219 3644 4260 rerum

2077 4321 2184 4358 non
2222 4304 2512 4366 invenitur,
2559 4310 2653 4356 aut
2693 4301 2937 4355 naturale
2978 4300 3277 4369 subjectum
3308 4312 3511 4367 poenas
3551 4293 3644 4348 sol-

2079 4412 2204 4449 vere
2238 4395 2305 4459 ",
2345 4395 2581 4450 rationes
2623 4393 2934 4463 praedictae
2974 4392 3349 4445 incunctanter
3390 4386 3644 4443 refellunt.

2082 4485 2265 4539 Puniri
2289 4493 2464 4538 autem
2496 4484 2710 4548 vitium,
2735 4483 2875 4554 quod
2900 4500 3001 4536 nou
3034 4491 3136 4542 est,
3162 4481 3214 4535 in
3246 4479 3432 4548 aliquo
3460 4488 3645 4535 tamen.

2082 4578 2222 4646 quod
2269 4586 2369 4637 est,
2401 4585 2456 4631 et
2505 4576 2831 4646 impassibile
2871 4585 2972 4635 est,
3012 4576 3266 4643 quoniam
3308 4574 3419 4643 puli
3461 4582 3647 4641 poenas

2084 4685 2188 4723 non
2219 4668 2435 4732 sinitur,
2473 4667 2731 4723 credibile
2758 4667 2887 4721 mihi
2922 4667 3152 4727 videtur,
3196 4667 3421 4732 verique
3453 4658 3649 4717 similli—

2083 4777 2250 4815 mum.
2277 4758 2536 4825 Quamvis
2567 4760 2762 4814 mentis
2786 4774 2937 4812 meae
2957 4760 3253 4812 contuitum
3279 4756 3457 4809 adhuc
3477 4753 3648 4821 fugere

2082 4852 2346 4916 videatur,
2376 4860 2555 4905 utrttm
2600 4851 2707 4903 tale
2751 4850 3007 4919 quiddam
3046 4849 3117 4904 ita
3157 4850 3247 4902 sit.
3279 4847 3419 4901 liae.
3450 4842 3650 4897 Veritas

2084 4942 2470 5012 quaerentibus
2495 4956 2554 4995 se
2581 4941 2666 5010 pie
2696 4956 2759 4995 ac
2779 4941 2970 4994 devote
2991 4949 3135 4994 amat
3160 4951 3468 4997 occurrere,
3494 4944 3649 5000 seque

2088 5035 2256 5103 ipsam
2284 5034 2529 5102 aperire,
2565 5042 2619 5086 et
2649 5046 2789 5102 quae
2818 5043 3027 5087 mentes
3062 5045 3248 5084 eorum
3273 5026 3502 5097 fugiunt,
3532 5036 3651 5091 pro-

2086 5127 2230 5178 dere.
2264 5124 2503 5192 Denique
2537 5138 2656 5176 cam
2688 5121 2829 5177 inter
2857 5138 2956 5176 nos
2983 5132 3325 5190 quaeramus,
3357 5109 3648 5171 rationabili

2087 5217 2298 5271 incessu
2346 5216 2687 5284 gradientes,
2731 5223 2787 5269 et
2838 5213 3078 5269 vicissim
3116 5227 3203 5267 me
3252 5207 3648 5281 praecedentem

1651 5330 1737 5384 VA
1747 5331 1905 5385 RIAE
1944 5329 2347 5387 LECTIONFS.

481 5422 497 5454 ¹
522 5421 569 5477 Δ
597 5422 834 5490 imagini.
882 5423 932 5491 θ’
960 5422 1141 5476 Asiut.
1219 5419 1242 5451 ⁸
1272 5419 1361 5491 Sic
1389 5419 1474 5475 CF
1492 5436 1506 5485 ;
1534 5420 1577 5473 Α
1601 5420 1878 5491 simplicia.
1920 5468 1929 5478 .
1954 5422 1976 5453 ⁸
2001 5421 2084 5476 CF
2114 5420 2272 5491 trullis
2300 5421 2451 5491 (eque
2473 5419 2607 5490 om.)
2679 5423 2701 5455 ⁸
2729 5418 2773 5473 Α
2796 5417 3112 5472 naturaliter
3140 5426 3193 5470 ut
3223 5411 3651 5491 corpprfi‘sensut

406 5492 584 5546 insunt
656 5491 676 5521 ⁸
706 5480 799 5547 Sic
815 5490 935 5555 CF;
971 5490 1017 5545 Α
1042 5489 1464 5562 corruptibilem.
1494 5480 1545 5521 ’⁷
1576 5490 1666 5562 Sic
1687 5480 1771 5545 CF
1788 5492 1872 5562 ;>A
1900 5492 2145 5562 quamvis
2173 5480 2457 5562 videantur
2498 5480 2899 5562 appetereheam
2928 5504 3267 5562 oppugnare.
3312 5480 3364 5514 ’⁸
3390 5480 3653 5562 (Σίλαςινίῖ

701 5571 722 5600 ο
754 5563 1096 5615 amniumom.
1127 5559 1203 5614 A.
1287 5559 1330 5591 ¹⁰
1364 5560 1634 5615 rationalis
1660 5574 1770 5614 om.
1802 5560 1867 5613 Α.

685 5630 728 5663 ’⁸
756 5631 844 5685 Sic
870 5630 983 5688 CF;
1017 5631 1059 5684 Α
1086 5644 1285 5693 poenas
1313 5633 1440 5699 pati.

407 5573 604 5613 menta.

412 5638 611 5683 tamen.

1958 5564 1995 5593 “
2027 5578 2133 5616 esse
2157 5576 2264 5614 om.
2297 5561 2403 5615 (ΓΡ.

3448 5549 3489 5583 ί,
3530 5552 3571 5601 Α
3607 5556 3651 5598 τι

2500 5561 2542 5591 ⁸⁸
2568 5557 2612 5615 Α
2635 5570 2681 5613 el
2712 5558 2836 5613 alia.
2924 5557 3078 5611 "(1F
3105 5557 3376 5625 quiddam.
