  <div class='ocr_page' id='page_1' title='image "/cluster/home/n/w/nwhite01/storage/ocr_20150623/122/hvd.32044054759840/508.png"; bbox 0 0 3952 6162; ppageno 0'>
   <div class='ocr_carea' id='block_1_1' title="bbox 310 253 408 309">
    <p class='ocr_par' dir='ltr' id='par_1_1' title="bbox 310 253 408 309">
     <span class='ocr_line' id='line_1_1' title="bbox 310 253 408 309; baseline -0.02 0"><span class='ocrx_word' id='word_1_1' title='bbox 310 253 408 309; x_wconf 64' lang='lat' dir='ltr'><strong>Ml</strong></span> 
     </span>
    </p>
   </div>
   <div class='ocr_carea' id='block_1_2' title="bbox 1163 252 2716 332">
    <p class='ocr_par' dir='ltr' id='par_1_2' title="bbox 1163 252 2716 332">
     <span class='ocr_line' id='line_1_2' title="bbox 1163 252 2716 332; baseline 0.004 -20"><span class='ocrx_word' id='word_1_2' title='bbox 1163 257 1250 314; x_wconf 72' lang='lat' dir='ltr'><strong>ne</strong></span> <span class='ocrx_word' id='word_1_3' title='bbox 1291 258 1629 317; x_wconf 77' lang='lat' dir='ltr'><strong>DlV’lSlONE</strong></span> <span class='ocrx_word' id='word_1_4' title='bbox 1667 261 2011 319; x_wconf 56' lang='lat' dir='ltr'><strong>narrans.</strong></span> <span class='ocrx_word' id='word_1_5' title='bbox 2051 292 2064 300; x_wconf 70' lang='grc' dir='ltr'><strong><em>ο</em></strong></span> <span class='ocrx_word' id='word_1_6' title='bbox 2096 292 2120 298; x_wconf 57' lang='grc' dir='ltr'><strong>ο-</strong></span> <span class='ocrx_word' id='word_1_7' title='bbox 2157 262 2353 319; x_wconf 64' lang='grc' dir='ltr'><strong>ιλῐιιειι</strong></span> <span class='ocrx_word' id='word_1_8' title='bbox 2395 252 2716 332; x_wconf 66' lang='lat' dir='ltr'><strong>QUINTUS.</strong></span> 
     </span>
    </p>
   </div>
   <div class='ocr_carea' id='block_1_3' title="bbox 3466 260 3596 321">
    <p class='ocr_par' dir='ltr' id='par_1_3' title="bbox 3466 260 3596 321">
     <span class='ocr_line' id='line_1_3' title="bbox 3466 260 3596 321; baseline -0.023 0"><span class='ocrx_word' id='word_1_9' title='bbox 3466 260 3596 321; x_wconf 42' lang='grc' dir='ltr'><strong>ςιςλ</strong></span> 
     </span>
    </p>
   </div>
   <div class='ocr_carea' id='block_1_4' title="bbox 303 370 3568 454">
    <p class='ocr_par' dir='ltr' id='par_1_4' title="bbox 303 370 3568 454">
     <span class='ocr_line' id='line_1_4' title="bbox 303 370 3568 454; baseline 0.006 -34"><span class='ocrx_word' id='word_1_10' title='bbox 303 379 563 454; x_wconf 76' lang='lat' dir='ltr'><strong>sequere,</strong></span> <span class='ocrx_word' id='word_1_11' title='bbox 584 373 638 421; x_wconf 81' lang='lat' dir='ltr'><strong>rt</strong></span> <span class='ocrx_word' id='word_1_12' title='bbox 657 382 756 437; x_wconf 85' lang='lat' dir='ltr'><strong>ego</strong></span> <span class='ocrx_word' id='word_1_13' title='bbox 780 376 829 422; x_wconf 87' lang='lat' dir='ltr'><strong>te</strong></span> <span class='ocrx_word' id='word_1_14' title='bbox 848 370 1310 439; x_wconf 64' lang='lat' dir='ltr'><strong>praegredientem</strong></span> <span class='ocrx_word' id='word_1_15' title='bbox 1334 376 1701 446; x_wconf 55' lang='lat' dir='ltr'><strong>subsequar}.</strong></span> <span class='ocrx_word' id='word_1_16' title='bbox 1748 380 1888 433; x_wconf 73' lang='lat' dir='ltr'><strong>DISC.</strong></span> <span class='ocrx_word' id='word_1_17' title='bbox 1925 387 1970 441; x_wconf 77' lang='grc' dir='ltr'>Α</span> <span class='ocrx_word' id='word_1_18' title='bbox 2000 396 2102 433; x_wconf 88' lang='lat' dir='ltr'><strong>una</strong></span> <span class='ocrx_word' id='word_1_19' title='bbox 2124 385 2357 438; x_wconf 85' lang='lat' dir='ltr'><strong>essentia</strong></span> <span class='ocrx_word' id='word_1_20' title='bbox 2384 383 2435 437; x_wconf 89' lang='lat' dir='ltr'><strong>in</strong></span> <span class='ocrx_word' id='word_1_21' title='bbox 2461 384 2630 439; x_wconf 80' lang='lat' dir='ltr'><strong>tribus</strong></span> <span class='ocrx_word' id='word_1_22' title='bbox 2656 382 2990 449; x_wconf 83' lang='lat' dir='ltr'><strong>substantiis,</strong></span> <span class='ocrx_word' id='word_1_23' title='bbox 3015 382 3081 438; x_wconf 85' lang='lat' dir='ltr'><strong>ad</strong></span> <span class='ocrx_word' id='word_1_24' title='bbox 3104 381 3258 453; x_wconf 89' lang='lat' dir='ltr'><strong>cujus</strong></span> <span class='ocrx_word' id='word_1_25' title='bbox 3284 381 3568 454; x_wconf 87' lang='lat' dir='ltr'><strong>imaginem</strong></span> 
     </span>
    </p>
   </div>
   <div class='ocr_carea' id='block_1_5' title="bbox 306 453 604 509">
    <p class='ocr_par' dir='ltr' id='par_1_5' title="bbox 306 453 604 509">
     <span class='ocr_line' id='line_1_5' title="bbox 306 453 604 509; baseline 0.017 -4"><span class='ocrx_word' id='word_1_26' title='bbox 306 453 604 509; x_wconf 78' lang='lat' dir='ltr'><strong>Praecede.</strong></span> 
     </span>
    </p>
   </div>
   <div class='ocr_carea' id='block_1_6' title="bbox 380 546 1895 632">
    <p class='ocr_par' dir='ltr' id='par_1_6' title="bbox 380 546 1895 632">
     <span class='ocr_line' id='line_1_6' title="bbox 380 546 1895 632; baseline 0.011 -32"><span class='ocrx_word' id='word_1_27' title='bbox 380 546 472 601; x_wconf 80' lang='lat' dir='ltr'><strong>3i.</strong></span> <span class='ocrx_word' id='word_1_28' title='bbox 505 547 644 602; x_wconf 72' lang='lat' dir='ltr'><strong>MAG.</strong></span> <span class='ocrx_word' id='word_1_29' title='bbox 674 549 747 605; x_wconf 91' lang='lat' dir='ltr'><strong>De</strong></span> <span class='ocrx_word' id='word_1_30' title='bbox 769 550 943 606; x_wconf 83' lang='lat' dir='ltr'><strong>reditu</strong></span> <span class='ocrx_word' id='word_1_31' title='bbox 969 553 1341 622; x_wconf 72' lang='lat' dir='ltr'><strong>humanitatis,</strong></span> <span class='ocrx_word' id='word_1_32' title='bbox 1362 560 1732 630; x_wconf 89' lang='lat' dir='ltr'><strong>omniumque,</strong></span> <span class='ocrx_word' id='word_1_33' title='bbox 1756 576 1895 632; x_wconf 89' lang='lat' dir='ltr'><strong>quae</strong></span> 
     </span>
    </p>
   </div>
   <div class='ocr_carea' id='block_1_7' title="bbox 299 637 1892 722">
    <p class='ocr_par' dir='ltr' id='par_1_7' title="bbox 299 637 1892 722">
     <span class='ocr_line' id='line_1_7' title="bbox 299 637 1892 722; baseline 0.011 -33"><span class='ocrx_word' id='word_1_34' title='bbox 299 637 362 690; x_wconf 85' lang='lat' dir='ltr'><strong>in</strong></span> <span class='ocrx_word' id='word_1_35' title='bbox 397 638 514 707; x_wconf 86' lang='lat' dir='ltr'><strong>ipsa</strong></span> <span class='ocrx_word' id='word_1_36' title='bbox 545 647 601 692; x_wconf 90' lang='lat' dir='ltr'><strong>et</strong></span> <span class='ocrx_word' id='word_1_37' title='bbox 628 651 847 709; x_wconf 74' lang='lat' dir='ltr'><strong>preprer</strong></span> <span class='ocrx_word' id='word_1_38' title='bbox 876 641 1050 712; x_wconf 85' lang='lat' dir='ltr'><strong>ipsam</strong></span> <span class='ocrx_word' id='word_1_39' title='bbox 1091 644 1236 701; x_wconf 81' lang='lat' dir='ltr'><strong>facta</strong></span> <span class='ocrx_word' id='word_1_40' title='bbox 1278 657 1435 714; x_wconf 75' lang='lat' dir='ltr'><strong>sunt,</strong></span> <span class='ocrx_word' id='word_1_41' title='bbox 1468 652 1519 704; x_wconf 88' lang='lat' dir='ltr'><strong>in</strong></span> <span class='ocrx_word' id='word_1_42' title='bbox 1548 651 1661 722; x_wconf 90' lang='lat' dir='ltr'><strong>ipsa</strong></span> <span class='ocrx_word' id='word_1_43' title='bbox 1691 661 1745 706; x_wconf 90' lang='lat' dir='ltr'><strong>et</strong></span> <span class='ocrx_word' id='word_1_44' title='bbox 1770 668 1892 708; x_wconf 90' lang='lat' dir='ltr'><strong>cmn</strong></span> 
     </span>
    </p>
   </div>
   <div class='ocr_carea' id='block_1_8' title="bbox 304 729 1895 802">
    <p class='ocr_par' dir='ltr' id='par_1_8' title="bbox 304 729 1895 802">
     <span class='ocr_line' id='line_1_8' title="bbox 304 729 1895 802; baseline 0.013 -22"><span class='ocrx_word' id='word_1_45' title='bbox 304 729 425 795; x_wconf 82' lang='lat' dir='ltr'><strong>ipsa</strong></span> <span class='ocrx_word' id='word_1_46' title='bbox 457 729 511 782; x_wconf 91' lang='lat' dir='ltr'><strong>in</strong></span> <span class='ocrx_word' id='word_1_47' title='bbox 542 731 860 801; x_wconf 80' lang='lat' dir='ltr'><strong>principium</strong></span> <span class='ocrx_word' id='word_1_48' title='bbox 889 748 1044 789; x_wconf 85' lang='lat' dir='ltr'><strong>suum</strong></span> <span class='ocrx_word' id='word_1_49' title='bbox 1077 746 1392 796; x_wconf 88' lang='lat' dir='ltr'><strong>tractamus.</strong></span> <span class='ocrx_word' id='word_1_50' title='bbox 1432 741 1548 797; x_wconf 88' lang='lat' dir='ltr'><strong>Non</strong></span> <span class='ocrx_word' id='word_1_51' title='bbox 1577 745 1720 799; x_wconf 91' lang='lat' dir='ltr'><strong>enim</strong></span> <span class='ocrx_word' id='word_1_52' title='bbox 1751 761 1895 802; x_wconf 89' lang='lat' dir='ltr'><strong>nunc</strong></span> 
     </span>
    </p>
   </div>
   <div class='ocr_carea' id='block_1_9' title="bbox 294 820 1893 900">
    <p class='ocr_par' dir='ltr' id='par_1_9' title="bbox 294 820 1893 900">
     <span class='ocr_line' id='line_1_9' title="bbox 294 820 1893 900; baseline 0.013 -28"><span class='ocrx_word' id='word_1_53' title='bbox 294 820 377 873; x_wconf 77' lang='lat' dir='ltr'><strong>de</strong></span> <span class='ocrx_word' id='word_1_54' title='bbox 427 820 733 877; x_wconf 83' lang='lat' dir='ltr'><strong>substantia</strong></span> <span class='ocrx_word' id='word_1_55' title='bbox 775 825 1126 900; x_wconf 71' lang='lat' dir='ltr'><strong>daemonum,</strong></span> <span class='ocrx_word' id='word_1_56' title='bbox 1154 846 1315 900; x_wconf 90' lang='lat' dir='ltr'><strong>quam</strong></span> <span class='ocrx_word' id='word_1_57' title='bbox 1360 834 1611 891; x_wconf 86' lang='lat' dir='ltr'><strong>conditor</strong></span> <span class='ocrx_word' id='word_1_58' title='bbox 1652 837 1893 892; x_wconf 90' lang='lat' dir='ltr'><strong>omnium</strong></span> 
     </span>
    </p>
   </div>
   <div class='ocr_carea' id='block_1_10' title="bbox 305 889 1895 990">
    <p class='ocr_par' dir='ltr' id='par_1_10' title="bbox 305 889 1895 990">
     <span class='ocr_line' id='line_1_10' title="bbox 305 889 1895 990; baseline 0.013 -28"><span class='ocrx_word' id='word_1_59' title='bbox 305 908 516 964; x_wconf 85' lang='lat' dir='ltr'><strong>bonam</strong></span> <span class='ocrx_word' id='word_1_60' title='bbox 547 919 602 965; x_wconf 84' lang='lat' dir='ltr'><strong>et</strong></span> <span class='ocrx_word' id='word_1_61' title='bbox 643 889 1106 984; x_wconf 73' lang='lat' dir='ltr'><strong>incorruptibilent</strong></span> <span class='ocrx_word' id='word_1_62' title='bbox 1138 921 1192 975; x_wconf 90' lang='lat' dir='ltr'><strong>in</strong></span> <span class='ocrx_word' id='word_1_63' title='bbox 1223 924 1303 978; x_wconf 88' lang='lat' dir='ltr'><strong>eis</strong></span> <span class='ocrx_word' id='word_1_64' title='bbox 1341 923 1497 990; x_wconf 77' lang='lat' dir='ltr'><strong>fecit,</strong></span> <span class='ocrx_word' id='word_1_65' title='bbox 1530 941 1710 981; x_wconf 80' lang='lat' dir='ltr'><strong>sermo</strong></span> <span class='ocrx_word' id='word_1_66' title='bbox 1741 929 1895 983; x_wconf 90' lang='lat' dir='ltr'><strong>nobis</strong></span> 
     </span>
    </p>
   </div>
   <div class='ocr_carea' id='block_1_11' title="bbox 297 1006 1893 1093">
    <p class='ocr_par' dir='ltr' id='par_1_11' title="bbox 297 1006 1893 1093">
     <span class='ocr_line' id='line_1_11' title="bbox 297 1006 1893 1093; baseline 0.013 -36"><span class='ocrx_word' id='word_1_67' title='bbox 297 1011 417 1067; x_wconf 80' lang='lat' dir='ltr'><strong>est,</strong></span> <span class='ocrx_word' id='word_1_68' title='bbox 443 1014 628 1060; x_wconf 89' lang='lat' dir='ltr'><strong>utrum</strong></span> <span class='ocrx_word' id='word_1_69' title='bbox 652 1016 707 1061; x_wconf 90' lang='lat' dir='ltr'><strong>et</strong></span> <span class='ocrx_word' id='word_1_70' title='bbox 733 1006 845 1077; x_wconf 88' lang='lat' dir='ltr'><strong>ipsa</strong></span> <span class='ocrx_word' id='word_1_71' title='bbox 871 1022 1094 1082; x_wconf 88' lang='lat' dir='ltr'><strong>purgata</strong></span> <span class='ocrx_word' id='word_1_72' title='bbox 1124 1026 1467 1075; x_wconf 85' lang='lat' dir='ltr'><strong>convertetur</strong></span> <span class='ocrx_word' id='word_1_73' title='bbox 1489 1021 1556 1075; x_wconf 88' lang='lat' dir='ltr'><strong>ad</strong></span> <span class='ocrx_word' id='word_1_74' title='bbox 1574 1021 1893 1093; x_wconf 86' lang='lat' dir='ltr'><strong>principium</strong></span> 
     </span>
    </p>
   </div>
   <div class='ocr_carea' id='block_1_12' title="bbox 302 1094 1897 1184">
    <p class='ocr_par' dir='ltr' id='par_1_12' title="bbox 302 1094 1897 1184">
     <span class='ocr_line' id='line_1_12' title="bbox 302 1094 1897 1184; baseline 0.013 -36"><span class='ocrx_word' id='word_1_75' title='bbox 302 1110 493 1162; x_wconf 63' lang='lat' dir='ltr'><strong>suum],</strong></span> <span class='ocrx_word' id='word_1_76' title='bbox 537 1094 686 1166; x_wconf 85' lang='lat' dir='ltr'><strong>&#39;quod</strong></span> <span class='ocrx_word' id='word_1_77' title='bbox 734 1103 1160 1170; x_wconf 85' lang='lat' dir='ltr'><strong>praevaricando</strong></span> <span class='ocrx_word' id='word_1_78' title='bbox 1204 1107 1462 1173; x_wconf 86' lang='lat' dir='ltr'><strong>deseruit,</strong></span> <span class='ocrx_word' id='word_1_79' title='bbox 1508 1127 1577 1166; x_wconf 89' lang='lat' dir='ltr'><strong>an</strong></span> <span class='ocrx_word' id='word_1_80' title='bbox 1625 1127 1838 1184; x_wconf 83' lang='lat' dir='ltr'><strong>semper</strong></span> <span class='ocrx_word' id='word_1_81' title='bbox 1865 1129 1897 1169; x_wconf 88' lang='lat' dir='ltr'><strong>a</strong></span> 
     </span>
    </p>
   </div>
   <div class='ocr_carea' id='block_1_13' title="bbox 297 1188 1896 1268">
    <p class='ocr_par' dir='ltr' id='par_1_13' title="bbox 297 1188 1896 1268">
     <span class='ocr_line' id='line_1_13' title="bbox 297 1188 1896 1268; baseline 0.013 -30"><span class='ocrx_word' id='word_1_82' title='bbox 297 1188 773 1257; x_wconf 78' lang='lat' dir='ltr'><strong>contemplatione</strong></span> <span class='ocrx_word' id='word_1_83' title='bbox 821 1190 1068 1253; x_wconf 79' lang='lat' dir='ltr'><strong>veritatis</strong></span> <span class='ocrx_word' id='word_1_84' title='bbox 1095 1211 1188 1251; x_wconf 88' lang='lat' dir='ltr'><strong>sua</strong></span> <span class='ocrx_word' id='word_1_85' title='bbox 1214 1201 1569 1268; x_wconf 86' lang='lat' dir='ltr'><strong>perversitate</strong></span> <span class='ocrx_word' id='word_1_86' title='bbox 1596 1204 1896 1259; x_wconf 81' lang='lat' dir='ltr'><strong>exorbitata</strong></span> 
     </span>
    </p>
   </div>
   <div class='ocr_carea' id='block_1_14' title="bbox 298 1277 1896 1360">
    <p class='ocr_par' dir='ltr' id='par_1_14' title="bbox 298 1277 1896 1360">
     <span class='ocr_line' id='line_1_14' title="bbox 298 1277 1896 1360; baseline 0.013 -31"><span class='ocrx_word' id='word_1_87' title='bbox 298 1277 507 1346; x_wconf 73' lang='lat' dir='ltr'><strong>fugiet.</strong></span> <span class='ocrx_word' id='word_1_88' title='bbox 544 1278 652 1335; x_wconf 90' lang='lat' dir='ltr'><strong>lloc</strong></span> <span class='ocrx_word' id='word_1_89' title='bbox 679 1282 893 1337; x_wconf 87' lang='lat' dir='ltr'><strong>interim</strong></span> <span class='ocrx_word' id='word_1_90' title='bbox 919 1283 1254 1342; x_wconf 80' lang='lat' dir='ltr'><strong>solummodo</strong></span> <span class='ocrx_word' id='word_1_91' title='bbox 1280 1289 1344 1342; x_wconf 90' lang='lat' dir='ltr'><strong>ad</strong></span> <span class='ocrx_word' id='word_1_92' title='bbox 1375 1306 1564 1360; x_wconf 89' lang='lat' dir='ltr'><strong>purum</strong></span> <span class='ocrx_word' id='word_1_93' title='bbox 1609 1294 1675 1347; x_wconf 91' lang='lat' dir='ltr'><strong>de</strong></span> <span class='ocrx_word' id='word_1_94' title='bbox 1709 1308 1772 1349; x_wconf 90' lang='lat' dir='ltr'><strong>ea</strong></span> <span class='ocrx_word' id='word_1_95' title='bbox 1802 1309 1896 1350; x_wconf 54' lang='lat' dir='ltr'><strong>eo-</strong></span> 
     </span>
    </p>
   </div>
   <div class='ocr_carea' id='block_1_15' title="bbox 294 1370 1902 1452">
    <p class='ocr_par' dir='ltr' id='par_1_15' title="bbox 294 1370 1902 1452">
     <span class='ocr_line' id='line_1_15' title="bbox 294 1370 1902 1452; baseline 0.012 -33"><span class='ocrx_word' id='word_1_96' title='bbox 294 1370 648 1439; x_wconf 81' lang='lat' dir='ltr'><strong>guoscimus,</strong></span> <span class='ocrx_word' id='word_1_97' title='bbox 685 1372 830 1441; x_wconf 88' lang='lat' dir='ltr'><strong>quod</strong></span> <span class='ocrx_word' id='word_1_98' title='bbox 870 1389 974 1429; x_wconf 90' lang='lat' dir='ltr'><strong>non</strong></span> <span class='ocrx_word' id='word_1_99' title='bbox 1010 1376 1253 1444; x_wconf 90' lang='lat' dir='ltr'><strong>punitur,</strong></span> <span class='ocrx_word' id='word_1_100' title='bbox 1304 1393 1404 1434; x_wconf 89' lang='lat' dir='ltr'><strong>nec</strong></span> <span class='ocrx_word' id='word_1_101' title='bbox 1445 1396 1680 1451; x_wconf 83' lang='lat' dir='ltr'><strong>unquam</strong></span> <span class='ocrx_word' id='word_1_102' title='bbox 1718 1385 1902 1452; x_wconf 86' lang='lat' dir='ltr'><strong>punie-</strong></span> 
     </span>
    </p>
   </div>
   <div class='ocr_carea' id='block_1_16' title="bbox 302 1463 1900 1543">
    <p class='ocr_par' dir='ltr' id='par_1_16' title="bbox 302 1463 1900 1543">
     <span class='ocr_line' id='line_1_16' title="bbox 302 1463 1900 1543; baseline 0.01 -30"><span class='ocrx_word' id='word_1_103' title='bbox 302 1470 420 1522; x_wconf 87' lang='lat' dir='ltr'><strong>tttr,</strong></span> <span class='ocrx_word' id='word_1_104' title='bbox 451 1471 515 1516; x_wconf 89' lang='lat' dir='ltr'><strong>et</strong></span> <span class='ocrx_word' id='word_1_105' title='bbox 540 1463 681 1531; x_wconf 89' lang='lat' dir='ltr'><strong>quod</strong></span> <span class='ocrx_word' id='word_1_106' title='bbox 704 1463 937 1534; x_wconf 80' lang='lat' dir='ltr'><strong>dignitas</strong></span> <span class='ocrx_word' id='word_1_107' title='bbox 963 1481 1094 1522; x_wconf 89' lang='lat' dir='ltr'><strong>suae</strong></span> <span class='ocrx_word' id='word_1_108' title='bbox 1123 1468 1329 1537; x_wconf 85' lang='lat' dir='ltr'><strong>primae</strong></span> <span class='ocrx_word' id='word_1_109' title='bbox 1353 1472 1698 1536; x_wconf 86' lang='lat' dir='ltr'><strong>conditionis,</strong></span> <span class='ocrx_word' id='word_1_110' title='bbox 1724 1473 1900 1543; x_wconf 84' lang='lat' dir='ltr'><strong>prius-</strong></span> 
     </span>
    </p>
   </div>
   <div class='ocr_carea' id='block_1_17' title="bbox 298 1554 1902 1634">
    <p class='ocr_par' dir='ltr' id='par_1_17' title="bbox 298 1554 1902 1634">
     <span class='ocr_line' id='line_1_17' title="bbox 298 1554 1902 1634; baseline 0.009 -29"><span class='ocrx_word' id='word_1_111' title='bbox 298 1567 476 1621; x_wconf 88' lang='lat' dir='ltr'><strong>quam</strong></span> <span class='ocrx_word' id='word_1_112' title='bbox 534 1554 853 1625; x_wconf 87' lang='lat' dir='ltr'><strong>superhiret,</strong></span> <span class='ocrx_word' id='word_1_113' title='bbox 908 1557 1291 1629; x_wconf 79' lang='lat' dir='ltr'><strong>hominemque</strong></span> <span class='ocrx_word' id='word_1_114' title='bbox 1341 1562 1632 1632; x_wconf 75' lang='lat' dir='ltr'><strong>deciperet,</strong></span> <span class='ocrx_word' id='word_1_115' title='bbox 1687 1579 1902 1634; x_wconf 86' lang='lat' dir='ltr'><strong>semper</strong></span> 
     </span>
    </p>
   </div>
   <div class='ocr_carea' id='block_1_18' title="bbox 300 1642 1899 1722">
    <p class='ocr_par' dir='ltr' id='par_1_18' title="bbox 300 1642 1899 1722">
     <span class='ocr_line' id='line_1_18' title="bbox 300 1642 1899 1722; baseline 0.008 -26"><span class='ocrx_word' id='word_1_116' title='bbox 300 1642 730 1701; x_wconf 86' lang='lat' dir='ltr'><strong>immutabiliter</strong></span> <span class='ocrx_word' id='word_1_117' title='bbox 765 1646 968 1722; x_wconf 78' lang='lat' dir='ltr'><strong>absque</strong></span> <span class='ocrx_word' id='word_1_118' title='bbox 1008 1647 1114 1703; x_wconf 88' lang='lat' dir='ltr'><strong>ulla</strong></span> <span class='ocrx_word' id='word_1_119' title='bbox 1157 1649 1466 1721; x_wconf 78' lang='lat' dir='ltr'><strong>deruptione</strong></span> <span class='ocrx_word' id='word_1_120' title='bbox 1495 1652 1548 1707; x_wconf 89' lang='lat' dir='ltr'><strong>in</strong></span> <span class='ocrx_word' id='word_1_121' title='bbox 1584 1668 1649 1708; x_wconf 86' lang='lat' dir='ltr'><strong>ea</strong></span> <span class='ocrx_word' id='word_1_122' title='bbox 1696 1663 1899 1720; x_wconf 87' lang='lat' dir='ltr'><strong>manet,</strong></span> 
     </span>
    </p>
   </div>
   <div class='ocr_carea' id='block_1_19' title="bbox 2000 473 3575 545">
    <p class='ocr_par' dir='ltr' id='par_1_19' title="bbox 2000 473 3575 545">
     <span class='ocr_line' id='line_1_19' title="bbox 2000 473 3575 545; baseline 0.001 -20"><span class='ocrx_word' id='word_1_123' title='bbox 2000 473 2211 535; x_wconf 80' lang='lat' dir='ltr'><strong>trinitas</strong></span> <span class='ocrx_word' id='word_1_124' title='bbox 2259 489 2475 544; x_wconf 91' lang='lat' dir='ltr'><strong>quoque</strong></span> <span class='ocrx_word' id='word_1_125' title='bbox 2533 474 2891 529; x_wconf 77' lang='lat' dir='ltr'><strong>humanitatis</strong></span> <span class='ocrx_word' id='word_1_126' title='bbox 2933 473 3266 545; x_wconf 85' lang='lat' dir='ltr'><strong>intelligitur,</strong></span> <span class='ocrx_word' id='word_1_127' title='bbox 3315 487 3455 544; x_wconf 89' lang='lat' dir='ltr'><strong>quae</strong></span> <span class='ocrx_word' id='word_1_128' title='bbox 3491 482 3575 529; x_wconf 82' lang='lat' dir='ltr'><strong>est</strong></span> 
     </span>
    </p>
   </div>
   <div class='ocr_carea' id='block_1_20' title="bbox 1995 552 3576 635">
    <p class='ocr_par' dir='ltr' id='par_1_20' title="bbox 1995 552 3576 635">
     <span class='ocr_line' id='line_1_20' title="bbox 1995 552 3576 635; baseline 0.001 -18"><span class='ocrx_word' id='word_1_129' title='bbox 1995 579 2125 626; x_wconf 76' lang='lat' dir='ltr'><strong>esse,</strong></span> <span class='ocrx_word' id='word_1_130' title='bbox 2176 562 2321 627; x_wconf 72' lang='lat' dir='ltr'><strong>velle,</strong></span> <span class='ocrx_word' id='word_1_131' title='bbox 2375 562 2530 627; x_wconf 69' lang='lat' dir='ltr'><strong>scire,</strong></span> <span class='ocrx_word' id='word_1_132' title='bbox 2582 574 2661 619; x_wconf 36' lang='lat' dir='ltr'><strong>ut:</strong></span> <span class='ocrx_word' id='word_1_133' title='bbox 2678 552 2896 620; x_wconf 84' lang='lat' dir='ltr'><strong>sanctus</strong></span> <span class='ocrx_word' id='word_1_134' title='bbox 2949 564 3278 635; x_wconf 75' lang='lat' dir='ltr'><strong>Augustinus</strong></span> <span class='ocrx_word' id='word_1_135' title='bbox 3321 564 3374 618; x_wconf 92' lang='lat' dir='ltr'><strong>iu</strong></span> <span class='ocrx_word' id='word_1_136' title='bbox 3423 561 3576 618; x_wconf 86' lang='lat' dir='ltr'><strong>libris</strong></span> 
     </span>
    </p>
   </div>
   <div class='ocr_carea' id='block_1_21' title="bbox 1995 656 3576 731">
    <p class='ocr_par' dir='ltr' id='par_1_21' title="bbox 1995 656 3576 731">
     <span class='ocr_line' id='line_1_21' title="bbox 1995 656 3576 731; baseline 0 -18"><span class='ocrx_word' id='word_1_137' title='bbox 1995 656 2404 713; x_wconf 78' lang='lat' dir='ltr'><strong>Confessionum</strong></span> <span class='ocrx_word' id='word_1_138' title='bbox 2426 674 2642 715; x_wconf 88' lang='lat' dir='ltr'><strong>suarum</strong></span> <span class='ocrx_word' id='word_1_139' title='bbox 2669 662 2928 731; x_wconf 76' lang='lat' dir='ltr'><strong>diSputat.</strong></span> <span class='ocrx_word' id='word_1_140' title='bbox 2952 660 3150 716; x_wconf 75' lang='lat' dir='ltr'><strong>Beatus</strong></span> <span class='ocrx_word' id='word_1_141' title='bbox 3174 669 3356 717; x_wconf 87' lang='lat' dir='ltr'><strong>autem</strong></span> <span class='ocrx_word' id='word_1_142' title='bbox 3380 659 3576 731; x_wconf 86' lang='lat' dir='ltr'><strong>Diony-</strong></span> 
     </span>
    </p>
   </div>
   <div class='ocr_carea' id='block_1_22' title="bbox 1995 747 3575 817">
    <p class='ocr_par' dir='ltr' id='par_1_22' title="bbox 1995 747 3575 817">
     <span class='ocr_line' id='line_1_22' title="bbox 1995 747 3575 817; baseline 0.002 -17"><span class='ocrx_word' id='word_1_143' title='bbox 1995 747 2108 801; x_wconf 87' lang='lat' dir='ltr'><strong>sius</strong></span> <span class='ocrx_word' id='word_1_144' title='bbox 2146 747 2469 817; x_wconf 85' lang='lat' dir='ltr'><strong>Areopagita</strong></span> <span class='ocrx_word' id='word_1_145' title='bbox 2508 750 2732 805; x_wconf 72' lang='lat' dir='ltr'><strong>eandem</strong></span> <span class='ocrx_word' id='word_1_146' title='bbox 2768 750 3059 804; x_wconf 82' lang='lat' dir='ltr'><strong>trinitatem</strong></span> <span class='ocrx_word' id='word_1_147' title='bbox 3105 749 3421 809; x_wconf 85' lang='lat' dir='ltr'><strong>essentiam.</strong></span> <span class='ocrx_word' id='word_1_148' title='bbox 3464 748 3575 803; x_wconf 82' lang='lat' dir='ltr'><strong>vir-</strong></span> 
     </span>
    </p>
   </div>
   <div class='ocr_carea' id='block_1_23' title="bbox 1999 839 3577 912">
    <p class='ocr_par' dir='ltr' id='par_1_23' title="bbox 1999 839 3577 912">
     <span class='ocr_line' id='line_1_23' title="bbox 1999 839 3577 912; baseline 0 -18"><span class='ocrx_word' id='word_1_149' title='bbox 1999 848 2167 895; x_wconf 87' lang='lat' dir='ltr'><strong>tutem</strong></span> <span class='ocrx_word' id='word_1_150' title='bbox 2195 848 2250 895; x_wconf 88' lang='lat' dir='ltr'><strong>et</strong></span> <span class='ocrx_word' id='word_1_151' title='bbox 2288 841 2655 911; x_wconf 85' lang='lat' dir='ltr'><strong>operationem</strong></span> <span class='ocrx_word' id='word_1_152' title='bbox 2684 842 2959 912; x_wconf 83' lang='lat' dir='ltr'><strong>perdocet.</strong></span> <span class='ocrx_word' id='word_1_153' title='bbox 3004 840 3115 896; x_wconf 86' lang='lat' dir='ltr'><strong>Nec</strong></span> <span class='ocrx_word' id='word_1_154' title='bbox 3153 840 3295 894; x_wconf 87' lang='lat' dir='ltr'><strong>inter</strong></span> <span class='ocrx_word' id='word_1_155' title='bbox 3319 855 3378 895; x_wconf 91' lang='lat' dir='ltr'><strong>se</strong></span> <span class='ocrx_word' id='word_1_156' title='bbox 3406 839 3577 894; x_wconf 86' lang='lat' dir='ltr'><strong>disso-</strong></span> 
     </span>
    </p>
   </div>
   <div class='ocr_carea' id='block_1_24' title="bbox 1999 928 3577 1003">
    <p class='ocr_par' dir='ltr' id='par_1_24' title="bbox 1999 928 3577 1003">
     <span class='ocr_line' id='line_1_24' title="bbox 1999 928 3577 1003; baseline 0 -19"><span class='ocrx_word' id='word_1_157' title='bbox 1999 939 2160 997; x_wconf 91' lang='lat' dir='ltr'><strong>naut,</strong></span> <span class='ocrx_word' id='word_1_158' title='bbox 2200 931 2303 985; x_wconf 90' lang='lat' dir='ltr'><strong>nisi</strong></span> <span class='ocrx_word' id='word_1_159' title='bbox 2344 931 2396 985; x_wconf 93' lang='lat' dir='ltr'><strong>in</strong></span> <span class='ocrx_word' id='word_1_160' title='bbox 2440 931 2922 1003; x_wconf 77' lang='lat' dir='ltr'><strong>signiﬁcationibus</strong></span> <span class='ocrx_word' id='word_1_161' title='bbox 2954 931 3357 986; x_wconf 85' lang='lat' dir='ltr'><strong>vocabulorum.</strong></span> <span class='ocrx_word' id='word_1_162' title='bbox 3392 928 3577 1000; x_wconf 85' lang='lat' dir='ltr'><strong>Neque</strong></span> 
     </span>
    </p>
   </div>
   <div class='ocr_carea' id='block_1_25' title="bbox 1997 1020 3605 1091">
    <p class='ocr_par' dir='ltr' id='par_1_25' title="bbox 1997 1020 3605 1091">
     <span class='ocr_line' id='line_1_25' title="bbox 1997 1020 3605 1091; baseline 0 -17"><span class='ocrx_word' id='word_1_163' title='bbox 1997 1020 2101 1089; x_wconf 84' lang='lat' dir='ltr'><strong>hoc</strong></span> <span class='ocrx_word' id='word_1_164' title='bbox 2139 1020 2193 1075; x_wconf 92' lang='lat' dir='ltr'><strong>in</strong></span> <span class='ocrx_word' id='word_1_165' title='bbox 2227 1021 2504 1086; x_wconf 88' lang='lat' dir='ltr'><strong>omnibus;</strong></span> <span class='ocrx_word' id='word_1_166' title='bbox 2546 1024 2707 1077; x_wconf 87' lang='lat' dir='ltr'><strong>ambo</strong></span> <span class='ocrx_word' id='word_1_167' title='bbox 2744 1023 3007 1091; x_wconf 86' lang='lat' dir='ltr'><strong>siquidem</strong></span> <span class='ocrx_word' id='word_1_168' title='bbox 3038 1037 3156 1077; x_wconf 85' lang='lat' dir='ltr'><strong>esse</strong></span> <span class='ocrx_word' id='word_1_169' title='bbox 3191 1021 3405 1085; x_wconf 85' lang='lat' dir='ltr'><strong>dicunt,</strong></span> <span class='ocrx_word' id='word_1_170' title='bbox 3439 1020 3605 1075; x_wconf 85' lang='lat' dir='ltr'><strong>unus‘</strong></span> 
     </span>
    </p>
   </div>
   <div class='ocr_carea' id='block_1_26' title="bbox 2000 1109 3575 1179">
    <p class='ocr_par' dir='ltr' id='par_1_26' title="bbox 2000 1109 3575 1179">
     <span class='ocr_line' id='line_1_26' title="bbox 2000 1109 3575 1179; baseline -0.001 -14"><span class='ocrx_word' id='word_1_171' title='bbox 2000 1119 2180 1167; x_wconf 91' lang='lat' dir='ltr'><strong>autem</strong></span> <span class='ocrx_word' id='word_1_172' title='bbox 2208 1111 2365 1176; x_wconf 84' lang='lat' dir='ltr'><strong>velle,</strong></span> <span class='ocrx_word' id='word_1_173' title='bbox 2396 1112 2534 1166; x_wconf 82' lang='lat' dir='ltr'><strong>alter</strong></span> <span class='ocrx_word' id='word_1_174' title='bbox 2557 1113 2833 1169; x_wconf 84' lang='lat' dir='ltr'><strong>virtutem.</strong></span> <span class='ocrx_word' id='word_1_175' title='bbox 2861 1110 2968 1168; x_wconf 87' lang='lat' dir='ltr'><strong>Nec</strong></span> <span class='ocrx_word' id='word_1_176' title='bbox 3001 1113 3053 1167; x_wconf 92' lang='lat' dir='ltr'><strong>in</strong></span> <span class='ocrx_word' id='word_1_177' title='bbox 3092 1114 3194 1169; x_wconf 85' lang='lat' dir='ltr'><strong>hoc</strong></span> <span class='ocrx_word' id='word_1_178' title='bbox 3213 1109 3367 1179; x_wconf 81' lang='lat' dir='ltr'><strong>juxta</strong></span> <span class='ocrx_word' id='word_1_179' title='bbox 3395 1124 3575 1165; x_wconf 90' lang='lat' dir='ltr'><strong>rerum</strong></span> 
     </span>
    </p>
   </div>
   <div class='ocr_carea' id='block_1_27' title="bbox 1998 1202 3580 1275">
    <p class='ocr_par' dir='ltr' id='par_1_27' title="bbox 1998 1202 3580 1275">
     <span class='ocr_line' id='line_1_27' title="bbox 1998 1202 3580 1275; baseline -0.003 -16"><span class='ocrx_word' id='word_1_180' title='bbox 1998 1203 2419 1274; x_wconf 89' lang='lat' dir='ltr'><strong>speculationem</strong></span> <span class='ocrx_word' id='word_1_181' title='bbox 2450 1203 2592 1259; x_wconf 89' lang='lat' dir='ltr'><strong>inter</strong></span> <span class='ocrx_word' id='word_1_182' title='bbox 2617 1220 2677 1259; x_wconf 87' lang='lat' dir='ltr'><strong>se</strong></span> <span class='ocrx_word' id='word_1_183' title='bbox 2706 1204 3047 1275; x_wconf 77' lang='lat' dir='ltr'><strong>discrepant;</strong></span> <span class='ocrx_word' id='word_1_184' title='bbox 3085 1202 3227 1258; x_wconf 78' lang='lat' dir='ltr'><strong>nulla</strong></span> <span class='ocrx_word' id='word_1_185' title='bbox 3252 1203 3395 1258; x_wconf 89' lang='lat' dir='ltr'><strong>enim</strong></span> <span class='ocrx_word' id='word_1_186' title='bbox 3425 1210 3580 1257; x_wconf 85' lang='lat' dir='ltr'><strong>natu-</strong></span> 
     </span>
    </p>
   </div>
   <div class='ocr_carea' id='block_1_28' title="bbox 2002 1292 3576 1362">
    <p class='ocr_par' dir='ltr' id='par_1_28' title="bbox 2002 1292 3576 1362">
     <span class='ocr_line' id='line_1_28' title="bbox 2002 1292 3576 1362; baseline -0.003 -14"><span class='ocrx_word' id='word_1_187' title='bbox 2002 1292 2167 1348; x_wconf 90' lang='lat' dir='ltr'><strong>ralior</strong></span> <span class='ocrx_word' id='word_1_188' title='bbox 2195 1302 2250 1347; x_wconf 91' lang='lat' dir='ltr'><strong>et</strong></span> <span class='ocrx_word' id='word_1_189' title='bbox 2276 1294 2678 1349; x_wconf 75' lang='lat' dir='ltr'><strong>substantialior</strong></span> <span class='ocrx_word' id='word_1_190' title='bbox 2715 1295 2891 1348; x_wconf 89' lang='lat' dir='ltr'><strong>virtus</strong></span> <span class='ocrx_word' id='word_1_191' title='bbox 2913 1305 2997 1350; x_wconf 88' lang='lat' dir='ltr'><strong>est</strong></span> <span class='ocrx_word' id='word_1_192' title='bbox 3019 1294 3388 1358; x_wconf 82' lang='lat' dir='ltr'><strong>humanitatis,</strong></span> <span class='ocrx_word' id='word_1_193' title='bbox 3416 1307 3576 1362; x_wconf 86' lang='lat' dir='ltr'><strong>quam</strong></span> 
     </span>
    </p>
   </div>
   <div class='ocr_carea' id='block_1_29' title="bbox 2002 1383 3578 1454">
    <p class='ocr_par' dir='ltr' id='par_1_29' title="bbox 2002 1383 3578 1454">
     <span class='ocr_line' id='line_1_29' title="bbox 2002 1383 3578 1454; baseline -0.001 -18"><span class='ocrx_word' id='word_1_194' title='bbox 2002 1384 2140 1439; x_wconf 85' lang='lat' dir='ltr'><strong>bene</strong></span> <span class='ocrx_word' id='word_1_195' title='bbox 2171 1383 2324 1439; x_wconf 82' lang='lat' dir='ltr'><strong>velle.</strong></span> <span class='ocrx_word' id='word_1_196' title='bbox 2358 1383 2505 1439; x_wconf 88' lang='lat' dir='ltr'><strong>Unus</strong></span> <span class='ocrx_word' id='word_1_197' title='bbox 2544 1385 2671 1440; x_wconf 86' lang='lat' dir='ltr'><strong>item</strong></span> <span class='ocrx_word' id='word_1_198' title='bbox 2715 1386 2792 1439; x_wconf 91' lang='lat' dir='ltr'><strong>ait</strong></span> <span class='ocrx_word' id='word_1_199' title='bbox 2827 1386 2988 1447; x_wconf 86' lang='lat' dir='ltr'><strong>scire,</strong></span> <span class='ocrx_word' id='word_1_200' title='bbox 3015 1385 3152 1440; x_wconf 80' lang='lat' dir='ltr'><strong>alter</strong></span> <span class='ocrx_word' id='word_1_201' title='bbox 3187 1383 3578 1454; x_wconf 85' lang='lat' dir='ltr'><strong>operationem.</strong></span> 
     </span>
    </p>
   </div>
   <div class='ocr_carea' id='block_1_30' title="bbox 2004 1473 3581 1546">
    <p class='ocr_par' dir='ltr' id='par_1_30' title="bbox 2004 1473 3581 1546">
     <span class='ocr_line' id='line_1_30' title="bbox 2004 1473 3581 1546; baseline -0.001 -20"><span class='ocrx_word' id='word_1_202' title='bbox 2004 1473 2070 1526; x_wconf 85' lang='lat' dir='ltr'><strong>Et</strong></span> <span class='ocrx_word' id='word_1_203' title='bbox 2097 1488 2238 1543; x_wconf 88' lang='lat' dir='ltr'><strong>quae</strong></span> <span class='ocrx_word' id='word_1_204' title='bbox 2269 1482 2355 1529; x_wconf 89' lang='lat' dir='ltr'><strong>est</strong></span> <span class='ocrx_word' id='word_1_205' title='bbox 2392 1475 2726 1531; x_wconf 83' lang='lat' dir='ltr'><strong>rationabilis</strong></span> <span class='ocrx_word' id='word_1_206' title='bbox 2766 1484 2991 1530; x_wconf 87' lang='lat' dir='ltr'><strong>naturae</strong></span> <span class='ocrx_word' id='word_1_207' title='bbox 3038 1475 3316 1546; x_wconf 88' lang='lat' dir='ltr'><strong>operatio,</strong></span> <span class='ocrx_word' id='word_1_208' title='bbox 3368 1483 3581 1544; x_wconf 86' lang='lat' dir='ltr'><strong>praeter</strong></span> 
     </span>
    </p>
   </div>
   <div class='ocr_carea' id='block_1_31' title="bbox 2004 1562 3581 1636">
    <p class='ocr_par' dir='ltr' id='par_1_31' title="bbox 2004 1562 3581 1636">
     <span class='ocr_line' id='line_1_31' title="bbox 2004 1562 3581 1636; baseline -0.001 -19"><span class='ocrx_word' id='word_1_209' title='bbox 2004 1562 2236 1633; x_wconf 88' lang='lat' dir='ltr'><strong>seipsam</strong></span> <span class='ocrx_word' id='word_1_210' title='bbox 2266 1572 2320 1618; x_wconf 88' lang='lat' dir='ltr'><strong>et</strong></span> <span class='ocrx_word' id='word_1_211' title='bbox 2347 1564 2511 1619; x_wconf 90' lang='lat' dir='ltr'><strong>Deum</strong></span> <span class='ocrx_word' id='word_1_212' title='bbox 2540 1581 2718 1629; x_wconf 89' lang='lat' dir='ltr'><strong>suum,</strong></span> <span class='ocrx_word' id='word_1_213' title='bbox 2741 1574 3000 1636; x_wconf 88' lang='lat' dir='ltr'><strong>quantum</strong></span> <span class='ocrx_word' id='word_1_214' title='bbox 3040 1565 3200 1620; x_wconf 87' lang='lat' dir='ltr'><strong>datur</strong></span> <span class='ocrx_word' id='word_1_215' title='bbox 3236 1563 3359 1620; x_wconf 85' lang='lat' dir='ltr'><strong>sciri</strong></span> <span class='ocrx_word' id='word_1_216' title='bbox 3388 1566 3431 1628; x_wconf 81' lang='grc'><strong>⁵,</strong></span> <span class='ocrx_word' id='word_1_217' title='bbox 3459 1565 3581 1631; x_wconf 86' lang='lat' dir='ltr'><strong>quis</strong></span> 
     </span>
    </p>
   </div>
   <div class='ocr_carea' id='block_1_32' title="bbox 2006 1653 3585 1726">
    <p class='ocr_par' dir='ltr' id='par_1_32' title="bbox 2006 1653 3585 1726">
     <span class='ocr_line' id='line_1_32' title="bbox 2006 1653 3585 1726; baseline -0.001 -16"><span class='ocrx_word' id='word_1_218' title='bbox 2006 1664 2225 1724; x_wconf 89' lang='lat' dir='ltr'><strong>superat</strong></span> <span class='ocrx_word' id='word_1_219' title='bbox 2251 1670 2466 1711; x_wconf 88' lang='lat' dir='ltr'><strong>omnem</strong></span> <span class='ocrx_word' id='word_1_220' title='bbox 2500 1657 2817 1721; x_wconf 89' lang='lat' dir='ltr'><strong>scientiam,</strong></span> <span class='ocrx_word' id='word_1_221' title='bbox 2853 1657 3031 1712; x_wconf 80' lang='lat' dir='ltr'><strong>scire?</strong></span> <span class='ocrx_word' id='word_1_222' title='bbox 3055 1653 3199 1712; x_wconf 81' lang='lat' dir='ltr'><strong>llaec</strong></span> <span class='ocrx_word' id='word_1_223' title='bbox 3242 1670 3472 1726; x_wconf 87' lang='lat' dir='ltr'><strong>namque</strong></span> <span class='ocrx_word' id='word_1_224' title='bbox 3497 1665 3585 1710; x_wconf 88' lang='lat' dir='ltr'><strong>est</strong></span> 
     </span>
    </p>
   </div>
   <div class='ocr_carea' id='block_1_33' title="bbox 296 1736 3585 1819">
    <p class='ocr_par' dir='ltr' id='par_1_33' title="bbox 296 1736 3585 1819">
     <span class='ocr_line' id='line_1_33' title="bbox 296 1736 3585 1819; baseline 0.007 -30"><span class='ocrx_word' id='word_1_225' title='bbox 296 1736 668 1805; x_wconf 89' lang='lat' dir='ltr'><strong>manebitque</strong></span> <span class='ocrx_word' id='word_1_226' title='bbox 696 1739 747 1792; x_wconf 83' lang='lat' dir='ltr'><strong>iri</strong></span> <span class='ocrx_word' id='word_1_227' title='bbox 770 1748 1073 1804; x_wconf 87' lang='lat' dir='ltr'><strong>aeternum,</strong></span> <span class='ocrx_word' id='word_1_228' title='bbox 1096 1744 1311 1812; x_wconf 87' lang='lat' dir='ltr'><strong>etquod</strong></span> <span class='ocrx_word' id='word_1_229' title='bbox 1334 1745 1604 1814; x_wconf 88' lang='lat' dir='ltr'><strong>impietas,</strong></span> <span class='ocrx_word' id='word_1_230' title='bbox 1631 1762 1792 1817; x_wconf 88' lang='lat' dir='ltr'><strong>quam</strong></span> <span class='ocrx_word' id='word_1_231' title='bbox 1820 1762 1906 1803; x_wconf 88' lang='lat' dir='ltr'><strong>su-</strong></span> <span class='ocrx_word' id='word_1_232' title='bbox 1939 1737 1980 1796; x_wconf 80' lang='grc' dir='ltr'><strong><em>Β</em></strong></span> <span class='ocrx_word' id='word_1_233' title='bbox 2008 1747 2271 1803; x_wconf 88' lang='lat' dir='ltr'><strong>naturalis</strong></span> <span class='ocrx_word' id='word_1_234' title='bbox 2305 1756 2491 1803; x_wconf 89' lang='lat' dir='ltr'><strong>nostra</strong></span> <span class='ocrx_word' id='word_1_235' title='bbox 2523 1749 2800 1819; x_wconf 80' lang='lat' dir='ltr'><strong>operatio,</strong></span> <span class='ocrx_word' id='word_1_236' title='bbox 2830 1763 2966 1818; x_wconf 89' lang='lat' dir='ltr'><strong>quac</strong></span> <span class='ocrx_word' id='word_1_237' title='bbox 3009 1764 3113 1803; x_wconf 88' lang='lat' dir='ltr'><strong>non</strong></span> <span class='ocrx_word' id='word_1_238' title='bbox 3143 1757 3297 1808; x_wconf 66' lang='lat' dir='ltr'><strong>extra</strong></span> <span class='ocrx_word' id='word_1_239' title='bbox 3324 1762 3453 1810; x_wconf 71' lang='lat' dir='ltr'><strong>nos.</strong></span> <span class='ocrx_word' id='word_1_240' title='bbox 3488 1746 3585 1801; x_wconf 65' lang='grc' dir='ltr'><strong>θεά</strong></span> 
     </span>
    </p>
   </div>
   <div class='ocr_carea' id='block_1_34' title="bbox 299 1827 1904 1904">
    <p class='ocr_par' dir='ltr' id='par_1_34' title="bbox 299 1827 1904 1904">
     <span class='ocr_line' id='line_1_34' title="bbox 299 1827 1904 1904; baseline 0.01 -26"><span class='ocrx_word' id='word_1_241' title='bbox 299 1827 617 1895; x_wconf 84' lang='lat' dir='ltr'><strong>perhiendo</strong></span> <span class='ocrx_word' id='word_1_242' title='bbox 661 1837 997 1896; x_wconf 82' lang='lat' dir='ltr'><strong>attraxerat,</strong></span> <span class='ocrx_word' id='word_1_243' title='bbox 1038 1834 1255 1902; x_wconf 85' lang='lat' dir='ltr'><strong>penitus</strong></span> <span class='ocrx_word' id='word_1_244' title='bbox 1291 1834 1519 1904; x_wconf 87' lang='lat' dir='ltr'><strong>peribit,</strong></span> <span class='ocrx_word' id='word_1_245' title='bbox 1576 1853 1643 1892; x_wconf 91' lang='lat' dir='ltr'><strong>ne</strong></span> <span class='ocrx_word' id='word_1_246' title='bbox 1689 1837 1904 1894; x_wconf 86' lang='lat' dir='ltr'><strong>divinae</strong></span> 
     </span>
    </p>
   </div>
   <div class='ocr_carea' id='block_1_35' title="bbox 296 1919 1902 1997">
    <p class='ocr_par' dir='ltr' id='par_1_35' title="bbox 296 1919 1902 1997">
     <span class='ocr_line' id='line_1_35' title="bbox 296 1919 1902 1997; baseline 0.006 -24"><span class='ocrx_word' id='word_1_247' title='bbox 296 1919 551 1973; x_wconf 87' lang='lat' dir='ltr'><strong>bonitati</strong></span> <span class='ocrx_word' id='word_1_248' title='bbox 578 1928 862 1976; x_wconf 88' lang='lat' dir='ltr'><strong>coaeterna</strong></span> <span class='ocrx_word' id='word_1_249' title='bbox 893 1921 1008 1978; x_wconf 73' lang='lat' dir='ltr'><strong>fieri</strong></span> <span class='ocrx_word' id='word_1_250' title='bbox 1039 1926 1227 1995; x_wconf 90' lang='lat' dir='ltr'><strong>possit.</strong></span> <span class='ocrx_word' id='word_1_251' title='bbox 1259 1925 1337 1980; x_wconf 89' lang='lat' dir='ltr'><strong>De</strong></span> <span class='ocrx_word' id='word_1_252' title='bbox 1363 1926 1535 1981; x_wconf 88' lang='lat' dir='ltr'><strong>salute</strong></span> <span class='ocrx_word' id='word_1_253' title='bbox 1557 1936 1737 1982; x_wconf 89' lang='lat' dir='ltr'><strong>autem</strong></span> <span class='ocrx_word' id='word_1_254' title='bbox 1767 1926 1902 1997; x_wconf 86' lang='lat' dir='ltr'><strong>ejus,</strong></span> 
     </span>
    </p>
   </div>
   <div class='ocr_carea' id='block_1_36' title="bbox 299 2013 1907 2092">
    <p class='ocr_par' dir='ltr' id='par_1_36' title="bbox 299 2013 1907 2092">
     <span class='ocr_line' id='line_1_36' title="bbox 299 2013 1907 2092; baseline 0.007 -28"><span class='ocrx_word' id='word_1_255' title='bbox 299 2018 405 2064; x_wconf 82' lang='lat' dir='ltr'><strong>aut</strong></span> <span class='ocrx_word' id='word_1_256' title='bbox 445 2013 832 2078; x_wconf 83' lang='lat' dir='ltr'><strong>conversione,</strong></span> <span class='ocrx_word' id='word_1_257' title='bbox 878 2029 972 2068; x_wconf 90' lang='lat' dir='ltr'><strong>seu</strong></span> <span class='ocrx_word' id='word_1_258' title='bbox 1019 2014 1072 2069; x_wconf 92' lang='lat' dir='ltr'><strong>in</strong></span> <span class='ocrx_word' id='word_1_259' title='bbox 1111 2032 1330 2072; x_wconf 86' lang='lat' dir='ltr'><strong>causam</strong></span> <span class='ocrx_word' id='word_1_260' title='bbox 1374 2034 1528 2073; x_wconf 89' lang='lat' dir='ltr'><strong>suam</strong></span> <span class='ocrx_word' id='word_1_261' title='bbox 1569 2021 1744 2074; x_wconf 88' lang='lat' dir='ltr'><strong>reditu</strong></span> <span class='ocrx_word' id='word_1_262' title='bbox 1784 2037 1907 2092; x_wconf 88' lang='lat' dir='ltr'><strong>pro-</strong></span> 
     </span>
    </p>
   </div>
   <div class='ocr_carea' id='block_1_37' title="bbox 296 2101 1908 2183">
    <p class='ocr_par' dir='ltr' id='par_1_37' title="bbox 296 2101 1908 2183">
     <span class='ocr_line' id='line_1_37' title="bbox 296 2101 1908 2183; baseline 0.01 -30"><span class='ocrx_word' id='word_1_263' title='bbox 296 2110 503 2171; x_wconf 84' lang='lat' dir='ltr'><strong>pterea</strong></span> <span class='ocrx_word' id='word_1_264' title='bbox 545 2101 676 2156; x_wconf 90' lang='lat' dir='ltr'><strong>nihil</strong></span> <span class='ocrx_word' id='word_1_265' title='bbox 718 2102 943 2160; x_wconf 79' lang='lat' dir='ltr'><strong>delinire</strong></span> <span class='ocrx_word' id='word_1_266' title='bbox 981 2109 1408 2174; x_wconf 81' lang='lat' dir='ltr'><strong>praesumimus,</strong></span> <span class='ocrx_word' id='word_1_267' title='bbox 1449 2110 1701 2178; x_wconf 91' lang='lat' dir='ltr'><strong>quoniam</strong></span> <span class='ocrx_word' id='word_1_268' title='bbox 1731 2126 1908 2183; x_wconf 86' lang='lat' dir='ltr'><strong>neque</strong></span> 
     </span>
    </p>
   </div>
   <div class='ocr_carea' id='block_1_38' title="bbox 298 2194 1905 2271">
    <p class='ocr_par' dir='ltr' id='par_1_38' title="bbox 298 2194 1905 2271">
     <span class='ocr_line' id='line_1_38' title="bbox 298 2194 1905 2271; baseline 0.006 -24"><span class='ocrx_word' id='word_1_269' title='bbox 298 2194 536 2249; x_wconf 85' lang='lat' dir='ltr'><strong>divinae</strong></span> <span class='ocrx_word' id='word_1_270' title='bbox 562 2194 837 2256; x_wconf 87' lang='lat' dir='ltr'><strong>historiae.</strong></span> <span class='ocrx_word' id='word_1_271' title='bbox 862 2210 1038 2267; x_wconf 87' lang='lat' dir='ltr'><strong>neque</strong></span> <span class='ocrx_word' id='word_1_272' title='bbox 1057 2206 1366 2254; x_wconf 89' lang='lat' dir='ltr'><strong>sanctorum</strong></span> <span class='ocrx_word' id='word_1_273' title='bbox 1390 2200 1631 2266; x_wconf 84' lang='lat' dir='ltr'><strong>Patrum,</strong></span> <span class='ocrx_word' id='word_1_274' title='bbox 1663 2203 1753 2271; x_wconf 80' lang='lat' dir='ltr'><strong>qui</strong></span> <span class='ocrx_word' id='word_1_275' title='bbox 1786 2218 1905 2259; x_wconf 90' lang='lat' dir='ltr'><strong>eam</strong></span> 
     </span>
    </p>
   </div>
   <div class='ocr_carea' id='block_1_39' title="bbox 292 2286 1902 2359">
    <p class='ocr_par' dir='ltr' id='par_1_39' title="bbox 292 2286 1902 2359">
     <span class='ocr_line' id='line_1_39' title="bbox 292 2286 1902 2359; baseline 0.007 -22"><span class='ocrx_word' id='word_1_276' title='bbox 292 2298 643 2353; x_wconf 77' lang='lat' dir='ltr'><strong>exposuere,</strong></span> <span class='ocrx_word' id='word_1_277' title='bbox 693 2295 899 2340; x_wconf 69' lang='lat' dir='ltr'><strong>certam</strong></span> <span class='ocrx_word' id='word_1_278' title='bbox 943 2287 1009 2341; x_wconf 87' lang='lat' dir='ltr'><strong>de</strong></span> <span class='ocrx_word' id='word_1_279' title='bbox 1054 2286 1157 2342; x_wconf 90' lang='lat' dir='ltr'><strong>hoc</strong></span> <span class='ocrx_word' id='word_1_280' title='bbox 1201 2290 1573 2345; x_wconf 79' lang='lat' dir='ltr'><strong>auctoritatem</strong></span> <span class='ocrx_word' id='word_1_281' title='bbox 1606 2292 1902 2359; x_wconf 88' lang='lat' dir='ltr'><strong>habemus;</strong></span> 
     </span>
    </p>
   </div>
   <div class='ocr_carea' id='block_1_40' title="bbox 297 2375 1906 2444">
    <p class='ocr_par' dir='ltr' id='par_1_40' title="bbox 297 2375 1906 2444">
     <span class='ocr_line' id='line_1_40' title="bbox 297 2375 1906 2444; baseline 0.007 -16"><span class='ocrx_word' id='word_1_282' title='bbox 297 2384 479 2444; x_wconf 88' lang='lat' dir='ltr'><strong>atque</strong></span> <span class='ocrx_word' id='word_1_283' title='bbox 527 2376 650 2429; x_wconf 83' lang='lat' dir='ltr'><strong>ideo</strong></span> <span class='ocrx_word' id='word_1_284' title='bbox 696 2375 840 2431; x_wconf 87' lang='lat' dir='ltr'><strong>illam</strong></span> <span class='ocrx_word' id='word_1_285' title='bbox 881 2376 1268 2435; x_wconf 82' lang='lat' dir='ltr'><strong>obscuritatem</strong></span> <span class='ocrx_word' id='word_1_286' title='bbox 1315 2379 1528 2435; x_wconf 88' lang='lat' dir='ltr'><strong>silentio</strong></span> <span class='ocrx_word' id='word_1_287' title='bbox 1578 2382 1906 2440; x_wconf 77' lang='lat' dir='ltr'><strong>honorifica-</strong></span> 
     </span>
    </p>
   </div>
   <div class='ocr_carea' id='block_1_41' title="bbox 296 2463 1909 2540">
    <p class='ocr_par' dir='ltr' id='par_1_41' title="bbox 296 2463 1909 2540">
     <span class='ocr_line' id='line_1_41' title="bbox 296 2463 1909 2540; baseline 0.007 -23"><span class='ocrx_word' id='word_1_288' title='bbox 296 2478 451 2527; x_wconf 87' lang='lat' dir='ltr'><strong>mus,</strong></span> <span class='ocrx_word' id='word_1_289' title='bbox 491 2479 568 2517; x_wconf 81' lang='lat' dir='ltr'><strong>ne</strong></span> <span class='ocrx_word' id='word_1_290' title='bbox 596 2463 758 2539; x_wconf 74' lang='lat' dir='ltr'><strong>forte,</strong></span> <span class='ocrx_word' id='word_1_291' title='bbox 789 2481 930 2535; x_wconf 85' lang='lat' dir='ltr'><strong>quae</strong></span> <span class='ocrx_word' id='word_1_292' title='bbox 965 2476 1118 2522; x_wconf 85' lang='lat' dir='ltr'><strong>extra</strong></span> <span class='ocrx_word' id='word_1_293' title='bbox 1153 2484 1251 2523; x_wconf 91' lang='lat' dir='ltr'><strong>nos</strong></span> <span class='ocrx_word' id='word_1_294' title='bbox 1280 2479 1405 2523; x_wconf 88' lang='lat' dir='ltr'><strong>sunt</strong></span> <span class='ocrx_word' id='word_1_295' title='bbox 1435 2478 1475 2536; x_wconf 73' lang='grc' dir='ltr'><strong>ι,</strong></span> <span class='ocrx_word' id='word_1_296' title='bbox 1507 2486 1770 2540; x_wconf 88' lang='lat' dir='ltr'><strong>quaerere</strong></span> <span class='ocrx_word' id='word_1_297' title='bbox 1818 2488 1909 2529; x_wconf 89' lang='lat' dir='ltr'><strong>co-</strong></span> 
     </span>
    </p>
   </div>
   <div class='ocr_carea' id='block_1_42' title="bbox 294 2558 1908 2629">
    <p class='ocr_par' dir='ltr' id='par_1_42' title="bbox 294 2558 1908 2629">
     <span class='ocr_line' id='line_1_42' title="bbox 294 2558 1908 2629; baseline 0.005 -17"><span class='ocrx_word' id='word_1_298' title='bbox 294 2570 545 2622; x_wconf 81' lang='lat' dir='ltr'><strong>nantes,</strong></span> <span class='ocrx_word' id='word_1_299' title='bbox 576 2558 694 2628; x_wconf 87' lang='lat' dir='ltr'><strong>plus</strong></span> <span class='ocrx_word' id='word_1_300' title='bbox 716 2560 911 2615; x_wconf 78' lang='lat' dir='ltr'><strong>cadere</strong></span> <span class='ocrx_word' id='word_1_301' title='bbox 948 2562 998 2615; x_wconf 91' lang='lat' dir='ltr'><strong>in</strong></span> <span class='ocrx_word' id='word_1_302' title='bbox 1033 2576 1278 2616; x_wconf 90' lang='lat' dir='ltr'><strong>errorem</strong></span> <span class='ocrx_word' id='word_1_303' title='bbox 1299 2602 1315 2625; x_wconf 95' lang='lat'><strong>,</strong></span> <span class='ocrx_word' id='word_1_304' title='bbox 1338 2578 1499 2629; x_wconf 86' lang='lat' dir='ltr'><strong>quam</strong></span> <span class='ocrx_word' id='word_1_305' title='bbox 1531 2564 1822 2619; x_wconf 84' lang='lat' dir='ltr'><strong>ascendere</strong></span> <span class='ocrx_word' id='word_1_306' title='bbox 1846 2565 1908 2627; x_wconf 82' lang='lat' dir='ltr'><strong>in</strong></span> 
     </span>
    </p>
   </div>
   <div class='ocr_carea' id='block_1_43' title="bbox 294 2650 1909 2724">
    <p class='ocr_par' dir='ltr' id='par_1_43' title="bbox 294 2650 1909 2724">
     <span class='ocr_line' id='line_1_43' title="bbox 294 2650 1909 2724; baseline 0.008 -24"><span class='ocrx_word' id='word_1_307' title='bbox 294 2652 609 2705; x_wconf 74' lang='lat' dir='ltr'><strong>veritatem</strong></span> <span class='ocrx_word' id='word_1_308' title='bbox 651 2652 807 2707; x_wconf 89' lang='lat' dir='ltr'><strong>nobis</strong></span> <span class='ocrx_word' id='word_1_309' title='bbox 836 2650 1135 2724; x_wconf 77' lang='lat' dir='ltr'><strong>contingat.</strong></span> <span class='ocrx_word' id='word_1_310' title='bbox 1177 2652 1408 2709; x_wconf 83' lang='lat' dir='ltr'><strong>Proinde</strong></span> <span class='ocrx_word' id='word_1_311' title='bbox 1444 2656 1587 2724; x_wconf 88' lang='lat' dir='ltr'><strong>quod</strong></span> <span class='ocrx_word' id='word_1_312' title='bbox 1620 2667 1773 2711; x_wconf 79' lang='lat' dir='ltr'><strong>extra</strong></span> <span class='ocrx_word' id='word_1_313' title='bbox 1810 2673 1909 2713; x_wconf 89' lang='lat' dir='ltr'><strong>nos</strong></span> 
     </span>
    </p>
   </div>
   <div class='ocr_carea' id='block_1_44' title="bbox 292 2744 1911 2817">
    <p class='ocr_par' dir='ltr' id='par_1_44' title="bbox 292 2744 1911 2817">
     <span class='ocr_line' id='line_1_44' title="bbox 292 2744 1911 2817; baseline 0.004 -20"><span class='ocrx_word' id='word_1_314' title='bbox 292 2760 414 2797; x_wconf 83' lang='lat' dir='ltr'><strong>non</strong></span> <span class='ocrx_word' id='word_1_315' title='bbox 448 2751 566 2805; x_wconf 90' lang='lat' dir='ltr'><strong>est,</strong></span> <span class='ocrx_word' id='word_1_316' title='bbox 589 2752 827 2798; x_wconf 88' lang='lat' dir='ltr'><strong>nostram</strong></span> <span class='ocrx_word' id='word_1_317' title='bbox 863 2753 1109 2799; x_wconf 87' lang='lat' dir='ltr'><strong>naturam</strong></span> <span class='ocrx_word' id='word_1_318' title='bbox 1134 2744 1153 2777; x_wconf 84' lang='grc'>³</span> <span class='ocrx_word' id='word_1_319' title='bbox 1194 2746 1334 2810; x_wconf 86' lang='lat' dir='ltr'><strong>dico,</strong></span> <span class='ocrx_word' id='word_1_320' title='bbox 1357 2747 1493 2800; x_wconf 87' lang='lat' dir='ltr'><strong>duce</strong></span> <span class='ocrx_word' id='word_1_321' title='bbox 1518 2747 1626 2803; x_wconf 91' lang='lat' dir='ltr'><strong>Deo</strong></span> <span class='ocrx_word' id='word_1_322' title='bbox 1650 2764 1911 2817; x_wconf 88' lang='lat' dir='ltr'><strong>quaerere</strong></span> 
     </span>
    </p>
   </div>
   <div class='ocr_carea' id='block_1_45' title="bbox 296 2835 1910 2905">
    <p class='ocr_par' dir='ltr' id='par_1_45' title="bbox 296 2835 1910 2905">
     <span class='ocr_line' id='line_1_45' title="bbox 296 2835 1910 2905; baseline 0.006 -19"><span class='ocrx_word' id='word_1_323' title='bbox 296 2835 605 2888; x_wconf 79' lang='lat' dir='ltr'><strong>debemus.</strong></span> <span class='ocrx_word' id='word_1_324' title='bbox 659 2836 805 2890; x_wconf 78' lang='lat' dir='ltr'><strong>Disc.</strong></span> <span class='ocrx_word' id='word_1_325' title='bbox 851 2835 926 2890; x_wconf 90' lang='lat' dir='ltr'><strong>Ita</strong></span> <span class='ocrx_word' id='word_1_326' title='bbox 963 2845 1194 2905; x_wconf 85' lang='lat' dir='ltr'><strong>oportet.</strong></span> <span class='ocrx_word' id='word_1_327' title='bbox 1246 2836 1379 2891; x_wconf 85' lang='lat' dir='ltr'><strong>Natu</strong></span> <span class='ocrx_word' id='word_1_328' title='bbox 1432 2855 1539 2892; x_wconf 91' lang='lat' dir='ltr'><strong>non</strong></span> <span class='ocrx_word' id='word_1_329' title='bbox 1587 2839 1759 2895; x_wconf 87' lang='lat' dir='ltr'><strong>solum</strong></span> <span class='ocrx_word' id='word_1_330' title='bbox 1812 2856 1910 2896; x_wconf 88' lang='lat' dir='ltr'><strong>nos</strong></span> 
     </span>
    </p>
   </div>
   <div class='ocr_carea' id='block_1_46' title="bbox 295 2927 1911 3001">
    <p class='ocr_par' dir='ltr' id='par_1_46' title="bbox 295 2927 1911 3001">
     <span class='ocr_line' id='line_1_46' title="bbox 295 2927 1911 3001; baseline 0.005 -22"><span class='ocrx_word' id='word_1_331' title='bbox 295 2927 463 2995; x_wconf 88' lang='lat' dir='ltr'><strong>ipsos</strong></span> <span class='ocrx_word' id='word_1_332' title='bbox 507 2939 618 2978; x_wconf 82' lang='lat' dir='ltr'><strong>non</strong></span> <span class='ocrx_word' id='word_1_333' title='bbox 649 2927 1016 2995; x_wconf 84' lang='lat' dir='ltr'><strong>prohibemur,</strong></span> <span class='ocrx_word' id='word_1_334' title='bbox 1054 2942 1241 2982; x_wconf 91' lang='lat' dir='ltr'><strong>verum</strong></span> <span class='ocrx_word' id='word_1_335' title='bbox 1278 2929 1442 2984; x_wconf 89' lang='lat' dir='ltr'><strong>etiam</strong></span> <span class='ocrx_word' id='word_1_336' title='bbox 1467 2929 1721 2998; x_wconf 87' lang='lat' dir='ltr'><strong>jubemur</strong></span> <span class='ocrx_word' id='word_1_337' title='bbox 1745 2947 1911 3001; x_wconf 85' lang='lat' dir='ltr'><strong>quae-</strong></span> 
     </span>
    </p>
   </div>
   <div class='ocr_carea' id='block_1_47' title="bbox 298 3014 1907 3092">
    <p class='ocr_par' dir='ltr' id='par_1_47' title="bbox 298 3014 1907 3092">
     <span class='ocr_line' id='line_1_47' title="bbox 298 3014 1907 3092; baseline 0.004 -23"><span class='ocrx_word' id='word_1_338' title='bbox 298 3030 456 3078; x_wconf 85' lang='lat' dir='ltr'><strong>rere,</strong></span> <span class='ocrx_word' id='word_1_339' title='bbox 499 3016 720 3069; x_wconf 81' lang='lat' dir='ltr'><strong>dicente</strong></span> <span class='ocrx_word' id='word_1_340' title='bbox 757 3014 1043 3073; x_wconf 85' lang='lat' dir='ltr'><strong>Salomone</strong></span> <span class='ocrx_word' id='word_1_341' title='bbox 1085 3032 1101 3072; x_wconf 91' lang='lat'><strong>:</strong></span> <span class='ocrx_word' id='word_1_342' title='bbox 1152 3017 1277 3074; x_wconf 78' lang='lat' dir='ltr'><strong>Nisi</strong></span> <span class='ocrx_word' id='word_1_343' title='bbox 1323 3023 1623 3089; x_wconf 76' lang='lat' dir='ltr'><strong>cognoveris</strong></span> <span class='ocrx_word' id='word_1_344' title='bbox 1660 3024 1907 3092; x_wconf 76' lang='lat' dir='ltr'><strong>lcipsum,</strong></span> 
     </span>
    </p>
   </div>
   <div class='ocr_carea' id='block_1_48' title="bbox 2007 1840 3583 1911">
    <p class='ocr_par' dir='ltr' id='par_1_48' title="bbox 2007 1840 3583 1911">
     <span class='ocr_line' id='line_1_48' title="bbox 2007 1840 3583 1911; baseline -0.003 -16"><span class='ocrx_word' id='word_1_345' title='bbox 2007 1840 2144 1895; x_wconf 87' lang='lat' dir='ltr'><strong>intra</strong></span> <span class='ocrx_word' id='word_1_346' title='bbox 2175 1855 2273 1895; x_wconf 90' lang='lat' dir='ltr'><strong>nos</strong></span> <span class='ocrx_word' id='word_1_347' title='bbox 2296 1842 2594 1897; x_wconf 89' lang='lat' dir='ltr'><strong>constituta</strong></span> <span class='ocrx_word' id='word_1_348' title='bbox 2619 1851 2723 1896; x_wconf 85' lang='lat' dir='ltr'><strong>est.</strong></span> <span class='ocrx_word' id='word_1_349' title='bbox 2751 1840 2889 1908; x_wconf 84' lang='lat' dir='ltr'><strong>Quid</strong></span> <span class='ocrx_word' id='word_1_350' title='bbox 2914 1841 3059 1896; x_wconf 82' lang='lat' dir='ltr'><strong>enim</strong></span> <span class='ocrx_word' id='word_1_351' title='bbox 3083 1855 3239 1898; x_wconf 89' lang='lat' dir='ltr'><strong>nosse</strong></span> <span class='ocrx_word' id='word_1_352' title='bbox 3262 1840 3583 1911; x_wconf 86' lang='lat' dir='ltr'><strong>appetimus,</strong></span> 
     </span>
    </p>
   </div>
   <div class='ocr_carea' id='block_1_49' title="bbox 2007 1930 3586 2001">
    <p class='ocr_par' dir='ltr' id='par_1_49' title="bbox 2007 1930 3586 2001">
     <span class='ocr_line' id='line_1_49' title="bbox 2007 1930 3586 2001; baseline -0.001 -16"><span class='ocrx_word' id='word_1_353' title='bbox 2007 1931 2110 1985; x_wconf 91' lang='lat' dir='ltr'><strong>nisi</strong></span> <span class='ocrx_word' id='word_1_354' title='bbox 2136 1947 2354 1987; x_wconf 85' lang='lat' dir='ltr'><strong>causam</strong></span> <span class='ocrx_word' id='word_1_355' title='bbox 2388 1943 2626 1987; x_wconf 89' lang='lat' dir='ltr'><strong>nostram</strong></span> <span class='ocrx_word' id='word_1_356' title='bbox 2658 1933 2797 1987; x_wconf 89' lang='lat' dir='ltr'><strong>intra</strong></span> <span class='ocrx_word' id='word_1_357' title='bbox 2821 1948 2917 1987; x_wconf 90' lang='lat' dir='ltr'><strong>nos</strong></span> <span class='ocrx_word' id='word_1_358' title='bbox 2947 1930 3200 1986; x_wconf 59' lang='lat' dir='ltr'><strong>inelirbili</strong></span> <span class='ocrx_word' id='word_1_359' title='bbox 3231 1930 3586 2001; x_wconf 79' lang='lat' dir='ltr'><strong>providentia,</strong></span> 
     </span>
    </p>
   </div>
   <div class='ocr_carea' id='block_1_50' title="bbox 2006 2023 3584 2094">
    <p class='ocr_par' dir='ltr' id='par_1_50' title="bbox 2006 2023 3584 2094">
     <span class='ocr_line' id='line_1_50' title="bbox 2006 2023 3584 2094; baseline -0.002 -15"><span class='ocrx_word' id='word_1_360' title='bbox 2006 2030 2061 2079; x_wconf 91' lang='lat' dir='ltr'><strong>et</strong></span> <span class='ocrx_word' id='word_1_361' title='bbox 2090 2023 2227 2077; x_wconf 89' lang='lat' dir='ltr'><strong>ttltra</strong></span> <span class='ocrx_word' id='word_1_362' title='bbox 2261 2038 2359 2078; x_wconf 78' lang='lat' dir='ltr'><strong>nos</strong></span> <span class='ocrx_word' id='word_1_363' title='bbox 2390 2023 2915 2094; x_wconf 80' lang='lat' dir='ltr'><strong>incomprelicnsihili</strong></span> <span class='ocrx_word' id='word_1_364' title='bbox 2947 2024 3178 2079; x_wconf 86' lang='lat' dir='ltr'><strong>virtute?</strong></span> <span class='ocrx_word' id='word_1_365' title='bbox 3218 2024 3294 2078; x_wconf 83' lang='lat' dir='ltr'><strong>Ac</strong></span> <span class='ocrx_word' id='word_1_366' title='bbox 3322 2025 3388 2077; x_wconf 88' lang='lat' dir='ltr'><strong>de</strong></span> <span class='ocrx_word' id='word_1_367' title='bbox 3417 2024 3504 2078; x_wconf 90' lang='lat' dir='ltr'><strong>his</strong></span> <span class='ocrx_word' id='word_1_368' title='bbox 3533 2024 3584 2076; x_wconf 90' lang='lat' dir='ltr'><strong>in</strong></span> 
     </span>
    </p>
   </div>
   <div class='ocr_carea' id='block_1_51' title="bbox 2007 2115 3590 2186">
    <p class='ocr_par' dir='ltr' id='par_1_51' title="bbox 2007 2115 3590 2186">
     <span class='ocr_line' id='line_1_51' title="bbox 2007 2115 3590 2186; baseline -0.003 -15"><span class='ocrx_word' id='word_1_369' title='bbox 2007 2115 2375 2186; x_wconf 85' lang='lat' dir='ltr'><strong>superioribus</strong></span> <span class='ocrx_word' id='word_1_370' title='bbox 2415 2116 2568 2171; x_wconf 87' lang='lat' dir='ltr'><strong>lihris</strong></span> <span class='ocrx_word' id='word_1_371' title='bbox 2607 2118 2740 2172; x_wconf 82' lang='lat' dir='ltr'><strong>satis</strong></span> <span class='ocrx_word' id='word_1_372' title='bbox 2781 2118 2921 2172; x_wconf 82' lang='lat' dir='ltr'><strong>inter</strong></span> <span class='ocrx_word' id='word_1_373' title='bbox 2949 2133 3044 2172; x_wconf 89' lang='lat' dir='ltr'><strong>nos</strong></span> <span class='ocrx_word' id='word_1_374' title='bbox 3069 2126 3152 2171; x_wconf 85' lang='lat' dir='ltr'><strong>est</strong></span> <span class='ocrx_word' id='word_1_375' title='bbox 3180 2126 3381 2179; x_wconf 83' lang='lat' dir='ltr'><strong>actum,</strong></span> <span class='ocrx_word' id='word_1_376' title='bbox 3411 2126 3470 2169; x_wconf 84' lang='lat' dir='ltr'><strong>ut</strong></span> <span class='ocrx_word' id='word_1_377' title='bbox 3503 2132 3590 2168; x_wconf 81' lang='lat' dir='ltr'><strong>ar-</strong></span> 
     </span>
    </p>
   </div>
   <div class='ocr_carea' id='block_1_52' title="bbox 2007 2205 3633 2278">
    <p class='ocr_par' dir='ltr' id='par_1_52' title="bbox 2007 2205 3633 2278">
     <span class='ocr_line' id='line_1_52' title="bbox 2007 2205 3633 2278; baseline -0.001 -18"><span class='ocrx_word' id='word_1_378' title='bbox 2007 2205 2198 2260; x_wconf 89' lang='lat' dir='ltr'><strong>bitror.</strong></span> <span class='ocrx_word' id='word_1_379' title='bbox 2227 2205 2364 2261; x_wconf 75' lang='lat' dir='ltr'><strong>Mite.</strong></span> <span class='ocrx_word' id='word_1_380' title='bbox 2395 2205 2539 2262; x_wconf 80' lang='lat' dir='ltr'><strong>Satis</strong></span> <span class='ocrx_word' id='word_1_381' title='bbox 2566 2206 2808 2278; x_wconf 79' lang='lat' dir='ltr'><strong>profecto</strong></span> <span class='ocrx_word' id='word_1_382' title='bbox 2841 2225 2854 2261; x_wconf 90' lang='lat'><strong>:</strong></span> <span class='ocrx_word' id='word_1_383' title='bbox 2886 2208 2979 2263; x_wconf 89' lang='lat' dir='ltr'><strong>sed</strong></span> <span class='ocrx_word' id='word_1_384' title='bbox 3013 2207 3202 2262; x_wconf 87' lang='lat' dir='ltr'><strong>eadem</strong></span> <span class='ocrx_word' id='word_1_385' title='bbox 3239 2217 3501 2277; x_wconf 87' lang='lat' dir='ltr'><strong>repetere,</strong></span> <span class='ocrx_word' id='word_1_386' title='bbox 3532 2215 3597 2259; x_wconf 81' lang='lat' dir='ltr'><strong>ut</strong></span> <span class='ocrx_word' id='word_1_387' title='bbox 3627 2206 3633 2213; x_wconf 82' lang='lat'><strong>&#39;</strong></span> 
     </span>
    </p>
   </div>
   <div class='ocr_carea' id='block_1_53' title="bbox 2007 2293 3586 2368">
    <p class='ocr_par' dir='ltr' id='par_1_53' title="bbox 2007 2293 3586 2368">
     <span class='ocr_line' id='line_1_53' title="bbox 2007 2293 3586 2368; baseline -0.001 -20"><span class='ocrx_word' id='word_1_388' title='bbox 2007 2293 2207 2349; x_wconf 89' lang='lat' dir='ltr'><strong>clarius</strong></span> <span class='ocrx_word' id='word_1_389' title='bbox 2241 2294 2579 2360; x_wconf 84' lang='lat' dir='ltr'><strong>eluccscaut,</strong></span> <span class='ocrx_word' id='word_1_390' title='bbox 2619 2312 2723 2350; x_wconf 89' lang='lat' dir='ltr'><strong>non</strong></span> <span class='ocrx_word' id='word_1_391' title='bbox 2754 2305 2804 2350; x_wconf 91' lang='lat' dir='ltr'><strong>te</strong></span> <span class='ocrx_word' id='word_1_392' title='bbox 2839 2297 3016 2368; x_wconf 82' lang='lat' dir='ltr'><strong>pigeat</strong></span> <span class='ocrx_word' id='word_1_393' title='bbox 3058 2311 3156 2357; x_wconf 87' lang='lat' dir='ltr'><strong>nec</strong></span> <span class='ocrx_word' id='word_1_394' title='bbox 3188 2297 3402 2365; x_wconf 84' lang='lat' dir='ltr'><strong>pudeat.</strong></span> <span class='ocrx_word' id='word_1_395' title='bbox 3443 2297 3586 2351; x_wconf 70' lang='lat' dir='ltr'><strong>Due.</strong></span> 
     </span>
    </p>
   </div>
   <div class='ocr_carea' id='block_1_54' title="bbox 2009 2381 3590 2456">
    <p class='ocr_par' dir='ltr' id='par_1_54' title="bbox 2009 2381 3590 2456">
     <span class='ocr_line' id='line_1_54' title="bbox 2009 2381 3590 2456; baseline 0.001 -20"><span class='ocrx_word' id='word_1_396' title='bbox 2009 2381 2373 2453; x_wconf 81' lang='lat' dir='ltr'><strong>Nequaquam.</strong></span> <span class='ocrx_word' id='word_1_397' title='bbox 2403 2384 2538 2441; x_wconf 73' lang='lat' dir='ltr'><strong>MAG.</strong></span> <span class='ocrx_word' id='word_1_398' title='bbox 2561 2385 2654 2439; x_wconf 84' lang='lat' dir='ltr'><strong>Est</strong></span> <span class='ocrx_word' id='word_1_399' title='bbox 2674 2386 2838 2455; x_wconf 82' lang='lat' dir='ltr'><strong>igitur</strong></span> <span class='ocrx_word' id='word_1_400' title='bbox 2853 2386 3161 2441; x_wconf 86' lang='lat' dir='ltr'><strong>humanitas</strong></span> <span class='ocrx_word' id='word_1_401' title='bbox 3178 2385 3403 2456; x_wconf 77' lang='lat' dir='ltr'><strong>simplex</strong></span> <span class='ocrx_word' id='word_1_402' title='bbox 3426 2402 3590 2456; x_wconf 83' lang='lat' dir='ltr'><strong>quae-</strong></span> 
     </span>
    </p>
   </div>
   <div class='ocr_carea' id='block_1_55' title="bbox 2010 2474 3591 2547">
    <p class='ocr_par' dir='ltr' id='par_1_55' title="bbox 2010 2474 3591 2547">
     <span class='ocr_line' id='line_1_55' title="bbox 2010 2474 3591 2547; baseline 0.001 -19"><span class='ocrx_word' id='word_1_403' title='bbox 2010 2474 2168 2538; x_wconf 86' lang='lat' dir='ltr'><strong>dam,</strong></span> <span class='ocrx_word' id='word_1_404' title='bbox 2200 2483 2256 2528; x_wconf 89' lang='lat' dir='ltr'><strong>et</strong></span> <span class='ocrx_word' id='word_1_405' title='bbox 2299 2475 2352 2528; x_wconf 91' lang='lat' dir='ltr'><strong>in</strong></span> <span class='ocrx_word' id='word_1_406' title='bbox 2399 2475 2701 2531; x_wconf 88' lang='lat' dir='ltr'><strong>rationibus</strong></span> <span class='ocrx_word' id='word_1_407' title='bbox 2743 2477 2855 2531; x_wconf 88' lang='lat' dir='ltr'><strong>suis</strong></span> <span class='ocrx_word' id='word_1_408' title='bbox 2902 2477 2954 2530; x_wconf 92' lang='lat' dir='ltr'><strong>in</strong></span> <span class='ocrx_word' id='word_1_409' title='bbox 3000 2477 3267 2531; x_wconf 81' lang='lat' dir='ltr'><strong>inﬁnitum</strong></span> <span class='ocrx_word' id='word_1_410' title='bbox 3315 2476 3591 2547; x_wconf 77' lang='lat' dir='ltr'><strong>multiplex</strong></span> 
     </span>
    </p>
   </div>
   <div class='ocr_carea' id='block_1_56' title="bbox 2011 2567 3593 2638">
    <p class='ocr_par' dir='ltr' id='par_1_56' title="bbox 2011 2567 3593 2638">
     <span class='ocr_line' id='line_1_56' title="bbox 2011 2567 3593 2638; baseline 0 -18"><span class='ocrx_word' id='word_1_411' title='bbox 2011 2573 2276 2625; x_wconf 87' lang='lat' dir='ltr'><strong>creatura,</strong></span> <span class='ocrx_word' id='word_1_412' title='bbox 2308 2567 2756 2634; x_wconf 87' lang='lat' dir='ltr'><strong>quemadmodum</strong></span> <span class='ocrx_word' id='word_1_413' title='bbox 2782 2575 2838 2621; x_wconf 87' lang='lat' dir='ltr'><strong>et</strong></span> <span class='ocrx_word' id='word_1_414' title='bbox 2862 2582 2956 2621; x_wconf 88' lang='lat' dir='ltr'><strong>sua</strong></span> <span class='ocrx_word' id='word_1_415' title='bbox 2985 2582 3148 2623; x_wconf 84' lang='lat' dir='ltr'><strong>causa</strong></span> <span class='ocrx_word' id='word_1_416' title='bbox 3178 2568 3230 2621; x_wconf 90' lang='lat' dir='ltr'><strong>in</strong></span> <span class='ocrx_word' id='word_1_417' title='bbox 3256 2568 3431 2638; x_wconf 89' lang='lat' dir='ltr'><strong>seipsa</strong></span> <span class='ocrx_word' id='word_1_418' title='bbox 3463 2567 3593 2622; x_wconf 86' lang='lat' dir='ltr'><strong>sim-</strong></span> 
     </span>
    </p>
   </div>
   <div class='ocr_carea' id='block_1_57' title="bbox 2010 2653 3590 2724">
    <p class='ocr_par' dir='ltr' id='par_1_57' title="bbox 2010 2653 3590 2724">
     <span class='ocr_line' id='line_1_57' title="bbox 2010 2653 3590 2724; baseline 0.001 -17"><span class='ocrx_word' id='word_1_419' title='bbox 2010 2653 2133 2724; x_wconf 79' lang='lat' dir='ltr'><strong>plex</strong></span> <span class='ocrx_word' id='word_1_420' title='bbox 2159 2662 2244 2711; x_wconf 89' lang='lat' dir='ltr'><strong>est</strong></span> <span class='ocrx_word' id='word_1_421' title='bbox 2269 2664 2324 2710; x_wconf 89' lang='lat' dir='ltr'><strong>et</strong></span> <span class='ocrx_word' id='word_1_422' title='bbox 2351 2654 2630 2724; x_wconf 87' lang='lat' dir='ltr'><strong>plusquam</strong></span> <span class='ocrx_word' id='word_1_423' title='bbox 2666 2656 2913 2724; x_wconf 73' lang='lat' dir='ltr'><strong>simplex,</strong></span> <span class='ocrx_word' id='word_1_424' title='bbox 2944 2667 2998 2711; x_wconf 87' lang='lat' dir='ltr'><strong>et</strong></span> <span class='ocrx_word' id='word_1_425' title='bbox 3028 2659 3078 2711; x_wconf 91' lang='lat' dir='ltr'><strong>iu</strong></span> <span class='ocrx_word' id='word_1_426' title='bbox 3105 2656 3480 2712; x_wconf 85' lang='lat' dir='ltr'><strong>occasionibus</strong></span> <span class='ocrx_word' id='word_1_427' title='bbox 3512 2672 3590 2710; x_wconf 57' lang='lat' dir='ltr'><strong>re-</strong></span> 
     </span>
    </p>
   </div>
   <div class='ocr_carea' id='block_1_58' title="bbox 2011 2744 3589 2818">
    <p class='ocr_par' dir='ltr' id='par_1_58' title="bbox 2011 2744 3589 2818">
     <span class='ocr_line' id='line_1_58' title="bbox 2011 2744 3589 2818; baseline 0.001 -21"><span class='ocrx_word' id='word_1_428' title='bbox 2011 2759 2130 2797; x_wconf 89' lang='lat' dir='ltr'><strong>rum</strong></span> <span class='ocrx_word' id='word_1_429' title='bbox 2157 2744 2227 2798; x_wconf 88' lang='lat' dir='ltr'><strong>ah</strong></span> <span class='ocrx_word' id='word_1_430' title='bbox 2271 2760 2332 2798; x_wconf 86' lang='lat' dir='ltr'><strong>ea</strong></span> <span class='ocrx_word' id='word_1_431' title='bbox 2386 2745 2645 2801; x_wconf 81' lang='lat' dir='ltr'><strong>factarum</strong></span> <span class='ocrx_word' id='word_1_432' title='bbox 2691 2745 2898 2801; x_wconf 83' lang='lat' dir='ltr'><strong>inﬁnita</strong></span> <span class='ocrx_word' id='word_1_433' title='bbox 2945 2755 2999 2802; x_wconf 91' lang='lat' dir='ltr'><strong>et</strong></span> <span class='ocrx_word' id='word_1_434' title='bbox 3039 2747 3322 2818; x_wconf 88' lang='lat' dir='ltr'><strong>plusquam</strong></span> <span class='ocrx_word' id='word_1_435' title='bbox 3362 2746 3589 2801; x_wconf 72' lang='lat' dir='ltr'><strong>infinita.</strong></span> 
     </span>
    </p>
   </div>
   <div class='ocr_carea' id='block_1_59' title="bbox 2012 2834 3596 2907">
    <p class='ocr_par' dir='ltr' id='par_1_59' title="bbox 2012 2834 3596 2907">
     <span class='ocr_line' id='line_1_59' title="bbox 2012 2834 3596 2907; baseline 0.001 -18"><span class='ocrx_word' id='word_1_436' title='bbox 2012 2834 2109 2890; x_wconf 77' lang='lat' dir='ltr'><strong>Est</strong></span> <span class='ocrx_word' id='word_1_437' title='bbox 2134 2844 2310 2889; x_wconf 88' lang='lat' dir='ltr'><strong>autem</strong></span> <span class='ocrx_word' id='word_1_438' title='bbox 2339 2852 2500 2893; x_wconf 86' lang='lat' dir='ltr'><strong>causa</strong></span> <span class='ocrx_word' id='word_1_439' title='bbox 2530 2836 2645 2906; x_wconf 85' lang='lat' dir='ltr'><strong>ejus</strong></span> <span class='ocrx_word' id='word_1_440' title='bbox 2671 2852 2881 2891; x_wconf 89' lang='lat' dir='ltr'><strong>summa</strong></span> <span class='ocrx_word' id='word_1_441' title='bbox 2912 2853 2977 2893; x_wconf 88' lang='lat' dir='ltr'><strong>ac</strong></span> <span class='ocrx_word' id='word_1_442' title='bbox 3015 2838 3037 2869; x_wconf 82' lang='grc'><strong>⁸</strong></span> <span class='ocrx_word' id='word_1_443' title='bbox 3085 2839 3201 2893; x_wconf 89' lang='lat' dir='ltr'><strong>sola</strong></span> <span class='ocrx_word' id='word_1_444' title='bbox 3230 2853 3329 2907; x_wconf 88' lang='lat' dir='ltr'><strong>per</strong></span> <span class='ocrx_word' id='word_1_445' title='bbox 3354 2852 3412 2893; x_wconf 90' lang='lat' dir='ltr'><strong>se</strong></span> <span class='ocrx_word' id='word_1_446' title='bbox 3440 2837 3596 2892; x_wconf 87' lang='lat' dir='ltr'><strong>boui-</strong></span> 
     </span>
    </p>
   </div>
   <div class='ocr_carea' id='block_1_60' title="bbox 2014 2928 3590 2991">
    <p class='ocr_par' dir='ltr' id='par_1_60' title="bbox 2014 2928 3590 2991">
     <span class='ocr_line' id='line_1_60' title="bbox 2014 2928 3590 2991; baseline 0 -9"><span class='ocrx_word' id='word_1_447' title='bbox 2014 2936 2118 2991; x_wconf 88' lang='lat' dir='ltr'><strong>tas,</strong></span> <span class='ocrx_word' id='word_1_448' title='bbox 2150 2928 2236 2983; x_wconf 90' lang='lat' dir='ltr'><strong>cui</strong></span> <span class='ocrx_word' id='word_1_449' title='bbox 2267 2928 2537 2983; x_wconf 83' lang='lat' dir='ltr'><strong>simillima</strong></span> <span class='ocrx_word' id='word_1_450' title='bbox 2574 2937 2658 2983; x_wconf 90' lang='lat' dir='ltr'><strong>est</strong></span> <span class='ocrx_word' id='word_1_451' title='bbox 2697 2929 3027 2985; x_wconf 88' lang='lat' dir='ltr'><strong>humanitas.</strong></span> <span class='ocrx_word' id='word_1_452' title='bbox 3079 2929 3148 2985; x_wconf 89' lang='lat' dir='ltr'><strong>Ut</strong></span> <span class='ocrx_word' id='word_1_453' title='bbox 3183 2931 3325 2985; x_wconf 85' lang='lat' dir='ltr'><strong>enim</strong></span> <span class='ocrx_word' id='word_1_454' title='bbox 3361 2931 3450 2985; x_wconf 89' lang='lat' dir='ltr'><strong>illa</strong></span> <span class='ocrx_word' id='word_1_455' title='bbox 3482 2939 3590 2985; x_wconf 89' lang='lat' dir='ltr'><strong>tota</strong></span> 
     </span>
    </p>
   </div>
   <div class='ocr_carea' id='block_1_61' title="bbox 2014 3019 3592 3092">
    <p class='ocr_par' dir='ltr' id='par_1_61' title="bbox 2014 3019 3592 3092">
     <span class='ocr_line' id='line_1_61' title="bbox 2014 3019 3592 3092; baseline -0.001 -19"><span class='ocrx_word' id='word_1_456' title='bbox 2014 3020 2214 3088; x_wconf 88' lang='lat' dir='ltr'><strong>ubique</strong></span> <span class='ocrx_word' id='word_1_457' title='bbox 2251 3019 2304 3073; x_wconf 94' lang='lat' dir='ltr'><strong>in</strong></span> <span class='ocrx_word' id='word_1_458' title='bbox 2336 3019 2509 3087; x_wconf 84' lang='lat' dir='ltr'><strong>scipsa</strong></span> <span class='ocrx_word' id='word_1_459' title='bbox 2537 3027 2658 3083; x_wconf 88' lang='lat' dir='ltr'><strong>est,</strong></span> <span class='ocrx_word' id='word_1_460' title='bbox 2689 3020 2759 3075; x_wconf 85' lang='lat' dir='ltr'><strong>ita</strong></span> <span class='ocrx_word' id='word_1_461' title='bbox 2810 3031 2862 3076; x_wconf 87' lang='lat' dir='ltr'><strong>et</strong></span> <span class='ocrx_word' id='word_1_462' title='bbox 2902 3021 3028 3084; x_wconf 91' lang='lat' dir='ltr'><strong>ista,</strong></span> <span class='ocrx_word' id='word_1_463' title='bbox 3069 3021 3321 3092; x_wconf 90' lang='lat' dir='ltr'><strong>quoniam</strong></span> <span class='ocrx_word' id='word_1_464' title='bbox 3351 3030 3372 3061; x_wconf 70' lang='grc' dir='ltr'><strong>ν</strong></span> <span class='ocrx_word' id='word_1_465' title='bbox 3426 3020 3592 3075; x_wconf 87' lang='lat' dir='ltr'><strong>simil-</strong></span> 
     </span>
    </p>
   </div>
   <div class='ocr_carea' id='block_1_62' title="bbox 295 3084 3593 3183">
    <p class='ocr_par' dir='ltr' id='par_1_62' title="bbox 295 3084 3593 3183">
     <span class='ocr_line' id='line_1_62' title="bbox 295 3084 3593 3183; baseline 0.003 -27"><span class='ocrx_word' id='word_1_466' title='bbox 295 3105 443 3157; x_wconf 74' lang='lat' dir='ltr'><strong>rade</strong></span> <span class='ocrx_word' id='word_1_467' title='bbox 471 3106 536 3157; x_wconf 84' lang='lat' dir='ltr'><strong>in</strong></span> <span class='ocrx_word' id='word_1_468' title='bbox 570 3106 679 3157; x_wconf 78' lang='lat' dir='ltr'><strong>vias</strong></span> <span class='ocrx_word' id='word_1_469' title='bbox 715 3121 950 3175; x_wconf 75' lang='lat' dir='ltr'><strong>gregum.</strong></span> <span class='ocrx_word' id='word_1_470' title='bbox 990 3105 1105 3161; x_wconf 90' lang='lat' dir='ltr'><strong>Non</strong></span> <span class='ocrx_word' id='word_1_471' title='bbox 1146 3111 1290 3164; x_wconf 88' lang='lat' dir='ltr'><strong>enim</strong></span> <span class='ocrx_word' id='word_1_472' title='bbox 1326 3084 1483 3179; x_wconf 76' lang='lat' dir='ltr'><strong>longe</strong></span> <span class='ocrx_word' id='word_1_473' title='bbox 1523 3127 1551 3165; x_wconf 91' lang='lat' dir='ltr'><strong>a</strong></span> <span class='ocrx_word' id='word_1_474' title='bbox 1582 3084 1757 3168; x_wconf 77' lang='lat' dir='ltr'><strong>brutis</strong></span> <span class='ocrx_word' id='word_1_475' title='bbox 1785 3084 1905 3167; x_wconf 45' lang='lat' dir='ltr'><strong>aui;</strong></span> <span class='ocrx_word' id='word_1_476' title='bbox 1937 3084 1984 3148; x_wconf 69' lang='grc' dir='ltr'><strong>ο</strong></span> <span class='ocrx_word' id='word_1_477' title='bbox 2014 3084 2141 3164; x_wconf 78' lang='lat' dir='ltr'><strong>lima</strong></span> <span class='ocrx_word' id='word_1_478' title='bbox 2171 3110 2346 3180; x_wconf 81' lang='lat' dir='ltr'><strong>imago</strong></span> <span class='ocrx_word' id='word_1_479' title='bbox 2368 3084 2452 3166; x_wconf 80' lang='lat' dir='ltr'><strong>est</strong></span> <span class='ocrx_word' id='word_1_480' title='bbox 2469 3110 2513 3175; x_wconf 73' lang='grc'><strong>⁸,</strong></span> <span class='ocrx_word' id='word_1_481' title='bbox 2538 3111 2732 3180; x_wconf 83' lang='lat' dir='ltr'><strong>ubique</strong></span> <span class='ocrx_word' id='word_1_482' title='bbox 2762 3112 2814 3165; x_wconf 90' lang='lat' dir='ltr'><strong>in</strong></span> <span class='ocrx_word' id='word_1_483' title='bbox 2843 3113 3019 3182; x_wconf 81' lang='lat' dir='ltr'><strong>scipsa</strong></span> <span class='ocrx_word' id='word_1_484' title='bbox 3052 3084 3159 3167; x_wconf 77' lang='lat' dir='ltr'><strong>tota</strong></span> <span class='ocrx_word' id='word_1_485' title='bbox 3184 3123 3288 3168; x_wconf 89' lang='lat' dir='ltr'><strong>est.</strong></span> <span class='ocrx_word' id='word_1_486' title='bbox 3316 3113 3384 3166; x_wconf 84' lang='lat' dir='ltr'><strong>Et</strong></span> <span class='ocrx_word' id='word_1_487' title='bbox 3406 3128 3593 3183; x_wconf 83' lang='lat' dir='ltr'><strong>quem-</strong></span> 
     </span>
    </p>
   </div>
   <div class='ocr_carea' id='block_1_63' title="bbox 300 3193 1905 3271">
    <p class='ocr_par' dir='ltr' id='par_1_63' title="bbox 300 3193 1905 3271">
     <span class='ocr_line' id='line_1_63' title="bbox 300 3193 1905 3271; baseline 0.006 -24"><span class='ocrx_word' id='word_1_488' title='bbox 300 3193 560 3248; x_wconf 86' lang='lat' dir='ltr'><strong>malihus</strong></span> <span class='ocrx_word' id='word_1_489' title='bbox 587 3194 781 3258; x_wconf 81' lang='lat' dir='ltr'><strong>distat,</strong></span> <span class='ocrx_word' id='word_1_490' title='bbox 817 3198 908 3264; x_wconf 71' lang='lat' dir='ltr'><strong>Qui</strong></span> <span class='ocrx_word' id='word_1_491' title='bbox 940 3197 1171 3266; x_wconf 89' lang='lat' dir='ltr'><strong>seipsmn</strong></span> <span class='ocrx_word' id='word_1_492' title='bbox 1207 3214 1659 3271; x_wconf 86' lang='lat' dir='ltr'><strong>communemque</strong></span> <span class='ocrx_word' id='word_1_493' title='bbox 1687 3204 1905 3257; x_wconf 83' lang='lat' dir='ltr'><strong>humani</strong></span> 
     </span>
    </p>
   </div>
   <div class='ocr_carea' id='block_1_64' title="bbox 297 3287 1910 3361">
    <p class='ocr_par' dir='ltr' id='par_1_64' title="bbox 297 3287 1910 3361">
     <span class='ocr_line' id='line_1_64' title="bbox 297 3287 1910 3361; baseline 0.005 -20"><span class='ocrx_word' id='word_1_494' title='bbox 297 3287 540 3357; x_wconf 76' lang='lat' dir='ltr'><strong>generis</strong></span> <span class='ocrx_word' id='word_1_495' title='bbox 572 3297 821 3343; x_wconf 80' lang='lat' dir='ltr'><strong>naturam</strong></span> <span class='ocrx_word' id='word_1_496' title='bbox 862 3290 1088 3356; x_wconf 76' lang='lat' dir='ltr'><strong>ignorat.</strong></span> <span class='ocrx_word' id='word_1_497' title='bbox 1125 3291 1333 3361; x_wconf 72' lang='lat' dir='ltr'><strong>Moyses</strong></span> <span class='ocrx_word' id='word_1_498' title='bbox 1364 3292 1488 3348; x_wconf 87' lang='lat' dir='ltr'><strong>item</strong></span> <span class='ocrx_word' id='word_1_499' title='bbox 1517 3308 1533 3346; x_wconf 92' lang='lat'><strong>:</strong></span> <span class='ocrx_word' id='word_1_500' title='bbox 1568 3296 1790 3351; x_wconf 62' lang='lat' dir='ltr'><strong>Attende</strong></span> <span class='ocrx_word' id='word_1_501' title='bbox 1815 3294 1910 3349; x_wconf 84' lang='lat' dir='ltr'><strong>tibi</strong></span> 
     </span>
    </p>
   </div>
   <div class='ocr_carea' id='block_1_65' title="bbox 2013 3199 3593 3272">
    <p class='ocr_par' dir='ltr' id='par_1_65' title="bbox 2013 3199 3593 3272">
     <span class='ocr_line' id='line_1_65' title="bbox 2013 3199 3593 3272; baseline 0 -18"><span class='ocrx_word' id='word_1_502' title='bbox 2013 3199 2300 3254; x_wconf 83' lang='lat' dir='ltr'><strong>admodum</strong></span> <span class='ocrx_word' id='word_1_503' title='bbox 2328 3199 2508 3254; x_wconf 88' lang='lat' dir='ltr'><strong>divina</strong></span> <span class='ocrx_word' id='word_1_504' title='bbox 2537 3200 2755 3256; x_wconf 87' lang='lat' dir='ltr'><strong>bonitas</strong></span> <span class='ocrx_word' id='word_1_505' title='bbox 2786 3202 2836 3255; x_wconf 90' lang='lat' dir='ltr'><strong>in</strong></span> <span class='ocrx_word' id='word_1_506' title='bbox 2867 3204 3119 3257; x_wconf 88' lang='lat' dir='ltr'><strong>omnibus</strong></span> <span class='ocrx_word' id='word_1_507' title='bbox 3146 3202 3593 3272; x_wconf 84' lang='lat' dir='ltr'><strong>participautihus</strong></span> 
     </span>
    </p>
   </div>
   <div class='ocr_carea' id='block_1_66' title="bbox 2012 3291 3591 3362">
    <p class='ocr_par' dir='ltr' id='par_1_66' title="bbox 2012 3291 3591 3362">
     <span class='ocr_line' id='line_1_66' title="bbox 2012 3291 3591 3362; baseline -0.001 -16"><span class='ocrx_word' id='word_1_508' title='bbox 2012 3305 2070 3346; x_wconf 89' lang='lat' dir='ltr'><strong>se</strong></span> <span class='ocrx_word' id='word_1_509' title='bbox 2096 3298 2204 3345; x_wconf 90' lang='lat' dir='ltr'><strong>tota</strong></span> <span class='ocrx_word' id='word_1_510' title='bbox 2235 3298 2339 3353; x_wconf 87' lang='lat' dir='ltr'><strong>est,</strong></span> <span class='ocrx_word' id='word_1_511' title='bbox 2364 3301 2420 3346; x_wconf 89' lang='lat' dir='ltr'><strong>et</strong></span> <span class='ocrx_word' id='word_1_512' title='bbox 2445 3291 2644 3346; x_wconf 87' lang='lat' dir='ltr'><strong>nullius</strong></span> <span class='ocrx_word' id='word_1_513' title='bbox 2666 3292 2889 3358; x_wconf 90' lang='lat' dir='ltr'><strong>malitia,</strong></span> <span class='ocrx_word' id='word_1_514' title='bbox 2922 3308 3013 3347; x_wconf 89' lang='lat' dir='ltr'><strong>seu</strong></span> <span class='ocrx_word' id='word_1_515' title='bbox 3047 3293 3295 3355; x_wconf 90' lang='lat' dir='ltr'><strong>stultitia,</strong></span> <span class='ocrx_word' id='word_1_516' title='bbox 3323 3308 3414 3347; x_wconf 86' lang='lat' dir='ltr'><strong>seu</strong></span> <span class='ocrx_word' id='word_1_517' title='bbox 3444 3293 3591 3362; x_wconf 78' lang='lat' dir='ltr'><strong>igno-</strong></span> 
     </span>
    </p>
   </div>
   <div class='ocr_carea' id='block_1_67' title="bbox 296 3378 1912 3451">
    <p class='ocr_par' dir='ltr' id='par_1_67' title="bbox 296 3378 1912 3451">
     <span class='ocr_line' id='line_1_67' title="bbox 296 3378 1912 3451; baseline 0.006 -20"><span class='ocrx_word' id='word_1_518' title='bbox 296 3379 434 3446; x_wconf 71' lang='lat' dir='ltr'><strong>ipsi,</strong></span> <span class='ocrx_word' id='word_1_519' title='bbox 469 3378 580 3441; x_wconf 89' lang='lat' dir='ltr'><strong>ait,</strong></span> <span class='ocrx_word' id='word_1_520' title='bbox 608 3387 663 3432; x_wconf 87' lang='lat' dir='ltr'><strong>et</strong></span> <span class='ocrx_word' id='word_1_521' title='bbox 689 3378 805 3447; x_wconf 82' lang='lat' dir='ltr'><strong>lege</strong></span> <span class='ocrx_word' id='word_1_522' title='bbox 827 3380 990 3434; x_wconf 77' lang='lat' dir='ltr'><strong>veluti</strong></span> <span class='ocrx_word' id='word_1_523' title='bbox 1024 3382 1076 3434; x_wconf 91' lang='lat' dir='ltr'><strong>in</strong></span> <span class='ocrx_word' id='word_1_524' title='bbox 1107 3381 1263 3447; x_wconf 89' lang='lat' dir='ltr'><strong>libro,</strong></span> <span class='ocrx_word' id='word_1_525' title='bbox 1295 3379 1667 3451; x_wconf 77' lang='lat' dir='ltr'><strong>operationem</strong></span> <span class='ocrx_word' id='word_1_526' title='bbox 1697 3386 1912 3441; x_wconf 79' lang='lat' dir='ltr'><strong>animae</strong></span> 
     </span>
    </p>
   </div>
   <div class='ocr_carea' id='block_1_68' title="bbox 299 3469 1913 3547">
    <p class='ocr_par' dir='ltr' id='par_1_68' title="bbox 299 3469 1913 3547">
     <span class='ocr_line' id='line_1_68' title="bbox 299 3469 1913 3547; baseline 0.004 -23"><span class='ocrx_word' id='word_1_527' title='bbox 299 3470 634 3525; x_wconf 87' lang='lat' dir='ltr'><strong>historiam.</strong></span> <span class='ocrx_word' id='word_1_528' title='bbox 666 3469 723 3525; x_wconf 92' lang='lat' dir='ltr'><strong>Si</strong></span> <span class='ocrx_word' id='word_1_529' title='bbox 752 3472 895 3528; x_wconf 88' lang='lat' dir='ltr'><strong>enim</strong></span> <span class='ocrx_word' id='word_1_530' title='bbox 926 3490 1025 3529; x_wconf 90' lang='lat' dir='ltr'><strong>nos</strong></span> <span class='ocrx_word' id='word_1_531' title='bbox 1062 3475 1206 3545; x_wconf 86' lang='lat' dir='ltr'><strong>ipsos</strong></span> <span class='ocrx_word' id='word_1_532' title='bbox 1248 3490 1407 3531; x_wconf 88' lang='lat' dir='ltr'><strong>nosse</strong></span> <span class='ocrx_word' id='word_1_533' title='bbox 1445 3486 1504 3531; x_wconf 92' lang='lat' dir='ltr'><strong>et</strong></span> <span class='ocrx_word' id='word_1_534' title='bbox 1528 3493 1790 3547; x_wconf 87' lang='lat' dir='ltr'><strong>quaerere</strong></span> <span class='ocrx_word' id='word_1_535' title='bbox 1817 3495 1913 3531; x_wconf 85' lang='lat' dir='ltr'><strong>nu-</strong></span> 
     </span>
    </p>
   </div>
   <div class='ocr_carea' id='block_1_69' title="bbox 296 3559 1909 3637">
    <p class='ocr_par' dir='ltr' id='par_1_69' title="bbox 296 3559 1909 3637">
     <span class='ocr_line' id='line_1_69' title="bbox 296 3559 1909 3637; baseline 0.004 -21"><span class='ocrx_word' id='word_1_536' title='bbox 296 3559 521 3626; x_wconf 88' lang='lat' dir='ltr'><strong>lumus,</strong></span> <span class='ocrx_word' id='word_1_537' title='bbox 559 3562 804 3630; x_wconf 80' lang='lat' dir='ltr'><strong>profecto</strong></span> <span class='ocrx_word' id='word_1_538' title='bbox 837 3565 902 3618; x_wconf 87' lang='lat' dir='ltr'><strong>ad</strong></span> <span class='ocrx_word' id='word_1_539' title='bbox 932 3566 1016 3629; x_wconf 87' lang='lat' dir='ltr'><strong>id,</strong></span> <span class='ocrx_word' id='word_1_540' title='bbox 1048 3568 1189 3635; x_wconf 87' lang='lat' dir='ltr'><strong>quod</strong></span> <span class='ocrx_word' id='word_1_541' title='bbox 1227 3584 1386 3637; x_wconf 87' lang='lat' dir='ltr'><strong>supra</strong></span> <span class='ocrx_word' id='word_1_542' title='bbox 1425 3584 1522 3624; x_wconf 89' lang='lat' dir='ltr'><strong>nos</strong></span> <span class='ocrx_word' id='word_1_543' title='bbox 1551 3579 1651 3633; x_wconf 86' lang='lat' dir='ltr'><strong>est,</strong></span> <span class='ocrx_word' id='word_1_544' title='bbox 1691 3584 1909 3625; x_wconf 87' lang='lat' dir='ltr'><strong>causam</strong></span> 
     </span>
    </p>
   </div>
   <div class='ocr_carea' id='block_1_70' title="bbox 296 3654 1914 3735">
    <p class='ocr_par' dir='ltr' id='par_1_70' title="bbox 296 3654 1914 3735">
     <span class='ocr_line' id='line_1_70' title="bbox 296 3654 1914 3735; baseline 0.004 -27"><span class='ocrx_word' id='word_1_545' title='bbox 296 3654 535 3709; x_wconf 82' lang='lat' dir='ltr'><strong>scilicet</strong></span> <span class='ocrx_word' id='word_1_546' title='bbox 569 3663 828 3717; x_wconf 88' lang='lat' dir='ltr'><strong>nostram,</strong></span> <span class='ocrx_word' id='word_1_547' title='bbox 861 3656 1038 3713; x_wconf 83' lang='lat' dir='ltr'><strong>redire</strong></span> <span class='ocrx_word' id='word_1_548' title='bbox 1066 3672 1169 3735; x_wconf 81' lang='lat' dir='ltr'><strong>non</strong></span> <span class='ocrx_word' id='word_1_549' title='bbox 1187 3656 1578 3724; x_wconf 85' lang='lat' dir='ltr'><strong>desideramus,</strong></span> <span class='ocrx_word' id='word_1_550' title='bbox 1603 3675 1667 3713; x_wconf 88' lang='lat' dir='ltr'><strong>ac</strong></span> <span class='ocrx_word' id='word_1_551' title='bbox 1694 3674 1791 3728; x_wconf 87' lang='lat' dir='ltr'><strong>per</strong></span> <span class='ocrx_word' id='word_1_552' title='bbox 1813 3662 1914 3714; x_wconf 89' lang='lat' dir='ltr'><strong>hoc</strong></span> 
     </span>
    </p>
   </div>
   <div class='ocr_carea' id='block_1_71' title="bbox 301 3744 1913 3819">
    <p class='ocr_par' dir='ltr' id='par_1_71' title="bbox 301 3744 1913 3819">
     <span class='ocr_line' id='line_1_71' title="bbox 301 3744 1913 3819; baseline 0.004 -22"><span class='ocrx_word' id='word_1_553' title='bbox 301 3745 358 3798; x_wconf 91' lang='lat' dir='ltr'><strong>in</strong></span> <span class='ocrx_word' id='word_1_554' title='bbox 390 3744 679 3815; x_wconf 86' lang='lat' dir='ltr'><strong>grahbato</strong></span> <span class='ocrx_word' id='word_1_555' title='bbox 704 3745 938 3800; x_wconf 83' lang='lat' dir='ltr'><strong>carnalis</strong></span> <span class='ocrx_word' id='word_1_556' title='bbox 966 3746 1227 3801; x_wconf 84' lang='lat' dir='ltr'><strong>materiae</strong></span> <span class='ocrx_word' id='word_1_557' title='bbox 1262 3757 1540 3818; x_wconf 83' lang='lat' dir='ltr'><strong>morteque</strong></span> <span class='ocrx_word' id='word_1_558' title='bbox 1579 3750 1913 3819; x_wconf 87' lang='lat' dir='ltr'><strong>ignorantiae</strong></span> 
     </span>
    </p>
   </div>
   <div class='ocr_carea' id='block_1_72' title="bbox 289 3826 1916 3908">
    <p class='ocr_par' dir='ltr' id='par_1_72' title="bbox 289 3826 1916 3908">
     <span class='ocr_line' id='line_1_72' title="bbox 289 3826 1916 3908; baseline 0.003 -20"><span class='ocrx_word' id='word_1_559' title='bbox 289 3826 650 3902; x_wconf 77' lang='lat' dir='ltr'><strong>jacebimus.</strong></span> <span class='ocrx_word' id='word_1_560' title='bbox 690 3833 840 3890; x_wconf 88' lang='lat' dir='ltr'><strong>Nulla</strong></span> <span class='ocrx_word' id='word_1_561' title='bbox 879 3836 1077 3906; x_wconf 89' lang='lat' dir='ltr'><strong>quippe</strong></span> <span class='ocrx_word' id='word_1_562' title='bbox 1111 3836 1214 3892; x_wconf 86' lang='lat' dir='ltr'><strong>alia</strong></span> <span class='ocrx_word' id='word_1_563' title='bbox 1253 3839 1335 3892; x_wconf 87' lang='lat' dir='ltr'><strong>via</strong></span> <span class='ocrx_word' id='word_1_564' title='bbox 1373 3848 1460 3893; x_wconf 86' lang='lat' dir='ltr'><strong>est</strong></span> <span class='ocrx_word' id='word_1_565' title='bbox 1494 3840 1561 3894; x_wconf 81' lang='lat' dir='ltr'><strong>ad</strong></span> <span class='ocrx_word' id='word_1_566' title='bbox 1602 3838 1916 3908; x_wconf 85' lang='lat' dir='ltr'><strong>principalis</strong></span> 
     </span>
    </p>
   </div>
   <div class='ocr_carea' id='block_1_73' title="bbox 301 3922 1920 3999">
    <p class='ocr_par' dir='ltr' id='par_1_73' title="bbox 301 3922 1920 3999">
     <span class='ocr_line' id='line_1_73' title="bbox 301 3922 1920 3999; baseline 0.004 -23"><span class='ocrx_word' id='word_1_567' title='bbox 301 3922 563 3992; x_wconf 80' lang='lat' dir='ltr'><strong>exempli</strong></span> <span class='ocrx_word' id='word_1_568' title='bbox 602 3925 946 3992; x_wconf 88' lang='lat' dir='ltr'><strong>purissimam</strong></span> <span class='ocrx_word' id='word_1_569' title='bbox 986 3927 1495 3996; x_wconf 86' lang='lat' dir='ltr'><strong>contemplationem</strong></span> <span class='ocrx_word' id='word_1_570' title='bbox 1538 3937 1754 3997; x_wconf 87' lang='lat' dir='ltr'><strong>praeter</strong></span> <span class='ocrx_word' id='word_1_571' title='bbox 1793 3945 1920 3999; x_wconf 85' lang='lat' dir='ltr'><strong>pro-</strong></span> 
     </span>
    </p>
   </div>
   <div class='ocr_carea' id='block_1_74' title="bbox 301 4012 1916 4085">
    <p class='ocr_par' dir='ltr' id='par_1_74' title="bbox 301 4012 1916 4085">
     <span class='ocr_line' id='line_1_74' title="bbox 301 4012 1916 4085; baseline 0.003 -18"><span class='ocrx_word' id='word_1_572' title='bbox 301 4016 506 4068; x_wconf 79' lang='lat' dir='ltr'><strong>ximae</strong></span> <span class='ocrx_word' id='word_1_573' title='bbox 534 4012 642 4067; x_wconf 83' lang='lat' dir='ltr'><strong>sibi</strong></span> <span class='ocrx_word' id='word_1_574' title='bbox 666 4028 794 4068; x_wconf 82' lang='lat' dir='ltr'><strong>suae</strong></span> <span class='ocrx_word' id='word_1_575' title='bbox 816 4014 1067 4085; x_wconf 87' lang='lat' dir='ltr'><strong>imaginis</strong></span> <span class='ocrx_word' id='word_1_576' title='bbox 1086 4017 1445 4072; x_wconf 86' lang='lat' dir='ltr'><strong>certissimam</strong></span> <span class='ocrx_word' id='word_1_577' title='bbox 1476 4018 1744 4074; x_wconf 84' lang='lat' dir='ltr'><strong>notitiam.</strong></span> <span class='ocrx_word' id='word_1_578' title='bbox 1772 4018 1916 4075; x_wconf 85' lang='lat' dir='ltr'><strong>Inter</strong></span> 
     </span>
    </p>
   </div>
   <div class='ocr_carea' id='block_1_75' title="bbox 297 4104 1913 4182">
    <p class='ocr_par' dir='ltr' id='par_1_75' title="bbox 297 4104 1913 4182">
     <span class='ocr_line' id='line_1_75' title="bbox 297 4104 1913 4182; baseline 0.006 -23"><span class='ocrx_word' id='word_1_579' title='bbox 297 4104 632 4176; x_wconf 81' lang='lat' dir='ltr'><strong>principale</strong></span> <span class='ocrx_word' id='word_1_580' title='bbox 664 4121 895 4176; x_wconf 89' lang='lat' dir='ltr'><strong>namque</strong></span> <span class='ocrx_word' id='word_1_581' title='bbox 919 4108 1225 4176; x_wconf 84' lang='lat' dir='ltr'><strong>exemplum</strong></span> <span class='ocrx_word' id='word_1_582' title='bbox 1257 4110 1654 4182; x_wconf 87' lang='lat' dir='ltr'><strong>imaginemque</strong></span> <span class='ocrx_word' id='word_1_583' title='bbox 1680 4121 1736 4167; x_wconf 89' lang='lat' dir='ltr'><strong>et</strong></span> <span class='ocrx_word' id='word_1_584' title='bbox 1759 4113 1913 4169; x_wconf 90' lang='lat' dir='ltr'><strong>simi-</strong></span> 
     </span>
    </p>
   </div>
   <div class='ocr_carea' id='block_1_76' title="bbox 300 4192 3592 4269">
    <p class='ocr_par' dir='ltr' id='par_1_76' title="bbox 300 4192 3592 4269">
     <span class='ocr_line' id='line_1_76' title="bbox 300 4192 3592 4269; baseline 0.003 -21"><span class='ocrx_word' id='word_1_585' title='bbox 300 4196 616 4250; x_wconf 85' lang='lat' dir='ltr'><strong>litudinem</strong></span> <span class='ocrx_word' id='word_1_586' title='bbox 644 4196 746 4259; x_wconf 88' lang='lat' dir='ltr'><strong>sui,</strong></span> <span class='ocrx_word' id='word_1_587' title='bbox 790 4198 892 4252; x_wconf 91' lang='lat' dir='ltr'><strong>hoc</strong></span> <span class='ocrx_word' id='word_1_588' title='bbox 917 4208 1001 4253; x_wconf 87' lang='lat' dir='ltr'><strong>est</strong></span> <span class='ocrx_word' id='word_1_589' title='bbox 1036 4199 1178 4255; x_wconf 85' lang='lat' dir='ltr'><strong>inter</strong></span> <span class='ocrx_word' id='word_1_590' title='bbox 1202 4200 1370 4256; x_wconf 89' lang='lat' dir='ltr'><strong>Deum</strong></span> <span class='ocrx_word' id='word_1_591' title='bbox 1412 4210 1469 4257; x_wconf 85' lang='lat' dir='ltr'><strong>et</strong></span> <span class='ocrx_word' id='word_1_592' title='bbox 1501 4202 1915 4269; x_wconf 79' lang='lat' dir='ltr'><strong>humanitatem,</strong></span> <span class='ocrx_word' id='word_1_593' title='bbox 2015 4211 2110 4266; x_wconf 83' lang='lat' dir='ltr'><strong>pes</strong></span> <span class='ocrx_word' id='word_1_594' title='bbox 2150 4195 2491 4265; x_wconf 68' lang='lat' dir='ltr'><strong>prorenions,</strong></span> <span class='ocrx_word' id='word_1_595' title='bbox 2536 4195 2727 4250; x_wconf 81' lang='lat' dir='ltr'><strong>melior</strong></span> <span class='ocrx_word' id='word_1_596' title='bbox 2774 4196 2828 4250; x_wconf 90' lang='lat' dir='ltr'><strong>in</strong></span> <span class='ocrx_word' id='word_1_597' title='bbox 2872 4195 3028 4250; x_wconf 87' lang='lat' dir='ltr'><strong>bonis</strong></span> <span class='ocrx_word' id='word_1_598' title='bbox 3068 4210 3174 4249; x_wconf 86' lang='lat' dir='ltr'><strong>non</strong></span> <span class='ocrx_word' id='word_1_599' title='bbox 3206 4201 3288 4249; x_wconf 75' lang='lat' dir='ltr'><strong>est</strong></span> <span class='ocrx_word' id='word_1_600' title='bbox 3327 4202 3488 4258; x_wconf 71' lang='lat' dir='ltr'><strong>quam</strong></span> <span class='ocrx_word' id='word_1_601' title='bbox 3538 4192 3592 4247; x_wconf 82' lang='lat' dir='ltr'><strong>in</strong></span> 
     </span>
    </p>
   </div>
   <div class='ocr_carea' id='block_1_77' title="bbox 297 4281 3595 4355">
    <p class='ocr_par' dir='ltr' id='par_1_77' title="bbox 297 4281 3595 4355">
     <span class='ocr_line' id='line_1_77' title="bbox 297 4281 3595 4355; baseline 0.002 -16"><span class='ocrx_word' id='word_1_602' title='bbox 297 4285 535 4341; x_wconf 78' lang='lat' dir='ltr'><strong>nultum</strong></span> <span class='ocrx_word' id='word_1_603' title='bbox 580 4282 928 4341; x_wconf 80' lang='lat' dir='ltr'><strong>iutet‘stitium</strong></span> <span class='ocrx_word' id='word_1_604' title='bbox 956 4290 1308 4344; x_wconf 89' lang='lat' dir='ltr'><strong>constitutum</strong></span> <span class='ocrx_word' id='word_1_605' title='bbox 1338 4299 1438 4344; x_wconf 86' lang='lat' dir='ltr'><strong>est.</strong></span> <span class='ocrx_word' id='word_1_606' title='bbox 1475 4290 1626 4346; x_wconf 82' lang='lat' dir='ltr'><strong>Hanc</strong></span> <span class='ocrx_word' id='word_1_607' title='bbox 1648 4292 1917 4349; x_wconf 84' lang='lat' dir='ltr'><strong>rationem</strong></span> <span class='ocrx_word' id='word_1_608' title='bbox 2016 4284 2197 4349; x_wconf 83' lang='lat' dir='ltr'><strong>malis.</strong></span> <span class='ocrx_word' id='word_1_609' title='bbox 2247 4285 2419 4355; x_wconf 75' lang='lat' dir='ltr'><strong>neque</strong></span> <span class='ocrx_word' id='word_1_610' title='bbox 2466 4284 2704 4339; x_wconf 73' lang='lat' dir='ltr'><strong>deterior</strong></span> <span class='ocrx_word' id='word_1_611' title='bbox 2745 4284 2796 4339; x_wconf 87' lang='lat' dir='ltr'><strong>in</strong></span> <span class='ocrx_word' id='word_1_612' title='bbox 2845 4284 3000 4341; x_wconf 81' lang='lat' dir='ltr'><strong>malis</strong></span> <span class='ocrx_word' id='word_1_613' title='bbox 3028 4298 3185 4353; x_wconf 78' lang='lat' dir='ltr'><strong>quam</strong></span> <span class='ocrx_word' id='word_1_614' title='bbox 3225 4283 3280 4339; x_wconf 84' lang='lat' dir='ltr'><strong>in</strong></span> <span class='ocrx_word' id='word_1_615' title='bbox 3321 4281 3500 4347; x_wconf 69' lang='lat' dir='ltr'><strong>bonis,</strong></span> <span class='ocrx_word' id='word_1_616' title='bbox 3538 4281 3595 4337; x_wconf 85' lang='lat' dir='ltr'><strong>in</strong></span> 
     </span>
    </p>
   </div>
   <div class='ocr_carea' id='block_1_78' title="bbox 299 4372 3594 4481">
    <p class='ocr_par' dir='ltr' id='par_1_78' title="bbox 299 4372 3594 4481">
     <span class='ocr_line' id='line_1_78' title="bbox 299 4372 3594 4481; baseline -0.001 -50"><span class='ocrx_word' id='word_1_617' title='bbox 299 4375 814 4432; x_wconf 83' lang='lat' dir='ltr'><strong>intuentesGraeci</strong></span> <span class='ocrx_word' id='word_1_618' title='bbox 838 4378 1224 4434; x_wconf 82' lang='lat' dir='ltr'><strong>humanitatem</strong></span> <span class='ocrx_word' id='word_1_619' title='bbox 1245 4383 1531 4458; x_wconf 75' lang='grc' dir='ltr'><strong>ἀνθρωπίαν</strong></span> <span class='ocrx_word' id='word_1_620' title='bbox 1552 4382 1913 4453; x_wconf 84' lang='lat' dir='ltr'><strong>appellavere,</strong></span> <span class='ocrx_word' id='word_1_621' title='bbox 1946 4421 1993 4481; x_wconf 69' lang='grc' dir='ltr'>υ</span> <span class='ocrx_word' id='word_1_622' title='bbox 2020 4375 2242 4447; x_wconf 90' lang='lat' dir='ltr'><strong>integris</strong></span> <span class='ocrx_word' id='word_1_623' title='bbox 2264 4375 2580 4444; x_wconf 87' lang='lat' dir='ltr'><strong>corporibus</strong></span> <span class='ocrx_word' id='word_1_624' title='bbox 2616 4390 2721 4431; x_wconf 92' lang='lat' dir='ltr'><strong>non</strong></span> <span class='ocrx_word' id='word_1_625' title='bbox 2758 4385 2842 4431; x_wconf 87' lang='lat' dir='ltr'><strong>est</strong></span> <span class='ocrx_word' id='word_1_626' title='bbox 2878 4375 3155 4445; x_wconf 81' lang='lat' dir='ltr'><strong>integrior,</strong></span> <span class='ocrx_word' id='word_1_627' title='bbox 3182 4388 3345 4444; x_wconf 84' lang='lat' dir='ltr'><strong>quam</strong></span> <span class='ocrx_word' id='word_1_628' title='bbox 3390 4373 3444 4429; x_wconf 91' lang='lat' dir='ltr'><strong>in</strong></span> <span class='ocrx_word' id='word_1_629' title='bbox 3487 4372 3594 4438; x_wconf 90' lang='lat' dir='ltr'><strong>his,</strong></span> 
     </span>
    </p>
   </div>
   <div class='ocr_carea' id='block_1_79' title="bbox 297 4465 3595 4539">
    <p class='ocr_par' dir='ltr' id='par_1_79' title="bbox 297 4465 3595 4539">
     <span class='ocr_line' id='line_1_79' title="bbox 297 4465 3595 4539; baseline -0.002 -16"><span class='ocrx_word' id='word_1_630' title='bbox 297 4469 415 4523; x_wconf 82' lang='lat' dir='ltr'><strong>hoc</strong></span> <span class='ocrx_word' id='word_1_631' title='bbox 444 4476 541 4523; x_wconf 89' lang='lat' dir='ltr'><strong>est</strong></span> <span class='ocrx_word' id='word_1_632' title='bbox 569 4468 909 4537; x_wconf 77' lang='grc' dir='ltr'><strong>ἁνωτροπὶαν,</strong></span> <span class='ocrx_word' id='word_1_633' title='bbox 933 4484 1146 4525; x_wconf 88' lang='lat' dir='ltr'><strong>sursum</strong></span> <span class='ocrx_word' id='word_1_634' title='bbox 1172 4487 1360 4527; x_wconf 83' lang='lat' dir='ltr'><strong>versus</strong></span> <span class='ocrx_word' id='word_1_635' title='bbox 1380 4475 1810 4539; x_wconf 88' lang='lat' dir='ltr'><strong>conversionem,</strong></span> <span class='ocrx_word' id='word_1_636' title='bbox 1834 4474 1916 4529; x_wconf 84' lang='lat' dir='ltr'><strong>vel</strong></span> <span class='ocrx_word' id='word_1_637' title='bbox 1946 4465 1990 4481; x_wconf 68' lang='lat'><strong><em>&quot;</em></strong></span> <span class='ocrx_word' id='word_1_638' title='bbox 2018 4482 2156 4538; x_wconf 85' lang='lat' dir='ltr'><strong>quae</strong></span> <span class='ocrx_word' id='word_1_639' title='bbox 2197 4466 2240 4498; x_wconf 76' lang='grc'>¹⁰</span> <span class='ocrx_word' id='word_1_640' title='bbox 2266 4465 2549 4521; x_wconf 83' lang='lat' dir='ltr'><strong>occasione</strong></span> <span class='ocrx_word' id='word_1_641' title='bbox 2580 4466 2756 4536; x_wconf 91' lang='lat' dir='ltr'><strong>aliqua</strong></span> <span class='ocrx_word' id='word_1_642' title='bbox 2787 4466 3148 4537; x_wconf 81' lang='lat' dir='ltr'><strong>integritatem</strong></span> <span class='ocrx_word' id='word_1_643' title='bbox 3179 4479 3332 4521; x_wconf 87' lang='lat' dir='ltr'><strong>suam</strong></span> <span class='ocrx_word' id='word_1_644' title='bbox 3356 4472 3444 4518; x_wconf 88' lang='lat' dir='ltr'><strong>aut</strong></span> <span class='ocrx_word' id='word_1_645' title='bbox 3470 4478 3595 4533; x_wconf 80' lang='lat' dir='ltr'><strong>per-</strong></span> 
     </span>
    </p>
   </div>
   <div class='ocr_carea' id='block_1_80' title="bbox 294 4552 3596 4633">
    <p class='ocr_par' dir='ltr' id='par_1_80' title="bbox 294 4552 3596 4633">
     <span class='ocr_line' id='line_1_80' title="bbox 294 4552 3596 4633; baseline -0.002 -19"><span class='ocrx_word' id='word_1_646' title='bbox 294 4552 418 4614; x_wconf 67' lang='grc' dir='ltr'><strong>ἄω</strong></span> <span class='ocrx_word' id='word_1_647' title='bbox 458 4564 704 4633; x_wconf 75' lang='grc' dir='ltr'><strong>τηροῦσα</strong></span> <span class='ocrx_word' id='word_1_648' title='bbox 733 4561 883 4616; x_wconf 80' lang='grc' dir='ltr'><strong>ὀπίαν</strong></span> <span class='ocrx_word' id='word_1_649' title='bbox 904 4600 918 4623; x_wconf 84' lang='grc'>,</span> <span class='ocrx_word' id='word_1_650' title='bbox 951 4560 1053 4615; x_wconf 90' lang='lat' dir='ltr'><strong>hoc</strong></span> <span class='ocrx_word' id='word_1_651' title='bbox 1082 4569 1184 4625; x_wconf 91' lang='lat' dir='ltr'><strong>est,</strong></span> <span class='ocrx_word' id='word_1_652' title='bbox 1214 4576 1429 4616; x_wconf 89' lang='lat' dir='ltr'><strong>sursum</strong></span> <span class='ocrx_word' id='word_1_653' title='bbox 1460 4577 1685 4618; x_wconf 86' lang='lat' dir='ltr'><strong>servans</strong></span> <span class='ocrx_word' id='word_1_654' title='bbox 1716 4563 1910 4617; x_wconf 91' lang='lat' dir='ltr'><strong>visum.</strong></span> <span class='ocrx_word' id='word_1_655' title='bbox 2020 4560 2152 4613; x_wconf 89' lang='lat' dir='ltr'><strong>dunt</strong></span> <span class='ocrx_word' id='word_1_656' title='bbox 2180 4566 2273 4611; x_wconf 91' lang='lat' dir='ltr'><strong>aut</strong></span> <span class='ocrx_word' id='word_1_657' title='bbox 2306 4571 2413 4613; x_wconf 90' lang='lat' dir='ltr'><strong>non</strong></span> <span class='ocrx_word' id='word_1_658' title='bbox 2453 4556 2740 4626; x_wconf 84' lang='lat' dir='ltr'><strong>attingunt.</strong></span> <span class='ocrx_word' id='word_1_659' title='bbox 2782 4555 3100 4626; x_wconf 83' lang='lat' dir='ltr'><strong>Paradigma</strong></span> <span class='ocrx_word' id='word_1_660' title='bbox 3129 4570 3144 4609; x_wconf 91' lang='lat'><strong>:</strong></span> <span class='ocrx_word' id='word_1_661' title='bbox 3181 4554 3375 4611; x_wconf 89' lang='lat' dir='ltr'><strong>solaris</strong></span> <span class='ocrx_word' id='word_1_662' title='bbox 3411 4553 3596 4609; x_wconf 85' lang='lat' dir='ltr'><strong>radius</strong></span> 
     </span>
    </p>
   </div>
   <div class='ocr_carea' id='block_1_81' title="bbox 299 4646 3599 4722">
    <p class='ocr_par' dir='ltr' id='par_1_81' title="bbox 299 4646 3599 4722">
     <span class='ocr_line' id='line_1_81' title="bbox 299 4646 3599 4722; baseline -0.001 -18"><span class='ocrx_word' id='word_1_663' title='bbox 299 4652 392 4705; x_wconf 75' lang='lat' dir='ltr'><strong>Ad</strong></span> <span class='ocrx_word' id='word_1_664' title='bbox 435 4649 729 4705; x_wconf 87' lang='lat' dir='ltr'><strong>Creatoris</strong></span> <span class='ocrx_word' id='word_1_665' title='bbox 759 4650 843 4704; x_wconf 88' lang='lat' dir='ltr'><strong>sui</strong></span> <span class='ocrx_word' id='word_1_666' title='bbox 885 4651 1150 4720; x_wconf 88' lang='lat' dir='ltr'><strong>siquidem</strong></span> <span class='ocrx_word' id='word_1_667' title='bbox 1194 4652 1733 4722; x_wconf 88' lang='lat' dir='ltr'><strong>contemplationem,</strong></span> <span class='ocrx_word' id='word_1_668' title='bbox 1772 4652 1916 4707; x_wconf 90' lang='lat' dir='ltr'><strong>nulla</strong></span> <span class='ocrx_word' id='word_1_669' title='bbox 2019 4650 2216 4706; x_wconf 90' lang='lat' dir='ltr'><strong>munda</strong></span> <span class='ocrx_word' id='word_1_670' title='bbox 2262 4658 2515 4721; x_wconf 86' lang='lat' dir='ltr'><strong>penetrat</strong></span> <span class='ocrx_word' id='word_1_671' title='bbox 2558 4658 2615 4703; x_wconf 90' lang='lat' dir='ltr'><strong>et</strong></span> <span class='ocrx_word' id='word_1_672' title='bbox 2655 4649 2952 4713; x_wconf 89' lang='lat' dir='ltr'><strong>immunda,</strong></span> <span class='ocrx_word' id='word_1_673' title='bbox 2989 4648 3114 4702; x_wconf 89' lang='lat' dir='ltr'><strong>dum</strong></span> <span class='ocrx_word' id='word_1_674' title='bbox 3153 4648 3225 4702; x_wconf 88' lang='lat' dir='ltr'><strong>sit</strong></span> <span class='ocrx_word' id='word_1_675' title='bbox 3255 4648 3308 4701; x_wconf 90' lang='lat' dir='ltr'><strong>iu</strong></span> <span class='ocrx_word' id='word_1_676' title='bbox 3347 4646 3599 4703; x_wconf 85' lang='lat' dir='ltr'><strong>omnibus</strong></span> 
     </span>
    </p>
   </div>
   <div class='ocr_carea' id='block_1_82' title="bbox 296 4735 3597 4809">
    <p class='ocr_par' dir='ltr' id='par_1_82' title="bbox 296 4735 3597 4809">
     <span class='ocr_line' id='line_1_82' title="bbox 296 4735 3597 4809; baseline -0.003 -12"><span class='ocrx_word' id='word_1_677' title='bbox 296 4744 419 4797; x_wconf 76' lang='lat' dir='ltr'><strong>alia</strong></span> <span class='ocrx_word' id='word_1_678' title='bbox 455 4743 784 4809; x_wconf 85' lang='lat' dir='ltr'><strong>interposita</strong></span> <span class='ocrx_word' id='word_1_679' title='bbox 813 4751 1085 4807; x_wconf 90' lang='lat' dir='ltr'><strong>creatura,</strong></span> <span class='ocrx_word' id='word_1_680' title='bbox 1109 4742 1416 4800; x_wconf 87' lang='lat' dir='ltr'><strong>humanitas</strong></span> <span class='ocrx_word' id='word_1_681' title='bbox 1439 4753 1619 4800; x_wconf 88' lang='lat' dir='ltr'><strong>creata</strong></span> <span class='ocrx_word' id='word_1_682' title='bbox 1638 4755 1739 4799; x_wconf 88' lang='lat' dir='ltr'><strong>est.</strong></span> <span class='ocrx_word' id='word_1_683' title='bbox 1770 4744 1912 4806; x_wconf 58' lang='lat' dir='ltr'><strong>lilio.</strong></span> <span class='ocrx_word' id='word_1_684' title='bbox 2018 4740 2272 4802; x_wconf 90' lang='lat' dir='ltr'><strong>mundus,</strong></span> <span class='ocrx_word' id='word_1_685' title='bbox 2300 4754 2473 4808; x_wconf 87' lang='lat' dir='ltr'><strong>neque</strong></span> <span class='ocrx_word' id='word_1_686' title='bbox 2504 4739 2687 4809; x_wconf 87' lang='lat' dir='ltr'><strong>purior</strong></span> <span class='ocrx_word' id='word_1_687' title='bbox 2713 4738 2765 4792; x_wconf 94' lang='lat' dir='ltr'><strong>iu</strong></span> <span class='ocrx_word' id='word_1_688' title='bbox 2796 4738 2978 4793; x_wconf 89' lang='lat' dir='ltr'><strong>nitidis</strong></span> <span class='ocrx_word' id='word_1_689' title='bbox 3006 4737 3243 4806; x_wconf 82' lang='lat' dir='ltr'><strong>“,quam</strong></span> <span class='ocrx_word' id='word_1_690' title='bbox 3270 4735 3323 4791; x_wconf 84' lang='lat' dir='ltr'><strong>in</strong></span> <span class='ocrx_word' id='word_1_691' title='bbox 3348 4735 3597 4790; x_wconf 89' lang='lat' dir='ltr'><strong>sordibus</strong></span> 
     </span>
    </p>
   </div>
   <div class='ocr_carea' id='block_1_83' title="bbox 298 4823 3597 4905">
    <p class='ocr_par' dir='ltr' id='par_1_83' title="bbox 298 4823 3597 4905">
     <span class='ocr_line' id='line_1_83' title="bbox 298 4823 3597 4905; baseline -0.004 -16"><span class='ocrx_word' id='word_1_692' title='bbox 298 4836 429 4905; x_wconf 80' lang='lat' dir='ltr'><strong>Age</strong></span> <span class='ocrx_word' id='word_1_693' title='bbox 464 4832 677 4901; x_wconf 82' lang='lat' dir='ltr'><strong>itaque.</strong></span> <span class='ocrx_word' id='word_1_694' title='bbox 704 4832 797 4888; x_wconf 89' lang='lat' dir='ltr'><strong>Dic</strong></span> <span class='ocrx_word' id='word_1_695' title='bbox 827 4848 1050 4902; x_wconf 69' lang='lat' dir='ltr'><strong>quaeso,</strong></span> <span class='ocrx_word' id='word_1_696' title='bbox 1076 4843 1303 4903; x_wconf 85' lang='lat' dir='ltr'><strong>putasne</strong></span> <span class='ocrx_word' id='word_1_697' title='bbox 1332 4836 1476 4889; x_wconf 90' lang='lat' dir='ltr'><strong>illam</strong></span> <span class='ocrx_word' id='word_1_698' title='bbox 1500 4837 1913 4902; x_wconf 81' lang='lat' dir='ltr'><strong>humanitatem,</strong></span> <span class='ocrx_word' id='word_1_699' title='bbox 2019 4831 2491 4887; x_wconf 88' lang='lat' dir='ltr'><strong>incontaminatus.</strong></span> <span class='ocrx_word' id='word_1_700' title='bbox 2529 4830 2621 4884; x_wconf 81' lang='lat' dir='ltr'><strong>Est</strong></span> <span class='ocrx_word' id='word_1_701' title='bbox 2649 4829 2791 4884; x_wconf 88' lang='lat' dir='ltr'><strong>enim</strong></span> <span class='ocrx_word' id='word_1_702' title='bbox 2823 4829 2873 4881; x_wconf 93' lang='lat' dir='ltr'><strong>in</strong></span> <span class='ocrx_word' id='word_1_703' title='bbox 2915 4827 3197 4891; x_wconf 90' lang='lat' dir='ltr'><strong>omnibus,</strong></span> <span class='ocrx_word' id='word_1_704' title='bbox 3227 4840 3365 4895; x_wconf 87' lang='lat' dir='ltr'><strong>quae</strong></span> <span class='ocrx_word' id='word_1_705' title='bbox 3405 4823 3597 4878; x_wconf 83' lang='lat' dir='ltr'><strong>illumi-</strong></span> 
     </span>
    </p>
   </div>
   <div class='ocr_carea' id='block_1_84' title="bbox 297 4915 1925 4994">
    <p class='ocr_par' dir='ltr' id='par_1_84' title="bbox 297 4927 1922 4994">
     <span class='ocr_line' id='line_1_84' title="bbox 297 4927 1922 4994; baseline 0.001 -13"><span class='ocrx_word' id='word_1_706' title='bbox 297 4929 464 4981; x_wconf 78' lang='lat' dir='ltr'><strong>inter</strong></span> <span class='ocrx_word' id='word_1_707' title='bbox 490 4934 665 4994; x_wconf 83' lang='lat' dir='ltr'><strong>quam</strong></span> <span class='ocrx_word' id='word_1_708' title='bbox 692 4934 745 4980; x_wconf 92' lang='lat' dir='ltr'><strong>et</strong></span> <span class='ocrx_word' id='word_1_709' title='bbox 771 4941 925 4980; x_wconf 88' lang='lat' dir='ltr'><strong>suum</strong></span> <span class='ocrx_word' id='word_1_710' title='bbox 955 4927 1267 4981; x_wconf 79' lang='lat' dir='ltr'><strong>Creatorem</strong></span> <span class='ocrx_word' id='word_1_711' title='bbox 1305 4927 1449 4981; x_wconf 82' lang='lat' dir='ltr'><strong>nulla</strong></span> <span class='ocrx_word' id='word_1_712' title='bbox 1480 4935 1727 4980; x_wconf 89' lang='lat' dir='ltr'><strong>creatura</strong></span> <span class='ocrx_word' id='word_1_713' title='bbox 1758 4928 1922 4982; x_wconf 89' lang='lat' dir='ltr'><strong>inter-</strong></span> 
     </span>
    </p>
   </div>
   <div class='ocr_carea' id='block_1_85' title="bbox 2007 4915 3593 4994">
    <p class='ocr_par' dir='ltr' id='par_1_85' title="bbox 2026 4915 3593 4985">
     <span class='ocr_line' id='line_1_85' title="bbox 2026 4915 3593 4985; baseline -0.006 -10"><span class='ocrx_word' id='word_1_714' title='bbox 2026 4931 2115 4977; x_wconf 90' lang='lat' dir='ltr'><strong>nat</strong></span> <span class='ocrx_word' id='word_1_715' title='bbox 2138 4962 2153 4985; x_wconf 93' lang='lat'><strong>,</strong></span> <span class='ocrx_word' id='word_1_716' title='bbox 2179 4921 2321 4977; x_wconf 87' lang='lat' dir='ltr'><strong>lucet</strong></span> <span class='ocrx_word' id='word_1_717' title='bbox 2350 4924 2400 4975; x_wconf 89' lang='lat' dir='ltr'><strong>in</strong></span> <span class='ocrx_word' id='word_1_718' title='bbox 2431 4920 2696 4983; x_wconf 89' lang='lat' dir='ltr'><strong>tenebris,</strong></span> <span class='ocrx_word' id='word_1_719' title='bbox 2738 4928 2813 4981; x_wconf 88' lang='lat' dir='ltr'><strong>et,</strong></span> <span class='ocrx_word' id='word_1_720' title='bbox 2853 4918 3098 4974; x_wconf 89' lang='lat' dir='ltr'><strong>mirabile</strong></span> <span class='ocrx_word' id='word_1_721' title='bbox 3126 4918 3269 4973; x_wconf 88' lang='lat' dir='ltr'><strong>dictu</strong></span> <span class='ocrx_word' id='word_1_722' title='bbox 3289 4957 3304 4981; x_wconf 93' lang='lat'><strong>,</strong></span> <span class='ocrx_word' id='word_1_723' title='bbox 3343 4915 3593 4970; x_wconf 81' lang='lat' dir='ltr'><strong>tenebras</strong></span> 
     </span>
    </p>
   </div>
   <div class='ocr_carea' id='block_1_86' title="bbox 296 5016 1920 5086">
    <p class='ocr_par' dir='ltr' id='par_1_86' title="bbox 296 5016 1920 5086">
     <span class='ocr_line' id='line_1_86' title="bbox 296 5016 1920 5086; baseline -0.002 -14"><span class='ocrx_word' id='word_1_724' title='bbox 296 5016 593 5078; x_wconf 81' lang='lat' dir='ltr'><strong>cluditur,</strong></span> <span class='ocrx_word' id='word_1_725' title='bbox 625 5032 784 5069; x_wconf 85' lang='lat' dir='ltr'><strong>unam</strong></span> <span class='ocrx_word' id='word_1_726' title='bbox 817 5016 1088 5084; x_wconf 84' lang='lat' dir='ltr'><strong>quandam</strong></span> <span class='ocrx_word' id='word_1_727' title='bbox 1120 5016 1447 5085; x_wconf 87' lang='lat' dir='ltr'><strong>simplicem,</strong></span> <span class='ocrx_word' id='word_1_728' title='bbox 1482 5016 1920 5086; x_wconf 81' lang='lat' dir='ltr'><strong>inseparabilem-</strong></span> 
     </span>
    </p>
   </div>
   <div class='ocr_carea' id='block_1_87' title="bbox 296 5105 1915 5179">
    <p class='ocr_par' dir='ltr' id='par_1_87' title="bbox 296 5105 1915 5179">
     <span class='ocr_line' id='line_1_87' title="bbox 296 5105 1915 5179; baseline 0.001 -21"><span class='ocrx_word' id='word_1_729' title='bbox 296 5124 448 5179; x_wconf 65' lang='grc' dir='ltr'><strong>(με,</strong></span> <span class='ocrx_word' id='word_1_730' title='bbox 485 5105 784 5177; x_wconf 77' lang='lat' dir='ltr'><strong>partitione</strong></span> <span class='ocrx_word' id='word_1_731' title='bbox 832 5107 884 5160; x_wconf 93' lang='lat' dir='ltr'><strong>in</strong></span> <span class='ocrx_word' id='word_1_732' title='bbox 917 5122 976 5161; x_wconf 92' lang='lat' dir='ltr'><strong>se</strong></span> <span class='ocrx_word' id='word_1_733' title='bbox 1011 5108 1124 5177; x_wconf 84' lang='lat' dir='ltr'><strong>ipsa</strong></span> <span class='ocrx_word' id='word_1_734' title='bbox 1152 5115 1428 5161; x_wconf 80' lang='lat' dir='ltr'><strong>carentem</strong></span> <span class='ocrx_word' id='word_1_735' title='bbox 1460 5105 1482 5137; x_wconf 74' lang='lat'><strong>&quot;</strong></span> <span class='ocrx_word' id='word_1_736' title='bbox 1512 5115 1756 5161; x_wconf 82' lang='lat' dir='ltr'><strong>naturam</strong></span> <span class='ocrx_word' id='word_1_737' title='bbox 1788 5108 1915 5161; x_wconf 79' lang='lat' dir='ltr'><strong>sub-</strong></span> 
     </span>
    </p>
   </div>
   <div class='ocr_carea' id='block_1_88' title="bbox 298 5196 1989 5271">
    <p class='ocr_par' dir='ltr' id='par_1_88' title="bbox 298 5196 1989 5271">
     <span class='ocr_line' id='line_1_88' title="bbox 298 5196 1989 5271; baseline -0.003 -14"><span class='ocrx_word' id='word_1_738' title='bbox 298 5196 571 5257; x_wconf 78' lang='lat' dir='ltr'><strong>sistere?</strong></span> <span class='ocrx_word' id='word_1_739' title='bbox 609 5197 749 5253; x_wconf 81' lang='lat' dir='ltr'><strong>Dtsc.</strong></span> <span class='ocrx_word' id='word_1_740' title='bbox 787 5197 902 5253; x_wconf 81' lang='lat' dir='ltr'><strong>Non</strong></span> <span class='ocrx_word' id='word_1_741' title='bbox 943 5199 1100 5253; x_wconf 85' lang='lat' dir='ltr'><strong>aliter</strong></span> <span class='ocrx_word' id='word_1_742' title='bbox 1143 5199 1413 5254; x_wconf 75' lang='lat' dir='ltr'><strong>existimo.</strong></span> <span class='ocrx_word' id='word_1_743' title='bbox 1456 5199 1713 5269; x_wconf 63' lang='lat' dir='ltr'><strong>&quot;Alioquin</strong></span> <span class='ocrx_word' id='word_1_744' title='bbox 1742 5199 1921 5270; x_wconf 78' lang='lat' dir='ltr'><strong>imago</strong></span> <span class='ocrx_word' id='word_1_745' title='bbox 1978 5253 1989 5271; x_wconf 43' lang='grc' dir='ltr'><strong>ε</strong></span> 
     </span>
    </p>
   </div>
   <div class='ocr_carea' id='block_1_89' title="bbox 304 5290 1921 5360">
    <p class='ocr_par' dir='ltr' id='par_1_89' title="bbox 304 5290 1921 5360">
     <span class='ocr_line' id='line_1_89' title="bbox 304 5290 1921 5360; baseline -0.003 -11"><span class='ocrx_word' id='word_1_746' title='bbox 304 5294 416 5349; x_wconf 68' lang='lat' dir='ltr'><strong>De’</strong></span> <span class='ocrx_word' id='word_1_747' title='bbox 467 5308 585 5346; x_wconf 81' lang='lat' dir='ltr'><strong>ttott</strong></span> <span class='ocrx_word' id='word_1_748' title='bbox 614 5300 717 5355; x_wconf 84' lang='lat' dir='ltr'><strong>est,</strong></span> <span class='ocrx_word' id='word_1_749' title='bbox 754 5294 843 5360; x_wconf 88' lang='lat' dir='ltr'><strong>qui</strong></span> <span class='ocrx_word' id='word_1_750' title='bbox 878 5307 1015 5346; x_wconf 91' lang='lat' dir='ltr'><strong>unus</strong></span> <span class='ocrx_word' id='word_1_751' title='bbox 1052 5300 1107 5346; x_wconf 89' lang='lat' dir='ltr'><strong>et</strong></span> <span class='ocrx_word' id='word_1_752' title='bbox 1135 5291 1312 5345; x_wconf 88' lang='lat' dir='ltr'><strong>unitas</strong></span> <span class='ocrx_word' id='word_1_753' title='bbox 1338 5290 1710 5360; x_wconf 87' lang='lat' dir='ltr'><strong>inseparabilis</strong></span> <span class='ocrx_word' id='word_1_754' title='bbox 1733 5301 1837 5355; x_wconf 88' lang='lat' dir='ltr'><strong>est,</strong></span> <span class='ocrx_word' id='word_1_755' title='bbox 1866 5300 1921 5344; x_wconf 81' lang='lat' dir='ltr'><strong>et</strong></span> 
     </span>
    </p>
   </div>
   <div class='ocr_carea' id='block_1_90' title="bbox 1583 5414 2280 5476">
    <p class='ocr_par' dir='ltr' id='par_1_90' title="bbox 1583 5414 2280 5476">
     <span class='ocr_line' id='line_1_90' title="bbox 1583 5414 2280 5476; baseline -0.016 0"><span class='ocrx_word' id='word_1_756' title='bbox 1583 5420 1838 5476; x_wconf 74' lang='lat' dir='ltr'><strong>VARIAE</strong></span> <span class='ocrx_word' id='word_1_757' title='bbox 1879 5414 2280 5476; x_wconf 66' lang='lat' dir='ltr'><strong>LEC&#39;i‘iONiCS.</strong></span> 
     </span>
    </p>
   </div>
   <div class='ocr_carea' id='block_1_91' title="bbox 387 5497 2328 5583">
    <p class='ocr_par' dir='ltr' id='par_1_91' title="bbox 387 5497 2328 5583">
     <span class='ocr_line' id='line_1_91' title="bbox 387 5497 2328 5583; baseline -0.008 -11"><span class='ocrx_word' id='word_1_758' title='bbox 387 5523 403 5554; x_wconf 80' lang='lat'><strong>’</strong></span> <span class='ocrx_word' id='word_1_759' title='bbox 443 5517 550 5571; x_wconf 80' lang='lat' dir='ltr'><strong>Sic.</strong></span> <span class='ocrx_word' id='word_1_760' title='bbox 595 5497 711 5570; x_wconf 72' lang='lat' dir='ltr'><strong>CF:</strong></span> <span class='ocrx_word' id='word_1_761' title='bbox 758 5515 801 5567; x_wconf 83' lang='lat' dir='ltr'><strong>A</strong></span> <span class='ocrx_word' id='word_1_762' title='bbox 844 5531 1050 5583; x_wconf 65' lang='lat' dir='ltr'><strong>sequar.</strong></span> <span class='ocrx_word' id='word_1_763' title='bbox 1144 5514 1163 5543; x_wconf 79' lang='grc'><em>³</em></span> <span class='ocrx_word' id='word_1_764' title='bbox 1193 5523 1312 5567; x_wconf 83' lang='lat' dir='ltr'><strong>sunt</strong></span> <span class='ocrx_word' id='word_1_765' title='bbox 1344 5529 1448 5566; x_wconf 85' lang='lat' dir='ltr'><strong>om.</strong></span> <span class='ocrx_word' id='word_1_766' title='bbox 1498 5511 1604 5566; x_wconf 73' lang='lat' dir='ltr'><strong>(2F.</strong></span> <span class='ocrx_word' id='word_1_767' title='bbox 1678 5511 1704 5583; x_wconf 10' lang='lat'><strong>7‘</strong></span> <span class='ocrx_word' id='word_1_768' title='bbox 1734 5511 1778 5583; x_wconf 80' lang='grc' dir='ltr'><strong>Α</strong></span> <span class='ocrx_word' id='word_1_769' title='bbox 1810 5521 2052 5583; x_wconf 66' lang='lat' dir='ltr'><strong>naturain</strong></span> <span class='ocrx_word' id='word_1_770' title='bbox 2081 5514 2328 5561; x_wconf 71' lang='lat' dir='ltr'><strong>nostrum.</strong></span> 
     </span>
    </p>
   </div>
   <div class='ocr_carea' id='block_1_92' title="bbox 300 5572 1925 5659">
    <p class='ocr_par' dir='ltr' id='par_1_92' title="bbox 300 5572 1877 5659">
     <span class='ocr_line' id='line_1_92' title="bbox 300 5572 1877 5659; baseline -0.007 -15"><span class='ocrx_word' id='word_1_771' title='bbox 300 5588 619 5659; x_wconf 68' lang='lat' dir='ltr'><strong>partitione</strong></span> <span class='ocrx_word' id='word_1_772' title='bbox 658 5572 952 5659; x_wconf 49' lang='lat' dir='ltr'><strong>terentem.</strong></span> <span class='ocrx_word' id='word_1_773' title='bbox 1030 5586 1050 5617; x_wconf 87' lang='grc'>⁸</span> <span class='ocrx_word' id='word_1_774' title='bbox 1082 5584 1173 5639; x_wconf 84' lang='lat' dir='ltr'><strong>Sic</strong></span> <span class='ocrx_word' id='word_1_775' title='bbox 1205 5584 1324 5638; x_wconf 83' lang='lat' dir='ltr'><strong>CF:</strong></span> <span class='ocrx_word' id='word_1_776' title='bbox 1360 5584 1397 5636; x_wconf 75' lang='grc' dir='ltr'>Α</span> <span class='ocrx_word' id='word_1_777' title='bbox 1439 5583 1586 5636; x_wconf 76' lang='lat' dir='ltr'><strong>scire.</strong></span> <span class='ocrx_word' id='word_1_778' title='bbox 1668 5582 1689 5613; x_wconf 78' lang='grc'>⁸</span> <span class='ocrx_word' id='word_1_779' title='bbox 1720 5582 1758 5633; x_wconf 80' lang='grc' dir='ltr'>Α</span> <span class='ocrx_word' id='word_1_780' title='bbox 1807 5591 1877 5634; x_wconf 86' lang='lat' dir='ltr'><strong>et.</strong></span> 
     </span>
    </p>
   </div>
   <div class='ocr_carea' id='block_1_93' title="bbox 2007 5572 2519 5659">
    <p class='ocr_par' dir='ltr' id='par_1_93' title="bbox 2007 5572 2519 5642">
     <span class='ocr_line' id='line_1_93' title="bbox 2007 5572 2519 5642; baseline -0.01 -11"><span class='ocrx_word' id='word_1_781' title='bbox 2007 5577 2047 5631; x_wconf 84' lang='grc' dir='ltr'>Δ</span> <span class='ocrx_word' id='word_1_782' title='bbox 2077 5590 2246 5642; x_wconf 71' lang='lat' dir='ltr'><strong>quain.</strong></span> <span class='ocrx_word' id='word_1_783' title='bbox 2327 5575 2349 5605; x_wconf 80' lang='grc'>⁸</span> <span class='ocrx_word' id='word_1_784' title='bbox 2376 5572 2424 5628; x_wconf 76' lang='grc' dir='ltr'>Α</span> <span class='ocrx_word' id='word_1_785' title='bbox 2451 5584 2519 5627; x_wconf 76' lang='lat' dir='ltr'><strong>et.</strong></span> 
     </span>
    </p>
   </div>
   <div class='ocr_carea' id='block_1_94' title="bbox 304 5656 802 5720">
    <p class='ocr_par' dir='ltr' id='par_1_94' title="bbox 304 5656 802 5720">
     <span class='ocr_line' id='line_1_94' title="bbox 304 5656 802 5720; baseline -0.008 -9"><span class='ocrx_word' id='word_1_786' title='bbox 304 5656 405 5716; x_wconf 66' lang='lat' dir='ltr'><strong>Cl&quot;</strong></span> <span class='ocrx_word' id='word_1_787' title='bbox 428 5676 444 5720; x_wconf 85' lang='lat'><strong>;</strong></span> <span class='ocrx_word' id='word_1_788' title='bbox 479 5656 529 5711; x_wconf 79' lang='grc' dir='ltr'><strong>Α</strong></span> <span class='ocrx_word' id='word_1_789' title='bbox 575 5656 802 5710; x_wconf 73' lang='lat' dir='ltr'><strong>mundis.</strong></span> 
     </span>
    </p>
   </div>
   <div class='ocr_carea' id='block_1_95' title="bbox 2011 3380 3595 3451">
    <p class='ocr_par' dir='ltr' id='par_1_95' title="bbox 2011 3380 3595 3451">
     <span class='ocr_line' id='line_1_95' title="bbox 2011 3380 3595 3451; baseline 0.001 -17"><span class='ocrx_word' id='word_1_790' title='bbox 2011 3380 2185 3435; x_wconf 86' lang='lat' dir='ltr'><strong>rantia</strong></span> <span class='ocrx_word' id='word_1_791' title='bbox 2208 3381 2525 3450; x_wconf 85' lang='lat' dir='ltr'><strong>prohibetur</strong></span> <span class='ocrx_word' id='word_1_792' title='bbox 2546 3391 2829 3451; x_wconf 87' lang='lat' dir='ltr'><strong>penetrare</strong></span> <span class='ocrx_word' id='word_1_793' title='bbox 2856 3383 3257 3437; x_wconf 85' lang='lat' dir='ltr'><strong>universitatem</strong></span> <span class='ocrx_word' id='word_1_794' title='bbox 3284 3383 3351 3435; x_wconf 89' lang='lat' dir='ltr'><strong>ab</strong></span> <span class='ocrx_word' id='word_1_795' title='bbox 3377 3397 3439 3436; x_wconf 87' lang='lat' dir='ltr'><strong>ea</strong></span> <span class='ocrx_word' id='word_1_796' title='bbox 3467 3397 3595 3437; x_wconf 89' lang='lat' dir='ltr'><strong>cou-</strong></span> 
     </span>
    </p>
   </div>
   <div class='ocr_carea' id='block_1_96' title="bbox 2013 3469 3593 3534">
    <p class='ocr_par' dir='ltr' id='par_1_96' title="bbox 2013 3469 3593 3534">
     <span class='ocr_line' id='line_1_96' title="bbox 2013 3469 3593 3534; baseline -0.001 -9"><span class='ocrx_word' id='word_1_797' title='bbox 2013 3469 2180 3525; x_wconf 82' lang='lat' dir='ltr'><strong>tiitam</strong></span> <span class='ocrx_word' id='word_1_798' title='bbox 2211 3487 2222 3523; x_wconf 92' lang='lat'><strong>:</strong></span> <span class='ocrx_word' id='word_1_799' title='bbox 2255 3470 2328 3524; x_wconf 88' lang='lat' dir='ltr'><strong>ita</strong></span> <span class='ocrx_word' id='word_1_800' title='bbox 2361 3470 2668 3525; x_wconf 83' lang='lat' dir='ltr'><strong>humanitas</strong></span> <span class='ocrx_word' id='word_1_801' title='bbox 2699 3471 2751 3525; x_wconf 92' lang='lat' dir='ltr'><strong>in</strong></span> <span class='ocrx_word' id='word_1_802' title='bbox 2777 3487 2965 3526; x_wconf 87' lang='lat' dir='ltr'><strong>omnes</strong></span> <span class='ocrx_word' id='word_1_803' title='bbox 2990 3471 3232 3526; x_wconf 87' lang='lat' dir='ltr'><strong>homines</strong></span> <span class='ocrx_word' id='word_1_804' title='bbox 3258 3469 3593 3534; x_wconf 74' lang='lat' dir='ltr'><strong>diﬂ&#39;untlitur,</strong></span> 
     </span>
    </p>
   </div>
   <div class='ocr_carea' id='block_1_97' title="bbox 2011 3546 3591 3633">
    <p class='ocr_par' dir='ltr' id='par_1_97' title="bbox 2011 3546 3591 3633">
     <span class='ocr_line' id='line_1_97' title="bbox 2011 3546 3591 3633; baseline -0.001 -19"><span class='ocrx_word' id='word_1_805' title='bbox 2011 3569 2065 3614; x_wconf 91' lang='lat' dir='ltr'><strong>et</strong></span> <span class='ocrx_word' id='word_1_806' title='bbox 2092 3569 2199 3619; x_wconf 84' lang='lat' dir='ltr'><strong>tota</strong></span> <span class='ocrx_word' id='word_1_807' title='bbox 2234 3561 2287 3616; x_wconf 91' lang='lat' dir='ltr'><strong>in</strong></span> <span class='ocrx_word' id='word_1_808' title='bbox 2310 3561 2561 3617; x_wconf 89' lang='lat' dir='ltr'><strong>omnibus</strong></span> <span class='ocrx_word' id='word_1_809' title='bbox 2580 3569 2684 3627; x_wconf 86' lang='lat' dir='ltr'><strong>est,</strong></span> <span class='ocrx_word' id='word_1_810' title='bbox 2710 3571 2764 3616; x_wconf 90' lang='lat' dir='ltr'><strong>et</strong></span> <span class='ocrx_word' id='word_1_811' title='bbox 2786 3560 2810 3594; x_wconf 78' lang='grc'>⁸</span> <span class='ocrx_word' id='word_1_812' title='bbox 2841 3570 2951 3618; x_wconf 86' lang='lat' dir='ltr'><strong>tota</strong></span> <span class='ocrx_word' id='word_1_813' title='bbox 2985 3563 3036 3616; x_wconf 93' lang='lat' dir='ltr'><strong>in</strong></span> <span class='ocrx_word' id='word_1_814' title='bbox 3060 3546 3302 3633; x_wconf 37' lang='lat' dir='ltr'><strong>sing-uiis,</strong></span> <span class='ocrx_word' id='word_1_815' title='bbox 3325 3562 3439 3616; x_wconf 86' lang='lat' dir='ltr'><strong>sive</strong></span> <span class='ocrx_word' id='word_1_816' title='bbox 3466 3562 3591 3616; x_wconf 87' lang='lat' dir='ltr'><strong>boui</strong></span> 
     </span>
    </p>
   </div>
   <div class='ocr_carea' id='block_1_98' title="bbox 2012 3649 3594 3720">
    <p class='ocr_par' dir='ltr' id='par_1_98' title="bbox 2012 3649 3594 3720">
     <span class='ocr_line' id='line_1_98' title="bbox 2012 3649 3594 3720; baseline 0 -16"><span class='ocrx_word' id='word_1_817' title='bbox 2012 3650 2122 3704; x_wconf 88' lang='lat' dir='ltr'><strong>sint</strong></span> <span class='ocrx_word' id='word_1_818' title='bbox 2144 3650 2257 3705; x_wconf 86' lang='lat' dir='ltr'><strong>sive</strong></span> <span class='ocrx_word' id='word_1_819' title='bbox 2280 3649 2427 3705; x_wconf 89' lang='lat' dir='ltr'><strong>mali.</strong></span> <span class='ocrx_word' id='word_1_820' title='bbox 2456 3649 2662 3705; x_wconf 84' lang='lat' dir='ltr'><strong>Nullius</strong></span> <span class='ocrx_word' id='word_1_821' title='bbox 2695 3651 2838 3705; x_wconf 88' lang='lat' dir='ltr'><strong>enim</strong></span> <span class='ocrx_word' id='word_1_822' title='bbox 2879 3651 3104 3706; x_wconf 88' lang='lat' dir='ltr'><strong>stultitia</strong></span> <span class='ocrx_word' id='word_1_823' title='bbox 3142 3651 3438 3720; x_wconf 89' lang='lat' dir='ltr'><strong>repellitur,</strong></span> <span class='ocrx_word' id='word_1_824' title='bbox 3479 3651 3594 3704; x_wconf 89' lang='lat' dir='ltr'><strong>nul-</strong></span> 
     </span>
    </p>
   </div>
   <div class='ocr_carea' id='block_1_99' title="bbox 2012 3738 3594 3812">
    <p class='ocr_par' dir='ltr' id='par_1_99' title="bbox 2012 3738 3594 3812">
     <span class='ocr_line' id='line_1_99' title="bbox 2012 3738 3594 3812; baseline 0.003 -20"><span class='ocrx_word' id='word_1_825' title='bbox 2012 3738 2117 3794; x_wconf 92' lang='lat' dir='ltr'><strong>lius</strong></span> <span class='ocrx_word' id='word_1_826' title='bbox 2147 3739 2346 3794; x_wconf 89' lang='lat' dir='ltr'><strong>malitia</strong></span> <span class='ocrx_word' id='word_1_827' title='bbox 2373 3740 2665 3805; x_wconf 85' lang='lat' dir='ltr'><strong>detinetur,</strong></span> <span class='ocrx_word' id='word_1_828' title='bbox 2688 3741 2888 3796; x_wconf 89' lang='lat' dir='ltr'><strong>nullius</strong></span> <span class='ocrx_word' id='word_1_829' title='bbox 2912 3743 3042 3796; x_wconf 90' lang='lat' dir='ltr'><strong>vitio</strong></span> <span class='ocrx_word' id='word_1_830' title='bbox 3061 3744 3443 3812; x_wconf 86' lang='lat' dir='ltr'><strong>corrumpitur,</strong></span> <span class='ocrx_word' id='word_1_831' title='bbox 3476 3758 3594 3798; x_wconf 86' lang='lat' dir='ltr'><strong>sor-</strong></span> 
     </span>
    </p>
   </div>
   <div class='ocr_carea' id='block_1_100' title="bbox 2013 3830 3593 3904">
    <p class='ocr_par' dir='ltr' id='par_1_100' title="bbox 2013 3830 3593 3904">
     <span class='ocr_line' id='line_1_100' title="bbox 2013 3830 3593 3904; baseline 0.001 -19"><span class='ocrx_word' id='word_1_832' title='bbox 2013 3830 2236 3887; x_wconf 88' lang='lat' dir='ltr'><strong>dibusve</strong></span> <span class='ocrx_word' id='word_1_833' title='bbox 2261 3831 2536 3902; x_wconf 88' lang='lat' dir='ltr'><strong>polluitur,</strong></span> <span class='ocrx_word' id='word_1_834' title='bbox 2568 3848 2703 3904; x_wconf 89' lang='lat' dir='ltr'><strong>pura</strong></span> <span class='ocrx_word' id='word_1_835' title='bbox 2732 3834 2785 3887; x_wconf 90' lang='lat' dir='ltr'><strong>in</strong></span> <span class='ocrx_word' id='word_1_836' title='bbox 2817 3833 3100 3898; x_wconf 89' lang='lat' dir='ltr'><strong>omnibus,</strong></span> <span class='ocrx_word' id='word_1_837' title='bbox 3125 3834 3176 3888; x_wconf 92' lang='lat' dir='ltr'><strong>in</strong></span> <span class='ocrx_word' id='word_1_838' title='bbox 3213 3834 3458 3904; x_wconf 88' lang='lat' dir='ltr'><strong>superbis</strong></span> <span class='ocrx_word' id='word_1_839' title='bbox 3486 3849 3593 3888; x_wconf 90' lang='lat' dir='ltr'><strong>non</strong></span> 
     </span>
    </p>
   </div>
   <div class='ocr_carea' id='block_1_101' title="bbox 2014 3924 3594 3995">
    <p class='ocr_par' dir='ltr' id='par_1_101' title="bbox 2014 3924 3594 3995">
     <span class='ocr_line' id='line_1_101' title="bbox 2014 3924 3594 3995; baseline 0.001 -17"><span class='ocrx_word' id='word_1_840' title='bbox 2014 3924 2250 3990; x_wconf 83' lang='lat' dir='ltr'><strong>inﬂatur,</strong></span> <span class='ocrx_word' id='word_1_841' title='bbox 2285 3925 2337 3979; x_wconf 92' lang='lat' dir='ltr'><strong>in</strong></span> <span class='ocrx_word' id='word_1_842' title='bbox 2364 3926 2723 3995; x_wconf 88' lang='lat' dir='ltr'><strong>pusillanimis</strong></span> <span class='ocrx_word' id='word_1_843' title='bbox 2764 3941 2874 3981; x_wconf 88' lang='lat' dir='ltr'><strong>non</strong></span> <span class='ocrx_word' id='word_1_844' title='bbox 2917 3926 3173 3992; x_wconf 83' lang='lat' dir='ltr'><strong>tabescit,</strong></span> <span class='ocrx_word' id='word_1_845' title='bbox 3210 3927 3263 3980; x_wconf 93' lang='lat' dir='ltr'><strong>in</strong></span> <span class='ocrx_word' id='word_1_846' title='bbox 3301 3925 3594 3995; x_wconf 85' lang='lat' dir='ltr'><strong>majoribus</strong></span> 
     </span>
    </p>
   </div>
   <div class='ocr_carea' id='block_1_102' title="bbox 2014 4015 3595 4085">
    <p class='ocr_par' dir='ltr' id='par_1_102' title="bbox 2014 4015 3595 4085">
     <span class='ocr_line' id='line_1_102' title="bbox 2014 4015 3595 4085; baseline -0.001 -14"><span class='ocrx_word' id='word_1_847' title='bbox 2014 4015 2330 4085; x_wconf 87' lang='lat' dir='ltr'><strong>corporibus</strong></span> <span class='ocrx_word' id='word_1_848' title='bbox 2359 4031 2464 4070; x_wconf 90' lang='lat' dir='ltr'><strong>non</strong></span> <span class='ocrx_word' id='word_1_849' title='bbox 2502 4024 2586 4071; x_wconf 86' lang='lat' dir='ltr'><strong>est</strong></span> <span class='ocrx_word' id='word_1_850' title='bbox 2630 4016 2819 4085; x_wconf 89' lang='lat' dir='ltr'><strong>major,</strong></span> <span class='ocrx_word' id='word_1_851' title='bbox 2860 4031 3032 4084; x_wconf 88' lang='lat' dir='ltr'><strong>neque</strong></span> <span class='ocrx_word' id='word_1_852' title='bbox 3067 4017 3120 4070; x_wconf 93' lang='lat' dir='ltr'><strong>in</strong></span> <span class='ocrx_word' id='word_1_853' title='bbox 3163 4016 3463 4070; x_wconf 88' lang='lat' dir='ltr'><strong>minoribus</strong></span> <span class='ocrx_word' id='word_1_854' title='bbox 3496 4016 3595 4070; x_wconf 87' lang='lat' dir='ltr'><strong>mi-</strong></span> 
     </span>
    </p>
   </div>
   <div class='ocr_carea' id='block_1_103' title="bbox 2014 4102 3598 4175">
    <p class='ocr_par' dir='ltr' id='par_1_103' title="bbox 2014 4102 3598 4175">
     <span class='ocr_line' id='line_1_103' title="bbox 2014 4102 3598 4175; baseline -0.003 -14"><span class='ocrx_word' id='word_1_855' title='bbox 2014 4121 2136 4171; x_wconf 92' lang='lat' dir='ltr'><strong>nor,</strong></span> <span class='ocrx_word' id='word_1_856' title='bbox 2164 4104 2403 4175; x_wconf 89' lang='lat' dir='ltr'><strong>aequalis</strong></span> <span class='ocrx_word' id='word_1_857' title='bbox 2432 4105 2483 4158; x_wconf 90' lang='lat' dir='ltr'><strong>in</strong></span> <span class='ocrx_word' id='word_1_858' title='bbox 2513 4105 2783 4169; x_wconf 78' lang='lat' dir='ltr'><strong>ontuibus,</strong></span> <span class='ocrx_word' id='word_1_859' title='bbox 2814 4104 3109 4174; x_wconf 82' lang='lat' dir='ltr'><strong>aequaliter</strong></span> <span class='ocrx_word' id='word_1_860' title='bbox 3135 4103 3188 4159; x_wconf 90' lang='lat' dir='ltr'><strong>in</strong></span> <span class='ocrx_word' id='word_1_861' title='bbox 3216 4118 3342 4159; x_wconf 91' lang='lat' dir='ltr'><strong>suos</strong></span> <span class='ocrx_word' id='word_1_862' title='bbox 3371 4102 3598 4172; x_wconf 78' lang='lat' dir='ltr'><strong>partici-</strong></span> 
     </span>
    </p>
   </div>
   <div class='ocr_carea' id='block_1_104' title="bbox 2022 5094 3595 5170">
    <p class='ocr_par' dir='ltr' id='par_1_104' title="bbox 2022 5094 3595 5170">
     <span class='ocr_line' id='line_1_104' title="bbox 2022 5094 3595 5170; baseline -0.007 -14"><span class='ocrx_word' id='word_1_863' title='bbox 2022 5099 2462 5170; x_wconf 82' lang='lat' dir='ltr'><strong>comprehendit,</strong></span> <span class='ocrx_word' id='word_1_864' title='bbox 2503 5114 2609 5154; x_wconf 91' lang='lat' dir='ltr'><strong>non</strong></span> <span class='ocrx_word' id='word_1_865' title='bbox 2637 5099 2809 5155; x_wconf 89' lang='lat' dir='ltr'><strong>solum</strong></span> <span class='ocrx_word' id='word_1_866' title='bbox 2841 5098 3173 5160; x_wconf 85' lang='lat' dir='ltr'><strong>umbrarum,</strong></span> <span class='ocrx_word' id='word_1_867' title='bbox 3217 5111 3400 5151; x_wconf 83' lang='lat' dir='ltr'><strong>verum</strong></span> <span class='ocrx_word' id='word_1_868' title='bbox 3431 5094 3595 5149; x_wconf 86' lang='lat' dir='ltr'><strong>etiam</strong></span> 
     </span>
    </p>
   </div>
   <div class='ocr_carea' id='block_1_105' title="bbox 2022 5180 3595 5258">
    <p class='ocr_par' dir='ltr' id='par_1_105' title="bbox 2022 5180 3595 5258">
     <span class='ocr_line' id='line_1_105' title="bbox 2022 5180 3595 5258; baseline -0.01 -13"><span class='ocrx_word' id='word_1_869' title='bbox 2022 5191 2386 5247; x_wconf 85' lang='lat' dir='ltr'><strong>absentiarum</strong></span> <span class='ocrx_word' id='word_1_870' title='bbox 2417 5188 2643 5242; x_wconf 88' lang='lat' dir='ltr'><strong>ratione.</strong></span> <span class='ocrx_word' id='word_1_871' title='bbox 2676 5186 2865 5244; x_wconf 87' lang='lat' dir='ltr'><strong>Nullae</strong></span> <span class='ocrx_word' id='word_1_872' title='bbox 2895 5189 3089 5258; x_wconf 91' lang='lat' dir='ltr'><strong>quippe</strong></span> <span class='ocrx_word' id='word_1_873' title='bbox 3117 5186 3367 5240; x_wconf 89' lang='lat' dir='ltr'><strong>tenebrae</strong></span> <span class='ocrx_word' id='word_1_874' title='bbox 3389 5189 3506 5235; x_wconf 88' lang='lat' dir='ltr'><strong>sunt</strong></span> <span class='ocrx_word' id='word_1_875' title='bbox 3541 5180 3595 5232; x_wconf 87' lang='lat' dir='ltr'><strong>in</strong></span> 
     </span>
    </p>
   </div>
   <div class='ocr_carea' id='block_1_106' title="bbox 2022 5272 3592 5349">
    <p class='ocr_par' dir='ltr' id='par_1_106' title="bbox 2022 5272 3592 5349">
     <span class='ocr_line' id='line_1_106' title="bbox 2022 5272 3592 5349; baseline -0.012 -9"><span class='ocrx_word' id='word_1_876' title='bbox 2022 5293 2214 5340; x_wconf 86' lang='lat' dir='ltr'><strong>natura</strong></span> <span class='ocrx_word' id='word_1_877' title='bbox 2249 5297 2459 5345; x_wconf 69' lang='lat' dir='ltr'><strong>rerum,</strong></span> <span class='ocrx_word' id='word_1_878' title='bbox 2497 5294 2633 5349; x_wconf 89' lang='lat' dir='ltr'><strong>quae</strong></span> <span class='ocrx_word' id='word_1_879' title='bbox 2674 5280 2871 5334; x_wconf 88' lang='lat' dir='ltr'><strong>lumine</strong></span> <span class='ocrx_word' id='word_1_880' title='bbox 2908 5295 3012 5334; x_wconf 88' lang='lat' dir='ltr'><strong>non</strong></span> <span class='ocrx_word' id='word_1_881' title='bbox 3056 5272 3592 5331; x_wconf 82' lang='lat' dir='ltr'><strong>circumscribuntur.</strong></span> 
     </span>
    </p>
   </div>
   <div class='ocr_carea' id='block_1_107' title="bbox 2414 5494 3592 5565">
    <p class='ocr_par' dir='ltr' id='par_1_107' title="bbox 2414 5494 3592 5565">
     <span class='ocr_line' id='line_1_107' title="bbox 2414 5494 3592 5565; baseline -0.008 -7"><span class='ocrx_word' id='word_1_882' title='bbox 2414 5503 2431 5534; x_wconf 80' lang='lat'>&quot;</span> <span class='ocrx_word' id='word_1_883' title='bbox 2471 5503 2562 5557; x_wconf 87' lang='lat' dir='ltr'><strong>Sic</strong></span> <span class='ocrx_word' id='word_1_884' title='bbox 2609 5501 2691 5556; x_wconf 80' lang='lat' dir='ltr'><strong>CF</strong></span> <span class='ocrx_word' id='word_1_885' title='bbox 2710 5519 2723 5565; x_wconf 93' lang='lat'><strong>;</strong></span> <span class='ocrx_word' id='word_1_886' title='bbox 2764 5501 2807 5554; x_wconf 81' lang='grc' dir='ltr'><strong>Δ</strong></span> <span class='ocrx_word' id='word_1_887' title='bbox 2852 5497 3246 5565; x_wconf 76' lang='lat' dir='ltr'><strong>inseparabilem</strong></span> <span class='ocrx_word' id='word_1_888' title='bbox 3293 5495 3347 5550; x_wconf 90' lang='lat' dir='ltr'><strong>in</strong></span> <span class='ocrx_word' id='word_1_889' title='bbox 3391 5494 3592 5565; x_wconf 62' lang='lat' dir='ltr'><strong>seipse</strong></span> 
     </span>
    </p>
   </div>
   <div class='ocr_carea' id='block_1_108' title="bbox 2613 5564 3597 5639">
    <p class='ocr_par' dir='ltr' id='par_1_108' title="bbox 2613 5564 3597 5639">
     <span class='ocr_line' id='line_1_108' title="bbox 2613 5564 3597 5639; baseline -0.003 -13"><span class='ocrx_word' id='word_1_890' title='bbox 2613 5572 2637 5604; x_wconf 77' lang='grc'><strong>⁸</strong></span> <span class='ocrx_word' id='word_1_891' title='bbox 2665 5564 2717 5626; x_wconf 77' lang='lat' dir='ltr'><strong>et</strong></span> <span class='ocrx_word' id='word_1_892' title='bbox 2753 5586 2861 5627; x_wconf 91' lang='lat' dir='ltr'><strong>om.</strong></span> <span class='ocrx_word' id='word_1_893' title='bbox 2911 5568 3014 5625; x_wconf 74' lang='lat' dir='ltr'><strong>CF.</strong></span> <span class='ocrx_word' id='word_1_894' title='bbox 3092 5566 3134 5598; x_wconf 82' lang='lat'>&quot;</span> <span class='ocrx_word' id='word_1_895' title='bbox 3164 5568 3205 5621; x_wconf 77' lang='grc' dir='ltr'>Α</span> <span class='ocrx_word' id='word_1_896' title='bbox 3244 5566 3354 5639; x_wconf 68' lang='lat' dir='ltr'><strong>qui.</strong></span> <span class='ocrx_word' id='word_1_897' title='bbox 3432 5564 3471 5596; x_wconf 82' lang='grc'>¹¹</span> <span class='ocrx_word' id='word_1_898' title='bbox 3504 5564 3597 5623; x_wconf 87' lang='lat' dir='ltr'><strong>Sic</strong></span> 
     </span>
    </p>
   </div>
   <div class='ocr_carea' id='block_1_109' title="bbox 2024 5005 3683 5076">
    <p class='ocr_par' dir='ltr' id='par_1_109' title="bbox 2024 5005 3683 5076">
     <span class='ocr_line' id='line_1_109' title="bbox 2024 5005 3683 5076; baseline -0.007 -9"><span class='ocrx_word' id='word_1_899' title='bbox 2024 5013 2076 5067; x_wconf 91' lang='lat' dir='ltr'><strong>in</strong></span> <span class='ocrx_word' id='word_1_900' title='bbox 2119 5027 2176 5069; x_wconf 87' lang='lat' dir='ltr'><strong>se</strong></span> <span class='ocrx_word' id='word_1_901' title='bbox 2229 5027 2336 5069; x_wconf 88' lang='lat' dir='ltr'><strong>non</strong></span> <span class='ocrx_word' id='word_1_902' title='bbox 2378 5010 2528 5076; x_wconf 90' lang='lat' dir='ltr'><strong>sinit,</strong></span> <span class='ocrx_word' id='word_1_903' title='bbox 2559 5009 2685 5067; x_wconf 89' lang='lat' dir='ltr'><strong>dum</strong></span> <span class='ocrx_word' id='word_1_904' title='bbox 2730 5007 3077 5064; x_wconf 87' lang='lat' dir='ltr'><strong>tenebrarum</strong></span> <span class='ocrx_word' id='word_1_905' title='bbox 3123 5022 3317 5064; x_wconf 88' lang='lat' dir='ltr'><strong>causas</strong></span> <span class='ocrx_word' id='word_1_906' title='bbox 3355 5005 3494 5060; x_wconf 88' lang='lat' dir='ltr'><strong>intra</strong></span> <span class='ocrx_word' id='word_1_907' title='bbox 3539 5015 3596 5057; x_wconf 88' lang='lat' dir='ltr'><strong>se</strong></span> <span class='ocrx_word' id='word_1_908' title='bbox 3676 5012 3683 5033; x_wconf 75' lang='lat'><em>&#39;</em></span> 
     </span>
    </p>
   </div>
  </div>
