3952 6162
451 221 556 278 915
1823 235 2104 294 JOANNIS
2137 238 2330 298 SCOTI
3545 250 3630 305 9H

451 337 507 393 Si
536 341 678 394 enim
708 342 760 396 in
790 344 1104 415 corporibus
1132 354 1275 410 sunt,
1300 350 1546 418 quamvis
1574 350 1882 418 longissime
1906 368 2031 421 pro—
2056 353 2102 411 Λ
2131 356 2271 420 quod
2302 371 2406 412 non
2432 355 2576 412 fecit.
2604 355 2720 413 Non
2744 357 2887 412 enim
2907 364 3124 426 peccata
3147 355 3390 411 naturalia
3410 368 3534 421 sunt,
3556 360 3635 412 sed

449 434 770 499 tendantur,
805 445 1076 503 postremo
1122 447 1299 494 tamen
1338 441 1505 497 solari
1547 443 1664 500 luce
1693 445 2020 502 ambiuntur.

449 521 506 576 Si
539 523 592 577 in
617 524 922 594 Spiritibus,
952 542 1180 597 quorum
1211 531 1463 586 tenebrae
1500 533 1797 604 ignorantia
1826 537 2023 591 verita-

448 616 518 670 tis
543 625 686 681 sunt,
718 618 1015 686 sapientiae
1044 621 1285 677 claritate
1318 624 1478 679 linem
1501 627 1788 696 accipiunt.
1822 627 2019 682 Simili-

447 715 529 759 ter
552 708 695 760 nulla
724 709 965 765 absentia
996 721 1096 777 est,
1130 730 1271 784 quae
1300 732 1404 771 non
1436 720 1503 772 ab
1529 734 1612 784 eo,
1650 719 1801 788 cujus
1829 723 2024 776 absen-

446 797 516 849 tia
539 806 639 859 est,
670 813 888 855 causam
917 805 1171 859 nascendi
1200 807 1459 876 accipiat;
1490 824 1612 863 nam
1637 811 1680 864 si
1705 811 1882 867 lumen
1912 829 2015 868 non

442 888 816 952 praecesserit,
851 891 1091 946 absentia
1122 894 1260 963 ejus,
1289 912 1429 965 quae
1458 900 1711 954 tenebrae
1733 913 1876 966 sunt,
1911 920 2013 956 non

440 988 713 1046 sequetur.
745 979 977 1052 Ideoque
1003 1000 1071 1039 ex
1114 1002 1219 1041 uno
1247 1004 1441 1059 genere
1478 1000 1602 1045 sunt
1637 994 1932 1060 absentiae,
1965 1006 2018 1050 et

439 1081 545 1130 res,
574 1082 801 1136 quarum
828 1074 1105 1131 absentiae
1141 1088 1294 1143 sunt,
1324 1089 1384 1134 ut
1426 1080 1512 1137 lux
1542 1093 1594 1137 et
1625 1085 1900 1152 tenebrae,
1931 1105 2017 1141 so-

438 1173 538 1211 nus
564 1167 618 1212 et
642 1160 912 1217 silentium
939 1206 953 1227 ,
994 1165 1162 1221 forma
1194 1179 1247 1221 et
1288 1170 1611 1236 inl'ormitas,
1642 1185 1931 1247 ceteraque
1964 1179 2014 1231 id

436 1263 622 1317 genus.
658 1250 763 1306 Sed
802 1256 924 1322 quis
953 1257 1127 1325 dignis
1168 1258 1412 1315 laudibus
1457 1263 1741 1333 imaginem
1788 1268 1879 1320 Dei
1924 1269 2015 1321 do-

436 1349 777 1407 tnonstrare,
833 1347 1154 1414 congruisve
1202 1350 1643 1413 similitudinibus
1697 1371 2014 1426 comparare

434 1431 639 1496 potestl
669 1434 736 1486 Et
765 1443 823 1488 ut
845 1451 1141 1505 cognoscas
1175 1442 1551 1511 aequalitatem
1578 1446 1927 1502 humanitatis
1958 1450 2010 1503 in

433 1523 682 1578 omnibus
704 1524 1030 1593 hominibus,
1056 1530 1266 1586 intuere
1286 1548 1628 1592 communem
1655 1539 1886 1608 speciem
1916 1540 2011 1593 hu-

434 1628 717 1669 manorum
745 1632 1048 1687 corporum.
1082 1621 1268 1680 Nullus
1292 1627 1434 1681 enim
1465 1628 1625 1683 homo
1649 1630 1758 1685 alio
1794 1632 2011 1686 homine

2124 446 2444 503 voluntaria.
2488 448 2696 503 Etenim
2724 463 2884 503 causa
2925 449 3089 501 totius
3127 448 3319 516 peccati
3348 455 3438 510 est,
3475 449 3569 502 sive
3592 449 3634 502 iu

2124 539 2334 607 angelo,
2362 540 2475 594 sive
2505 540 2557 594 in
2598 540 2845 604 homine,
2886 538 3098 608 propria
3127 551 3460 606 perversaque
3482 537 3635 589 volun.

2124 634 2205 682 tas
2239 647 2253 681 :
2282 629 2450 697 ipsius
2479 639 2656 684 autem
2694 644 2981 699 perversae
3008 627 3292 681 voluntatis
3316 640 3465 680 causa
3490 626 3534 677 in
3559 641 3636 678 nae

2123 721 2383 775 turalihus
2423 723 2654 776 motibus
2690 721 3023 775 rationabilis
3056 729 3112 773 et
3139 717 3489 772 intellectualis
3510 732 3634 770 creav

2120 820 2273 866 tnrae
2306 827 2411 865 non
2445 812 2734 867 invenitur.
2765 810 2972 865 Etenim
3004 810 3198 863 bonum
3227 823 3384 862 causa
3414 806 3522 861 mali
3552 823 3634 860 una

2120 910 2293 968 potest
2327 915 2446 956 esse
2468 907 2521 965 ⁶;
2558 901 2846 955 incausalis
2875 902 3057 968 itaque
3094 906 3206 961 est,
3233 896 3473 969 omnique
3515 906 3636 949 natu-

2121 991 2214 1045 l‘ali
2248 992 2455 1062 origine
2497 1007 2711 1047 carens.
2754 991 2890 1045 Hinc
2925 989 3051 1043 illud
3090 987 3329 1043 mirabile
3354 996 3406 1042 et
3442 987 3637 1056 inexpla-

2118 1083 2293 1136 nabile
2316 1084 2521 1147 oritur,
2564 1083 2831 1154 quomodo
2860 1081 2999 1136 mala
3040 1079 3285 1135 voluntas
3309 1077 3636 1148 praevarican-

2117 1176 2249 1227 tium
2297 1175 2607 1243 angelorum
2655 1182 2712 1228 et
2763 1168 3062 1237 hominum,
3100 1170 3224 1223 dum
3270 1168 3339 1223 sit
3376 1167 3638 1226 incausalis,

2116 1266 2279 1317 totius
2306 1265 2511 1334 peccati
2543 1265 2813 1334 totiusque
2852 1277 3055 1333 poenae
3080 1260 3283 1329 peccati
3315 1273 3464 1312 causa
3487 1256 3637 1309 ellirax

2112 1364 2214 1407 est.
2247 1353 2313 1408 Et
2339 1354 2383 1408 si
2427 1354 2550 1423 quis
2575 1354 2788 1419 dixerit,
2829 1354 3037 1407 initium
3064 1350 3240 1404 omnis
3263 1347 3455 1420 peccati
3488 1346 3526 1377 ¹⁹
3545 1362 3640 1399 esse

2113 1440 2451 1515 superbiam‘,
2483 1447 2663 1502 videat
2690 1462 2809 1500 eam
2839 1447 2891 1499 in
2935 1454 3125 1498 natura
3161 1456 3338 1496 rerum
3373 1453 3470 1493 non
3495 1438 3638 1491 subsi-

2112 1548 2275 1591 stere.
2313 1535 2496 1606 Neque
2523 1538 2665 1591 enim
2694 1538 2929 1591 essentia
2955 1544 3059 1598 est,
3087 1548 3263 1602 neque
3289 1531 3475 1591 virtus,
3502 1541 3640 1594 neque

2110 1628 2372 1695 operatio,
2405 1642 2579 1697 neque
2613 1627 2862 1682 accidens
2891 1626 3053 1680 ullmn
3094 1622 3367 1685 naturale;
3396 1628 3467 1674 est
3491 1627 3637 1670 autem

434 1705 722 1761 humanior
748 1719 864 1774 651;
910 1727 1031 1765 nam
1069 1714 1113 1767 si
1144 1714 1321 1786 aliqua
1351 1717 1667 1774 deformitas
1701 1723 2009 1793 contigerit,
2046 1707 2090 1766 Β
2122 1719 2341 1773 intimae
2371 1719 2584 1773 virtutis
2604 1718 2861 1779 defectus,
2892 1729 3284 1787 pervcrsusque
3313 1706 3638 1765 dominationis

344 1838 350 1844 .
433 1798 514 1853 vel
547 1798 842 1856 formarum
870 1802 1194 1872 dill'erentia,
1225 1825 1331 1865 non
1367 1826 1434 1865 ex
1469 1822 1661 1868 natura
1689 1815 1883 1876 evenit,
1916 1817 2009 1870 sed

431 1889 515 1944 vel
560 1904 626 1946 ex
669 1896 1014 1963 corruptione
1044 1914 1337 1969 corporeae
1382 1903 1725 1973 integritatis,
1766 1907 1851 1962 vel
1886 1907 2006 1975 qni-

430 1982 655 2039 bnsdam
695 1988 1095 2054 accidentibus,
1135 2007 1273 2061 quae
1313 1996 1650 2051 extrinsecus
1694 1998 2006 2062 adveniunt,

432 2075 798 2145 quasdamque
834 2077 1060 2147 singulis
1086 2080 1391 2137 hominibus
1418 2082 1747 2140 diﬂ‘erentias
1782 2086 2004 2149 addunt,

428 2164 555 2218 dum
579 2166 650 2220 sit
680 2182 784 2221 una
813 2170 1021 2238 species
1049 2178 1104 2228 et
1130 2173 1396 2242 generalis
1433 2177 1681 2231 omnibus
1718 2193 1783 2233 ex
1811 2186 2004 2233 natura

428 2254 769 2312 uniformiter
808 2260 1092 2330 impressa.
1133 2264 1280 2320 Unus
1314 2281 1503 2322 sensus
1531 2284 1822 2339 corporeus
1851 2271 2008 2339 quin-

428 2348 765 2416 quepertitus
805 2355 1164 2409 communiter
1185 2357 1434 2413 omnibus
1479 2359 1650 2424 inest,
1679 2362 1926 2431 quamvis
1952 2362 2004 2416 in

431 2437 615 2493 multis
661 2439 832 2508 ipsius
869 2458 1072 2511 organa
1111 2447 1127 2477 ¹
1174 2446 1448 2514 deﬁciant,
1495 2449 1682 2505 oculos
1724 2451 1865 2516 dico,
1910 2466 2005 2505 au-

424 2544 639 2602 resque,
669 2545 957 2605 ceteraque
985 2538 1373 2605 instrumenta,
1403 2542 1455 2595 in
1501 2543 1698 2612 quibus
1721 2544 1960 2599 exterior
1984 2547 2004 2577 '

424 2635 620 2676 sensus
640 2635 911 2693 Operatur.
939 2626 1075 2692 Quid
1098 2628 1272 2683 dicam
1295 2628 1362 2685 de
1386 2633 1593 2686 ratione
1618 2643 1672 2686 et
1698 2633 2004 2689 intellectu?

425 2712 615 2769 Nonne
637 2718 887 2772 omnibus
913 2721 1235 2790 generaliter
1260 2723 1462 2789 insunt,
1486 2726 1732 2795 quamvis
1756 2742 1861 2782 non
1888 2742 2004 2781 om-

430 2818 526 2858 nes
546 2805 627 2860 eis
655 2806 791 2862 bene
818 2818 1068 2879 recteque
1095 2812 1353 2866 utantur?
1381 2813 1529 2869 Multi
1559 2815 1821 2885 siquidem
1850 2827 2003 2870 natu-

428 2893 631 2950 ralibus
657 2888 813 2952 bonis
862 2899 1143 2955 abutentes
1181 2910 1437 2958 aeternae
1475 2920 1604 2960 suae
1644 2907 2003 2962 damnationis

426 3004 619 3045 causas
642 2991 979 3047 invenerunt.
998 2993 1314 3065 Simiiiaque
1328 2997 1618 3054 manifesta
1640 2998 1833 3054 indicia
1855 3015 2002 3055 emn-

2112 1808 2399 1877 appetitus,
2427 1808 2566 1863 sicut
2590 1802 2848 1878 scriptum
2880 1814 2964 1861 est
2997 1825 3009 1859 :
3044 1804 3185 1870 Quid
3214 1800 3434 1871 superbit
3459 1810 3579 1850 terra
3600 1803 3638 1847 et

2111 1899 2261 1962 cinis,
2290 1898 2537 1968 quoniam
2562 1898 2777 1968 projecit
2803 1898 2988 1951 intima
3015 1913 3110 1949 sua
3137 1895 3194 1948 in
3217 1895 3317 1947 vita
3337 1890 3461 1946 sua?
3480 1889 3533 1942 Et
3556 1886 3637 1939 ini-

2114 1990 2247 2044 tium
2272 1991 2490 2055 dicitnr,
2517 2006 2622 2045 non
2647 2004 2830 2054 causa,
2856 1989 2981 2059 quia
3005 1987 3178 2058 prima
3206 1982 3494 2055 progressio
3510 1988 3579 2033 est
3596 1988 3639 2031 et

2108 2083 2344 2135 tnanatio
2370 2082 2732 2152 primordialis
2758 2081 2993 2151 peccati,
3025 2082 3075 2134 in
3101 2094 3212 2149 quo
3233 2087 3639 2144 omuespeccave-

2111 2183 2258 2227 runt.
2291 2174 2361 2226 At
2402 2174 2446 2226 si
2494 2174 2716 2227 omnino
2764 2171 2898 2226 nihil
2935 2181 3049 2233 est,
3086 2169 3211 2238 quis
3249 2166 3454 2234 sapiens
3477 2160 3640 2216 musti-

2110 2265 2275 2318 tuerit
2302 2265 2468 2334 ipsam
2499 2265 2540 2295 “
2574 2264 2714 2317 inter
2737 2278 2948 2323 causas,
2978 2276 3101 2316 cum
3129 2261 3182 2313 in
3210 2258 3350 2312 nullo
3371 2253 3641 2310 naturaliter

2109 2360 2403 2414 subsistat?
2447 2358 2676 2413 Punitur
2720 2358 2902 2427 itaque
2937 2353 3323 2410 irrationabilis
3361 2360 3521 2406 motus
3543 2362 3639 2414 per-

2110 2466 2293 2506 versae
2321 2450 2613 2505 voluntatis
2654 2449 2706 2503 in
2753 2458 2942 2503 natura
2980 2445 3324 2509 rationabili,
3355 2443 3459 2512 ipsa
3483 2436 3636 2493 videli-

2107 2552 2191 2597 cet
2222 2552 2416 2597 natura
2441 2542 2638 2611 ubique
2666 2542 2718 2596 in
2744 2540 2943 2608 seipsa,
2970 2548 3026 2592 et
3056 2538 3110 2592 in
3138 2536 3388 2591 omnibus
3409 2547 3519 2588 eam
3540 2544 3639 2599 par-

2108 2633 2454 2703 ticipantibus
2497 2632 2656 2694 bona,
2707 2629 2875 2692 salva,
2922 2629 3152 2697 integra,
3204 2625 3405 2685 illaesa,
3439 2621 3638 2673 inconta-

2106 2725 2331 2788 minata,
2373 2721 2806 2789 incorruptibilis.
2849 2717 3218 2789 impassibilis,
3260 2710 3576 2770 immutabilis
3605 2705 3638 2736 ι’

2103 2815 2518 2885 participatione
2532 2813 2724 2868 summi
2749 2812 2872 2866 boni
2894 2817 3271 2880 permanente,
3287 2806 3475 2873 ubique
3492 2800 3637 2854 beata.

2104 2906 2595 2979 gloriosissimaque
2618 2905 2662 2936 ¹³
2692 2906 2745 2960 ἰη
2766 2904 2952 2960 electis
2969 2944 2983 2965 ,
3014 2903 3066 2956 in
3086 2902 3284 2970 quibus
3306 2895 3560 2952 dedicatur
3585 2887 3639 2949 “.

2104 3000 2305 3068 optima
2341 2999 2393 3053 in
2425 2997 2669 3067 reprobis
2691 3036 2707 3062 ,
2748 3012 2882 3066 quos
2919 2995 3194 3055 continet,
3224 3004 3292 3045 ne
3323 2987 3513 3043 illorum
3539 2980 3640 3034 sub-

424 3082 698 3137 umnionis
743 3084 794 3137 in
840 3085 1092 3140 omnibus
1133 3087 1397 3142 humanae
1427 3098 1668 3143 naturae.
1702 3088 1851 3156 Quae
1880 3105 2001 3144 cum
2030 3086 2073 3145 C
2106 3090 2371 3145 stantialis
2400 3090 2701 3160 proprietas
2723 3087 2788 3140 ad
2811 3085 3034 3141 nihilum
3057 3083 3347 3152 redigatur,
3373 3079 3467 3132 hoc
3481 3082 3644 3135 est,ne

425 3170 496 3229 ita
526 3174 667 3241 sint,
701 3178 823 3247 quis
875 3189 1020 3233 recte
1060 3179 1081 3210 ³
1110 3177 1600 3249 βιηιυειηιιηιηιίιιηι
1633 3195 1872 3250 pureque
1906 3196 2002 3235 na-

427 3279 579 3323 turas
606 3284 786 3323 rerum
818 3270 1217 3339 inspicientium
1249 3288 1354 3327 non
1395 3273 1650 3328 continuo
1680 3273 2002 3344 pronuncia-

426 3367 508 3411 ret
533 3358 574 3421 δ,
602 3359 997 3414 irrationabiles
1021 3373 1195 3418 motus
1216 3366 1474 3418 malarum
1492 3364 1823 3419 voluntatum
1845 3378 2005 3434 posse

427 3452 603 3517 puniri
631 3452 680 3504 in
706 3452 809 3517 his,
837 3455 927 3523 qui
961 3463 1205 3509 naturam
1238 3457 1429 3511 bonam
1458 3467 1512 3511 et
1536 3456 1910 3511 rationabilem
1948 3467 2002 3512 et

428 3542 812 3611 impassibilem
833 3545 1193 3616 participant?
1209 3548 1272 3601 Et
1288 3549 1735 3616 quemadmodum
1755 3548 1892 3602 mala
1915 3565 2003 3603 vo-

428 3634 605 3688 luntas
632 3634 872 3690 naturale
894 3637 1090 3690 bonum
1116 3652 1218 3691 non
1241 3639 1589 3702 contaminat,
1615 3638 1685 3693 ita
1709 3640 1869 3693 etiam
1894 3648 2003 3695 tor-

426 3732 664 3777 mentum
687 3726 802 3793 ejus
829 3732 870 3787 3,
900 3726 1071 3781 malae
1092 3727 1380 3783 voluntatis
1401 3728 1520 3783 dico
1545 3733 1584 3790 ⁸,
1609 3729 1855 3786 naturale
1877 3732 2001 3786 sub-

417 3814 745 3882 jectum,cui
769 3816 984 3881 accidit,
1007 3825 1061 3871 et
1081 3818 1132 3872 in
1157 3834 1264 3887 quo
1289 3820 1612 3884 continetur,
1634 3836 1738 3875 non
1763 3829 1996 3890 torquet.

423 3908 538 3976 ipsa
568 3907 829 3977 siquidem
854 3918 1068 3975 natura,
1088 3911 1230 3965 sicut
1256 3911 1420 3966 libera
1442 3921 1545 3970 est.
1559 3912 1877 3984 penitusque
1906 3914 1999 3967 ab-

424 3999 596 4053 soluta
627 4000 694 4053 ab
722 4000 869 4054 omni
916 4010 1156 4070 peccato,
1204 4002 1275 4057 ita
1314 4003 1690 4058 universaliter
1740 4003 1905 4059 libera
1944 4013 1999 4058 et

422 4089 666 4144 absoluta
694 4099 779 4144 est
823 4091 890 4145 ab
915 4093 1061 4147 omni
1095 4107 1264 4162 poena
1297 4095 1521 4163 peccati.
1549 4095 1683 4150 Nam
1719 4104 1775 4151 et
1800 4095 1999 4151 secula-

423 4181 563 4234 rium
587 4195 874 4236 causarum
898 4181 1141 4251 judices,
1183 4184 1227 4239 si
1269 4193 1444 4240 tamen
1486 4201 1594 4241 non
1624 4185 1845 4242 libidine
1881 4187 1999 4242 vin-

420 4272 628 4339 dictae,
653 4288 842 4328 verum
883 4274 1232 4330 correctionis
1269 4278 1438 4347 gratia
1470 4292 1590 4333 reos
1616 4278 1885 4349 suppliciis
1911 4279 1994 4333 di-

420 4379 555 4433 gnos
582 4367 918 4432 examinant,
956 4382 1060 4421 non
1098 4377 1345 4422 naturam
1374 4368 1427 4423 in
1465 4370 1575 4432 eis,
1618 4371 1710 4426 sed
1745 4371 1994 4426 delictum

2108 3182 2433 3237 naturalium
2466 3182 2750 3242 bonorum,
2781 3192 2919 3247 quae
2946 3193 3009 3231 ex
3039 3174 3353 3231 conditione
3377 3184 3464 3224 sua
3503 3173 3649 3218 aurae

2103 3283 2314 3338 xerant,
2356 3274 2633 3345 patiantur
2665 3271 2976 3335 interitum;
3011 3268 3213 3339 gaudet
3236 3257 3644 3354 contemplatione

2106 3365 2350 3421 veritatis
2387 3354 2441 3419 in
2484 3364 2601 3428 his,
2632 3362 2724 3433 qui
2758 3361 3050 3431 perlectam
3087 3355 3474 3412 beatitudinem
3501 3361 3641 3418 posst-

2106 3459 2261 3524 dent;
2289 3456 2485 3528 gaudet
2504 3454 2967 3511 administratione
2995 3446 3467 3506 substantialitatis
3491 3439 3643 3541 iul-tis.

2105 3549 2196 3618 qui
2224 3554 2452 3603 suorum
2483 3547 2797 3603 delictorum
2839 3557 3043 3614 poenas
3072 3540 3325 3602 solvunt;
3356 3537 3406 3589 in
3433 3530 3646 3633 (IIllllIiltllS

2106 3648 2239 3704 tota,
2265 3637 2522 3710 perfecta,
2551 3652 2647 3692 suo
2671 3634 2861 3691 similis
2887 3631 3165 3694 Creatori,
3199 3626 3405 3685 cunctis
3426 3623 3644 3677 vitiorum

2104 3733 2375 3796 sordibus,
2409 3731 2604 3800 quibus
2645 3730 2698 3783 in
2734 3729 2837 3784 hac
2865 3724 3079 3781 mortali
3117 3738 3290 3778 carne
3329 3717 3485 3774 veluti
3522 3713 3642 3779 lepra

2102 3824 2334 3894 quadam
2379 3821 2670 3878 deformari
2725 3827 2781 3874 et
2825 3816 3016 3872 violari
3062 3816 3405 3870 extrinsecus
3454 3804 3643 3900 patitur.

2102 3921 2348 3982 purgata,
2382 3912 2433 3965 in
2460 3910 2747 3981 pristinum
2781 3905 3106 3962 conditionis
3133 3919 3269 3959 suae
3296 3909 3484 3956 statum
3516 3900 3645 3947 resu-

2102 4011 2213 4056 tnta
2244 4009 2578 4069 revertetur,
2613 3998 2970 4068 redemptoris
2997 4005 3053 4051 et
3078 3992 3412 4064 suseeptoris
3438 3987 3512 4043 sui
3542 3996 3647 4054 gra-

2103 4092 2175 4145 tia
2217 4096 2487 4145 revocata.
2539 4090 2674 4143 Hinc
2711 4088 2870 4143 datur
2905 4085 3156 4156 intelligi,
3203 4082 3347 4154 quod
3392 4080 3440 4133 in
3484 4085 3644 4130 natura

2101 4195 2306 4245 rerum,
2350 4187 2475 4249 post
2516 4177 2700 4231 mundi
2748 4175 2908 4244 hujus
2944 4172 3218 4231 sensibilis
3261 4161 3644 4226 consummatio.

2102 4284 2224 4323 nem
2249 4309 2264 4333 ,
2298 4267 2443 4324 nulla
2479 4266 2680 4321 malitia
2700 4307 2714 4330 ,
2745 4265 2888 4319 nulla
2928 4279 3075 4320 mors
3109 4261 3503 4332 corruptionem
3535 4250 3647 4305 inle-

2104 4373 2248 4421 rens,
2282 4357 2425 4411 nulla
2452 4355 2670 4411 miseria
2700 4354 2945 4425 fragilem
2970 4354 3021 4407 in
3049 4353 3151 4407 hac
3179 4350 3361 4405 adhuc
3384 4347 3486 4399 vita
3507 4350 3646 4395 mate-

423 4429 659 4526 torqueri
686 4429 960 4528 appetunt.
994 4458 1259 4527 Quoniam
1288 4474 1417 4515 vero
1444 4461 1637 4516 delicta
1676 4476 1771 4531 per
1794 4476 1873 4524 se,
1904 4477 2001 4516 na-

2109 4447 2239 4500 riem
2288 4446 2534 4500 inliciens
2583 4445 2938 4514 relinquetur.
2984 4442 3175 4498 Omnia
3218 4442 3416 4511 quippe
3450 4429 3646 4531 visibilis

424 4545 582 4599 turali
627 4547 868 4616 subjecto
912 4558 1190 4619 segregata
1218 4589 1233 4613 ,
1273 4550 1463 4619 punire
1519 4565 1624 4603 non
1672 4559 1898 4619 possunt
1952 4551 1997 4611 ',

425 4646 707 4707 propterea
738 4655 935 4707 corpus
975 4640 1133 4694 simul
1173 4656 1294 4696 cum
1324 4641 1518 4696 delicto
1551 4642 1796 4711 puniunt.
1832 4641 1999 4695 Natu—

427 4739 607 4779 rarum
637 4734 816 4781 autem
844 4728 1078 4796 optimus
1111 4730 1387 4795 conditor,
1420 4730 1695 4800 piissimus
1725 4733 1995 4801 provisor,

417 4816 753 4885 justissimus
779 4817 1092 4875 delictorum
1121 4821 1173 4874 in
1211 4822 1318 4891 his,
1349 4823 1441 4892 qui
1483 4838 1541 4877 se
1563 4833 1824 4893 spernunt
1855 4834 1948 4880 aut
1973 4827 1995 4857 ⁸

430 4910 707 4974 nesciunt,
739 4910 913 4970 ultor,
938 4915 1091 4980 punit
1127 4914 1178 4967 in
1207 4923 1430 4979 natura,
1461 4930 1623 4984 quam
1667 4915 1823 4981 fecit,
1863 4917 1998 4971 deli-

426 5011 599 5063 ctum,
621 4999 764 5070 quod
793 5017 898 5055 non
929 5000 1076 5066 fecit,
1111 5002 1344 5058 liberans
1370 5018 1435 5057 ex
1468 5004 1681 5070 delicto,
1710 5020 1996 5075 separatis-

423 5107 551 5161 que,
590 5091 731 5162 quod
767 5090 917 5157 fecit,
960 5090 1317 5163 incﬁ‘abiliqne
1355 5095 1514 5150 modo
1546 5097 1598 5150 in
1627 5112 1715 5162 eo,
1756 5097 1897 5166 quod
1923 5097 2001 5151 fe-

425 5182 524 5247 cit,
546 5182 812 5252 impunito
840 5183 1010 5253 punit,
1041 5192 1095 5237 et
1119 5193 1179 5238 ut
1208 5186 1386 5240 verius
1415 5187 1611 5251 dicam,
1641 5189 1816 5258 puniri
1846 5190 1994 5256 sinit,

2103 4545 2158 4590 et
2185 4535 2471 4590 invisibilia
2506 4535 2558 4588 in
2589 4534 2701 4589 suis
2729 4534 2908 4588 causis
2935 4534 3246 4602 quiescent;
3274 4529 3387 4585 sola
3415 4540 3533 4581 vero
3558 4520 3646 4574 illi-

2103 4629 2204 4681 cita
2245 4626 2492 4683 voluntas
2523 4626 2785 4681 malorum
2809 4625 3086 4680 hominum
3116 4634 3169 4679 et
3189 4622 3519 4694 angelorum,
3546 4628 3650 4669 san-

2101 4718 2241 4771 ciata
2274 4731 2556 4787 pravorum
2587 4716 2667 4770 sui
2698 4716 2741 4747 ¹⁸
2769 4730 2976 4769 morum
3016 4714 3277 4768 memoria
3326 4703 3652 4765 conscientia-

2101 4824 2208 4878 que
2235 4809 2286 4860 in
2309 4806 2486 4877 seipsa
2517 4805 2884 4875 torquebitur,
2916 4819 3039 4858 cum
3068 4803 3136 4858 de
3174 4804 3259 4856 his
3280 4842 3296 4861 ,
3329 4812 3466 4869 quae
3492 4795 3540 4849 in

2102 4901 2209 4954 vita
2241 4899 2341 4952 sibi
2370 4907 2671 4966 optaverat,
2697 4906 2754 4951 et
2790 4895 2971 4949 futura
3005 4894 3105 4949 sibi
3147 4893 3501 4962 cogitaverat,
3539 4879 3648 4935 nihil

2107 4989 2363 5045 inveniat.
2406 4988 2472 5042 In
2505 4987 2599 5041 illa
2637 4987 2773 5041 enim
2801 4985 2845 5016 ¹⁶
2870 4986 2955 5039 die
2989 4986 3225 5054 peribunt
3272 4995 3445 5035 omnes
3483 4971 3652 5042 cogita-

2105 5081 2270 5134 tiones
2290 5095 2493 5132 eorum.
2515 5077 2881 5148 Cogitationes
2907 5076 3043 5130 dixit
3064 5075 3351 5145 perituras,
3372 5084 3471 5123 non
3494 5073 3649 5117 autem

2104 5170 2451 5225 substantias.
2494 5168 2599 5223 Sed
2623 5183 2760 5237 quas
2790 5167 3142 5237 cogitationes
3178 5163 3300 5217 ait?
3340 5160 3509 5215 Vanas
3546 5166 3652 5222 pro-

1700 5298 1951 5356 V’ARIAE
1987 5301 2389 5359 LECTIONES.

505 5408 523 5439 ⁹
556 5404 807 5482 δῖοί)ῗὶ
930 5379 1147 5482 Organa.
1171 5406 1303 5482 ejtts-
1363 5408 1401 5482 _'
1426 5409 1818 5482 Δςεευιενὶονιςπη.
1843 5409 1950 5465 CF.
2030 5413 2051 5443 ³
2077 5412 2160 5467 CF
2186 5414 2283 5466 rite
2321 5410 2828 5482 philosophantium.
2908 5410 2926 5440 θ
2964 5410 3055 5465 Sic
3093 5409 3163 5473 C;
3198 5408 3242 5482 ᾼ
3282 5390 3649 5482 praemonuir

876 5475 897 5506 '
924 5475 1035 5528 eius
1081 5491 1190 5528 om.
1219 5477 1283 5528 Α.

872 5545 913 5574 ¹¹
949 5545 993 5596 Α
1019 5561 1154 5598 eam.

817 5615 859 5646 "
894 5613 975 5665 sui
1014 5630 1121 5666 om.
1154 5615 1218 5667 A.

426 5474 802 5554 pronuntiarit.

428 5551 529 5593 catt
567 5551 791 5596 mitium.

434 5612 475 5660 Α
511 5610 738 5671 dei/ient.
817 5615 859 5646 "
894 5613 975 5665 sui
1014 5630 1121 5666 om.
1154 5615 1218 5667 A.
1297 5616 1338 5647 ¹⁸
1365 5617 1500 5669 enim
1529 5633 1638 5671 om.
1667 5618 1736 5670 A.

1361 5475 1381 5505 ‘
1402 5475 1758 5551 diro__om_.‘A.
1794 5549 1807 5551 _
1833 5482 1854 5512 "
1885 5482 1925 5533 A
1958 5483 2175 5551 possint.

1232 5547 1274 5577 ¹⁸
1305 5544 1395 5600 Sic
1438 5545 1605 5609 ACF;
1641 5547 1681 5600 Ρ
1717 5549 1830 5604 rad.
1866 5544 2008 5605 cor'r.
2051 5551 2382 5605 immutabili.

2253 5484 2274 5513 ⁸
2304 5473 2343 5536 Ᾱ
2377 5498 2453 5535 ac.
2532 5473 2553 5513 δ
2582 5481 2622 5534 A
2653 5497 2762 5533 esse
2800 5498 2901 5534 nou
2937 5491 3120 5549 potest.
3194 5477 3240 5509 “’
3271 5478 3313 5528 Α
3348 5473 3513 5549 ornatis
3548 5481 3651 5549 ,ρετέ

2459 5552 2502 5582 ³³
2535 5549 2624 5606 Sic
2647 5549 2768 5613 CF;
2799 5551 2840 5604 Α
2880 5549 3272 5619 gloriosissinm.

3351 5543 3392 5573 "
3422 5542 3505 5597 Sir
3544 5533 3652 5597 (ῖΡὶ
