3952 6162
194 328 287 388 Μὸ

1028 318 1114 374 DE
1150 314 1485 373 DlV’ISlONE
1519 314 1869 372 NATUBAE.
1910 346 1948 354 -—
2016 313 2219 370 LIBER
2254 313 2556 383 QUINTUS

3335 312 3438 368 9H3

190 447 323 501 fccto
363 455 543 496 rerum
595 435 950 497 sensibilium,
984 435 1179 503 quibus
1208 434 1260 488 in
1298 434 1400 488 hac
1428 432 1537 486 vita
1567 431 1757 486 insano
1785 432 1832 492 A
1862 430 2001 483 sicut
2044 430 2302 499 scriptum
2345 439 2430 485 est
2472 448 2485 483 :
2527 428 2687 483 Ibunt
2742 428 2911 481 sancti
2967 425 2988 456 ’
3038 426 3100 479 ’ἐ
3157 434 3343 479 virtute
3389 430 3442 477 t'u

191 535 388 589 inhiant
416 544 635 593 amore,
666 528 1001 598 phantasias,
1029 541 1165 595 quas
1184 521 1641 578 irrationabilibus
1664 523 1760 577 ob-

186 631 430 680 caecatae
472 633 573 690 per
605 617 864 673 malitiam
906 617 1118 670 animae
1146 613 1428 669 all‘ectibus
1458 615 1756 669 attralmnt.

187 710 719 786 Quibuslphantasiis
774 708 910 778 ipsi,
951 708 1042 778 qui
1083 722 1177 762 eas
1217 706 1460 777 fingunt,
1503 706 1759 762 simillimi

186 810 358 859 erunt.
411 799 625 854 Nullam
664 798 862 867 quippe
905 790 1031 850 v’ere
1070 795 1183 850 veri
1231 794 1556 850 soliditatem
1614 794 1761 848 inve-

189 892 352 954 nient,
391 888 485 944 sed
521 886 688 941 veluti
727 885 980 940 inanibus
1014 884 1241 940 somniis
1291 882 1683 952 torquebantur
1717 884 1758 936 ‘.

188 981 316 1036 Hinc
352 978 620 1033 Maximus
650 976 860 1031 decimo
884 985 1038 1030 sexto
1068 975 1134 1030 de
1170 974 1451 1045 Ambiguis
1478 974 1715 1045 capitqu
1746 993 1758 1028 ε

190 1071 284 1138 Qui
310 1070 512 1133 divina,
540 1069 735 1137 inquit,
761 1067 1024 1138 sapienter
1048 1041 1366 1119 meditantur
1389 1041 1561 1126 verba,
1591 1065 1765 1134 perdi-

187 1164 370 1217 tionem
396 1170 443 1215 et
473 1160 739 1230 infernum
760 1168 809 1213 et
856 1157 995 1227 ﬁlios
1033 1156 1339 1225 perditionis
1374 1164 1419 1209 et
1448 1154 1641 1209 similia
1667 1173 1762 1221 ap-

186 1254 374 1326 pellant
412 1269 521 1317 eos,
552 1254 676 1324 qui,
713 1252 854 1322 quod
905 1267 1009 1304 non
1047 1260 1147 1313 est,
1187 1249 1388 1303 sibimet
1432 1248 1715 1302 secundum
1745 1249 1766 1281 ⁸

187 1350 367 1401 mentis
402 1347 648 1415 aﬁ'ectum
685 1343 1072 1399 subsistentiam
1113 1340 1354 1408 faciunt,
1402 1350 1451 1393 et
1486 1340 1563 1392 sic
1599 1340 1767 1409 plum-

186 1439 328 1493 tasiis
361 1454 453 1507 per
478 1436 653 1490 omnia
686 1433 879 1490 similes
907 1432 1060 1501 ﬁunt.
1094 1430 1232 1496 Quid
1270 1430 1445 1484 dicam
1477 1430 1543 1482 de
1579 1438 1767 1481 sancto

186 1530 479 1602 Augustino
500 1528 554 1582 in
577 1525 893 1582 duodecimo
913 1524 1051 1578 libro
1074 1524 1322 1579 Exemeri
1339 1523 1444 1585 sui,
1461 1523 1767 1592 disputante

189 1620 250 1673 de
299 1633 388 1682 eo,
424 1616 570 1687 quod
610 1617 823 1670 animae
858 1614 1035 1669 adlmc
1076 1613 1128 1667 itt
1175 1613 1276 1667 hac
1304 1612 1324 1644 ³
1354 1626 1519 1666 carne
1556 1610 1766 1665 mortali

189 1709 530 1767 constitutae.
552 1721 658 1761 non
679 1705 804 1761 alibi
833 1704 936 1758 nisi
963 1705 1015 1757 in
1038 1704 1361 1774 phantasiis,
1387 1711 1482 1757 aut
1505 1701 1765 1772 quasdam

1862 521 2129 584 virtutem,
2206 520 2260 574 in
2321 519 2552 574 ttttbibtts
2614 518 2839 572 visionis
2862 517 3026 587 rapti,
3101 514 3443 585 videbamque

1862 609 2032 662 Deum
2078 609 2295 664 deorum
2339 611 2396 663 in
2445 607 2599 675 Sion,
2632 610 2735 663 hoc
2761 616 2865 672 est,
2898 623 3002 662 non
3036 620 3131 677 per
3182 606 3443 675 seipsum,

1863 703 1956 757 sed
2005 702 2059 757 in
2109 702 2328 771 speculo
2372 702 2416 734 ¹⁰
2466 702 2679 757 divinae
2723 700 3081 771 phantasiae:
3137 699 3212 753 ita
3258 713 3287 751 a
3338 698 3444 751 Dec

1863 792 2097 862 elongati
2134 806 2349 861 semper
2389 792 2717 847 descendent
2738 792 2777 823 ¹¹
2806 805 2905 860 per
2926 790 3168 844 diversos
3187 787 3445 842 vitiorum

1864 899 2083 938 suorum
2114 885 2407 938 descensus
2433 883 2484 937 in
2516 882 2838 953 profundum
2891 880 3249 952 ignorantiae,
3279 880 3445 948 inque

1867 974 2118 1028 tenebras
2163 974 2478 1036 exteriores,
2522 973 2573 1026 in
2604 972 2799 1041 quibus
2823 972 2919 1026 erit
2962 973 3115 1041 ﬂetus
3162 979 3210 1024 et
3252 969 3445 1024 stridor

1864 1063 2121 1117 dentium.
2161 1061 2220 1116 In
2269 1063 2515 1131 utrisque
2553 1070 2756 1127 tamen,
2800 1059 2962 1131 justis
2991 1060 3113 1115 dico
3149 1068 3203 1114 et
3245 1058 3448 1129 impiis,

1867 1154 2039 1218 salva,
2067 1162 2124 1209 et
2152 1153 2384 1223 integra,
2412 1160 2468 1206 et
2517 1151 2963 1214 incontamiuata,
3012 1149 3268 1219 omnique
3311 1164 3442 1203 con-
3502 1188 3505 1191 ‹

1868 1244 2034 1298 traria
2080 1242 2330 1313 passione
2371 1241 2539 1295 libera
2584 1242 2689 1295 erit
2716 1251 2772 1294 et
2815 1255 3028 1309 semper
3053 1242 3159 1294 erit
3208 1240 3448 1293 humana

1866 1343 2059 1387 natura
2091 1350 2105 1385 :
2139 1332 2381 1400 utrisque
2423 1331 2529 1385 erit
2561 1330 2752 1385 similis
2778 1345 3063 1399 corporum
3095 1329 3450 1397 spiritualitas

1868 1423 2048 1477 ablata
2091 1422 2238 1478 omni
2284 1421 2638 1481 animalitate,
2705 1419 2898 1475 similis
2968 1417 3455 1485 iucorruptibilitas

1819 1553 1822 1556 ~
1868 1516 2145 1571 subtracta
2172 1514 2322 1569 omni
2369 1513 2739 1583 corruptione,
2781 1511 2976 1565 similis
3007 1519 3228 1564 naturae
3253 1509 3446 1580 gloria.

1869 1608 2087 1677 quando
2110 1604 2388 1660 auferetur
2421 1604 2601 1659 omnis
2643 1602 2993 1666 contumelia,
3026 1601 3226 1659 similis
3265 1615 3453 1655 essen-

1874 1699 1967 1762 tia,
2015 1697 2209 1753 similis
2245 1696 2560 1751 aeternitas.
2604 1694 2750 1750 llaec
2786 1702 2912 1749 sunt
2957 1693 3011 1749 in
3042 1691 3451 1762 regeneratione

189 1800 375 1854 inanes
403 1797 655 1859 laetitias,
689 1804 779 1871 aut
815 1795 1077 1865 quasdam
1118 1795 1307 1849 inanes
1335 1808 1534 1863 poenas
1555 1791 1766 1862 patian-
1794 1775 1838 1835 Β
1866 1789 2140 1861 generalia
2198 1787 2576 1857 naturaliaque
2638 1787 2778 1842 bona
2854 1786 3021 1840 totius
3072 1783 3453 1845 humanitatis,

192 1904 286 1955 tur,
321 1893 378 1947 in
408 1890 589 1946 futura
620 1905 749 1945 vero
785 1889 894 1943 vita
914 1929 930 1951 ,
970 1888 1206 1958 receptis
1228 1885 1564 1956 corporibus,
1592 1883 1761 1940 solida

189 1984 431 2040 veritatis
463 1981 912 2052 contemplatione
942 1978 1073 2048 justi
1105 1978 1432 2048 gaudebunt,
1460 1975 1609 2045 impii
1634 1989 1765 2029 vero

192 2076 376 2129 inanes
403 2088 582 2128 rerum
611 2070 943 2127 sensibilium
970 2069 1233 2139 imagines
1253 2067 1519 2136 patientes
1539 2066 1763 2131 ﬂebunt,

190 2167 331 2221 salva
354 2174 412 2221 et
441 2163 740 2235 impunibili
765 2163 820 2217 in
845 2162 1095 2232 utrisque
1123 2160 1442 2216 substantia.
1466 2158 1582 2213 Duo
1609 2175 1763 2213 nam-

190 2272 286 2327 que
312 2270 513 2327 genera
539 2255 849 2327 passionum
877 2261 1004 2309 sunt
1031 2270 1044 2306 :
1075 2267 1238 2307 unum
1262 2291 1278 2318 ,
1315 2266 1424 2320 quo
1453 2247 1686 2305 deificati
1713 2249 1765 2303 in

193 2346 481 2402 conditoris
521 2345 602 2400 sui
653 2344 1000 2415 purissimam
1045 2342 1406 2414 cognitionem
1461 2340 1766 2409 rapiuntur,

192 2438 415 2493 alterum
462 2450 593 2491 vero
618 2434 641 2466 ⁸
667 2476 682 2499 ,
713 2450 820 2504 quo
846 2434 992 2503 impii
1034 2433 1089 2487 in
1123 2431 1595 2503 profundissimam
1630 2430 1770 2484 veri-

193 2527 312 2581 tatis
336 2524 699 2598 ignorantiam
735 2533 1072 2595 merguntur.
1103 2522 1170 2577 Et
1191 2521 1321 2592 quid
1348 2520 1568 2583 mirum,
1595 2519 1638 2574 si
1672 2519 1770 2573 im-

191 2619 281 2688 pii,
313 2618 461 2686 quod
508 2618 563 2672 in
605 2617 709 2672 hac
748 2616 857 2670 vita
897 2616 1073 2670 adhuc
1113 2615 1168 2669 in
1223 2628 1388 2669 carne
1433 2614 1769 2683 corruptibili
1820 2658 1827 2665 .

194 2707 391 2763 detenti
423 2722 523 2776 per
544 2707 776 2768 somnia,
809 2714 1008 2775 etpost
1032 2721 1150 2761 eam
1186 2705 1524 2775 pbantastice
1555 2705 1770 2774 patiun-

196 2807 275 2853 tur
295 2800 350 2854 in
371 2797 608 2860 inferno,
624 2797 990 2868 spiritualiluts
1008 2797 1326 2868 corporibus
1338 2797 1452 2852 suis
1473 2799 1495 2830 ⁸
1519 2796 1769 2865 receptis,

193 2905 253 2942 ac
283 2889 452 2944 veluti
497 2888 816 2960 gravissimo
860 2886 1092 2957 quodam
1142 2902 1334 2941 somno
1380 2885 1693 2956 evigilantes
1729 2885 1769 2949 ⁸,

194 2980 500 3050 expressius
527 2979 802 3048 patiantur
820 2993 916 3049 per
941 2977 1380 3048 supplicia,itaut
1404 2992 1638 3044 semper,
1670 2975 1774 3030 sic—

195 3084 251 3129 ut
271 3075 348 3129 ait
374 3074 730 3144 Augustinus,
755 3087 915 3128 verae
960 3086 1167 3141 poeuae
1203 3072 1282 3125 eis
1308 3071 1435 3133 sint,
1461 3070 1629 3124 falsae
1649 3086 1775 3123 vero

197 3163 460 3234 imagines
488 3162 541 3216 in
572 3177 678 3216 non
698 3161 864 3223 veris,
883 3174 1011 3215 vera
1035 3160 1270 3220 tristitia,
1296 3174 1455 3214 verus
1482 3158 1655 3212 luctus
1684 3173 1775 3226 pa-
1802 3130 1847 3191 (εἶ

203 3267 419 3322 vorque,
442 3267 564 3307 sera
584 3251 933 3321 poenitentia,
956 3266 1118 3306 uretts
1138 3250 1521 3321 cogitationum
1543 3248 1776 3301 ﬂamma.

198 3341 238 3396 E
273 3341 550 3398 contrario
581 3351 759 3396 autem
791 3339 924 3408 justi
963 3342 1255 3410 patientur,
1298 3340 1514 3409 quibus,
1550 3338 1779 3407 receptis

196 3432 530 3500 corporibus,
545 3431 915 3502 deificatisque
928 3432 1219 3495 mentibus,
1246 3446 1405 3487 verae
1424 3431 1780 3486 beatitudines

200 3533 356 3575 erunt
385 3523 440 3576 in
474 3524 619 3577 veris
664 3522 1224 3592 contemptatiouibus,
1268 3537 1454 3578 verum
1504 3523 1779 3593 gaudium,

201 3624 319 3666 vera
365 3611 593 3674 laetitia,
631 3612 884 3679 quoniam
929 3628 1113 3678 omne,
1144 3614 1286 3682 quod
1326 3614 1379 3668 in
1416 3613 1519 3669 hac
1549 3614 1656 3667 vita
1685 3629 1781 3682 pcr

202 3700 352 3755 fidem
385 3700 679 3770 accipiunt,
725 3700 777 3755 in
822 3700 1006 3757 futuro
1057 3718 1153 3772 per
1197 3703 1429 3772 speciem
1474 3704 1780 3757 considera-

198 3787 347 3843 bunt.
390 3786 500 3843 Sed
543 3790 718 3857 qualis
759 3791 871 3860 ipsa
918 3791 1125 3859 species
1170 3791 1261 3854 sit,
1314 3790 1681 3860 unusquisque
1725 3792 1777 3845 in

200 3882 372 3950 seipso
402 3881 606 3936 videbit
631 3883 997 3951 experimento
1028 3900 1042 3935 :
1075 3881 1140 3936 In
1170 3882 1324 3935 domo
1362 3882 1381 3912 ⁷
1416 3883 1580 3946 enim,
1611 3882 1782 3951 inquit

200 3972 438 4036 Veritas,
461 3960 768 4026 Patris'mei
806 3972 1104 4026 mansiones
1129 3970 1325 4024 multae
1345 3981 1486 4025 sunt.
1526 3970 1783 4039 Utrisque

201 4070 377 4118 tamen
404 4070 568 4116 erunt
606 4062 924 4131 phantasiae
966 4063 1133 4118 veluti
1177 4062 1347 4119 facies
1389 4064 1652 4133 quaedam
1682 4079 1774 4117 ex-

197 4168 442 4222 pressae,
466 4153 628 4222 justis
655 4153 879 4221 quidem
900 4154 1206 4208 divinarum
1235 4154 1776 4223 contemplationum;

200 4261 321 4298 nam
347 4259 458 4298 non
493 4259 590 4312 per
630 4244 888 4314 seipsum,
918 4245 1013 4300 sed
1057 4260 1153 4315 per
1176 4245 1439 4315 quasdam
1470 4260 1594 4300 suas
1621 4260 1780 4315 appa-

200 4335 430 4388 ritiones
467 4332 763 4388 secundum
795 4334 1135 4391 altitudinem
1184 4334 1608 4405 uniuscujusque
1655 4351 1778 4390 san-

200 4435 411 4479 ctorum
472 4424 944 4493 contemplationis
1013 4427 1283 4482 videbitur
1346 4427 1507 4483 Deus.
1581 4428 1693 4483 Hae
1757 4429 1778 4459 ⁸

199 4517 398 4587 quippe
454 4523 580 4572 sunt
640 4516 852 4580 nubes,
921 4518 987 4573 de
1038 4519 1235 4588 quibus
1294 4519 1373 4572 ait
1422 4519 1709 4588 Apostolus
1762 4536 1774 4570 :

202 4607 489 4679 Rapiemur
506 4614 562 4666 in
586 4612 809 4666 nubibus
835 4612 1037 4665 obviam
1065 4608 1293 4673 Christo,
1336 4609 1507 4664 nubes
1535 4609 1782 4663 videlicet

198 4702 477 4770 appellans
521 4702 826 4756 divinarum
870 4701 1277 4770 phantasiarum
1325 4700 1568 4753 diversas
1614 4713 1780 4767 appa-

200 4792 430 4848 ritiones
464 4796 759 4849 secundum
789 4785 1208 4859 uniuscujusque
1248 4790 1483 4844 dciticati
1533 4790 1777 4842 altitudi-

201 4897 325 4937 nem
353 4885 618 4940 theoriae.
652 4884 834 4955 lmpiis
864 4898 991 4937 vero
1023 4880 1327 4936 mortalium
1360 4895 1537 4933 rerum
1568 4893 1781 4945 semper

198 4982 362 5028 erunt
400 4975 723 5044 phantasiae
789 4989 855 5028 ac
905 4973 1151 5027 diversae
1206 4969 1482 5038 falsaeque
1549 4968 1781 5037 species,
1826 4996 1839 5013 ι

198 5068 499 5121 secundum
541 5066 783 5121 diversos
829 5064 1090 5119 malarum
1144 5077 1364 5117 suarum
1404 5059 1779 5131 :ogilationum

201 5163 406 5212 motus.
442 5155 511 5210 Et
552 5155 1007 5226 quemadmodum
1044 5152 1277 5207 deificati
1325 5166 1424 5221 per
1470 5150 1783 5204 innumera-

204 5248 342 5305 biles
394 5247 611 5303 divinae
676 5244 1146 5317 contemplationis
1207 5244 1407 5313 gradus
1465 5241 1781 5303 ascenderit,

1867 1881 2223 1948 omnilmsque
2270 1876 2721 1948 participantibtts
2757 1890 2878 1930 eam
2931 1873 3259 1930 communia.
3309 1872 3453 1926 llaec

1869 1978 1995 2024 sunt
2026 1969 2152 2022 data
2183 1968 2247 2021 de
2272 1982 2480 2033 sursum
2513 1984 2545 2019 a
2585 1963 2748 2018 Patre
2786 1965 3043 2019 luminum
3068 1963 3451 2024 descendentia,

1869 2060 1925 2115 in
1951 2073 2140 2114 omnes
2164 2056 2489 2128 generaliter
2514 2054 2728 2118 diffusa,
2771 2069 3001 2123 quorum
3039 2050 3455 2121 participatione

1869 2165 2030 2206 nemo
2090 2147 2413 2211 excluditur,
2473 2160 2635 2201 nemo
2681 2145 2947 2214 privatur,
2996 2142 3247 2212 quoniam
3297 2155 3454 2194 nemo

1870 2242 1987 2297 sine
2012 2240 2098 2295 his
2119 2237 2403 2300 subsistit;
2431 2234 2628 2290 nullius
2661 2233 2815 2288 malis
2841 2234 2884 2264 ¹²
2914 2231 3123 2286 meritis
3151 2229 3456 2299 impediun-

1871 2342 1983 2398 tur,
2022 2346 2089 2387 ne
2131 2331 2360 2393 dentur;
2410 2325 2612 2381 nullius
2658 2324 2798 2379 bona
2850 2322 3043 2377 merita
3083 2320 3453 2390 praecedunt,

1871 2423 2067 2493 quibus
2089 2425 2462 2490 praestentur;
2504 2429 2664 2471 omne
2706 2412 2955 2468 meritum
2999 2418 3440 2481 praeoccupaut;

1873 2514 1996 2589 sola,
2032 2513 2212 2567 divina
2246 2509 2507 2566 bonitatis
2545 2504 2792 2576 largiﬂua
2828 2502 3158 2574 plenitudine
3205 2498 3458 2555 omnibus

1874 2621 1971 2676 per
2014 2602 2199 2659 omnia
2243 2598 2629 2657 universaliter
2671 2596 2993 2651 inexhausta
3047 2589 3309 2648 effusione
3329 2604 3458 2654 ,ma-

1874 2703 2035 2760 nant;
2065 2694 2119 2748 in
2143 2691 2292 2747 nullo
2334 2697 2631 2758 augentur;
2679 2686 2733 2741 in
2782 2684 2929 2740 nullo
2973 2682 3331 2747 minuuntur;
3363 2694 3456 2735 ae-

1875 2785 2106 2855 qualiter
2127 2767 2379 2838 omnibus
2409 2780 2613 2842 insunt,
2638 2786 2693 2834 et
2733 2776 2892 2831 bonis
2933 2783 2989 2830 et
3015 2772 3207 2838 malis;
3236 2786 3267 2825 a
3310 2769 3458 2825 nullo

1878 2875 2259 2939 retrahuntur;
2290 2870 2639 2926 acternalite'r
2686 2868 2738 2922 in
2765 2866 3017 2923 omnibus
3040 2873 3096 2920 et
3134 2862 3460 2918 substantia-

1877 2966 2005 3020 liter
2033 2963 2445 3035 permanebunt,
2490 2958 2636 3015 omni
2687 2957 3032 3027 corruptione
3076 2954 3459 3023 contrariaque

1877 3056 2131 3126 passione
2219 3052 2485 3108 absoluta.
2562 3051 2816 3104 Attamen
2879 3056 3006 3102 sunt
3065 3044 3457 3101 contrariarum

1878 3145 2219 3217 qualitatum,
2250 3144 2518 3199 bonarum
2549 3131 2679 3195 dico
2697 3137 3072 3207 malarumque
3096 3134 3457 3196 voluntatum,

1879 3237 2096 3292 virtutis
2144 3234 2580 3307 ignominiaeque
2621 3229 2860 3300 capacia.
2910 3227 2979 3281 Et
3028 3227 3202 3281 bonae
3243 3224 3459 3293 quidem

1878 3328 2185 3383 voluntates
2212 3333 2374 3395 atque
2424 3322 2653 3376 virtutes
2698 3334 2766 3375 ex
2814 3325 3005 3372 natura
3052 3323 3109 3370 et
3155 3314 3329 3385 gratia
3383 3313 3463 3367 eis

1880 3421 2096 3483 adsunt,
2154 3429 2355 3487 pravae
2395 3428 2526 3468 vero
2574 3408 2869 3464 voluntatis
2912 3405 3133 3462 obnoxii
3178 3403 3225 3436 "
3265 3412 3460 3466 motus,

1879 3510 1968 3580 qui
1997 3522 2125 3563 vere
2164 3504 2489 3576 proprieque
2518 3499 2786 3571 superflua
2814 3505 3047 3551 naturae
3074 3494 3352 3557 dicuntur,
3395 3508 3461 3547 ex

1881 3598 2025 3654 nulla
2051 3612 2213 3653 causa
2251 3593 2480 3650 naturali
2510 3607 2605 3670 seu
2645 3585 3043 3660 supernaturali
3071 3586 3151 3639 eis
3190 3583 3463 3646 accidunt,

1881 3690 2107 3759 ideoque
2140 3696 2292 3743 extra
2319 3702 2379 3742 se
2404 3684 2563 3741 simul
2588 3692 2645 3738 et
2674 3684 2819 3737 intra
2851 3694 2909 3735 se
2939 3677 3345 3748 impassibiliter
3370 3692 3465 3731 eos

1880 3781 2169 3838 sustinent.
2202 3780 2319 3835 Non
2348 3778 2493 3833 enim
2522 3793 2590 3832 ex
2617 3783 2831 3838 natura,
2865 3773 2950 3827 vel
2984 3770 3161 3843 gratia
3191 3768 3463 3841 provenit,

1880 3873 2025 3943 quod
2070 3887 2168 3942 per
2225 3870 2581 3942 privationem
2630 3865 2763 3920 nihil
2811 3874 2925 3929 est,
2976 3862 3230 3932 quoniam
3288 3873 3465 3928 neque

1883 3962 2185 4019 substantia
2216 3970 2319 4026 est,
2361 3974 2537 4029 neque
2564 3955 2807 4010 naturale
2841 3952 3117 4015 accidens,
3154 3965 3331 4018 neque
3361 3950 3465 4001 vir-

1883 4063 1969 4109 tus
1997 4052 2042 4085 “’
2068 4052 2330 4107 naturalis
2355 4034 2763 4119 quadriformis,
2795 4059 2902 4112 qua
2952 4040 3234 4096 rationalis
3283 4039 3464 4092 anima

1880 4155 2128 4209 ornatur,
2164 4140 2504 4214 prudentiam
2534 4137 2678 4199 dico,
2727 4131 3163 4203 temperantiam,
3194 4126 3466 4183 fortitudi-
3521 4156 3527 4162 ι

1882 4252 2028 4299 nem,
2051 4233 2351 4302 justitiam;
2374 4243 2545 4297 neque
2573 4226 2765 4279 harum
2782 4221 3022 4278 bicornis
3051 4220 3193 4284 fons,
3215 4218 3405 4287 sophia
3420 4217 3466 4248 “‘

1883 4325 2129 4382 videlicet
2182 4332 2237 4380 ct
2289 4321 2334 4354 "
2374 4316 2753 4379 mansuetudo,
2785 4328 2927 4383 quae
2975 4326 3044 4366 ex
3092 4310 3321 4365 caritate
3354 4323 3466 4361 ma-

1881 4428 2014 4475 nant
2041 4419 2114 4483 ";
2144 4429 2320 4485 neque
2365 4412 2471 4467 ulla
2495 4410 2712 4470 virium,
2744 4420 2885 4475 quae
2931 4406 2999 4458 ab
3046 4402 3127 4458 eis
3153 4407 3464 4469 erumpunt.

1886 4514 1950 4568 de
1976 4511 2170 4582 quibus
2209 4520 2352 4560 nunc
2392 4511 2630 4557 tractare
2652 4499 2868 4567 longum
2901 4495 3134 4558 videtur,
3165 4491 3466 4562 proposito-

1885 4616 1991 4671 que
2031 4599 2307 4661 alienum;
2357 4607 2530 4662 neque
2575 4586 3002 4660 supernaturalis
3031 4583 3351 4639 excellentia
3388 4583 3466 4636 itt-

1887 4689 2116 4746 etl‘abilis
2146 4684 2505 4742 deificationis
2533 4680 2672 4736 ultra
2694 4692 2911 4734 omnem
2948 4684 3280 4735 creaturam,
3302 4688 3464 4743 quam

1889 4796 1979 4834 nec
2007 4776 2190 4833 oculus
2209 4774 2358 4838 vidit,
2385 4789 2477 4826 nec
2521 4771 2666 4824 auris
2701 4767 2925 4830 audivit,
2959 4783 3050 4820 nec
3090 4767 3144 4818 in
3177 4781 3267 4818 cor
3295 4765 3466 4817 homi-

1889 4874 1970 4926 nis
1992 4869 2269 4929 ascendere
2299 4871 2494 4936 potest.
2520 4861 2633 4916 Non
2675 4861 2820 4915 enim
2851 4859 2993 4912 inter
3015 4858 3221 4923 omnia,
3247 4858 3341 4911 sed
3378 4872 3467 4909 su-

1887 4977 1985 5033 per
2008 4959 2190 5015 omnia
2216 4961 2590 5026 comparatur;
2618 4966 2720 5006 nec
2742 4950 2884 5005 intra
2914 4957 3214 5018 potestates
3241 4957 3470 5002 naturae

1884 5054 2135 5112 conditae
2157 5048 2467 5105 includitur.
2514 5046 2583 5100 Et
2617 5058 2687 5099 ne
2729 5042 2966 5107 mireris,
2997 5041 3143 5113 quod
3185 5039 3317 5103 dixi,
3359 5037 3462 5090 hu-

1885 5159 2100 5202 manam
2145 5150 2394 5196 naturam
2448 5135 2846 5194 contrariorum
2894 5147 3148 5204 capacem
3213 5144 3355 5191 esse,
3397 5140 3463 5179 ex

1885 5238 2081 5307 quibus
2109 5232 2245 5289 nihil
2281 5229 2501 5301 patitur,
2548 5241 2726 5297 neque
2763 5240 2893 5282 suae
2921 5218 3279 5293 simplicitatis
3316 5229 3464 5269 sere-

1497 5369 1753 5424 VARIAE
1786 5363 2186 5424 LECTIONES.

274 5468 295 5523 ί
322 5488 412 5546 CF
437 5495 772 5560 torquentur.
850 5490 872 5521 ³
894 5486 985 5542 Sic
1005 5484 1123 5551 CF;
1149 5488 1187 5539 Α
1214 5483 1430 5540 sibimet
1454 5492 1502 5536 et
1526 5481 1840 5537 secundum.
1918 5478 1938 5509 ³
1964 5479 2062 5531 hac
2098 5492 2207 5532 om.
2230 5476 2295 5531 A.
2369 5476 2393 5506 ⁸
2440 5491 2558 5529 vero
2579 5489 2688 5529 om.
2711 5470 2743 5527 C

274 5558 341 5613 3F
375 5559 756 5613 eciailantibus.
831 5559 851 5589 "
876 5559 916 5612 C
945 5559 997 5611 in
1024 5557 1204 5610 domu.
1280 5555 1302 5585 ⁸
1339 5554 1381 5607 Α
1411 5552 1575 5606 Haec.
1649 5549 1671 5580 '
1703 5549 1795 5603 Sic
1820 5547 1938 5612 CF;
1968 5546 2010 5601 A
2043 5547 2186 5601 iusti.
2262 5547 2305 5578 ¹⁰
2332 5544 2417 5601 CF
2443 5547 2495 5599 itt
2534 5542 2743 5613 specula

203 5559 225 5589 ⁸
252 5558 341 5614 CF
375 5552 756 5630 uigilantibus.
810 5559 851 5630 A"
876 5559 916 5612 C
945 5557 1204 5630 inidomu:
1255 5555 1307 5630 _'_
1339 5552 1575 5630 ΑΑΙ-ζαεεἶ

202 5631 363 5683 dunt.
437 5628 478 5662 η
518 5628 611 5684 Sic
652 5628 838 5693 CF;A
891 5629 1037 5681 mali.

205 5700 248 5729 "
281 5700 379 5753 Sic
403 5699 487 5755 AC
513 5717 527 5757 ;
557 5699 594 5753 F
623 5716 704 5753 ac.
758 5690 823 5729 ’⁸⁷
853 5714 985 5764 quae
1019 5712 1081 5750 ex
1112 5695 1327 5748 caritate
1357 5703 1567 5745 manant
1593 5706 1701 5745 om.
1729 5690 1792 5742 A.

1161 5625 1202 5656 ¹³
1252 5623 1343 5677 Sic
1381 5621 1500 5683 CF;
1553 5620 1598 5675 A
1645 5620 1918 5673 obnoxios.

1918 5478 1938 5509 ³
1964 5479 2062 5531 hac
2098 5492 2207 5532 om.
2230 5476 2295 5531 A.
2369 5476 2393 5506 ⁸
2440 5491 2558 5529 vero
2579 5489 2688 5529 om.
2711 5468 2810 5527 CF.
2892 5468 2914 5499 ³
2940 5465 2983 5519 Δ
3007 5464 3117 5518 suis
3138 5461 3463 5531 corporibus.

1923 5564 1935 5576 -
1974 5546 2006 5588 Δ
2043 5547 2184 5588 δοκεῖ-
2262 5547 2305 5578 ιο
2332 5544 2417 5588 CF
2443 5547 2494 5588 in
2534 5542 2759 5588 ιηρωιη.
2838 5537 2880 5568 ¹¹
2921 5535 3012 5588 Sic
3036 5532 3154 5588 CF:
3184 5533 3225 5587 A
3254 5534 3462 5587 descen-

2020 5616 2063 5648 “
2103 5618 2192 5671 Sic
2237 5616 2354 5679 CF;
2391 5616 2435 5670 Α
2482 5603 2713 5668 virtutis.
2788 5606 2833 5640 "
2877 5605 2967 5659 Sic
2997 5603 3112 5659 CF'
3162 5603 3207 5658 Α
3249 5604 3454 5658 caritas.
