3952 6162
521 341 624 397 M7

1906 315 2188 376 JO.\.\'NiS
2227 313 2422 371 SCOTI

3659 315 3750 368 913

521 453 664 503 nitas
703 445 1069 517 perturbatur,
1109 440 1290 510 accipe
1319 439 1708 508 paradigmata.
1747 438 1852 489 Aer
1901 435 2001 488 iste
2049 431 2086 492 ',
2126 433 2168 488 Α
2203 425 2616 488 incendendum,
2673 439 2766 478 seu
2813 423 2880 476 ad
2925 419 3025 474 alia
3074 435 3299 492 corpora
3345 435 3501 476 sensu
3544 425 3749 476 carentia

521 553 632 606 quo
657 533 1164 592 eirtutmfuudimur,
1197 538 1250 582 et
1292 545 1400 600 quo
1431 528 1691 598 spirantia
1731 535 1788 580 et
1832 527 2104 594 respiran-

526 629 600 678 ti‘a
632 639 729 694 per
765 622 1048 693 pulmones
1098 619 1396 688 veintipcr
1437 617 1676 674 fabrinos
1727 616 1880 672 folles
1927 619 2102 688 ignem

506 717 700 768 'cor.'.is
732 728 946 782 semper
987 709 1224 776 sumant,
1258 711 1512 780 nulloque
1544 710 1802 780 temporis
1833 717 2106 763 momento

522 805 688 874 sepiri
728 819 850 858 eum
884 812 1072 856 natura
1123 802 1252 855 sinit
1305 801 1648 862 animalium,
1701 801 1904 854 lucidas
1945 800 2106 854 simul

523 907 798 964 tetrasque
830 895 933 948 l'urt
976 895 1145 948 nubes
1167 935 1180 955 ,
1217 894 1334 946 illas
1382 893 1598 962 quidem
1631 891 1826 946 solaris
1860 891 1990 944 radii
2026 907 2107 944 re-

515 997 777 1055 ‘CI‘pliVilS,
817 985 936 1036 illas
959 999 1087 1037 vero
1114 983 1440 1054 repulsivas;
1488 982 1612 1036 illae
1641 998 1707 1036 ex
1733 981 2108 1049 superioribus

517 1075 835 1130 tettttitatem
863 1073 1139 1142 fulgidam,
1165 1073 1452 1128 aethereae
1481 1073 1700 1144 put-itali
1731 1072 2104 1142 prepinquam,

519 1179 624 1231 qua
656 1166 856 1226 lucent,
889 1164 1197 1232 accipiunt;
1249 1163 1371 1216 illae
1399 1177 1528 1217 vero
1574 1166 1600 1196 ⁸
1645 1179 1713 1217 ex
1759 1162 2108 1218 inferioribus

519 1253 844 1308 densitatem
880 1253 1246 1316 tenebrosam,
1275 1253 1510 1306 terrenis
1559 1253 1810 1308 sordibus
1853 1253 2106 1312 similem,

519 1363 622 1416 qua
675 1347 849 1402 lucem
883 1354 1165 1416 respuunt,
1195 1348 1516 1400 attrahunt:
1570 1347 1682 1416 ipse
1713 1356 1892 1402 autem
1933 1363 2027 1402 aer
2057 1348 2108 1400 in

513 1438 770 1494 omnibus
811 1452 944 1492 suae
979 1451 1195 1506 semper
1227 1437 1542 1492 subtilitatis
1571 1446 1625 1492 ct
1654 1439 1966 1493 serenitatis
2013 1439 2112 1494 im-

520 1527 774 1581 tuubilcm
819 1527 1055 1583 custodit
1087 1528 1418 1597 qualitatem,
1468 1544 1569 1584 nec
1607 1529 1658 1583 in
1713 1529 1946 1584 nubibus
1987 1546 2112 1585 cor-

523 1621 782 1690 purasc't,
824 1635 922 1675 nec
977 1636 1100 1675 cum
1153 1621 1670 1690 perturbationiluts,
1723 1637 1862 1691 quas
1902 1622 2105 1684 sutl‘ert,

519 1709 902 1778 perturbatur;
934 1711 1070 1765 lucis
1105 1725 1272 1778 capax
1322 1719 1378 1764 et
1423 1711 1792 1773 tenebrarum,
1835 1714 1961 1767 dum
2010 1729 2106 1767 sua

2209 516 2489 571 nutrienda
2539 529 2644 568 non
2679 511 2924 568 sufﬁcere
2969 513 3173 582 absque
3199 511 3305 562 ulla
3344 509 3660 580 corpulentia
3687 513 3751 566 in.

2207 610 2481 668 tcrmixtn,
2533 605 2788 676 quoniam
2845 603 3056 672 igneum
3090 603 3419 672 aéreumque
3463 603 3752 658 elementum

2209 713 2305 768 per
2330 712 2389 751 se
2415 695 2516 750 sibi
2542 695 2768 748 invicem
2785 695 3108 763 junguntur,
3161 695 3234 746 ita
3266 703 3327 746 ut
3355 692 3556 746 nullum
3583 704 3750 749 motum

2207 788 2517 843 scusibilem
2543 785 2796 848 etiiriant,
2835 803 2966 856 prae
2997 785 3156 840 nitnia
3187 801 3316 839 suae
3365 795 3587 840 naturae
3612 788 3752 842 subti-

2208 880 2376 944 litate,
2392 895 2532 950 quae
2553 893 2768 948 semper
2792 879 2970 946 quieta
2995 887 3097 941 est,
3116 879 3372 946 omnique
3389 880 3750 946 perturbatione

2209 981 2434 1027 remota.
2466 971 2600 1024 Dum
2629 984 2761 1024 vero
2785 966 3132 1023 inferioribus
3163 983 3224 1020 se
3274 967 3581 1029 elementis,
3613 979 3748 1023 terrae

2207 1061 2330 1116 dico
2381 1069 2436 1115 et
2469 1073 2657 1128 aquae,
2711 1057 3025 1118 miscentur,
3075 1057 3128 1110 in
3164 1056 3378 1112 illorum
3408 1057 3746 1126 corpttltuttiori

2207 1149 2468 1221 qualitate
2489 1146 2786 1202 vim'suam
2813 1153 3088 1208 exercent,
3114 1155 3398 1215 motusque
3421 1161 3570 1206 suos.
3597 1147 3750 1214 qnilms

2202 1255 2434 1310 corpora
2470 1238 2742 1294 sensibilia
2779 1238 3180 1299 administrant,
3225 1237 3543 1293 manifestos
3593 1240 3747 1307 depro-

2211 1344 2384 1389 munt.
2404 1333 2518 1388 lloc
2539 1341 2720 1386 autem
2745 1331 3054 1402 paradigma
3077 1341 3358 1400 propterea
3374 1330 3747 1391 introduximus,

2209 1435 2268 1480 ut
2295 1426 2671 1480 incunctanter
2695 1422 3423 1490 cng'tmscamnsmumanam
3455 1431 3687 1478 naturam
3710 1425 3749 1476 in

2212 1516 2618 1586 regeneratioue
2649 1514 2766 1581 ejus
2795 1514 3197 1568 serenissimam
3223 1529 3348 1569 esse
3374 1513 3626 1574 futuram.
3652 1513 3748 1567 dum

2211 1609 2264 1664 in
2292 1625 2355 1662 ea
2391 1607 2462 1662 nil
2509 1615 2782 1685 terrenum
2821 1622 2916 1660 seu
2964 1607 3240 1660 humidum
3290 1621 3384 1660 seu
3431 1608 3750 1674 ponderosum

2213 1700 2564 1768 relinquetur,
2603 1697 2824 1752 omnino
2870 1697 2924 1774 in
2971 1695 3218 1766 spiritum
3257 1711 3557 1758 conversa;
3611 1695 3754 1748 diver-

517 1811 714 1854 natura
747 1817 920 1872 neque
945 1801 1063 1856 luce
1092 1810 1334 1872 augetur,
1367 1817 1539 1872 neque
1562 1804 1800 1858 tenebris
1823 1805 2104 1868 minuitur,

2214 1805 2396 1844 sarum
2431 1799 2609 1842 tamen
2638 1771 2956 1858 qualitatum
2985 1800 3238 1855 capacem
3289 1784 3406 1839 l'ure
3458 1785 3650 1854 absque
3671 1784 3752 1836 ulla

519 1890 760 1948 Calorem
793 1893 982 1962 recipit
1003 1904 1058 1948 et
1088 1893 1276 1960 frigus,
1303 1893 1757 1948 dum’suhstantia
1784 1893 1952 1963 ipsius
1976 1894 2110 1949 nihil

523 1983 705 2037 calore
735 1999 909 2052 neque
934 1983 1131 2054 frigore
1164 1985 1391 2054 patitur.
1425 1984 1775 2054 Corpulentia
1813 1985 2105 2054 siquidem,

525 2091 686 2143 quant
713 2091 776 2130 ex
813 2079 1042 2130 terrenis
1092 2078 1462 2146 aquaticisque
1502 2077 1524 2108 ³
1560 2077 1849 2146 vaporibus
1887 2079 2105 2148 accipit,

518 2171 665 2223 calet
695 2171 744 2222 iu
785 2186 848 2223 co
885 2177 977 2222 aut
1015 2170 1195 2240 friget,
1231 2171 1282 2223 in
1330 2171 1504 2225 nubes
1543 2170 1916 2239 conglobatur,
1947 2171 2110 2226 verti-

530 2271 622 2313 tur
649 2269 809 2330 atque
853 2271 1102 2315 movetur
1130 2264 1185 2314 in
1237 2271 1452 2325 ventos,
1507 2263 1764 2318 densatur
1811 2279 1864 2316 tu
1902 2263 2110 2333 pluvias

525 2354 851 2424 imbresque,
879 2355 1195 2427 eoagulatur
1221 2355 1276 2410 in
1319 2355 1471 2410 nives
1499 2357 1914 2426 grandinesque,
1960 2366 2111 2412 cete-

525 2459 721 2514 rasque
759 2447 990 2514 species,
1029 2462 1164 2516 quas
1189 2462 1256 2501 ex
1293 2447 1586 2518 praedictis
1625 2448 1939 2516 vaporibus.
1974 2463 2112 2518 quos

512 2534 712 2590 Graeci
759 2536 976 2609 ἀτμίδας
1009 2546 1223 2602 vocant,
1275 2547 1560 2594 nascentes
1601 2539 1849 2606 simplex,
1879 2549 1936 2592 at
1963 2537 1984 2568 ⁸
2010 2539 2113 2608 spi-

527 2626 736 2681 ritualis
766 2640 956 2682 natura
988 2630 1134 2684 aéris
1157 2671 1170 2694 ,
1200 2631 1370 2684 donec
1399 2630 1451 2684 in
1493 2637 1701 2684 terrena
1730 2630 1752 2661 '
1783 2630 2113 2698 luuuidaquc

520 2719 761 2787 pondera
779 2719 799 2750 ⁸
821 2727 1136 2788 graventur,
1165 2719 1430 2785 sustinet;
1461 2720 1574 2789 ipse
1592 2735 1742 2784 vero,
1767 2729 1822 2773 ul
1841 2719 2112 2789 praedixi-

525 2811 978 2879 mus,puritatem
1002 2826 1152 2865 suam
1180 2821 1234 2865 et
1260 2812 1698 2881 spiritualitatem
1729 2813 2110 2882 incorruptibi-

520 2895 629 2951 lem
648 2899 907 2968 possidet,
926 2915 1098 2970 neque
1114 2901 1302 2972 purior
1333 2916 1507 2971 neque
1523 2901 1860 2971 spiritualior
1884 2903 1937 2956 in
1967 2903 2110 2966 luce,

519 3007 687 3060 quam
712 2991 764 3046 in
783 2993 1040 3055 tenebris,
1063 3007 1236 3062 neque
1248 2993 1517 3058 subtilior,
1534 3009 1708 3065 neque
1724 2995 1842 3064 plus
1857 2991 2110 3050 inferiora

525 3100 583 3136 se
611 3101 833 3155 corpora
867 3096 1110 3154 penetrat
1143 3087 1195 3140 in
1230 3087 1636 3150 serenitatibus,
1679 3103 1840 3156 quam
1885 3088 1938 3140 in
1989 3103 2111 3156 per-

2214 1880 2570 1936 restitutionis
2611 1893 2741 1934 suae
2787 1879 3182 1950 permutatione
3235 1884 3332 1930 aut
3373 1877 3635 1929 contraria
3673 1875 3751 1928 sibi

2210 1978 2477 2048 passione.
2533 1973 2606 2030 Ut
2641 1973 2786 2028 enim
2837 1987 2930 2028 aer
2968 1972 3090 2034 iste,
3129 1985 3194 2024 ex
3235 1983 3345 2039 quo
3390 1968 3752 2023 similitudinem

2211 2069 2481 2138 quandam
2522 2063 2875 2120 humanitatis
2918 2062 2943 2094 ⁸
2993 2060 3317 2128 accepimus.
3369 2057 3642 2113 aethereos
3677 2056 3752 2110 tle-

2211 2175 2373 2230 super
2400 2157 2734 2227 Splendores,
2774 2155 3026 2208 deorsum
3068 2166 3198 2205 vero
3226 2158 3515 2206 concretas
3540 2161 3606 2203 ex
3641 2155 3751 2199 terra

2210 2259 2266 2304 et
2302 2264 2440 2320 aqua
2503 2247 2696 2316 recipit
2741 2245 3162 2314 l‘nmigaliones:
3219 2243 3290 2294 ita
3341 2239 3658 2298 humanitas,
3701 2233 3752 2288 ad

2216 2341 2500 2409 imaginem
2535 2338 2631 2392 Dei
2661 2336 2826 2398 facta,
2859 2331 3319 2390 irrationabilibns
3345 2339 3520 2384 autem
3543 2327 3752 2382 suisme-

2215 2431 2430 2486 tibusin
2457 2443 2698 2485 amorem
2744 2440 2924 2482 rerum
2955 2422 3309 2484 sensibilium,
3360 2421 3520 2490 inque
3560 2427 3752 2482 corpora

2213 2522 2584 2592 corruptibilia
2607 2560 2621 2582 ,
2679 2533 2819 2588 quae
2873 2531 2992 2573 eam
3048 2521 3365 2584 aggravant,
3417 2506 3752 2566 miserabiliter

2213 2617 2384 2686 lapsa,
2412 2616 2538 2668 dum
2584 2622 2827 2682 tempore
2855 2605 3284 2679 regenerationis
3310 2603 3365 2658 in
3400 2603 3668 2668 antiquum
3686 2609 3753 2650 re-

2214 2706 2496 2762 vocabitur
2521 2711 2743 2764 statnm,
2785 2701 2981 2756 divinis
3029 2697 3218 2760 radiis,
3257 2697 3309 2750 in
3360 2703 3499 2749 seet
3541 2700 3757 2755 suprase

2211 2795 2638 2870 splendentibus,
2700 2796 2753 2848 in
2813 2793 2896 2848 his
2959 2791 3050 2858 qui
3102 2788 3494 2843 tleiIiCabuntnr
3547 2779 3756 2870 t‘ulgebit.

2217 2867 2591 2960 temporalium
2619 2899 2750 2939 vero
2778 2886 2800 2917 '
2831 2880 3246 2949 mortaliumque
3293 2891 3495 2934 rerum,
3519 2867 3756 2960 quibusin

2218 2982 2318 3036 hac
2355 2979 2460 3033 rita
2489 2976 2746 3038 inlicitur,
2773 2971 3167 3043 phantasticam
3223 2967 3534 3023 memoriam
3565 2959 3686 3016 infra
3711 2972 3758 3011 se

2215 3082 2270 3128 et
2295 3081 2446 3127 extra
2501 3069 2553 3122 in
2582 3068 2690 3131 bis,
2721 3067 2812 3135 qui
2859 3065 3004 3119 onmi
3045 3061 3382 3117 beatitudine
3421 3055 3757 3130 privabantur,

527 3176 924 3231 turbationibus
975 3177 1107 3231 suis.
1145 3175 1280 3232 Hinc
1311 3194 1340 3232 a
1386 3145 1722 3247 philosophis
1773 3145 2106 3232 Graecoi-um
2137 3145 2184 3208 Ο
2216 3163 2523 3222 sustinebit.
2551 3177 2656 3215 non
2681 3169 2738 3212 ut
2769 3159 2882 3227 ipsa
2910 3159 2963 3212 in
2997 3157 3173 3247 seipsa
3213 3169 3418 3247 poenas
3444 3153 3576 3247 luat,
3601 3149 3684 3203 sed
3711 3153 3758 3247 ut

523 3269 845 3322 vocabulum
902 3269 1002 3322 sibi
1054 3269 1374 3322 attributum
1445 3277 1533 3323 est
1599 3269 1948 3339 condignum.
2003 3269 2112 3322 Aer

525 3357 669 3410 enim
699 3357 914 3422 dicitur,
948 3357 997 3411 id
1019 3366 1102 3412 εει
1129 3359 1368 3428 spiritus,
1397 3359 1626 3429 ideoque
1656 3359 1884 3429 simplex
1915 3374 1978 3415 ac
2006 3360 2115 3429 spi-

529 3450 720 3504 rituale
751 3465 948 3520 corpus
975 3468 1003 3506 a
1032 3449 1274 3522 Physieis
1295 3451 1585 3516 vocitatur,
1612 3453 1751 3521 quod
1783 3453 1851 3505 ab
1883 3451 1992 3516 bis,
2023 3452 2112 3521 qui

526 3539 736 3610 Olympi
802 3541 998 3595 montis
1041 3543 1298 3595 verticem
1360 3541 1702 3606 ascendunt,
1752 3541 2115 3596 indubitanter

527 3631 877 3700 approbatur,
913 3631 1164 3700 quoniam
1191 3631 1316 3684 illuc.
1336 3631 1358 3663 "
1381 3631 1520 3684 nulla
1552 3633 1726 3702 ἀτμίς,
1767 3631 1871 3685 hoc
1909 3641 1992 3686 est
2019 3629 2112 3686 γε(-

527 3723 758 3786 paratio,
781 3737 872 3776 seu
905 3723 969 3775 de
1020 3731 1160 3776 terra
1211 3739 1304 3776 seu
1333 3723 1400 3776 de
1429 3738 1592 3792 aqua,
1640 3733 1816 3794 potest
1865 3725 2110 3778 exaltari.

528 3815 678 3880 Quod
718 3821 895 3868 autem
923 3813 1146 3868 inferior
1169 3829 1292 3884 pars
1339 3812 1474 3882 ejus,
1519 3814 1660 3870 aéris
1703 3815 1843 3878 dico,
1889 3831 2115 3886 vapores

527 3905 718 3974 recipit
761 3907 827 3960 ad
877 3906 1184 3961 tuortalium
1232 3906 1542 3961 animalium
1593 3908 1878 3962 utilitatem
1908 3949 1922 3971 ,
1977 3924 2114 3978 quae

526 3997 730 4062 absque
763 3995 887 4049 ﬂatu
937 3998 1096 4051 aereo
1123 3997 1304 4052 vivere
1330 4015 1435 4052 non
1479 3997 1676 4060 valent,
1722 3999 1899 4051 divina
1937 4001 2118 4068 provi-

529 4089 709 4142 dentia
740 4089 1150 4144 administrante
1179 4089 1494 4160 dispositum
1521 4097 1623 4145 est.
1655 4089 1717 4145 Si
1745 4089 1886 4144 enim
1914 4090 2116 4160 simpli-

516 4183 665 4236 citas
693 4181 834 4236 illius
883 4185 1087 4252 alisque
1123 4182 1230 4237 ulla
1265 4183 1583 4238 httmidttate
1627 4185 1964 4254 quadamque
1991 4199 2115 4236 cor-

529 4271 764 4339 pulentia
797 4273 1112 4343 interposita
1154 4272 1456 4326 mortalium
1499 4287 1784 4341 corporum
1837 4272 2116 4341 pulmones

528 4359 760 4420 inﬂaret.
807 4375 1144 4432 nequaquam
1195 4363 1348 4430 ignea
1406 4369 1620 4425 natura,
1685 4376 1822 4431 quae
1864 4364 2116 4416 cordibus

525 4449 688 4513 inest,
728 4450 961 4523 arderet,
985 4467 1046 4507 ac
1073 4467 1169 4521 per
1212 4450 1508 4506 hoctotum
1558 4465 1753 4520 corpus
1780 4451 2110 4523 l'rigcsceret,

519 4539 723 4594 caloris
763 4519 958 4596 virtut‘e
1001 4542 1297 4606 desertum,
1347 4556 1442 4610 pcr
1487 4557 1648 4610 quam
1705 4541 1880 4594 vitalis
1934 4551 2113 4594 motus

530 4629 772 4682 mortalia
806 4631 1043 4684 membra
1075 4631 1364 4685 ministrat.
1399 4629 1470 4686 Ut
1519 4647 1647 4703 ergo
1681 4632 1948 4686 subtilitas
1975 4633 2116 4686 aéris

529 4719 795 4789 a-ljuuctis
840 4721 940 4775 sibi
979 4722 1266 4790 vaporibus
1309 4721 1359 4775 in
1408 4721 1684 4792 pulmones
1729 4722 1973 4785 intraret,
2008 4721 2115 4775 fer-

530 4813 830 4880 tiorcmque
860 4812 1116 4883 impetum
1141 4813 1345 4868 faciens
1377 4814 1548 4883 ignem
1575 4813 1757 4867 cordis
1780 4812 2110 4871 incenderet,

521 4909 812 4972 propterea
860 4903 1083 4957 inferior
1124 4919 1250 4974 pars
1277 4905 1422 4958 aeris
1449 4904 1593 4957 circa
1635 4911 1806 4956 terras
1837 4916 2109 4971 aquasque

531 4990 745 5056 uili'ttsa,
771 4993 1107 5048 btuniditatis
1144 4983 1616 5064 corpulrtttiaeque
1646 5009 1812 5064 capax
1847 4992 1980 5045 facta
2007 5001 2115 5056 est,

534 5084 737 5152 absque
761 5098 891 5136 suae
915 5084 1344 5154 simplicissimae
1389 5083 1873 5154 serenissimarque
1895 5089 2117 5136 naturae

532 5171 616 5224 vel
646 5173 1011 5244 corruptione,
1079 5175 1159 5228 vel
1204 5176 1550 5238 detrimento,
1599 5174 1681 5228 vel
1729 5173 2114 5232 additamenta,

527 5265 616 5318 s'cl
659 5265 763 5320 ulla
806 5268 1126 5350 mutatione,
1181 5269 1264 5322 vel
1305 5267 1774 5322 transmutatione.
1823 5265 2116 5336 Propterea

527 5369 717 5416 autem
741 5362 876 5429 dixi,
912 5363 1127 5418 aéreunt
1155 5362 1325 5416 solum
1353 5362 1600 5431 spiritum
1635 5363 1700 5414 ad
1731 5361 1905 5432 ignem
1935 5359 2120 5415 cordis

2219 3255 2330 3318 illa,
2356 3267 2496 3322 quae
2518 3259 2706 3307 contra
2725 3249 3057 3304 voluntatem
3075 3244 3353 3300 Creatoris
3374 3245 3455 3298 sui
3475 3243 3755 3296 attraxerat.

2216 3355 2370 3400 extra
2407 3345 2576 3415 ipsum
2624 3343 2968 3404 damnentur,
2997 3339 3317 3410 penitusque
3369 3341 3600 3406 pereant.
3628 3327 3758 3382 mali-

2219 3439 2349 3493 tiam
2377 3438 2516 3499 dico,
2543 3442 2597 3490 et
2619 3433 2980 3504 impietatem,-
3009 3439 3300 3498 ceteraque
3342 3424 3597 3496 nequitiae
3617 3433 3755 3474 mem-

2217 3531 2334 3592 bra,
2375 3540 2607 3596 quaeet
2655 3523 2910 3595 operibus
2943 3521 3150 3582 carnis,
3202 3521 3305 3574 hoc
3356 3524 3460 3579 est,
3506 3511 3756 3569 carnaliter

2216 3621 2430 3673 animae
2444 3615 2698 3677 viventis,
2722 3614 2913 3668 merito
2926 3609 3205 3680 originalis
3225 3607 3430 3677 peccati
3457 3603 3752 3660 occasionem

2218 3714 2564 3777 sumpserunt
2587 3732 2602 3770 ;
2629 3719 2770 3775 quae
2789 3705 2912 3760 dum
2936 3716 3032 3772 per
3045 3715 3104 3754 se
3126 3707 3484 3769 quaeruntur,
3499 3692 3618 3748 nihil
3633 3693 3752 3744 sunt.

2217 3801 2468 3869 qnnniam
2489 3797 2544 3852 in
2566 3811 2792 3850 numero
2811 3809 3022 3858 eorum,
3041 3806 3180 3862 quae
3201 3805 3230 3844 a
3259 3789 3534 3844 conditore
3553 3782 3753 3836 ninnium

2217 3893 2504 3947 subslituta
2531 3897 2676 3949 sunt,
2708 3902 2812 3940 non
2843 3892 2986 3940 sunt.
3023 3883 3098 3936 Ex
3128 3878 3570 3954 irrationabilium
3590 3873 3754 3942 quippe

2218 3981 2528 4036 animalium
2555 3975 2905 4032 similitudine
2934 3970 3238 4027 rationabili
3265 3979 3486 4023 naturae
3511 3964 3756 4030 subrepse-

2221 4089 2299 4136 re,
2324 4071 2550 4140 ideoque
2583 4069 2636 4122 in
2661 4082 2722 4121 ea
2751 4066 2972 4120 omnino
2990 4061 3410 4121 damnabantur,
3441 4071 3507 4112 ne
3528 4057 3572 4108 ei
3593 4065 3754 4123 perpe-

2219 4172 2311 4216 tuo
2342 4147 2588 4221 noceant,
2619 4157 2866 4226 quamvis
2891 4156 2944 4208 in
2974 4153 3206 4224 propriis
3228 4151 3514 4220 impiorum
3543 4147 3753 4200 volunta-

2219 4253 2362 4308 tibus
2415 4249 2816 4306 recordationes
2860 4261 3070 4304 eorum,
3129 4241 3326 4312 quibus
3381 4239 3751 4308 torquebantur.

2217 4355 2598 4416 permansuras
2618 4353 2738 4394 esse
2760 4352 2864 4392 non
2892 4337 2962 4389 sit
2983 4334 3304 4406 negandum.
3343 4331 3500 4386 Aiiud
3523 4337 3599 4384 est
3617 4325 3752 4383 enim,

2215 4449 2430 4491 omnem
2465 4429 2728 4487 malitiam
2757 4426 3081 4497 generaliter
3103 4425 3153 4478 iu
3175 4423 3321 4478 omni
3348 4424 3575 4476 humana
3595 4427 3754 4471 natura

2217 4529 2435 4599 penitus
2462 4525 2690 4591 aboleri,
2715 4522 2858 4577 aliud
2887 4519 3201 4592 phantasias
3228 4517 3369 4587 ejus,
3391 4515 3618 4570 malitiae
3639 4510 3752 4568 dico.

2221 4620 2272 4672 in
2306 4615 2521 4686 propria
2545 4612 2873 4670 conscientia
2897 4626 3106 4671 eorum,
3129 4623 3266 4679 quos
3295 4609 3348 4662 in
3379 4608 3481 4660 hac
3505 4606 3605 4657 vita
3630 4599 3754 4652 vitia-

2219 4719 2388 4771 verat,
2415 4722 2630 4775 semper
2651 4704 2878 4762 servari.
2927 4717 3102 4772 coque
3129 4702 3288 4756 modo
3312 4713 3526 4768 semper
3567 4689 3751 4764 puniri:

2215 4799 2667 4871 quemadmodum
2687 4797 2947 4858 aliudest,
2974 4794 3202 4848 eandem
3225 4792 3517 4846 humanam
3544 4793 3754 4840 naturam

2216 4896 2269 4948 in
2291 4908 2443 4948 suam
2469 4891 2718 4962 gratiam,
2741 4903 2901 4959 quam
2925 4886 3196 4956 peccando
3225 4883 3552 4953 perdiderat,
3579 4874 3758 4931 divinae

2221 4984 2475 5038 videlicet
2502 4979 2750 5050 imaginis
2775 4978 3092 5048 dignitatem
3118 4973 3353 5034 restitui,
3379 4971 3521 5026 aliud
3541 4966 3761 5022 uniuscu-

2215 5077 2412 5148 jusque
2445 5073 2738 5128 electorum
2785 5069 3064 5140 propriam
3109 5067 3165 5121 in
3217 5065 3374 5119 bonis
3411 5059 3612 5117 inet-itis
3651 5069 3760 5110 cutt-

2221 5166 2524 5230 scientiam,
2550 5161 2729 5230 quain
2759 5160 2862 5214 hac
2888 5160 2996 5212 vita
3049 5157 3160 5212 Deo
3181 5169 3284 5209 suo
3323 5153 3378 5208 in
3399 5149 3642 5207 omnibus
3664 5156 3761 5198 ser.

2220 5261 2457 5317 vierunt,
2475 5269 2634 5324 super
2653 5265 2869 5307 omnem
2885 5247 3236 5304 humanitatis
3252 5245 3509 5301 virtutem
3531 5231 3760 5295 deiﬁcari.

2221 5363 2393 5422 coque
2411 5346 2572 5404 modo
2597 5357 2809 5412 semper
2828 5357 2892 5398 ac
2917 5341 3075 5396 beate
3097 5339 3301 5402 vivere,
3328 5346 3388 5392 et
3413 5347 3572 5404 super
3585 5324 3760 5382 omnia.

1819 5507 2079 5563 VARIAE
2113 5499 2516 5561 LECTIONES.

1587 5620 1608 5651 ³
1641 5619 1679 5674 Λ
1713 5629 1762 5672 et
1797 5619 2074 5686 aquaticis.

1739 5690 1760 5719 ’
1789 5691 1830 5742 A
1859 5697 2050 5741 autem.

1057 5624 1078 5654 ²
1110 5637 1227 5675 rem
1256 5636 1364 5673 om.
1403 5619 1508 5673 CF.

1145 5692 1167 5723 '
1190 5691 1272 5746 CF
1303 5690 1642 5744 humanitati.

608 5620 629 5652 ¹
662 5621 700 5672 Λ
735 5622 868 5674 aeris
897 5623 986 5674 diu

533 5685 559 5719 '
583 5687 683 5744 Sic
699 5688 818 5753 CF;
848 5690 890 5744 A
921 5690 1045 5743 illic.

2173 5616 2364 5670 ‘Aet.

2446 5613 2466 5644 '
2499 5611 2589 5668 Sic
2609 5611 2730 5678 CF;
2761 5611 2806 5666 Α
2851 5613 3076 5667 intenta.
3163 5608 3192 5640 ⁴⁸
3223 5608 3314 5663 Sic
3335 5603 3454 5670 CF;
3480 5604 3522 5658 Α
3549 5597 3760 5672 ponde".
