3952 6162
239 297 348 353 ΜΩ

1089 294 1174 348 DE
1214 292 1552 351 DlVlSlONE
1590 296 1939 357 NATURAE.
1979 330 2053 346 --
2088 303 2287 361 LIBER
2326 307 2644 376 QUINTUS.

3402 319 3506 373 95's)

234 424 376 473 quae
389 415 533 499 sunt,
558 406 804 499 exaltari.
830 404 901 460 ibi
928 408 1073 461 enim
1098 418 1281 473 erunt,
1302 408 1392 464 ubi
1414 418 1497 466 est
1528 410 1636 476 ille,
1660 428 1820 481 quem
1850 416 1898 474 Α
1926 415 2103 471 dicam
2131 418 2197 473 de
2228 419 2332 485 bis,
2361 423 2451 490 qui
2480 423 2639 478 tidem
2662 427 2981 482 catholicam
3008 428 3348 499 proﬁtentur,
3378 447 3503 487 car-

231 500 288 552 in
324 499 422 552 bac
449 498 559 550 vita
608 496 930 551 dilexerunt.
960 505 1016 551 et
1054 512 1268 568 semper
1301 513 1425 553 eum
1450 500 1643 556 videre’
1663 517 1834 572 appe-

233 594 489 646 tit'et‘unt.

301 681 394 737 52.
420 681 559 736 Hinc
599 679 616 710 ¹
643 684 883 736 occurrit
907 682 1225 759 quintuptex
1245 685 1526 740 rationalis
1539 695 1824 743 creaturae

231 774 468 827 theoria.
500 771 680 827 Prima
705 774 849 826 cnim
875 774 1174 843 speculatio
1196 775 1362 845 ipsius
1393 785 1477 830 est
1507 778 1556 829 in
1584 780 1819 849 generali

229 863 318 916 illa
343 872 398 918 et
429 863 700 918 communi
750 862 1209 934 substantialique
1242 867 1466 929 virtute,
1496 883 1602 936 qua
1632 884 1822 924 omnes

226 954 481 1009 homines
534 952 691 1007 simul
728 962 785 1008 et
825 955 1003 1027 semel
1034 955 1086 1009 in
1136 956 1310 1025 prima
1357 955 1476 1026 ejus
1512 959 1822 1012 conditione

223 1060 348 1098 eam
382 1043 729 1113 participant,
758 1045 872 1099 sive
916 1045 1046 1100 boni
1085 1047 1192 1100 sint
1225 1046 1338 1101 sive
1392 1048 1535 1101 mali.
1572 1048 1819 1104 Secunda

212 1137 277 1189 in
309 1136 752 1204 processionibus
781 1136 949 1205 ipsius
975 1137 1026 1191 in
1053 1137 1193 1191 hanc
1220 1138 1385 1191 vitam
1418 1140 1696 1192 mortalem
1725 1157 1819 1209 per

219 1225 563 1294 singulorum
585 1226 863 1280 hominum
904 1242 970 1282 ex
1023 1228 1342 1297 corporibus
1388 1208 1812 1300 generationem:

219 1313 409 1368 Tertia
459 1315 512 1369 iu
554 1316 728 1370 reditu
786 1317 954 1387 ipsius
986 1318 1311 1382 generaliter
1354 1334 1450 1388 per
1495 1323 1728 1390 seipsatn
1763 1323 1813 1376 in

219 1404 529 1476 angelicum
574 1416 798 1471 statum,
829 1423 990 1477 quem
1012 1406 1253 1465 deseruit
1295 1410 1346 1465 in
1389 1411 1531 1466 hunc
1553 1414 1813 1466 mundum

221 1498 541 1552 sensibi'em
571 1492 790 1573 cadens.
844 1500 1047 1565 Quarta
1086 1500 1139 1554 in
1173 1500 1278 1564 bis,
1324 1502 1413 1569 qui
1442 1518 1560 1555 eam
1590 1505 1747 1572 pill‘ilt
1770 1505 1809 1557 i-

218 1598 452 1658 pant,\et
476 1591 528 1643 in
557 1589 659 1644 hac
683 1591 898 1645 mortali
949 1607 1113 1646 carne
1149 1593 1414 1656 viventes,
1439 1596 1645 1663 seipsos
1674 1580 1817 1649 coni-

220 1694 555 1748 muneraque
599 1696 751 1735 suam
783 1692 1054 1745 naturam,
1088 1698 1152 1738 ac
1197 1699 1362 1753 super
1386 1686 1568 1739 omnia
1592 1685 1810 1741 Creato-

1926 507 2070 564 nalia
2106 517 2286 566 tamen
2319 512 2418 567 sibi
2442 524 2496 567 et
2523 513 2709 569 localia
2733 526 2786 572 et
2810 521 3126 586 temporalia
3153 528 3209 575 et
3231 522 3504 578 sensibilis

1924 599 2064 653 bona
2100 600 2277 654 futura
2306 618 2426 657 esse
2455 604 2792 671 existimant,
2819 608 3069 663 similiter
3093 610 3257 664 etiam
3286 611 3352 665 de
3377 628 3501 680 sup‘

1924 688 2098 756 pliciis
2141 689 2493 747 infernalibus
2526 696 2874 750 arbitrantur.
2917 698 3018 754 Ubi
3060 702 3220 753 datur
3257 700 3500 770 intelligi.

1923 780 2064 847 quod
2093 781 2224 836 nihil
2260 782 2312 835 in
2345 793 2537 838 natura
2560 801 2738 841 rerum
2773 802 2972 857 poenas
3008 791 3262 857 patietur,
3289 801 3503 860 praeter

1924 885 2092 927 vanas
2115 872 2403 942 impiarum
2447 877 2750 930 animarum
2798 879 3152 947 cogitationes
3201 882 3254 933 in
3305 893 3495 936 semet-

1923 962 2054 1030 ipsis
2097 973 2248 1018 extra
2294 981 2508 1021 omnem
2558 976 2826 1031 naturam,
2874 970 3127 1036 quoniam
3175 969 3226 1023 in
3276 984 3502 1024 numero

1922 1065 2236 1111 naturarum
2270 1074 2377 1111 non
2401 1068 2562 1125 sunt;
2597 1075 2663 1113 ex
2693 1060 2833 1114 mala
2859 1061 3003 1115 enim
3029 1061 3306 1116 voluntate
3332 1070 3499 1117 terre-

1920 1144 2107 1214 nisque
2145 1145 2435 1202 desideriis
2480 1149 2821 1204 occasionem
2864 1160 3207 1220 acceperunt.
3242 1151 3309 1207 Ut
3331 1152 3501 1213 enim,

1915 1236 2057 1304 quod
2085 1251 2247 1305 saepe
2268 1237 2521 1299 diximus,
2557 1237 2696 1291 ultra
2740 1254 2929 1293 omnes
2964 1241 3241 1295 naturales
3270 1241 3498 1295 virtutes

1916 1324 2179 1390 iustorum
2210 1326 2483 1380 beatitudo
2516 1342 2614 1397 per
2656 1327 2954 1383 conditoris
2983 1329 3208 1398 gratiam
3236 1329 3495 1384 exaltabi-

1916 1425 2025 1480 tur,
2053 1416 2126 1470 ita
2154 1417 2292 1471 infra
2313 1433 2525 1473 omnem
2550 1428 2800 1474 naturam
2826 1421 3112 1490 impiorum
3138 1422 3454 1490 supplicium
3481 1425 3501 1454 ⁹

1916 1524 2011 1577 per
2052 1506 2292 1576 ejusdem
2335 1511 2634 1566 conditoris
2661 1510 2926 1578 justitiam
2975 1512 3322 1581 tlept‘itttclttt‘.
3360 1513 3498 1580 Quid

1913 1603 2058 1656 enim
2097 1602 2327 1656 interius
2352 1615 2455 1665 est,
2484 1613 2745 1674 extraque
2772 1620 2986 1658 omnem
3018 1613 3264 1657 naturam
3290 1604 3499 1658 denter-

1916 1693 2029 1747 sius
2069 1693 2308 1747 vanitate
2368 1695 2667 1747 vanitatum
2723 1694 2978 1763 falsisque
3027 1693 3502 1764 imaginationibus

220 1785 339 1824 rem
386 1769 634 1824 omnium
680 1781 1025 1840 quaerentes,
1083 1775 1276 1827 merito
1305 1789 1439 1829 suae
1472 1777 1721 1844 propriae
1746 1794 1809 1829 ae

1916 1799 2120 1847 rerum,
2150 1800 2288 1853 quae
2316 1800 2528 1856 semper
2554 1786 2838 1853 peribunt?
2864 1786 2997 1840 Hinc
3024 1785 3149 1839 illud
3178 1785 3421 1840 mirabile
3443 1794 3503 1839 et

217 1860 398 1917 bonae
469 1864 782 1927 voluntatis,
839 1866 1013 1934 gratia
1082 1867 1218 1921 duce
1263 1867 1306 1930 ’,
1345 1868 1409 1919 ad
1467 1883 1804 1922 communem

220 1972 349 2012 suae
364 1967 492 2010 natu
502 1973 593 2011 rae
608 1958 969 2027 integritatem
986 1959 1162 2012 redire
1173 1959 1353 2027 adepti
1379 1968 1524 2024 sunt,
1541 1976 1603 2014 ac
1617 1961 1806 2014 deinde

218 2049 361 2103 dono
384 2047 601 2103 divinae
629 2050 838 2116 gratiae
861 2065 1025 2119 super
1045 2050 1247 2114 omnia,
1264 2058 1386 2118 post
1409 2065 1466 2104 se
1497 2050 1805 2119 relinquen-

220 2153 300 2198 tes
313 2144 523 2207 omnia,
545 2144 597 2199 in
614 2145 786 2213 ipsum
803 2144 971 2198 Deum
994 2144 1391 2199 transferentur
1408 2144 1449 2196 ³.
1480 2143 1677 2210 Quinta
1693 2160 1808 2210 spe-

217 2234 421 2288 culatio
451 2244 762 2298 esteorum,
790 2233 880 2304 qui
913 2233 1292 2288 universaliter
1313 2233 1475 2287 insita
1522 2242 1748 2286 naturae
1788 2232 1808 2263 ⁸

218 2324 383 2389 bona,
412 2338 558 2395 quae
596 2326 874 2386 ontnibus,
917 2324 1133 2379 nemine
1173 2335 1424 2394 excepto,
1469 2324 1654 2378 divina
1705 2325 1806 2376 lar-

218 2415 386 2484 gitate
408 2424 758 2486 praestantur
781 2424 836 2471 et
856 2416 1297 2483 praestabantur,
1328 2412 1709 2483 possidebunt:
1740 2413 1806 2467 ad

218 2522 431 2562 summa
468 2516 646 2561 tamen
669 2508 809 2562 dona
849 2509 872 2541 ⁸
904 2508 1118 2561 divinae
1142 2508 1366 2577 gratiae,
1405 2522 1543 2574 quae
1569 2507 1699 2561 solis
1722 2507 1808 2575 ju-

218 2598 313 2651 stis
338 2599 581 2667 reposita
624 2612 689 2652 ac
721 2605 1046 2667 praeparata
1072 2607 1222 2655 sunt,
1256 2599 1538 2667 pervenire
1569 2603 1680 2652 non
1716 2614 1810 2667 po-

218 2699 419 2752 terunt,
467 2690 722 2758 quoniam
770 2692 822 2744 in
853 2692 955 2745 hac
950 2691 1091 2759 )ita
1130 2691 1242 2745 Deo
1266 2691 1469 2746 servire
1496 2690 1806 2755 noluerunt,

218 2783 597 2852 temporalium
645 2798 825 2837 rerum
862 2774 1058 2838 'amore
1112 2783 1348 2845 detenti;
1394 2798 1502 2852 quo
1561 2784 1808 2837 videlicet

219 2891 402 2930 amore
436 2876 488 2929 in
516 2877 621 2929 alia
652 2876 783 2939 vita,
826 2876 940 2929 sive
968 2875 1021 2929 in
1053 2875 1181 2929 solis
1207 2876 1489 2928 animabus
1515 2875 1629 2928 sive
1664 2891 1809 2929 rere-

217 2967 321 3035 ptis
342 2966 687 3036 corporibus,
713 2966 859 3019 velut
879 2966 1269 3036 inextinguibili
1293 2965 1503 3019 ilazuma
1520 2967 1778 3019 ardebant
1793 3006 1807 3023 .

216 3053 338 3108 dum
366 3056 482 3109 illic
509 3071 615 3109 non
645 3055 914 3111 invenient
942 3071 1029 3116 ea,
1058 3056 1252 3119 quibus
1276 3056 1366 3110 hic
1389 3056 1809 3126 intemperanter

220 3143 524 3205 inhiabant,
558 3145 650 3199 sed
683 3161 868 3198 eorum
900 3159 1068 3199 vanas
1096 3144 1364 3213 falsasque
1386 3145 1700 3213 pltantasias
1728 3146 1806 3197 vi—
1833 3117 1878 3178 δ

218 3236 420 3292 debunt
447 3278 463 3301 ,
509 3253 643 3308 quas
689 3252 812 3291 cum
842 3237 1006 3291 veluti
1044 3252 1200 3292 veras
1233 3251 1319 3291 res
1353 3237 1807 3306 comprehendere

217 3328 507 3392 voluerint,
551 3329 864 3381 umbrarum
903 3328 1073 3381 instar
1107 3331 1496 3388 evanescent',
1551 3329 1805 3397 quoniam

216 3421 447 3475 naturali
476 3421 820 3475 subsistentia
853 3436 958 3474 non
985 3420 1294 3474 iniciuntur.
1325 3421 1494 3474 Erunt
1515 3420 1803 3487 enimsic.

217 3522 273 3565 ιιι
317 3513 586 3580 scriptum
631 3520 713 3568 est
747 3530 762 3565 :
804 3511 1019 3565 l’anitns
1053 3511 1340 3566 equitatum
1376 3520 1423 3564 et
1463 3512 1638 3564 omnia
1663 3512 1806 3564 mni—

221 3612 320 3657 tar.
356 3603 518 3673 ipsae
558 3612 715 3657 erunt
760 3602 1135 3672 cogitationes,
1177 3602 1243 3655 de
1279 3601 1473 3671 quibus
1518 3600 1802 3655 Psalmista

217 3695 307 3758 ait,
330 3695 479 3765 quod
503 3694 665 3750 etiam
692 3693 858 3764 paulo
878 3693 1123 3762 superius
1151 3691 1549 3745 introduximus
1578 3710 1590 3744 :
1624 3691 1686 3744 In
1708 3692 1803 3746 illa

218 3784 297 3837 die
323 3783 569 3854 peribunt
599 3800 776 3838 omnes
806 3783 1143 3852 cogitationes
1171 3796 1370 3835 eorum.
1398 3780 1478 3834 Ac
1506 3781 1550 3833 si
1578 3782 1800 3845 diceret,

215 3887 399 3929 omnes
434 3873 790 3943 cOgitationes
814 3912 829 3935 ,
862 3886 998 3940 quas
1037 3871 1089 3924 in
1121 3870 1223 3924 bac
1274 3870 1381 3924 vita
1408 3869 1478 3923 de
1507 3871 1666 3922 rebus
1693 3878 1800 3922 ter-

218 3964 357 4017 renis
405 3962 898 4032 temporalibusque
951 3961 1255 4020 animabus,
1279 3960 1392 4014 suis
1430 3959 1739 4015 carnalibus
1777 3961 1799 3994 '

215 4054 496 4109 desideriis
543 4053 711 4108 dediti
763 4052 1073 4114 inﬁxerant,
1118 4052 1170 4105 in
1217 4050 1304 4104 illa
1336 4050 1439 4112 die,
1490 4051 1590 4104 hoc
1618 4061 1717 4110 est,
1748 4051 1799 4104 in

216 4146 549 4214 apparitione
571 4144 817 4199 veritatis
847 4143 1118 4214 peribunt,
1145 4143 1361 4211 quando
1404 4142 1471 4195 de
1509 4142 1594 4196 bis
1614 4178 1628 4203 ,
1658 4158 1800 4211 quae

215 4237 453 4291 virentes
493 4236 549 4290 in
591 4250 757 4290 carne
778 4235 1169 4304 cogitaverant,
1197 4233 1552 4287 resurrecturi
1599 4234 1651 4286 in
1688 4234 1802 4302 spi—

216 4325 315 4379 ritu
341 4326 473 4380 nibil
504 4326 795 4381 invenient.
827 4325 966 4392 Quid
997 4324 1140 4378 enim
1174 4322 1412 4393 perfidus
1429 4320 1799 4388 .lndaem,ar-

214 4430 406 4483 rogans
452 4414 750 4478 lsmaeiita,
781 4415 1075 4469 exorbatus
1122 4413 1396 4484 impietate
1444 4428 1686 4483 paganus
1729 4415 1796 4468 de

212 4501 343 4560 falsa
371 4505 653 4568 felicitate,
684 4518 846 4572 quam
887 4504 991 4558 sibi
1018 4516 1155 4556 vana
1196 4502 1377 4570 opinio
1404 4502 1457 4556 in
1484 4503 1658 4556 futura
1685 4502 1794 4556 vita

214 4596 498 4662 promittit,
528 4594 798 4649 inventuri
825 4594 992 4648 sunt?
1013 4593 1119 4646 Aut
1137 4603 1338 4661 quanta
1362 4594 1600 4655 tristitia,
1626 4610 1796 4662 quan-

216 4694 293 4739 lus
344 4686 521 4750 dolor,
569 4685 747 4755 qualis
789 4683 1009 4739 ﬂamma
1051 4695 1343 4754 perpetuae
1392 4686 1667 4754 egestatis!
1700 4700 1795 4739 eos

215 4776 526 4843 torquebit,
585 4776 801 4845 quando
859 4774 991 4829 nihil
1037 4785 1379 4829 terrenarum
1441 4775 1794 4843 cupiditatum

212 4865 627 4934 mortaliumque
670 4865 1006 4930 deliciarum,
1062 4882 1199 4937 quas
1247 4882 1342 4935 spe
1384 4882 1521 4921 vana
1571 4868 1797 4923 imbibe—

212 4962 352 5017 rant,
395 4954 691 5022 reperturi,
723 4954 965 5025 nihilque
998 4954 1078 5009 eis
1118 4955 1419 5010 remanebit
1444 4964 1661 5025 praeter
1702 4973 1793 5010 va-

210 5056 365 5097 cuam
389 5044 1099 5117 incomprehensibilemque
1122 5062 1327 5109 rerum,
1356 5063 1490 5116 quas
1521 5047 1619 5102 sibi
1646 5046 1790 5102 iutu-

213 5145 299 5185 ras
340 5147 463 5187 esse
505 5135 879 5200 crediderant,
945 5141 1194 5190 umbram
1251 5134 1559 5206 fugitivam?
1617 5137 1790 5203 Quam

211 5235 423 5289 semper
465 5227 923 5295 comprehendere
958 5229 1199 5283 volentes
1224 5237 1280 5283 et
1308 5244 1416 5283 non
1462 5229 1702 5284 valentes
1743 5231 1788 5292 ⁸,

211 5316 461 5376 quoniam
510 5315 646 5371 nihil
684 5325 803 5381 est,
837 5332 1041 5384 poenas
1084 5317 1235 5372 luent
1280 5329 1549 5383 aeternas,
1594 5330 1651 5373 ut
1685 5323 1789 5375 ndn

1912 1875 2302 1945 incxplanabile
2350 1876 2605 1930 nascitur.
2644 1877 2896 1930 Attamen
2957 1892 3086 1930 vera
3139 1877 3376 1937 ratione,
3415 1876 3503 1929 di-

1911 1971 2172 2039 rinacque
2195 1969 2504 2039 Scripturae
2527 1972 2853 2025 auctoritate
2881 1972 2952 2024 ita
2979 1970 3091 2025 fieri
3121 1980 3176 2025 et
3201 1987 3307 2025 non
3331 1971 3493 2025 aliter

1910 2059 2186 2128 probatur,
2211 2060 2478 2130 quomodo
2499 2059 2544 2093 “
2566 2060 2701 2113 ultra
2725 2061 2903 2115 omnia
2926 2061 3188 2115 naturalia
3217 2063 3353 2115 bona
3373 2064 3504 2116 bea-

1911 2152 2185 2206 tificantur
2228 2150 2381 2219 justi,
2418 2167 2481 2207 ac
2504 2152 2669 2207 veluti
2708 2167 2773 2205 ex
2828 2153 3098 2206 contraria
3145 2162 3296 2222 parte
3348 2151 3485 2206 infra

1907 2241 2095 2294 eadem
2129 2240 2391 2295 naturalia
2422 2238 2560 2294 bona
2587 2241 2882 2309 puniuntur
2929 2242 3107 2306 impii,
3137 2252 3191 2296 et
3221 2242 3492 2311 quomodo

1910 2339 2101 2385 natura
2129 2330 2236 2389 illa,
2266 2345 2425 2400 quam
2469 2340 2523 2384 et
2572 2330 2697 2384 boni
2747 2331 3078 2400 participant
3126 2339 3180 2385 et
3222 2332 3366 2393 mali,
3397 2347 3491 2383 ve-

1909 2422 2002 2476 luti
2030 2423 2069 2454 ¹¹
2101 2423 2363 2477 medietas
2401 2424 2663 2491 quaedam
2711 2424 3093 2486 constituitur,
3126 2423 3196 2477 ita
3234 2433 3292 2477 ut
3325 2440 3498 2492 neque

1908 2511 2240 2566 beatitudine
2294 2513 2559 2567 honorum
2602 2527 2904 2585 augeatur,
2955 2528 3129 2583 neque
3178 2513 3501 2568 infelicitate

1909 2602 2173 2656 malorum
2206 2603 2501 2668 minuatur,
2529 2603 2642 2657 suis
2672 2603 3009 2658 solummodo
3032 2603 3368 2656 naturalibus
3395 2605 3492 2657 bo—

1910 2693 1993 2747 nis
2029 2694 2254 2748 subnixa
2285 2702 2667 2762 contentaque,
2693 2693 2930 2748 omnium
2961 2692 3289 2747 substantias
3317 2694 3497 2747 conti-

1909 2799 2063 2847 nens,
2105 2785 2283 2839 omnia
2313 2799 2409 2838 sua
2438 2784 2687 2838 omnibus
2739 2783 3191 2853 partieipantibus
3236 2799 3293 2838 se
3338 2784 3503 2838 mini-r

1909 2884 2091 2929 strans
2151 2875 2217 2928 ¹⁹.
2277 2873 2558 2944 Siquidem
2616 2873 2742 2928 inde
2787 2883 2872 2928 est
2921 2874 3193 2943 generalis
3251 2875 3493 2928 omnium

1908 2962 2103 3025 forma,
2132 2963 2222 3032 qui
2257 2961 2391 3018 eatn'
2421 2963 2777 3032 participant;
2832 2964 2955 3017 inde
3002 2964 3330 3032 singulorum
3375 2978 3495 3032 spe-

1908 3055 2196 3109 cialissima
2218 3056 2447 3125 species,
2467 3055 2901 3124 pluralitatisqne
2928 3056 3170 3111 infinitus
3195 3071 3488 3119 numerus;

1910 3145 2032 3199 inde
2082 3145 2289 3199 muneri
2332 3146 2787 3200 incrementorum
2821 3147 3195 3216 corporalium
3232 3162 3327 3214 per
3376 3147 3491 3201 loca

1908 3247 1964 3292 et
1995 3246 2258 3306 tempora.
2305 3237 2588 3306 Tempora
2614 3252 2755 3290 nunc
2780 3237 2901 3292 dico
2926 3237 3124 3307 spatia,
3145 3236 3344 3306 quibus
3373 3250 3496 3290 corh

1909 3343 2008 3397 pus
2031 3327 2321 3381 humanum
2349 3327 2414 3379 ad
2442 3325 2739 3395 perfectum
2763 3326 2845 3382 sui
2876 3326 3261 3380 incrementum
3292 3342 3485 3396 ρει-νει»

1910 3417 2007 3481 uit,
2033 3417 2149 3471 loca
2169 3432 2298 3472 vero
2319 3417 2475 3471 sedes
2497 3417 2827 3485 singulorum
2841 3416 3089 3486 corporis
3107 3415 3500 3472 membrorum.-

1907 3508 2031 3562 lude
2056 3506 2100 3540 ⁸³
2138 3505 2407 3560 naturalia
2433 3507 2731 3561 accidentia
2758 3521 3042 3576 corporum
3070 3488 3484 3575 animarumque

1907 3599 2224 3667 procedunt.
2240 3597 2307 3651 Et
2331 3598 2456 3667 quid
2479 3598 2690 3651 dicam?
2709 3597 2783 3652 lta
2807 3597 2892 3651 illa
2914 3598 3223 3652 humanitas
3243 3598 3486 3652 ontuiuut

1904 3689 2171 3761 generalis
2199 3704 2231 3744 a
2264 3690 2540 3743 conditore
2579 3705 2678 3746 suo
2727 3690 2867 3744 intra
2919 3691 3052 3744 duas
3094 3690 3196 3744 sibi
3249 3690 3482 3744 invicem

1903 3780 2181 3851 oppositas
2203 3779 2604 3845 extremitates,
2634 3781 2778 3835 inter
2804 3781 3114 3836 felicitatem
3143 3781 3264 3836 dico
3292 3781 3489 3837 electo-

1906 3886 2023 3923 rum
2052 3878 2108 3925 et
2155 3868 2522 3924 infelicitatem
2565 3871 2915 3939 reproborum
2951 3871 3143 3925 librata
3180 3878 3282 3933 est,
3329 3880 3389 3925 ut
3437 3872 3487 3925 in

1903 3962 2010 4026 his,
2040 3963 2131 4033 qui
2161 3963 2282 4017 boni
2308 3971 2450 4025 sunt,
2480 3964 2749 4031 quandam
2780 3960 3101 4015 ineii'abilem
3132 3961 3491 4029 pulchritudi-

1904 4067 2026 4105 nem
2056 4051 2192 4106 nltra
2231 4066 2357 4106 snas
2384 4051 2611 4104 virtutes
2646 4049 2820 4120 gratia
2849 4050 3112 4119 largiente
3156 4049 3224 4104 de
3271 4065 3486 4104 sursum

1902 4141 2150 4211 accipiat,
2184 4141 2237 4194 in
2268 4141 2354 4195 his
2376 4148 2591 4201 autem,
2622 4138 2713 4207 qui
2742 4137 2864 4192 mali
2894 4148 3056 4200 sunt,
3080 4139 3283 4193 nullam
3317 4141 3486 4209 turpi-

1902 4234 2140 4289 tudinem
2170 4234 2421 4299 deorsum
2448 4231 2656 4303 justitia
2698 4230 3016 4301 prohibente
3060 4230 3105 4263 “
3150 4232 3203 4286 in
3254 4232 3489 4301 scipsam

1904 4323 2167 4379 attrahat.
2195 4323 2251 4378 ln
2271 4322 2385 4392 ipsa
2401 4322 2665 4391 siquidem
2683 4320 2881 4375 nullius
2898 4320 3170 4389 turpitudo
3194 4320 3363 4390 turpis
3382 4330 3487 4380 est,

1901 4428 2001 4469 nec
2027 4413 2233 4467 malitia
2278 4420 2458 4476 uocet,
2500 4425 2600 4466 nec
2642 4426 2799 4466 error
2835 4420 3002 4464 errat.
3047 4410 3191 4465 Suus
3238 4411 3490 4465 conditor

1899 4519 2081 4568 omne,
2104 4504 2246 4573 quod
2278 4503 2330 4557 in
2360 4517 2422 4557 ea
2455 4501 2602 4566 fecit,
2629 4510 2877 4565 exornat,
2925 4511 2983 4556 et
3031 4502 3175 4556 nullo
3194 4503 3359 4583 tundo
3390 4519 3488 4573 pu-

1899 4597 2010 4659 nit;
2034 4610 2196 4648 omne
2220 4608 2418 4657 autem.
2446 4597 2590 4665 quod
2614 4596 2665 4649 in
2690 4589 2754 4650 ea
2782 4611 2887 4651 non
2918 4595 3068 4659 fecit,
3093 4597 3144 4650 in
3174 4611 3235 4650 ea
3258 4596 3488 4650 sustinet.

1900 4697 1954 4739 et
1990 4686 2137 4749 sinit,
2181 4697 2237 4740 et
2276 4687 2598 4756 impunitqu
2634 4686 2749 4741 lieri
2784 4701 2888 4741 non
2936 4688 3217 4757 permittit.
3254 4684 3359 4740 Sed
3397 4684 3485 4739 ilia

1901 4793 2068 4847 poena
2115 4776 2401 4846 dupliciter
2448 4776 2765 4844 intelligitur
2814 4791 2828 4830 :
2880 4785 2973 4831 aut
3012 4777 3153 4831 enim
3198 4775 3391 4830 delicta
3433 4777 3491 4829 in.

1901 4869 2001 4929 bis,
2036 4868 2125 4935 qui
2158 4870 2225 4922 ad
2257 4868 2581 4937 priucipiutn
2604 4883 2759 4922 suum
2793 4876 3160 4925 revertuntur.
3192 4883 3291 4937 per
3312 4866 3486 4920 indul-

1899 4956 2131 5025 gentiam
2160 4957 2454 5025 puniuntur
2476 4971 2489 5017 ;
2510 4963 2617 5021 ,aut
2645 4956 2697 5008 in
2739 4955 2840 5017 bis,
2873 4955 2963 5022 qui
3010 4970 3041 5010 a
3081 4956 3351 5025 principio
3382 4970 3483 5010 suo

1893 5060 2103 5113 semper
2125 5045 2353 5115 fugiunt,
2383 5052 2644 5113 perpetuo
2671 5052 3005 5113 torquentur.

1963 5135 2051 5189 53.
2094 5136 2149 5188 Si
2181 5130 2359 5188 autem
2398 5151 2429 5188 a
2467 5149 2551 5188 me
2584 5136 2834 5203 quaeris,
2858 5152 2964 5206 qua
2986 5138 3198 5193 ratione
3222 5153 3304 5199 ea,
3338 5151 3476 5206 quae

1894 5242 1923 5279 a
1954 5227 2062 5281 Deo
2095 5225 2233 5280 facta
2283 5241 2387 5281 non
2439 5235 2584 5298 sunt,
2635 5227 2777 5282 intra
2819 5243 2900 5291 ea,
2947 5244 3086 5297 quae
3116 5229 3184 5282 ab
3229 5244 3294 5282 eo
3340 5229 3485 5280 facta

1894 5328 2053 5381 sunt,
2094 5319 2436 5372 continentur
2468 5319 2536 5383 “,
2569 5327 2662 5373 aut
2708 5320 2979 5389 quomodo
3019 5334 3100 5378 ea,
3146 5335 3285 5387 quae
3325 5328 3484 5371 extra

1502 5407 1586 5463 VA
1596 5409 1750 5465 RIAE
1789 5406 2191 5465 LECTIONES.

282 5500 299 5530 ¹
329 5499 424 5554 Stc
444 5501 484 5557 (ἴ
516 5501 589 5565 F;
618 5508 660 5555 Δ
690 5500 807 5555 Hic.
911 5503 931 5533 ⁸
962 5513 1135 5572 grana
1168 5511 1294 5557 duce
1321 5520 1431 5558 om.
1466 5506 1530 5557 Α.

212 5564 233 5637 ε
255 5569 296 5621 Λ
326 5564 656 5625 evanescunt.
756 5573 775 5602 ⁷
817 5573 908 5627 Sic
927 5564 1043 5637 C'F;
1069 5573 1113 5628 A
1136 5574 1250 5628 Suis
1277 5584 1324 5627 et
1350 5574 1678 5627 carnalibus.

212 5636 251 5690 Λ
267 5641 530 5699 quoniam.
613 5644 651 5674 ¹¹
679 5643 830 5696 veluti
860 5661 968 5695 om.
997 5643 1058 5696 A.

215 5702 329 5775 Cl’;
364 5710 401 5763 Α
436 5714 583 5763 unde.
662 5712 703 5743 ’δ
742 5713 825 5767 (2F
854 5714 1142 5768 exhibentc.
1224 5714 1265 5745 ¹⁵
1294 5713 1376 5766 (2F
1405 5702 1750 5771 sustinentur.

1634 5504 1655 5536 ³
1688 5504 1779 5557 Sic
1806 5503 1892 5559 CF
1919 5521 1934 5568 ;
1972 5503 2013 5556 A
2045 5502 2435 5572 transferentes.

1754 5574 1777 5606 ⁸
1816 5584 1864 5627 et
1885 5590 1987 5626 non
2017 5573 2241 5627 valentes
2263 5590 2369 5626 om.
2411 5574 2473 5626 Α.

1140 5645 1182 5674 ¹²
1208 5643 1435 5715 Sicily;
1460 5645 1503 5697 Α
1526 5645 1903 5697 mimatmndne
1933 5644 2077 5696 bouis
2104 5644 2434 5696 naturalibus
2455 5643 2620 5715 (bonis
2646 5641 2973 5695 naturalibus
2988 5656 3095 5692 om.
3118 5640 3250 5709 CF.)
3327 5639 3367 5670 ”
3389 5639 3484 5696 Sic

3173 5502 3195 5530 ⁸
3220 5498 3303 5552 CF
3320 5500 3483 5553 ﬁnita.

3174 5569 3216 5600 ὀ
3249 5571 3336 5623 διν
3359 5569 3482 5634 cr;

2542 5508 2564 5534 ⁸
2595 5504 2632 5556 Λ
2672 5514 2892 5557 naturae
2918 5501 3096 5553 iusim.

2568 5575 2590 5605 θ
2628 5575 2668 5627 Α
2689 5571 3083 5638 suppliciorum.
