3936 6160
489 321 586 376 εει

1851 324 2132 383 ΙΟΑΝΝΙΞ
2172 324 2366 380 SCOTI

3618 329 3707 384 95.2

486 437 776 490 lumauam
814 443 1058 490 naturam
1099 445 1496 507 computantur,
1533 436 1672 491 intra
1719 452 1838 490 eam
1879 436 2054 506 puniri
2089 439 2132 493 Α
2160 436 2399 488 onmium
2433 435 2888 506 laudarejuhetur
2914 457 2925 490 :
2955 435 3196 492 Lundule
3235 438 3506 494 Dominum
3533 443 3589 494 dc
3613 461 3707 494 cm-

491 536 734 594 possunt,
758 527 932 595 primo
969 527 1062 580 tibi
1111 528 1443 596 respondebo
1467 526 1624 596 juxta
1665 527 2061 595 simplicitatem

489 615 785 669 catholicae
814 615 934 670 tidei
966 632 978 670 :
1007 614 1137 680 Quis
1166 618 1402 686 cognovit
1441 632 1652 670 sensum
1693 617 1943 680 Domini,
1973 627 2064 669 aut

485 707 606 774 quis
627 706 960 759 consiliarius
992 707 1106 771 ejus
1139 707 1284 776 fuit?
1310 715 1365 762 et
1397 707 1650 776 quoniam
1685 707 2065 776 investigobilcs

489 804 611 847 sunt
642 796 658 824 ⁸
689 796 800 848 viae
826 794 968 848 illius
1009 797 1062 848 in
1101 796 1242 850 omni
1269 805 1517 866 tempore.
1547 797 1655 850 Ant
1678 799 1699 828 ¹
1720 796 1988 864 quomodo
2015 797 2064 848 in

489 884 740 954 operibus
764 884 882 955 ejus
903 897 959 940 et
986 887 1318 956 providentia
1346 897 1400 941 et
1426 888 1665 942 bonitate
1687 896 1739 941 et
1757 888 1962 956 iustitia
1988 902 2069 939 ra-

491 975 567 1029 tio
596 977 898 1044 quaeritur,
935 978 1024 1045 qui
1055 992 1270 1031 omnem
1301 978 1565 1033 rationem
1593 987 1810 1046 superat
1834 987 1888 1030 et
1912 976 2070 1028 intel—

492 1066 714 1132 lectum,
745 1076 801 1122 et
828 1083 990 1138 super
1020 1084 1202 1132 omne,
1222 1069 1364 1138 quod
1407 1068 1602 1124 dicitur
1637 1078 1694 1123 et
1734 1067 2069 1136 intelligitur,

489 1161 793 1216 exaltatur?
821 1165 886 1217 Et
915 1163 936 1194 ³
963 1163 1007 1217 si
1059 1163 1125 1217 de
1163 1163 1360 1217 talibus
1385 1163 1647 1217 rationem
1677 1161 1851 1231 exigis
1875 1200 1892 1226 ,
1918 1161 2073 1230 exige

493 1252 762 1316 similiter,
797 1267 900 1321 qua
931 1253 1139 1307 ratione
1183 1253 1362 1307 omnia
1416 1253 1484 1307 de
1529 1251 1698 1306 nihilo
1741 1249 1882 1304 facta
1925 1257 2070 1309 sunt,

493 1354 598 1407 qua
631 1342 839 1395 ratione
877 1342 1106 1394 mundus
1137 1343 1236 1396 iste
1261 1341 1532 1404 solvetur,
1560 1348 1616 1395 et
1642 1339 1694 1392 in
1727 1352 1921 1392 causas
1947 1353 2074 1391 suas

495 1441 821 1497 revertetur,
862 1449 967 1504 qua
993 1434 1015 1465 ⁸
1060 1435 1269 1489 ratione
1320 1433 1568 1488 mortalia
1610 1442 1790 1486 nostra
1846 1444 2072 1498 corpora

493 1535 601 1574 non
630 1522 800 1576 solum
832 1523 883 1576 in
914 1525 1234 1594 spiritualia,
1261 1539 1449 1578 verum
1476 1523 1713 1579 etiamin
1738 1522 1946 1576 animas
1975 1535 2074 1573 no-

495 1621 659 1676 stras,
687 1622 745 1665 ut
784 1613 1043 1681 Gregorio
1073 1615 1245 1682 placet
1275 1620 1317 1679 ⁸,
1346 1615 1673 1676 transibunt,
1720 1627 1825 1681 qua
1865 1611 2078 1664 ratione

494 1716 616 1763 nos,
652 1703 742 1772 qui
779 1703 829 1755 in
861 1704 960 1757 hac
993 1705 1100 1757 vita
1135 1703 1293 1758 veluti
1327 1703 1348 1734 ⁵
1376 1718 1442 1757 ex
1485 1703 1656 1757 tribus
1683 1702 1814 1755 satis
1843 1699 2071 1759 similae,

2165 525 2227 576 lis
2255 533 2307 578 et
2343 527 2562 579 cetera?
2590 526 2643 579 ln
2673 525 2826 592 cujus
2857 527 2962 582 line
3000 529 3231 582 mirabili
3264 529 3578 600 Theologiae
3604 549 3708 585 mn-

2167 612 2307 665 tuitu
2345 615 2686 681 apertissime
2715 614 2874 668 datur
2899 617 3144 688 intelligi,
3176 620 3317 687 quod
3345 621 3590 674 omniain
3618 625 3706 690 spi-

2167 699 2417 754 ritualem
2444 711 2690 755 naturam
2719 717 2996 757 reversura
3027 714 3170 759 sunt.
3198 707 3274 760 lta
3299 708 3446 761 enim
3475 709 3707 764 concludi-

2168 796 2297 840 tur:
2329 787 2512 843 Omnis
2558 793 2770 857 spiritus
2803 792 2977 847 laudet
3016 794 3310 852 Dominum.
3365 797 3422 852 Si
3462 801 3595 853 enim
3621 803 3707 854 sol:

2169 879 2310 932 intra
2341 883 2686 952 semetipsam
2715 884 2890 937 divina
2938 884 3149 939 bonitas
3186 889 3369 956 quieta
3411 891 3604 958 absque
3628 893 3708 945 ulla

2167 971 2485 1037 operatione
2532 984 2926 1042 perseveraret,
2959 991 3064 1030 non
3109 976 3354 1034 fortassis
3405 980 3577 1036 laudis
3612 999 3711 1038 suae

2170 1060 2508 1114 occasionem
2540 1061 2779 1129 faceret;
2821 1063 2932 1131 jam
2966 1079 3095 1120 vero
3127 1067 3180 1121 in
3215 1071 3396 1122 omnia
3436 1071 3649 1126 visibilis
3671 1084 3711 1126 et

2173 1150 2461 1206 invisibilia
2506 1156 2736 1225 seipsam
2777 1157 3097 1222 diffundens,
3125 1171 3175 1214 et
3217 1162 3269 1215 iu
3298 1164 3552 1218 omnibus
3573 1169 3712 1220 omnia

2173 1245 2431 1309 existens,
2475 1249 2845 1303 rationabilem
2886 1251 3411 1323 intellectualemque
3450 1267 3712 1311 creatum":

2176 1334 2241 1387 ad
2281 1335 2513 1404 seipsam
2561 1342 2988 1409 cognoscendam
3037 1355 3363 1402 convertens
3391 1389 3406 1411 ,
3452 1359 3714 1403 ceterarum

2175 1437 2303 1475 vero
2335 1439 2513 1479 rerum
2545 1429 2798 1497 pulchras
2823 1443 2876 1485 et
2907 1433 3326 1491 innumerabiles
3354 1438 3564 1506 species
3589 1442 3714 1494 ratio-

2178 1517 2337 1572 nabili
2378 1529 2434 1574 et
2482 1522 2826 1580 intellectuali
2875 1539 3155 1584 creaturae
3203 1532 3256 1585 in
3305 1536 3587 1590 materiem
3619 1554 3719 1592 sitae

2178 1608 2351 1663 laudis
2377 1624 2660 1680 praestans
2686 1658 2700 1681 ,
2747 1619 2819 1672 ita
2849 1621 3026 1674 omnia
3055 1622 3210 1686 fecit,
3255 1634 3313 1678 ut
3343 1626 3484 1680 nulla
3508 1640 3716 1683 creatura

2179 1701 2273 1763 sit,
2304 1718 2442 1771 quae
2469 1721 2574 1760 non
2617 1717 2710 1762 aut
2745 1723 2842 1778 per
2869 1711 3100 1779 seipsam
3139 1723 3194 1766 et
3224 1714 3276 1767 in
3317 1715 3514 1784 seipsa,
3541 1726 3627 1771 aut
3647 1735 3722 1786 per

495 1806 722 1860 corpore
767 1792 970 1846 scilicet
1001 1795 1020 1825 "
1045 1805 1096 1847 et
1137 1794 1313 1847 anima
1353 1803 1406 1848 et
1433 1793 1649 1863 spiritu,
1676 1791 1954 1860 compesiti
1984 1805 2074 1844 su-
2108 1768 2150 1825 Β
2181 1796 2323 1849 aliud
2369 1813 2636 1852 summum
2683 1799 2883 1853 bonum
2931 1817 3035 1856 non
3088 1801 3289 1858 laudet.
3336 1768 3456 1861 Alia
3487 1809 3618 1862 ratio
3639 1768 3720 1870 est,

497 1896 649 1943 mus,
692 1881 745 1934 in
796 1880 980 1936 futuro
1021 1882 1181 1937 veluti
1222 1885 1275 1936 in
1324 1899 1484 1937 unam
1529 1881 1797 1950 quandam
1845 1895 2077 1933 massam

497 1970 796 2040 simplicem
830 1971 1273 2027 fermentabimur
1303 1974 1354 2026 in
1387 1972 1796 2041 inseparabilem
1829 1971 2082 2040 spiritua-

498 2059 730 2123 litatem,
758 2068 815 2112 ut
842 2061 1130 2114 Ambrosio
1161 2061 1336 2130 placet
1361 2061 1416 2126 ’ς
1457 2077 1562 2129 qua
1594 2060 1801 2114 ratione
1839 2061 2084 2114 [nomines

499 2151 756 2205 mortales
790 2165 889 2219 per
918 2160 1164 2205 naturam
1187 2191 1202 2216 ,
1231 2166 1392 2207 omne
1434 2152 1576 2205 enim
1601 2191 1616 2214 ,
1660 2150 1802 2219 quod
1844 2166 1874 2204 a
1905 2150 2084 2219 seipse

499 2255 606 2293 non
653 2241 862 2310 accepit
908 2255 1048 2303 esse,
1088 2241 1316 2295 mortale
1365 2241 1584 2304 dicitur,
1625 2240 1676 2292 in
1726 2238 2079 2293 immortalem

500 2328 666 2383 Deum
697 2329 1047 2384 mutabuntur
1076 2347 1171 2400 per
1199 2332 1428 2401 gratiam
1450 2331 1474 2384 ἲ
1494 2331 1571 2385 Ac
1599 2347 1665 2385 ne
1689 2330 1900 2400 longius
1929 2345 2086 2399 prae-

501 2421 638 2474 senti
667 2421 880 2489 negotio
905 2422 1189 2476 transitum
1216 2422 1395 2476 facere
1420 2403 1719 2485 videamur,
1743 2421 1786 2475 si
1815 2420 2033 2489 quaeris
2053 2435 2083 2472 a

507 2524 613 2572 me,
650 2523 757 2578 qua
788 2510 1019 2574 ratione,
1056 2509 1198 2579 quod
1231 2527 1335 2564 non
1373 2519 1457 2564 est
1493 2509 1785 2564 secundum
1815 2519 2085 2569 naturain,

501 2599 595 2654 sed
644 2610 800 2654 extra
851 2610 1134 2666 naturam,
1174 2600 1460 2670 expellitur
1505 2601 1643 2654 intra
1693 2609 1938 2654 naturam
1968 2599 1990 2630 '
2035 2608 2088 2651 et

497 2693 800 2750 sustinetur
827 2702 882 2748 et
919 2695 1159 2762 punitur,
1195 2693 1309 2762 ipsa
1345 2701 1536 2746 natura
1575 2692 1834 2760 impunita
1872 2704 2086 2758 perma-

502 2794 698 2848 nente,
753 2785 1109 2854 omnibusque
1170 2785 1458 2840 contrariis
1503 2783 1840 2853 passionibus
1880 2783 2086 2842 illaesa,

499 2891 757 2944 quaeram
787 2891 815 2928 a
853 2885 923 2937 te,
954 2891 1059 2946 qua
1094 2877 1301 2931 ratione
1325 2891 1411 2939 ea,
1438 2891 1579 2946 quae
1609 2875 1836 2928 virtutes
1861 2871 1903 2904 ¹⁶
1935 2880 2089 2925 natu-

505 2981 599 3021 rae
624 2965 917 3030 exeellunt,
947 2967 1038 3035 qui
1079 2965 1220 3020 intra
1261 2965 1521 3019 terminos
1560 2971 1782 3017 naturae
1808 2961 2088 3016 continen-

503 3065 608 3117 tur,
632 3055 1004 3124 possidebunt,
1037 3055 1139 3109 hoc
1160 3061 1266 3118 est,
1291 3069 1397 3122 qua
1425 3053 1634 3106 ratione
1656 3051 1826 3105 sancti
1857 3058 1910 3104 et
1936 3057 2088 3101 uatu-

502 3164 595 3202 rae
622 3163 752 3204 suae
784 3149 920 3204 fines
946 3165 1050 3204 non
1077 3149 1362 3214 excedent,
1393 3156 1447 3203 et
1477 3163 1560 3211 ea,
1593 3162 1731 3215 quae
1764 3144 1900 3200 ultra
1932 3151 2082 3198 natu-
2113 3127 2159 3188 C

505 3256 619 3294 ram
649 3251 796 3306 sunt,
825 3242 965 3297 dona
990 3242 1241 3296 videlicet
1263 3242 1468 3312 gratiae
1501 3240 1832 3312 suscipient?
1859 3239 1927 3294 At
1962 3237 2006 3294 si
2037 3237 2088 3294 iu

507 3331 590 3384 his
613 3331 862 3385 omnibus
895 3348 1000 3386 non
1043 3332 1217 3387 solum
1244 3331 1491 3393 humana,
1523 3347 1708 3388 verum
1739 3332 1903 3386 etiam
1931 3347 2091 3402 ange-

507 3423 608 3474 lica
636 3421 818 3474 deticit
845 3421 983 3475 ratio
1009 3424 1049 3453 ¹¹
1080 3432 1135 3475 et
1166 3422 1540 3493 intelligentia,
1567 3425 1777 3494 patiens
1796 3432 1934 3488 esto,
1966 3424 2094 3478 divi-

505 3513 771 3587 naethe"
791 3513 971 3566 virtuti
1004 3514 1530 3586 incomprehensibili
1557 3517 1731 3572 locum
1758 3516 1845 3581 da,
1867 3531 2094 3585 eamque

508 3608 726 3663 silentio
767 3608 1085 3672 honoriﬁca,
1123 3608 1400 3677 quoniam,
1432 3608 1556 3662 dum
1602 3605 1668 3660 ad
1696 3621 1814 3660 eam
1840 3607 2090 3676 perveni-

509 3710 618 3764 tur,
646 3700 822 3754 omnis
858 3700 999 3755 ratio
1039 3699 1222 3754 deﬁcit
1259 3710 1313 3752 et
1351 3699 1675 3761 intellectura,
1715 3709 1770 3752 et
1819 3700 1960 3754 inter
2003 3715 2094 3754 ce-

510 3800 646 3854 tera,
685 3806 826 3861 quae
867 3806 1080 3846 omnem
1119 3791 1385 3845 rationem
1414 3797 1471 3845 et
1511 3790 1840 3846 intellectum
1869 3807 2096 3860 exsupe-

516 3892 640 3936 rant
671 3883 740 3946 ¹³,
777 3882 1055 3937 humiliter
1097 3881 1336 3937 concede
1362 3897 1521 3950 posse
1557 3881 1670 3935 ﬁeri
1712 3882 1889 3936 divina
1911 3883 2094 3951 provi-

515 3974 696 4026 dentia
723 3973 1138 4028 administrante
1164 3989 1252 4038 ea,
1281 3989 1419 4043 quae
1444 3983 1498 4029 et
1521 3983 1674 4028 extra
1702 3984 1756 4028 et
1785 3987 1971 4028 contra
2000 3993 2096 4030 na-

511 4074 689 4117 turam
727 4073 887 4128 sunt,
937 4065 1134 4118 virtute
1179 4073 1406 4130 naturae
1437 4064 1686 4118 sustineri
1725 4072 1779 4118 et
1807 4064 1942 4116 intra
1977 4081 2094 4119 eam

501 4155 708 4224 puniri.
733 4155 845 4224 ipsa
875 4170 1088 4223 semper
1117 4139 1170 4209 in
1196 4154 1372 4223 seipsa
1401 4153 1652 4208 incolumi
1677 4154 1956 4208 omnino“
1977 4170 2097 4224 per-

511 4255 816 4300 severante.
849 4245 917 4298 At
943 4246 986 4298 si
1017 4245 1240 4308 dixeris,
1274 4247 1409 4298 haec
1435 4244 1616 4299 omnia
1645 4244 1858 4298 divinae
1880 4245 2098 4299 virtutis

509 4333 879 4389 inscrutabilia
926 4335 1185 4388 miracula
1205 4375 1220 4400 ,
1251 4336 1496 4404 quamvis
1532 4334 1675 4388 omni
1705 4343 1986 4388 creaturae
2015 4350 2098 4388 ra-

511 4425 751 4480 tionabili
787 4435 841 4480 et
872 4425 1188 4496 intelligibili
1216 4441 1542 4495 cognoscere
1569 4423 1900 4493 impossibile
1926 4432 2008 4477 est
2032 4425 2094 4487 η,

511 4531 609 4569 cur
635 4517 836 4581 omnia,
867 4532 1004 4586 quae
1031 4516 1172 4570 facta
1203 4516 1474 4580 sunt,et”
1495 4514 1762 4582 quomodo
1783 4513 1923 4566 facta
1945 4523 2091 4576 sunt,

511 4623 616 4661 non
651 4617 826 4660 tamen
859 4609 908 4660 in
948 4609 1200 4662 omnibus
1222 4607 1578 4675 cognitionem
1608 4604 1815 4674 fugiunt
1838 4604 1898 4664 ",
1934 4611 1991 4655 ιιι
2029 4604 2094 4657 de

515 4698 595 4750 eis
625 4699 765 4750 nulla
794 4699 1050 4753 reddatur
1070 4699 1227 4764 ratio,
1253 4714 1350 4753 cur
1375 4697 1509 4751 facta
1541 4706 1684 4750 sunt.
1713 4696 1993 4766 Propterea
2024 4697 2094 4749 si-

515 4785 754 4853 quidem,
791 4786 988 4854 inquis,
1019 4787 1198 4840 omnia
1229 4787 1296 4840 de
1323 4786 1487 4839 nihilo
1513 4784 1652 4840 facta
1703 4794 1844 4846 sunt,
1876 4794 1934 4836 ut
1960 4785 2096 4838 divi-

517 4891 620 4930 nae
645 4875 900 4930 bonitatis
925 4877 1220 4946 amplitudo
1241 4889 1295 4931 et
1319 4877 1539 4944 largitas
1558 4890 1655 4943 per
1674 4890 1762 4938 ea,
1783 4890 1920 4942 quae
1946 4873 2094 4940 fecit,

511 4977 573 5022 et
621 4967 998 5021 ostenderetur
1047 4977 1102 5022 et
1167 4967 1496 5021 laudaretur.
1561 4965 1748 5018 Nonne
1793 4965 1895 5018 hoc
1946 4965 2100 5018 docet

518 5059 758 5129 psalmus
806 5057 907 5112 iste
952 5059 1264 5128 prophetico
1314 5057 1505 5127 spiritu
1551 5065 1800 5110 cantatus
1827 5097 1841 5118 ,
1889 5057 1940 5109 in
1997 5073 2104 5125 quo

514 5153 695 5207 ominis
748 5159 997 5207 creatura
1050 5151 1338 5205 invisibilis
1393 5159 1448 5205 et
1505 5149 1733 5204 visibilis
1783 5150 2097 5204 Creatorem

2182 1899 2284 1953 qua
2327 1885 2507 1938 omnia
2547 1885 2614 1940 de
2662 1887 2828 1942 nihilo
2871 1887 3010 1944 facta
3039 1900 3180 1945 sunt.
3212 1891 3493 1950 Summum
3534 1898 3722 1960 bonum.

2183 1977 2323 2045 quod
2351 1994 2379 2030 a
2409 1978 2584 2046 seipso
2612 1988 2667 2032 et
2695 1979 2748 2034 in
2781 1981 2959 2049 seipso
2979 1983 3278 2039 subsistens
3303 1986 3499 2040 bonum
3523 1997 3620 2051 est,
3640 2004 3721 2042 non

2183 2068 2369 2122 debuit
2400 2069 2670 2124 abstinuere
2711 2085 2741 2123 a
2785 2073 3093 2126 conditione
3117 2073 3403 2140 bonorum,
3435 2093 3567 2146 quae
3593 2095 3673 2132 nec
3699 2099 3720 2130 ;ι

2185 2157 2510 2226 semetipsis,
2545 2172 2644 2213 nec
2674 2159 2725 2212 in
2753 2160 3080 2230 semetipsis,
3108 2163 3202 2217 sed
3232 2164 3301 2216 ab
3339 2164 3457 2234 ipso
3482 2177 3534 2219 et
3561 2167 3606 2219 in
3635 2169 3722 2236 ipso

2184 2246 2322 2299 bona
2361 2255 2506 2299 sunt.
2540 2246 2617 2300 Ac
2646 2262 2742 2315 per
2774 2249 2876 2303 hoc
2904 2264 2967 2303 ex
3001 2265 3106 2304 non
3144 2253 3498 2309 existentibus
3523 2257 3714 2312 existen-

2186 2336 2259 2388 tia
2281 2337 2507 2399 creavit,
2533 2353 2599 2391 ne
2620 2337 2782 2391 veluti
2812 2339 3042 2394 invidiae
3064 2343 3562 2410 reprehenderetur,
3586 2357 3722 2401 retrao

2185 2427 2322 2481 hens
2346 2443 2403 2481 se
2431 2442 2460 2481 a
2491 2429 2870 2484 sulistitutione
2909 2445 3094 2486 eorum
3118 2472 3136 2498 ,
3184 2449 3325 2502 quae
3362 2439 3533 2506 potuit
3562 2438 3723 2492 substi-

2188 2526 2358 2571 tuere.
2385 2517 2632 2586 Alioquiu
2662 2533 2835 2587 neque
2860 2520 3117 2577 Dominus
3137 2533 3300 2588 esset,
3327 2540 3500 2594 neque
3519 2531 3727 2582 coadilor

2189 2616 2522 2670 naturarum,
2551 2622 2723 2675 neque
2749 2623 2966 2663 suorum
2995 2611 3256 2667 honorum
3284 2617 3666 2684 copiosissimus
3686 2628 3728 2670 et

2190 2696 2243 2748 in
2270 2695 2419 2749 nullo
2444 2696 2698 2751 deﬁciens
2723 2696 2963 2768 largitor,
2992 2715 3164 2770 neque
3185 2703 3516 2773 iustissimus
3541 2709 3726 2764 merito.

2193 2801 2311 2839 rum
2333 2785 2521 2856 judex,
2546 2801 2720 2855 neque
2743 2788 2982 2842 omnium
3005 2792 3274 2858 prov'isor,
3305 2794 3352 2848 si
3383 2793 3509 2848 nihil
3530 2807 3732 2850 crearet.

2261 2868 2350 2929 εις
2392 2876 2501 2930 Cur
2529 2885 2709 2930 autem
2755 2877 2987 2934 mundus
3022 2880 3124 2933 iste
3169 2881 3428 2946 solvetur,
3459 2884 3604 2952 inque
3627 2899 3732 2937 suas

2191 2980 2386 3019 causas
2417 2973 2735 3030 revertetur,
2769 2967 2888 3022 talis
2927 2969 3066 3024 ratio
3093 2963 3356 3025 redditur.
3389 2973 3591 3034 Omnia,
3616 2990 3732 3039 quae

2191 3074 2254 3114 ex
2285 3072 2445 3112 causa
2473 3057 2710 3110 omnium
2740 3059 3057 3126 procedunt,
3084 3071 3138 3115 et
3169 3064 3212 3094 ¹⁸
3240 3079 3303 3115 ex
3338 3063 3732 3130 primu-diuidit.

2192 3150 2368 3205 causis
2398 3149 2450 3203 in
2481 3164 2543 3202 ea
2579 3150 2883 3205 constitutis
2924 3153 3150 3205 naturaii
3186 3178 3330 3214 mnu.
3377 3180 3526 3217 ςυιηη
3563 3165 3728 3234 prince

2191 3240 2336 3315 pium
2381 3261 2598 3314 semper
2633 3253 2938 3312 appetunt,
2994 3259 3143 3304 extra
3188 3254 3329 3320 quod
3375 3255 3633 3322 quiescere
3660 3271 3732 3306 ne-

2190 3345 2410 3405 queunt.
2458 3335 2572 3388 Alia
2603 3337 2742 3390 ratio
2775 3357 2786 3391 :
2819 3338 3044 3401 Omnia,
3089 3357 3227 3409 quae
3261 3357 3326 3396 ex
3359 3342 3504 3398 fonte
3526 3344 3728 3398 omnium

2192 3434 2432 3486 manant,
2465 3425 2811 3490 vilescerent,
2846 3428 2955 3482 imo
2993 3429 3158 3483 etiam
3199 3433 3418 3499 penitus
3443 3433 3727 3502 perirent,si

2192 3516 2257 3569 ad
2290 3516 2492 3570 fontem
2543 3531 2696 3570 suum
2744 3518 2920 3572 redire
2967 3535 3142 3588 neque
3179 3532 3401 3589 possent
3431 3538 3593 3592 neque
3618 3523 3727 3574 redi-

2193 3616 2334 3661 rent.
2365 3608 2434 3661 At
2457 3607 2501 3662 si
2533 3607 2820 3662 visibilium
2855 3608 3058 3663 reditus
3089 3610 3140 3662 in
3169 3627 3294 3664 suas
3328 3613 3609 3665 invisibiles
3630 3627 3728 3663 catt-

2192 3715 2281 3755 sas
2311 3700 2711 3769 prohiberetur,
2745 3699 2898 3754 valde
2947 3702 3173 3754 naturali
3215 3704 3455 3757 omnium
3501 3704 3729 3757 desiderio

2196 3807 2300 3844 non
2331 3790 2500 3844 solum
2526 3790 2880 3852 contrarium,
2902 3805 3088 3844 vermn
3119 3793 3284 3846 etiam
3319 3793 3470 3848 fieret
3497 3794 3664 3846 00(qu
3687 3811 3727 3841 :-.

2196 3879 2438 3932 Mortalia
2478 3893 2607 3932 vero
2652 3892 2877 3946 corpora
2913 3889 3095 3932 nostra
3123 3881 3164 3912 ¹⁹
3188 3897 3294 3933 non
3327 3881 3499 3936 solum
3529 3882 3575 3934 in
3602 3879 3729 3948 spiri-

2199 3969 2360 4023 tualia
2387 4011 2401 4030 ,
2451 3984 2638 4022 verum
2684 3971 2848 4022 etiam
2897 3969 2950 4022 in
2990 3971 3201 4025 animas
3243 3982 3453 4026 nostras
3491 3981 3731 4042 preptenea

2199 4060 2523 4123 transibunt,
2560 4060 2811 4128 quoniam
2861 4061 3121 4115 naturalis
3165 4063 3456 4117 necessitas
3496 4063 3641 4132 cogit,
3669 4071 3734 4118 ιιι.

2197 4150 2646 4221 quemadmodum
2689 4151 2868 4204 anima
2919 4152 3195 4207 rationalis
3246 4155 3313 4208 ad
3361 4155 3626 4224 imaginem
3656 4152 3734 4204 Dei

2198 4242 2340 4298 facta
2369 4243 2420 4296 in
2451 4257 2597 4308 eum,
2629 4241 2780 4311 cujus
2810 4242 2986 4312 imago
3013 4252 3095 4299 est
3123 4254 3176 4299 et
3203 4246 3511 4310 similitudo,
3541 4255 3737 4300 reverte-

2201 4344 2307 4399 tur,
2340 4321 2414 4387 ita
2446 4341 2501 4388 et
2530 4348 2746 4402 corpus,
2779 4334 2922 4401 quod
2965 4335 3032 4386 ad
3085 4333 3374 4405 imaginem
3413 4338 3610 4390 animae
3631 4375 3644 4397 ,
3684 4348 3735 4384 ac

2201 4423 2360 4477 veluti
2399 4423 2574 4492 imago
2601 4422 2852 4493 imaginis
2881 4433 2969 4477 est
3005 4423 3230 4490 factum,
3260 4427 3314 4480 in
3347 4443 3496 4481 suam
3529 4440 3733 4483 causam,

2200 4530 2339 4586 quae
2359 4524 2444 4568 est
2468 4515 2668 4578 anima,
2697 4531 2761 4569 ac
2790 4530 2884 4584 per
2910 4532 3029 4570 eam
3054 4518 3218 4572 veluti
3247 4521 3575 4575 medietatem
3599 4534 3658 4586 qu
3677 4532 3736 4568 an-

2200 4609 2324 4660 dant
2355 4607 2405 4658 in
2444 4605 2615 4674 ipsum
2649 4607 2837 4668 Deum,
2869 4609 2957 4674 qui
2989 4617 3074 4662 est
3115 4611 3273 4664 unica
3311 4613 3542 4666 omnium
3580 4624 3732 4668 causa,

2202 4704 2465 4756 vertatur,
2505 4696 2650 4748 omni
2681 4704 2895 4750 terreno
2923 4699 3156 4764 pondere
3197 4710 3252 4752 et
3282 4700 3640 4769 corporalitate
3663 4697 3734 4748 alt-

2203 4790 2453 4842 solutum.
2487 4787 2653 4856 Cujus
2702 4787 2778 4840 rei
2832 4789 3198 4858 paradigmata
3259 4778 3668 4847 manifestissima
3697 4784 3734 4815 ⁸⁸

2202 4889 2543 4948 promuntur.
2592 4876 2843 4932 Videmus
2880 4881 3028 4933 enim
3059 4880 3343 4936 humorem
3378 4885 3427 4936 in
3467 4882 3664 4953 fumum,
3691 4885 3734 4926 et

2210 4973 2410 5022 l'uumm
2465 4969 2517 5022 in
2563 4967 2833 5022 ﬂammam
2853 5009 2868 5033 ,
2901 4986 2960 5022 ac
2989 4986 3085 5039 per
3109 4973 3211 5026 hoc
3237 4974 3510 5027 humorem
3538 4975 3584 5026 in
3611 4970 3737 5023 ﬂani-

2209 5076 2370 5120 mam,
2395 5057 2663 5112 ﬂammam
2694 5071 2820 5111 vero
2847 5059 2898 5111 in
2929 5060 3141 5126 igneum
3171 5064 3406 5117 transire
3429 5064 3734 5116 elementum.

2205 5148 2419 5218 Physici
2448 5149 2610 5201 etiam
2656 5148 2966 5216 perhibent,
3007 5149 3238 5204 solarem
3288 5153 3490 5206 radium
3519 5152 3579 5204 de
3603 5146 3736 5201 mari.

1804 5282 2056 5337 VARlAE
2095 5280 2494 5337 LECTIONES.

589 5393 608 5422 ‘
650 5391 688 5463 Α
721 5393 845 5445 sint.
921 5394 952 5463 ’γ
983 5390 1074 5446 Sic
1099 5390 1166 5453 F;
1197 5390 1345 5463 Cpet;
1373 5392 1468 5463 Aut
1491 5407 1596 5463 om.
1627 5390 1690 5444 A.
1763 5391 1789 5463 _’
1820 5389 1913 5463 Sic
1935 5390 2050 5454 (1F;
2087 5391 2126 5443 Α
2151 5389 2236 5463 At.
2364 5389 2466 5463 Aet
2488 5405 2614 5463 qua.
2685 5392 2710 5463 _'
2748 5403 2801 5445 ut
2825 5390 3072 5462 Gregorio
3103 5394 3269 5463 placet
3293 5414 3380 5449 om
3415 5381 3580 5449 ἈΪὟ
3609 5390 3736 5445 Maii

519 5478 632 5516 om.
664 5461 728 5515 Α.
804 5463 823 5494 ⁷
857 5462 1052 5516 scilicet
1084 5477 1192 5516 om.
1243 5461 1306 5513 A.

519 5533 565 5563 “
605 5532 648 5586 Α
694 5532 826 5584 ratio
878 5531 1072 5601 deﬁcit.
1180 5533 1221 5565 ³³
1257 5532 1295 5583 Α
1333 5541 1380 5583 et
1419 5531 1647 5584 divinae.

526 5668 568 5720 Δ
597 5669 892 5733 suonifesta.

1382 5462 1403 5492 ⁸
1435 5472 1489 5513 ut
1535 5461 1804 5512 Ambrosio
1846 5460 2010 5531 placet
2041 5477 2148 5512 om.
2181 5459 2243 5512 Α.

1757 5531 1769 5560 ¹
1790 5531 1800 5561 ⁸
1839 5532 1880 5584 Λ
1921 5539 2190 5599 superum.

523 5611 571 5669 et
601 5615 709 5654 om.
735 5601 774 5660 C
801 5602 861 5656 I“.
937 5599 977 5639 ¹⁷
1017 5603 1105 5656 Sic
1135 5601 1174 5655 C
1200 5602 1271 5666 P,
1319 5602 1360 5655 Λ
1392 5616 1550 5669 supra
1584 5599 1942 5667 cognitionem
1973 5600 2127 5666 ﬁunt.

2319 5459 2340 5490 ’
2371 5459 2459 5512 Sic
2484 5461 2523 5512 (ὲ
2549 5459 2621 5519 F;
2669 5461 2710 5512 A
2758 5464 2810 5516 in
2861 5459 3071 5516 natura.
3103 5459 3111 5463 ⁷
3146 5464 3188 5495 ’⁸
3218 5466 3309 5520 Sic
3345 5466 3455 5528 CF;
3484 5466 3524 5519 Α
3559 5465 3734 5516 rirtutc.

2295 5528 2336 5559 “'
2377 5531 2585 5580 omnino
2615 5545 2721 5582 οιιι.
2756 5532 2817 5583 Α.
2917 5537 2955 5565 ⁸⁵
2995 5536 3033 5586 Λ
3084 5551 3213 5588 esse.
3310 5538 3354 5568 ³⁸
3388 5552 3476 5588 cur
3502 5534 3656 5586 omnia
3681 5555 3737 5566 -—-

2207 5599 2252 5630 "‘
2285 5599 2372 5652 Sit‘
2404 5599 2523 5662 Al";
2558 5599 2694 5683 “ﬁt.
2775 5604 2814 5631 "
2852 5607 2887 5655 Α
2925 5613 3100 5656 nostra
3127 5619 3368 5666 corpora.
3441 5603 3484 5638 ”
3519 5604 3600 5657 Sic
3624 5595 3733 5656 CF:
