3952 6162
186 242 301 321 953

1020 264 1106 320 DE
1146 263 1486 319 DIVISIONE
1524 259 1871 316 NATL'RAE.
1913 289 1983 298 —
2019 255 2216 312 LlliER
2254 256 2579 324 QUINTUS.

3364 252 3469 311 936

187 380 358 447 deque
383 375 713 440 ﬂuminibus,
743 375 1098 445 omnibusque
1133 391 1395 446 aquarqu
1444 374 1772 430 collectioni-
1801 378 1843 432 Α
1876 370 2034 424 dibus
2075 369 2236 440 digna
2267 370 2320 435 ⁶;
2362 378 2435 433 et,
2467 378 2526 422 ut
2551 369 2788 423 breviter
2810 369 3009 435 dicam,
3035 384 3225 426 omnes
3246 373 3472 427 virtutes

185 471 285 525 bus
333 468 750 538 madoribusque
801 469 1029 524 terrenis
1082 469 1136 523 in
1190 471 1424 538 seipsam
1476 470 1765 529 attrahere,

187 561 348 630 inque
394 575 546 615 suam
582 567 829 613 naturam
860 558 1023 614 veluti
1066 560 1328 629 quaedam
1355 559 1608 613 alimenta
1637 572 1761 613 con-

186 664 420 705 SIIIDCI‘C.

251 741 345 797 55.
400 741 476 796 De
524 756 590 796 eo
639 750 856 805 autem,
907 741 1051 810 quod
1103 756 1235 806 nos,
1274 740 1365 811 qui
1412 741 1465 794 in
1515 741 1617 794 hac
1664 738 1772 793 vita

185 831 471 902 compositi
503 845 690 885 smnus
712 871 730 896 ,
774 830 827 884 in
867 830 1164 901 simplicem
1209 832 1479 900 quandam
1512 830 1773 885 unitatem

186 916 602 986 adunabimur,
640 921 762 975 talis
819 922 958 977 ratio
1010 932 1111 976 est.
1166 921 1463 992 Oportebat
1506 921 1774 992 siquidem

186 1011 476 1078 imaginem
523 1011 684 1065 unius
732 1026 796 1065 ac
851 1027 1093 1067 summae
1147 1013 1470 1077 Trinitatis,
1523 1026 1663 1081 quae
1720 1011 1775 1065 in
1819 1006 1826 1014 ’

186 1102 361 1170 scipsa
391 1100 765 1169 inseparabilis
792 1109 846 1156 et
874 1102 1102 1171 simplex
1131 1113 1186 1156 et
1217 1103 1571 1172 incomposita
1594 1112 1696 1165 est,
1721 1102 1776 1156 in

189 1193 338 1245 unita
366 1206 452 1245 cm
477 1199 530 1246 et
553 1192 967 1261 inseparabilem
994 1193 1393 1262 simplicitatem
1421 1194 1618 1263 redigi;
1652 1193 1778 1247 alio-

187 1283 318 1351 quin
345 1282 626 1353 dignitatis
651 1282 1057 1352 amplitudinem
1084 1284 1356 1353 perderet,
1382 1292 1438 1338 et
1474 1284 1777 1353 pulchritu-

186 1372 368 1425 dinem
404 1371 752 1439 deformaret,
786 1374 928 1441 quod
977 1373 1094 1428 fieri
1139 1374 1319 1428 divina
1361 1374 1644 1429 clementia
1671 1390 1777 1431 non

187 1465 337 1519 sinit.
414 1464 528 1519 Non
578 1465 722 1519 enim
772 1465 1065 1535 principale
1122 1466 1427 1536 exemplum
1491 1466 1777 1537 imaginem

188 1554 289 1608 sibi
318 1554 550 1607 similem
579 1570 607 1607 a
639 1554 815 1624 seipso
851 1564 907 1609 et
951 1556 1241 1610 secundum
1292 1556 1525 1624 seipsum
1556 1554 1776 1618 factam,

187 1643 426 1712 elongari
452 1659 666 1714 semper
710 1658 741 1696 a
790 1659 850 1698 se
896 1645 1127 1713 quadam
1169 1643 1511 1699 deformitate
1539 1654 1593 1699 et
1627 1645 1783 1698 dissi-

1872 479 1938 518 ex
1965 464 2227 533 Oppositis
2255 464 2354 518 sibi
2380 463 2524 517 vitiis
2550 478 2655 517 non
2688 463 2859 518 solum
2888 463 3098 518 laudem
3130 474 3471 533 comparant.
3504 476 3519 533 ς

1874 567 2060 607 verum
2084 553 2248 607 etiam
2278 552 2397 607 sine
2427 551 2638 607 illorum
2668 552 3071 620 comparatione
3111 552 3325 607 laudem
3368 569 3471 607 not;
3508 544 3518 617 ἶ

1875 646 2240 723 adqqirerent.
2296 643 2496 698 Eadem
2521 643 2729 698 ratione
2751 643 3026 697 beatitudo
3049 644 3318 713 justorum
3357 643 3474 714 glow
3508 645 3514 652 '

1875 734 2010 788 riam
2031 733 2131 788 sibi
2147 742 2167 773 ⁷
2193 733 2396 787 invenit
2417 748 2481 788 ex
2503 732 2779 801 suppliciis
2796 733 3103 802 impiorum,
3118 735 3477 806 gaudiumque

1875 824 2047 878 bonae
2080 822 2370 877 voluntatis
2404 838 2471 877 ex
2512 822 2731 876 tristitia
2779 837 3097 891 perversae;
3150 834 3205 879 et
3244 833 3305 879 ut
3345 840 3474 880 vera

1878 917 2016 972 ratio
2043 916 2404 986 pronunciare
2433 930 2540 969 non
2577 915 2822 984 trepidat,
2861 917 3061 980 omnia,
3091 932 3229 985 quae
3258 917 3311 970 in
3361 932 3473 985 par-

1879 1011 2021 1066 tibus
2062 1007 2432 1062 universitatis
2464 1006 2623 1070 mala,
2674 1006 2980 1071 inhonesta,
3015 1006 3206 1075 turpia,
3250 1006 3475 1070 misera,

1879 1097 2248 1168 suppliciaque
2298 1095 2365 1150 ab
2404 1096 2512 1161 his,
2562 1094 2653 1163 qui
2699 1094 2860 1148 simul
2904 1094 3084 1149 omnia
3130 1095 3477 1150 considerare

1880 1208 1986 1247 non
2022 1198 2267 1261 possunt,
2293 1188 2632 1259 iudicantur,
2668 1186 2720 1240 in
2757 1186 3210 1255 contemplatione
3258 1187 3480 1241 univer-

1880 1284 2074 1348 sitatis,
2097 1281 2260 1336 veluti
2284 1280 2449 1335 totius
2469 1279 2743 1349 cujusdam
2767 1278 3011 1347 picturae
3038 1279 3474 1348 pulchritudinis,

1883 1386 2056 1441 neque
2084 1370 2344 1441 supplicia
2367 1378 2513 1433 sunt,
2558 1384 2729 1438 neque
2776 1368 2996 1433 misera,
3046 1385 3220 1438 neque
3271 1371 3472 1439 turpia.

1882 1478 2056 1532 neque
2086 1462 2393 1526 inhonesta,
2439 1477 2613 1532 neque
2659 1462 2796 1517 mala
2840 1471 2984 1516 sunt.
3025 1461 3291 1532 Quicquid
3334 1464 3478 1520 enim

1884 1554 2097 1609 divinae
2141 1552 2512 1622 providentiae
2560 1552 3119 1607 administrationibus
3166 1553 3479 1619 ordinatur,

1885 1642 2085 1698 bonum
2113 1652 2160 1695 et
2189 1641 2471 1711 pulchrum
2499 1650 2552 1694 et
2571 1638 2776 1708 justum
2809 1648 2912 1694 est.
2954 1640 3090 1707 Quid
3115 1642 3259 1695 enim
3289 1641 3481 1696 melius

191 1735 495 1788 militudine
523 1744 617 1788 aut
644 1734 819 1804 aliqua
851 1735 1263 1804 compositione,
1303 1750 1397 1789 sua
1443 1735 1784 1804 simplicitate
1820 1717 1859 1776 Β
1888 1741 1992 1797 est,
2024 1747 2183 1801 quam
2209 1742 2267 1784 ut
2289 1746 2353 1785 ex
2389 1731 2753 1799 oppositurum
2807 1732 3207 1801 comparatione
3256 1740 3312 1787 et
3356 1732 3480 1785 uni-

190 1838 423 1891 remota,
452 1825 735 1894 permittit.
770 1825 971 1879 Eadem
1004 1826 1142 1878 ratio
1168 1834 1251 1879 est
1281 1827 1346 1879 de
1382 1826 1553 1879 reditu
1591 1838 1789 1879 morta-

193 1916 319 1969 lium
343 1917 639 1980 hominuut,
672 1915 1031 1985 qualicunque
1060 1915 1219 1969 modo
1242 1915 1493 1970 mortales
1517 1917 1781 1979 dicantur,

192 2022 283 2061 seu
315 2006 446 2075 quia
477 2021 575 2061 nec
601 2022 631 2059 a
658 2006 847 2075 seipsis
877 2022 977 2060 nec
1015 2006 1071 2059 in
1117 2006 1423 2076 semetipsis
1467 2005 1784 2069 subsistunt,

195 2117 287 2156 seu
310 2100 438 2170 quia
465 2115 636 2170 poena
657 2100 934 2171 originalis
956 2101 1164 2170 peccati
1194 2100 1523 2154 mortalitate
1544 2098 1786 2167 absorpti

194 2203 317 2247 sunt
369 2193 425 2246 in
480 2192 645 2245 Deum
696 2206 887 2255 suum,
952 2191 1044 2261 qui
1103 2190 1252 2245 solus
1320 2189 1638 2244 immortalis
1684 2198 1785 2243 est.

197 2282 313 2336 Non
341 2282 489 2335 enim
516 2279 832 2333 conveniret
870 2278 1193 2333 immortalis
1235 2277 1511 2333 Creatoris
1534 2278 1785 2343 bonitati,

198 2371 490 2442 imaginem
520 2383 674 2423 suam
714 2376 935 2422 aeterna
968 2376 1141 2422 morte
1177 2368 1424 2422 detineri.
1467 2367 1600 2421 Nam
1647 2368 1789 2437 quod

198 2475 317 2515 eam
367 2460 564 2513 merito
601 2472 890 2527 perversae
937 2472 1069 2512 suae
1117 2458 1134 2487 ¹
1186 2456 1495 2521 voluntatis,
1538 2472 1646 2527 qua
1687 2457 1789 2511 sibi

197 2548 421 2603 obedire
441 2545 708 2610 noluerat,
742 2544 1024 2600 mortalem
1046 2544 1163 2598 ﬁeri
1188 2544 1428 2614 morique
1450 2545 1788 2614 permiserat,

200 2640 322 2709 plus
353 2636 756 2693 misericordiae
780 2651 910 2691 suae
928 2645 1129 2706 {quam
1155 2635 1422 2691 vindictae
1460 2636 1790 2690 manifestat.

203 2728 485 2799 Siquidem
534 2726 807 2797 corrigere
847 2741 992 2791 eam,
1025 2734 1436 2795 correctamque
1462 2726 1528 2781 ad
1560 2726 1793 2795 seipsam

202 2832 487 2882 revocare,
516 2830 619 2869 non
644 2824 826 2869 autem
857 2815 1233 2878 incorrectam,
1258 2828 1578 2884 semperque
1608 2813 1793 2883 expul-

203 2924 318 2964 sam
341 2914 393 2964 et
429 2909 483 2962 in
509 2906 778 2961 infinitum
809 2907 1113 2977 elongatam
1139 2906 1160 2937 ³
1187 2906 1375 2960 voluit.
1417 2906 1475 2961 Si
1518 2906 1700 2977 itaque
1728 2907 1795 2962 de

206 3001 405 3057 talibus
421 3016 546 3063 non,
569 3001 836 3069 quomodo
852 3000 994 3056 facta
1016 3008 1161 3065 sunt,
1175 3001 1268 3055 sed
1289 3014 1395 3069 qua
1418 3000 1625 3054 ratione
1645 2999 1791 3055 facta

204 3098 352 3155 sunt,
376 3089 593 3144 conaris
622 3098 895 3153 astruere;
928 3104 1091 3143 unum
1114 3089 1311 3159 quippe
1333 3103 1549 3143 omnem
1577 3097 1797 3161 superat
1822 3062 1867 3125 Ο

207 3179 559 3246 intellectum,
581 3179 811 3235 alterum
844 3180 1239 3248 quodammodo
1265 3180 1577 3234 theoreticis
1604 3195 1794 3250 specu-

209 3268 504 3325 lationibus
542 3269 1027 3340 comprehensibile
1048 3268 1071 3300 ⁸
1098 3284 1204 3323 non
1231 3270 1548 3341 denegatur,
1573 3278 1630 3324 ut
1656 3269 1798 3324 nulla

209 3361 277 3416 de
305 3376 372 3417 eo
392 3361 540 3416 reddi
572 3362 742 3431 possit
770 3363 908 3416 ratio
934 3378 946 3414 :
977 3370 1032 3416 et
1065 3376 1164 3433 ego
1194 3363 1504 3417 nonnullam
1536 3364 1799 3417 rationem

208 3450 277 3505 de
316 3451 587 3521 praesenti
633 3450 948 3519 quaestione
993 3451 1230 3505 conabor
1270 3452 1517 3507 reddere.
1577 3450 1802 3506 Videtur

209 3541 357 3594 enim
405 3540 539 3594 mihi
599 3548 882 3610 propterea
929 3540 1093 3595 totius
1141 3541 1509 3595 universitatis
1554 3542 1801 3597 conditae

210 3631 527 3686 Creatorem
554 3639 610 3686 et
640 3631 1009 3686 ordinatorem
1044 3631 1443 3688 irrationabiles
1473 3643 1649 3687 motus
1678 3647 1802 3701 per-

210 3736 404 3776 versae
424 3720 685 3776 malorum
708 3729 763 3775 et
786 3721 1063 3775 hominum
1093 3732 1149 3775 et
1177 3721 1488 3792 angelorum
1512 3722 1802 3777 voluntatis

213 3813 357 3868 intra
379 3828 497 3866 eam
520 3812 700 3882 puniri
730 3811 937 3874 sivisse,
989 3812 1103 3882 ipsa
1151 3812 1403 3866 videlicet
1451 3813 1803 3885 universitate

212 3905 466 3959 omnibus
493 3902 781 3959 contrariis
819 3902 1162 3972 passionibus
1192 3902 1438 3957 absoluta
1472 3903 1804 3971 omninoque

212 3994 388 4048 libera
431 4007 646 4062 semper
692 3990 1033 4053 subsistente,
1090 4000 1145 4044 ut
1191 4006 1257 4044 ea;
1308 3990 1619 4055 collatione,
1667 3992 1807 4045 sicut

212 4085 293 4138 ait
318 4092 536 4138 sanctus
559 4081 908 4153 Augustinus,
934 4096 1202 4150 perversae
1226 4080 1507 4134 voluntatis
1528 4079 1806 4149 impiorum

214 4173 525 4227 laudaretur
578 4181 624 4225 et
680 4170 1003 4226 exaltaretur
1063 4180 1178 4223 rata
1232 4167 1469 4223 uoluntas
1515 4167 1804 4238 justorum.

216 4259 450 4325 Etenim,
480 4268 540 4314 ut
572 4260 688 4330 ipse
713 4262 812 4325 ait,
834 4261 1040 4329 nigrum
1070 4259 1294 4313 colorem
1325 4260 1462 4312 inter
1495 4267 1693 4313 ceteros
1724 4274 1808 4310 co-

216 4354 360 4407 lores
379 4370 464 4408 ars
486 4355 720 4423 picturae
738 4353 1018 4414 interserit,
1050 4362 1103 4404 ut
1131 4368 1195 4407 ea:
1215 4353 1603 4421 comparatione
1625 4351 1806 4421 ipsius,

216 4444 351 4498 dum
378 4446 624 4499 obscurus
660 4445 905 4507 cernitur,
937 4430 1421 4498 aliorum'colarum
1453 4444 1668 4500 claritas
1688 4460 1811 4516 pro-

220 4536 397 4608 betur._
451 4534 584 4589 Nam
634 4534 775 4604 quod
827 4533 1068 4589 deforme
1112 4550 1209 4603 per
1260 4535 1495 4605 seipsum
1556 4537 1609 4590 in
1657 4546 1810 4608 parte

220 4606 405 4693 aliqua
432 4623 799 4679 universitatis
824 4623 1184 4686 existimatur,
1228 4623 1280 4676 in
1331 4632 1442 4679 toto
1486 4641 1590 4681 non
1637 4606 1809 4681 solum

220 4714 525 4784 pulchrum,
558 4714 812 4785 quoniam
855 4713 1079 4783 pulchre
1115 4714 1419 4767 ordinatum
1475 4724 1578 4778 est,
1623 4731 1810 4771 vermn

222 4809 389 4864 etiam
414 4811 681 4879 generalis
706 4809 1117 4880 pulchritudinis
1138 4824 1300 4863 causa
1332 4808 1560 4865 edicitur
1587 4827 1600 4863 :
1631 4821 1685 4866 et
1728 4822 1812 4868 est

220 4898 487 4968 sapientia
513 4916 581 4956 ex
605 4899 889 4956 collatione
916 4899 1257 4969 insipientiae
1281 4941 1295 4966 ,
1333 4902 1556 4956 scientia
1584 4918 1651 4957 ex
1694 4904 1807 4958 col-

223 4990 429 5046 latione
452 4993 811 5066 ignorantiae,
842 5007 981 5062 quae
1008 5002 1091 5047 est
1113 5002 1134 5033 ε
1165 5008 1260 5062 per
1297 4992 1563 5049 defectum
1602 5004 1656 5050 et
1700 4998 1813 5066 pri-

224 5083 518 5148 vationem,
543 5086 650 5138 vita
668 5099 738 5139 ex
757 5084 1157 5155 comparatione
1179 5086 1369 5140 mortis
1396 5102 1493 5155 per
1519 5087 1809 5157 defectum,

227 5175 326 5232 lux
347 5190 413 5234 cx
444 5178 781 5249 oppositione
803 5178 1147 5235 tenebrarum
1169 5192 1268 5249 per
1291 5178 1644 5248 privationem
1693 5182 1809 5237 lau-

1888 1823 2165 1877 versitatis
2192 1831 2245 1876 et
2283 1821 2577 1876 conditoris
2605 1822 2845 1874 omnium
2884 1820 3000 1875 laus
3026 1819 3313 1876 inetlhbilis
3337 1836 3488 1876 com.-

1889 1911 2152 1982 paretur?
2190 1911 2328 1978 Quid
2358 1910 2576 1978 justius,
2616 1925 2777 1979 quam
2818 1922 2875 1963 ut
2916 1911 3052 1964 bene
3098 1910 3274 1964 nzeriti
3317 1910 3486 1964 subli-

1890 2002 2189 2054 missimum
2217 2015 2395 2055 rerum
2426 1999 2691 2064 ordinem,
2720 1999 2858 2053 male
2884 2015 3009 2054 vero
3034 2001 3209 2054 meriti
3236 2001 3479 2053 inﬁmum

1890 2089 2222 2145 obtineant?
2278 2088 2415 2155 Quid
2469 2088 2767 2151 honestius,
2828 2103 2989 2156 quam
3036 2097 3095 2142 nt
3140 2105 3205 2143 ex
3254 2089 3489 2158 propriis

1888 2176 2221 2249 singulorum
2249 2175 2652 2231 habitudinibus
2680 2176 3003 2230 universitas
3035 2192 3213 2230 rerum
3241 2178 3483 2230 omnium

1889 2266 2157 2322 ornetur?
2190 2264 2360 2321 Nemo
2382 2268 2562 2335 itaque
2596 2274 2740 2320 recte
2770 2266 3260 2335 philoSOphantium
3289 2268 3480 2320 existi-

1892 2369 2024 2421 mat,
2083 2356 2245 2411 ullam
2297 2356 2556 2410 malitiam
2601 2356 2896 2420 malumve,
2955 2356 3114 2408 ullam
3160 2358 3487 2427 impietatem

1892 2448 2200 2518 impimnve,
2223 2446 2387 2501 ullam
2410 2446 2684 2500 miseriam
2706 2446 3049 2510 miserumve,
3071 2447 3232 2500 ullam
3255 2462 3484 2517 poenam

1891 2539 2229 2610 punitumve,
2256 2537 2425 2591 ullum
2452 2536 2772 2608 supplicium
2810 2538 3136 2607 suppliciove
3168 2540 3486 2605 obnoxium,

1894 2630 2055 2685 ullam
2116 2628 2501 2699 turpitudinem
2560 2639 2781 2698 turpevc
2812 2670 2827 2693 ,
2876 2629 3036 2684 ullam
3089 2631 3485 2687 inhonestatcm

1893 2723 2324 2787 inhonestumve,
2352 2721 2406 2775 in
2434 2720 2595 2785 bona,
2622 2731 2675 2775 et
2701 2721 2923 2790 optima,
2960 2731 3013 2775 et
3057 2721 3489 2793 religiosissima,

1893 2821 1948 2868 et
1990 2811 2303 2867 felicissima
2331 2850 2347 2875 ,
2395 2820 2450 2865 et
2505 2810 2803 2880 impunibili
2838 2850 2853 2875 ,
2916 2819 2972 2864 et
3028 2810 3336 2866 beatissima
3370 2853 3384 2877 ,
3438 2822 3493 2867 et

1892 2903 2274 2975 pulcherrima,
2297 2911 2351 2956 et
2372 2902 2747 2956 honestissima
2773 2902 3054 2956 harmonia
3080 2903 3243 2956 totius
3272 2903 3490 2956 univer-

1897 2995 2073 3047 sitatis
2121 2992 2369 3047 conditae
2409 2991 2450 3054 ⁸,
2484 2998 2545 3044 et
2578 2991 2648 3044 ab
2690 3005 2775 3054 eo,
2833 2990 2925 3058 qui
2973 3005 3183 3044 summa
3239 2992 3494 3046 honestas

1899 3096 2002 3149 est,
2036 3098 2248 3138 summa
2294 3081 2657 3152 pulchritudo,
2692 3096 2902 3134 sunnna
2941 3081 3239 3146 beatitudo,
3283 3096 3490 3135 summa

1899 3179 2070 3248 quies,
2099 3191 2309 3231 summa
2333 3174 2580 3238 felicitas,
2606 3188 2848 3227 sunuuae
2879 3173 3173 3243 religionis,
3212 3187 3480 3226 sumnmm

1899 3272 2098 3324 bonum
2120 3276 2166 3332 ⁸,
2193 3265 2491 3330 ordinatae,
2523 3279 2679 3335 posse
2707 3280 2825 3319 esse
2857 3264 2919 3317 ίο.
2960 3265 3121 3318 Aliud
3167 3275 3250 3318 est
3275 3265 3417 3318 enim
3446 3267 3488 3297 ¹¹

1900 3356 2244 3414 considerare
2282 3354 2524 3424 singulas
2562 3354 2928 3408 universitatis
2968 3364 3172 3423 partes,
3224 3354 3365 3408 aliud
3415 3365 3495 3408 to-

1903 3459 2037 3503 tum.
2076 3447 2214 3501 Hinc
2240 3444 2545 3511 conficitur,
2574 3453 2650 3505 ut,
2683 3445 2825 3513 quod
2865 3445 2917 3498 in
2958 3454 3114 3514 parte
3157 3446 3485 3500 contrarimu

1901 3554 2020 3595 esse
2056 3547 2296 3608 putatur,
2342 3538 2397 3591 in
2449 3545 2561 3591 toto
2612 3552 2716 3590 non
2766 3536 2939 3590 solmn
2988 3550 3093 3590 non
3142 3536 3492 3597 contrarium,

1903 3646 2091 3687 verum
2118 3630 2284 3685 etiam
2312 3628 2726 3699 pulchritudinis
2757 3636 3100 3697 augmentum
3132 3628 3174 3657 ¹²
3208 3627 3493 3696 reperitur.

1903 3721 2149 3778 lnfernus
2178 3724 2359 3791 itaque
2386 3737 2508 3776 cum
2538 3735 2568 3773 a
2595 3719 2816 3775 Graecis
2843 3719 3001 3785 ἄδης,
3032 3720 3135 3774 hoc
3167 3730 3250 3773 est
3276 3716 3494 3773 tristitia

1908 3814 1990 3870 vel
2027 3814 2341 3870 deliciarum
2370 3813 2621 3882 privatio,
2658 3813 2785 3866 dum
2814 3827 2910 3882 per
2933 3813 3169 3881 seipsum
3194 3811 3500 3865 considera-

1908 3913 2011 3969 tur,
2042 3903 2242 3958 malum
2275 3903 2431 3957 malis
2461 3902 2822 3974 cognoscitur,
2866 3901 2992 3954 dum
3033 3915 3161 3954 vero
3191 3900 3241 3952 in
3277 3899 3497 3951 univer-

1907 3999 2085 4055 sitatis
2120 3995 2483 4067 pulcberrima
2512 3993 2851 4048 ordinatione
2877 3991 3258 4051 constituitur,
3298 3989 3499 4044 bomnn

1908 4091 2063 4146 bonis
2092 4089 2340 4152 edicitur,
2378 4088 2630 4157 quoniam
2662 4099 2766 4139 non
2797 4084 2968 4139 solum
2995 4080 3502 4150 iustissimijudicis

1910 4182 2191 4244 severitas,
2223 4190 2548 4248 aeternaque
2574 4177 2618 4209 ¹³
2639 4176 2909 4232 sententia
2933 4175 2984 4229 in
3013 4190 3079 4229 eo
3106 4171 3501 4237 manifestatur,

1914 4288 2096 4328 verum
2127 4271 2287 4325 etiam
2319 4261 2597 4323 beatorum
2629 4267 2904 4320 hominum
2938 4275 2993 4319 et
3028 4263 3339 4335 angelorum
3389 4262 3505 4315 laus

1915 4361 2185 4419 felicitatis
2249 4359 2551 4429 acquiritur
2583 4397 2597 4423 ,
2653 4366 2710 4411 et
2762 4355 3106 4426 pulchritudo
3178 4351 3502 4408 cumulatur.

1915 4455 2092 4524 Quare
2116 4454 2298 4522 itaque
2327 4452 2466 4505 intra
2500 4449 2760 4505 terminos
2788 4457 3016 4502 naturae
3055 4445 3171 4500 fieri
3222 4459 3326 4498 nou
3369 4442 3507 4497 sine-

1914 4556 2083 4611 retur,
2117 4545 2258 4599 unde
2280 4543 2396 4597 laus
2429 4540 2544 4610 ejus
2575 4551 2630 4596 et
2654 4540 2696 4572 νδ
2728 4540 3029 4610 adquiritur
3066 4547 3122 4593 et
3165 4536 3507 4608 pulchritudo

1913 4634 2195 4706 augetur?
2249 4628 2365 4687 Cur’
2407 4643 2590 4687 autem
2647 4631 2858 4686 diversa
2909 4630 3194 4699 impiorum
3243 4626 3506 4699 supplicia

1914 4724 2108 4780 inferni
2131 4722 2391 4778 vocabulo
2420 4721 2597 4776 Latini
2619 4721 2793 4776 solent
2814 4720 3141 4789 signiﬁcare,
3168 4734 3234 4773 ex
3255 4718 3511 4787 opinione

1914 4813 2082 4885 vulgi,
2132 4821 2191 4867 ut
2241 4821 2462 4867 sanctus
2511 4810 2843 4881 Augustinus
2887 4810 2969 4863 in'
2996 4809 3313 4865 duodecimo
3368 4807 3507 4862 libro

1916 4907 2166 4966 Exemeri
2191 4907 2274 4963 sui
2304 4905 2579 4974 explanat,
2619 4912 2908 4958 tractatum
2938 4912 3043 4957 est.
3088 4900 3311 4969 Antiqui
3361 4899 3506 4954 enim

1913 5017 2038 5072 spes
2065 5015 2192 5054 suas
2220 4998 2417 5053 fabulis
2444 4997 2760 5065 animasque
2785 4993 3046 5064 sepulcris
3082 4993 3295 5057 dantes,
3326 5005 3511 5061 quem-

1915 5092 2202 5150 admodum
2250 5092 2512 5147 cadavera
2560 5102 2847 5158 corporum
2891 5089 3085 5142 obruta
3110 5085 3395 5156 sepulcris,
3434 5083 3507 5135 ita

1916 5187 2079 5242 etiam
2131 5184 2342 5239 animas
2388 5198 2513 5239 cum
2566 5181 2699 5253 ipsis
2750 5181 3107 5237 cadaveribus
3156 5178 3405 5234 detentus
3451 5173 3507 5228 in

1501 5313 1758 5372 VARIAE
1805 5314 2209 5375 LECTIONES.

309 5426 331 5456 ⁸
355 5441 475 5481 suae
510 5443 621 5482 om.
670 5432 736 5483 Δ.
813 5437 835 5467 ³
860 5446 986 5484 suae
1013 5443 1123 5483 om.
1153 5429 1218 5482 Α.

1316 5428 1337 5460 ³
1358 5428 1652 5497 elongatam
1676 5446 1786 5484 om.
1815 5433 1880 5485 A.

1958 5429 1981 5462 ⁵
2009 5430 2052 5484 Α
2091 5429 2578 5499 comprehensibile
2600 5447 2731 5486 esse.
2806 5435 2828 5468 ⁸
2852 5440 2927 5484 est
2952 5443 3058 5483 om.
3088 5427 3178 5499 ΑἼΔ
3232 5426 3253 5457 ⁸
3296 5428 3407 5499 vita
3444 5440 3509 5478 ea:

227 5500 713 5573 multatione:-
732 5498 890 5573 digna
916 5514 1022 5554 om.
1065 5500 1128 5551 A.
1154 5568 1165 5573 _
1205 5507 1224 5536 ⁷
1252 5498 1350 5552 sibi
1380 5496 1489 5552 om.
1514 5497 1619 5553 CF.
1696 5504 1723 5573 fg
1756 5499 1952 5573 δὴ)ᾲοῖ
1972 5503 2062 5573 LA
2084 5496 2622 5555 Iwneilissinmtotius
2657 5500 3006 5573 universitatis
3027 5496 3508 5573 (Otttlich_0t‘diittt-

229 5565 396 5620 tione.
464 5575 486 5607 ο
516 5568 605 5641 Sic
630 5568 713 5641 CF
736 5586 751 5633 ;
786 5565 829 5623 Ᾱ
856 5584 1117 5622 summum
1148 5568 1338 5641 bonum
1369 5585 1615 5641 summae
1622 5569 1922 5641 religionis.

236 5647 489 5691 mentum.

566 5638 608 5669 ³³
632 5640 675 5691 Α
703 5650 914 5694 aeterna
943 5655 1187 5709 namque.
1267 5638 1308 5683 '9
1336 5649 1383 5692 et
1411 5653 1519 5693 om.
1545 5639 1650 5694 CF.

2000 5566 2042 5602 ίο
2068 5588 2217 5642 posse
2256 5588 2364 5625 csse
2401 5586 2508 5623 om.
2544 5574 2610 5625 A.
2685 5573 2723 5601 ¹¹
2765 5570 2808 5621 Α
2843 5570 2975 5620 enim
3019 5578 3113 5621 est.
3189 5566 3233 5595 "
3260 5568 3301 5619 Α
3347 5582 3506 5636 urg..-
