3952 6162
560 206 671 262 955

1933 220 2214 277 JOANMS
2253 223 2449 279 SCO'l'l

3640 244 3724 299 950

480 338 485 341 τ
568 322 756 376 iisdem
802 322 1168 391 sepulcrorum
1207 327 1452 380 cavernis
1484 312 1761 397 putabant.
1812 334 1945 389 liiuc
1978 337 2141 390 infcr-
2171 346 2215 401 Ἀ
2248 355 2406 399 sane;
2439 341 2684 408 quamvis
2730 341 2904 395 adhuc
2934 358 3037 395 non
3082 344 3221 397 onmi
3262 345 3466 415 caligine
3497 361 3721 408 remotum.

568 426 697 463 nmn
757 412 907 478 quasi
959 412 1094 465 infra
1145 422 1343 468 terram
1394 419 1624 485 positum
1672 426 1954 479 vocabunt.
2020 429 2148 483 inde

566 497 700 551 falsa
726 499 898 550 crevit
927 500 1127 567 Opinio,
1166 502 1374 558 animas
1407 506 1652 563 videlicet
1683 510 1880 567 locales
1901 530 2021 569 esse
2051 518 2150 571 sub

570 599 730 641 terra.
767 588 961 643 Graeci
987 601 1165 645 autem
1195 595 1354 649 solito
1384 615 1530 653 more
1561 618 1646 655 res
1668 605 1878 660 acutius
1900 609 2150 665 conside.

568 691 747 734 rantes
769 684 1183 755 “pressiusque
1213 688 1593 758 signiﬁcantes,
1631 694 1776 761 ἄδην,
1806 707 1864 752 ut
1890 700 2144 767 diximus,

564 771 666 825 hoc
689 784 774 825 est
804 776 1075 829 tristitiam
1114 781 1516 847 appellaverunt
1554 786 1842 843 infernum.
1889 791 2145 847 Naturam

565 862 826 928 siquidem
849 881 1029 918 rerum
1063 869 1350 925 visibilium
1391 883 1442 927 et
1486 876 1831 933 invisibilium
1866 881 2149 952 diligenter

566 949 845 1015 rimantes,
874 955 1048 1009 locum
1077 963 1350 1028 suppliciis
1388 965 1628 1021 invenire
1680 986 1785 1024 non
1832 984 2144 1041 potuerunt,

562 1040 665 1093 nisi
696 1042 747 1094 in
787 1043 1102 1101 libidinosae
1146 1050 1437 1106 voluntatis
1473 1058 1735 1112 malorum
1780 1062 2060 1118 hominum
2093 1040 2149 1119 et

562 1133 876 1201 angelorum
910 1148 1171 1205 egestate,
1208 1130 1518 1213 rerumque,
1547 1164 1682 1214 quas
1723 1151 2148 1222 intemperanter

563 1234 894 1284 amaverunt,
923 1226 1138 1282 defectu
1167 1240 1220 1284 et
1252 1234 1575 1300 privatione,
1605 1255 1668 1291 ex
1696 1243 1893 1309 quibus
1928 1246 2143 1300 tristitia

563 1317 827 1378 nascitur,
873 1320 923 1372 in
962 1323 977 1354 ⁸
1017 1339 1121 1390 qua
1165 1327 1563 1385 rationabilimn
1598 1336 1899 1391 animarmn
1935 1341 2146 1397 irratio—
2184 1369 2190 1376 -

563 1405 767 1459 nobiles
797 1411 1063 1477 appetitus
1090 1414 1204 1468 sive
1240 1416 1291 1469 in
1333 1418 1435 1473 hac
1462 1422 1569 1475 vita
1599 1425 1712 1479 sive
1746 1427 1797 1480 in
1826 1427 2004 1484 futura
2037 1440 2143 1487 tor-

561 1504 813 1561 qttetttur,
837 1508 1072 1566 egestate
1094 1504 1308 1571 quidem
1331 1522 1435 1561 non
1461 1511 1696 1567 valentes
1717 1516 1977 1583 invenire,
2001 1522 2141 1589 quod

561 1581 662 1633 sibi
706 1594 893 1649 aptant
940 1588 1076 1653 lieri,
1123 1592 1334 1648 defectu
1379 1613 1509 1652 vero
1544 1611 1597 1654 et
1644 1604 1964 1671 privatimne,
2014 1611 2139 1664 dum

2251 431 2365 485 Non
2393 433 2533 485 enim
2556 430 2669 499 jam
2703 455 2713 479 ι
2737 433 2847 485 lare
2882 436 3164 502 perspicio.
3195 446 3246 489 et
3272 437 3452 505 absque
3472 441 3558 493 ulla
3579 444 3722 498 nebula

2251 521 2569 585 luculenter,
2593 526 2860 592 quomodo
2891 535 3061 593 potest
3091 522 3259 594 puniri
3294 529 3421 596 quod
3446 548 3534 584 non
3557 545 3637 595 cst,
3666 545 3721 597 ct,

2249 613 2390 680 quod
2421 622 2526 674 est,
2559 614 2733 682 puniri
2765 630 2869 666 non
2900 624 3091 681 potest.
3130 614 3354 671 Facilius
3379 633 3574 687 nataque
3596 625 3724 677 credi-

2249 701 2420 756 derim
2448 718 2602 770 posse
2649 704 2825 773 puniri
2874 706 3016 773 quod
3040 716 3140 766 est,
3172 723 3329 774 quam
3371 710 3496 777 quod
3534 727 3618 766 non
3647 726 3720 769 est.

2249 792 2390 847 MAG.
2426 793 2569 848 Ecce
2613 794 2806 847 iterum
2853 797 3005 863 quasi
3051 796 3361 852 obliviscens
3399 806 3721 869 praeteritarum

2251 883 2518 936 rationum
2549 884 2762 946 videris,
2798 894 2849 938 et
2878 901 3039 952 quem
3088 898 3387 955 putaveram
3415 903 3473 941 ex
3499 894 3722 958 praesentis

2249 972 2448 1040 negotii
2480 971 2746 1040 profundo
2771 988 3037 1026 emersum
3080 975 3476 1040 et.absolutuni,
3507 980 3644 1031 (it-nuo
3659 982 3722 1032 de-

2250 1079 2485 1117 mersum
2529 1073 2690 1131 atque
2734 1065 3006 1117 detentum
3042 1076 3092 1118 te
3128 1081 3247 1118 esse
3270 1066 3614 1121 vereurgbtsc.
3638 1067 3717 1121 Non

2249 1157 2382 1205 adeo
2420 1165 2469 1207 te
2496 1163 2711 1222 Oportet
2760 1155 2959 1208 vereri.
3010 1155 3282 1224 Siquidem
3326 1157 3387 1211 de
3421 1157 3597 1219 talibus,
3626 1176 3721 1228 quae

2250 1244 2389 1295 inter
2440 1259 2537 1296 nos
2592 1244 2937 1305 conveniunt,
2987 1246 3252 1314 quaedam
3307 1248 3489 1301 mentis
3524 1250 3719 1310 acumine,

2246 1332 2407 1385 veiuti
2450 1333 2764 1386 actliereum
2806 1334 3003 1399 ltnnen,
3043 1338 3325 1403 purissime
3365 1350 3578 1407 penetro,
3607 1357 3724 1410 quae-

2245 1425 2367 1477 dam
2396 1440 2520 1478 vero
2543 1425 2830 1495 ealigiuose
2854 1441 2915 1479 ac
2936 1426 3098 1479 veiuti
3127 1429 3250 1482 aéra
3287 1429 3541 1483 intercisus
3558 1431 3577 1461 ‘
3594 1442 3722 1500 ruptas

2246 1515 2538 1568 nubeculas
2586 1516 2890 1584 conspicor.
2941 1517 3171 1585 Ideoque
3211 1532 3311 1571 non
3360 1534 3439 1572 me
3476 1520 3623 1587 pudet,
3656 1536 3723 1575 nec

2246 1604 2388 1673 pigt
2442 1613 2708 1670 repetere,
2767 1614 2825 1657 ut
2866 1603 3098 1658 lucidius
3129 1606 3400 1674 aspiciant,
3445 1624 3562 1676 quae
3598 1609 3723 1662 adhuc

558 1674 702 1739 quod
739 1674 924 1731 illicito
961 1681 1368 1753 perniciosoque
1397 1703 1579 1744 amore
1615 1695 1887 1761 possidere
1925 1710 2145 1766 putave-
2179 1693 2217 1750 li
2249 1704 2445 1747 mentis
2472 1710 2623 1747 tneae
2663 1693 2938 1749 obtutibus
2978 1711 3086 1751 non
3124 1697 3340 1750 ontuino
3368 1696 3592 1767 patefacta
3620 1708 3724 1751 sunt.

564 1770 705 1823 rant,
729 1766 949 1819 Omnino
972 1772 1038 1820 ab
1059 1772 1139 1824 eis
1160 1772 1424 1840 aufertur,
1454 1779 1761 1850 diutiusque
1782 1799 1846 1838 eo
1871 1786 2019 1841 abuti
2042 1804 2147 1843 non

560 1851 835 1907 sinuntur.
878 1857 941 1910 Et
987 1860 1088 1916 hoc
1130 1872 1212 1917 est
1240 1874 1432 1931 totum,
1476 1871 1618 1938 quod
1659 1873 1857 1928 dicitur
1884 1880 2146 1933 malartun

560 1944 947 2012 cogitationum
995 1952 1551 2028 irrationabilimnqne
1582 1964 1932 2033 cupiditatum
1976 1984 2149 2039 poena

563 2045 722 2102 atque
782 2040 1132 2108 supplicium,
1195 2045 1348 2100 dolor
1384 2050 1631 2106 videlicet
1690 2065 1851 2125 atque
1911 2061 2146 2129 tristitia,

561 2128 756 2193 quibus
784 2132 994 2188 duobus
1035 2134 1320 2204 impiorum
1364 2143 1692 2199 conscientia
1726 2149 1865 2202 intra
1896 2155 2149 2224 semctip-

560 2230 675 2272 sam
712 2222 960 2289 punitur;
1015 2242 1154 2294 quae
1198 2229 1303 2282 duo
1341 2242 1625 2302 propterea
1671 2238 1808 2292 mala
1855 2256 1958 2294 non
2002 2254 2145 2308 sunt,

557 2314 813 2382 quoniam
839 2312 1141 2387 justissima
1169 2319 1383 2375 divinae
1408 2326 1780 2391 providentiae
1806 2332 2150 2387 administra-

560 2402 706 2455 tione
739 2403 842 2465 itis,
868 2420 1003 2473 quos
1031 2417 1301 2475 torquent,
1331 2415 1603 2477 accidunt,
1622 2428 1675 2470 et
1704 2421 1977 2488 quoniam,
2007 2429 2149 2492 quod

559 2489 756 2557 ubique
786 2492 836 2543 in
872 2496 1123 2549 omnibus
1160 2498 1354 2553 malum
1384 2517 1488 2555 non
1524 2514 1628 2569 est,
1667 2508 1865 2562 malum
1899 2512 2005 2566 dici
2042 2532 2146 2568 non

556 2588 754 2646 potest.
788 2582 884 2635 Est
910 2596 1089 2639 autem
1115 2588 1329 2641 tristitia
1357 2592 1497 2646 bona
1528 2594 1580 2646 in
1613 2597 1718 2661 bis,
1744 2600 1943 2665 quisua
1967 2600 2149 2673 lugent

558 2671 782 2735 delicta,
836 2676 973 2729 sicut
1012 2681 1089 2731 ait
1124 2679 1377 2735 Dominus
1412 2683 1464 2737 in
1510 2685 1799 2758 Evangelia
1830 2706 1844 2743 :
1882 2671 2147 2765 Beati—qui

558 2758 730 2829 lugent
762 2779 922 2829 nunc,
969 2768 1217 2836 quoniam
1260 2772 1360 2841 ipsi
1403 2775 1831 2832 consolabuntur.
1887 2781 2150 2840 Similiter

560 2852 733 2906 lautus
770 2852 924 2907 dolor
957 2857 1010 2909 in
1045 2859 1145 2921 bis,
1176 2862 1373 2929 quibus
1418 2866 1629 2920 tardum
1666 2883 2047 2942 morosumque
2068 2875 2148 2928 vi-

565 2941 745 3005 detur,
771 2945 943 3001 donec
972 2949 1037 3002 ad
1065 2956 1382 3019 promissam
1415 2958 1515 3011 sibi
1537 2959 1922 3019 beatitmlinem
1952 2982 2145 3037 perve-

2250 1781 2389 1837 Mite.
2416 1784 2527 1852 Age
2569 1783 2749 1851 igitur,
2788 1782 2898 1847 dic,
2930 1799 3058 1837 num
3093 1785 3295 1849 omnia,
3322 1801 3449 1854 quae
3467 1793 3592 1847 sunt,
3611 1787 3661 1837 ab
3679 1799 3725 1837 eo

2249 1875 2384 1938 solo,
2411 1877 2501 1945 qui
2533 1891 2660 1929 vere
2684 1886 2784 1939 est,
2816 1885 2871 1930 et
2893 1878 3056 1931 totius
3077 1878 3343 1932 essentiae
3362 1874 3727 1946 superessentnlis

2247 1980 2434 2028 caiisa,
2489 1979 2556 2019 ex
2602 1981 2709 2018 non
2767 1965 3120 2020 existentibus
3169 1966 3221 2018 in
3259 1966 3518 2019 existentia
3562 1965 3725 2018 deducta

2250 2061 2400 2117 sunt,
2426 2063 2480 2108 et
2523 2064 2703 2107 utrum
2729 2054 2983 2122 quiddam
3021 2055 3075 2110 in
3112 2064 3303 2109 natura
3332 2070 3493 2108 rerum
3522 2064 3606 2119 est,
3626 2053 3724 2121 quod

2249 2147 2316 2199 ab
2345 2160 2410 2198 eo
2451 2145 2800 2199 substitutum
2837 2159 2944 2198 non
2982 2155 3069 2201 est
3099 2153 3121 2185 τ
3145 2144 3169 2197 ?
3213 2146 3350 2199 Disc.
3376 2146 3477 2198 Cur
3508 2160 3577 2197 tae
3608 2144 3723 2196 inter-

2254 2251 2409 2307 rogas
2458 2237 2524 2290 de
2573 2251 2661 2300 ‹ο,
2697 2236 2842 2306 quod
2875 2237 3123 2291 omnibus
3161 2245 3307 2291 recte
3328 2234 3724 2303 pltiiosophautibus

2249 2328 2591 2381 netis-simum
2623 2337 2724 2389 est,
2767 2340 2824 2382 et
2852 2330 3231 2382 incunctanter
3255 2326 3543 2380 definitum?
3574 2325 3636 2377 Ab
3655 2340 3725 2375 uno

2248 2418 2390 2471 enim
2418 2422 2619 2483 omnia,
2659 2426 2714 2473 et
2753 2419 2885 2473 nihil
2916 2429 3020 2484 est,
3061 2421 3210 2489 quod
3236 2422 3303 2473 ab
3334 2434 3394 2473 eo
3424 2434 3514 2471 non
3538 2417 3608 2471 sit.
3630 2415 3724 2467 lito.

2246 2507 2484 2563 Putasne
2525 2509 2729 2579 itaque,
2768 2525 2950 2575 oume,
2973 2512 3115 2580 quod
3148 2512 3219 2564 ab
3251 2509 3362 2581 ipso
3384 2519 3477 2573 est,

2251 2598 2465 2665 rumpi?
2496 2598 2642 2653 DlSC.
2676 2597 2786 2654 Nec
2808 2599 2910 2653 boc
2938 2600 3195 2654 dixerim.
3221 2599 3386 2656 Omne
3408 2596 3674 2667 enim,un
3695 2596 3730 2648 iu

2247 2689 2540 2742 essentiam
2573 2689 2745 2753 duxit,
2775 2706 2911 2754 non,
2960 2700 3018 2744 ut
3044 2703 3215 2759 esset,
3259 2691 3590 2747 tantummodo
3608 2687 3730 2747 duxit,

2249 2778 2340 2832 sed
2384 2789 2443 2833 ut.
2473 2796 2687 2851 semper
2714 2792 2880 2845 esset,
2912 2785 3170 2851 quoniam
3214 2799 3416 2855 semper
3445 2781 3679 2837 causaliter
3697 2778 3732 2830 in

2222 2884 2313 2925 eo
2342 2880 2479 2926 erat.
2513 2869 2684 2927 Omne
2727 2884 2927 2937 autem,
2960 2876 3100 2944 quod
3148 2891 3358 2944 semper
3384 2883 3476 2938 est,
3518 2881 3729 2927 aeternum

2247 2970 2359 3026 est;
2383 2969 2440 3015 et
2457 2975 2615 3016 omne
2653 2959 2678 2993 ⁸
2700 2974 2979 3017 aeternum
3007 2978 3226 3020 verum:
3251 2981 3403 3020 oume
3430 2972 3580 3018 autem
3600 2974 3733 3015 verum

559 3034 1357 3112 uiuat.Q'iudolureApostolus
1381 3048 1880 3118 laborabat,dicens
1904 3071 1919 3110 :
1945 3033 2144 3127 Cupio'
2175 3033 2218 3092 C
2250 3035 2396 3105 ηυηέι
2448 3052 2500 3106 Vi
2544 3061 2726 3121 Ροῑθεῑ
2767 3055 3060 3125 εοττυιηβί·
3122 3055 3337 3110 Νυηυιυ
3384 3056 3529 3125 igni”
3568 3054 3623 3107 ab
3655 3063 3733 3104 ¹¹¹¹⁰

554 3125 773 3179 dissolvi
812 3139 859 3181 cl
885 3147 994 3184 esse
1014 3150 1132 3186 cum
1165 3135 1392 3191 Christo.
1418 3140 1554 3206 Quid
1576 3144 1752 3198 dicam
1779 3146 1845 3200 de
1872 3125 2146 3205 doloribus

554 3227 767 3279 eorum,
816 3222 904 3286 qui
940 3222 1139 3277 Christi
1173 3224 1191 3255 ³
1218 3237 1485 3299 martyres
1525 3231 1651 3286 lacti
1691 3244 1816 3288 sunt
1844 3237 1910 3289 ⁸2
1947 3238 2143 3295 Tristi-

558 3307 629 3359 tia
664 3320 843 3363 autem
876 3314 1134 3385 dolorque
1180 3319 1463 3389 impiarum
1509 3328 1887 3395 cupiditatum,
1941 3332 2056 3387 sive
2090 3335 2141 3388 in

557 3396 659 3452 ltac
706 3400 816 3454 vita
858 3406 971 3457 sive
1021 3408 1070 3459 in
1100 3406 1285 3472 altera,
1334 3425 1616 3483 propterea
1668 3420 1805 3471 mala
1846 3435 1952 3474 non
1997 3434 2142 3489 sunt,

555 3486 807 3553 quoniam
835 3489 973 3543 maia
1000 3488 1263 3551 desideria
1297 3502 1523 3569 puniunt
1552 3520 1564 3555 :
1603 3507 1703 3559 urit
1731 3509 1873 3562 enim
1904 3512 2140 3578 tristitia,

558 3592 696 3643 quae
720 3583 960 3635 nascitur
992 3600 1055 3638 ex
1080 3599 1322 3655 egestate
1350 3607 1528 3646 rerum
1558 3602 1954 3667 temporalium,
1981 3606 2143 3659 vciuti

556 3671 819 3734 quaedam
840 3672 1257 3746 inextinguibilis
1270 3680 1482 3736 ﬂamina
1499 3687 1838 3755 imperfectos
1855 3697 2139 3763 appetitus;

561 3760 768 3814 mordet
799 3763 958 3817 veluti
994 3770 1188 3823 \ermis
1214 3787 1319 3825 non
1346 3776 1598 3842 moriens,
1632 3780 1805 3847 dolor,
1830 3787 1919 3852 qui
1961 3799 2144 3854 putre-

560 3850 685 3903 dine
713 3850 1028 3910 libidinosae
1058 3863 1525 3930 concupiscentiae
1553 3874 1814 3938 nascitur,
1850 3875 1974 3929 dum
2001 3880 2144 3946 quod

560 3943 980 4010 concupiscitur,
1008 3949 1270 4004 aul'ertur.
1306 3953 1400 4008 Est
1422 3965 1476 4009 et
1500 3956 1601 4010 alia
1627 3961 1782 4025 ratio,
1807 3978 1945 4031 quae
1976 3943 2145 4021 tristi-

557 4029 686 4082 tiam
723 4042 776 4084 et
809 4033 1047 4090 dolorem
1081 4039 1368 4109 impiorum
1402 4046 1540 4101 mala
1581 4065 1691 4105 non
1720 4068 1838 4108 esse
1878 4058 2141 4126 perbibet.

555 4119 694 4173 Sunt
739 4123 882 4177 enim
934 4126 1094 4183 veluti
1140 4135 1407 4202 quaedam
1463 4143 1689 4195 materia
1737 4147 2144 4215 copiosissimac

555 4206 752 4274 laudis,
795 4216 999 4269 aeterni
1044 4221 1245 4288 gaudii,
1278 4234 1641 4297 aeternaeque
1676 4206 1889 4298 saluiis,
1922 4238 2140 4306 quibus,

556 4300 647 4367 qui
706 4301 759 4355 in
809 4303 977 4360 Deum
1029 4316 1331 4378 transeunt,
1386 4315 1662 4374 fruuntur.
1715 4300 2006 4393 lieperttim
2057 4300 2159 4395 est.

2246 3143 2488 3197 omnium
2516 3145 2780 3215 principio
2817 3143 3019 3200 factum
3063 3148 3259 3216 recipit
3292 3150 3370 3203 sui
3398 3144 3731 3213 corruptionem.

2245 3230 2384 3297 Quid
2399 3234 2543 3287 enim
2557 3232 2685 3287 illud
2707 3250 3052 3303 corrumpere
3072 3236 3294 3305 posset?
3315 3236 3421 3290 Non
3440 3235 3562 3288 enim
3582 3243 3731 3291 terum.

2246 3335 2421 3390 neque
2449 3322 2739 3377 verisimile
2777 3333 2882 3388 est,
2933 3334 2990 3378 ut
3038 3341 3068 3378 a
3119 3326 3373 3380 Creatore
3419 3330 3731 3420 corruiitp‘atttr,

2248 3412 2417 3479 quod,
2454 3421 2514 3465 ut
2541 3427 2756 3481 semper
2776 3423 2942 3477 esset,
2970 3415 3037 3469 ab
3071 3430 3139 3470 eo
3170 3417 3502 3470 constitutum
3532 3421 3616 3467 est.
3636 3409 3733 3463 Etsi

2246 3500 2424 3569 aliqua
2478 3513 2673 3556 natura
2720 3512 2902 3557 creata
2941 3504 3135 3559 melior
3158 3506 3250 3560 illo
3276 3517 3370 3569 est,
3411 3503 3668 3559 inferiorem
3693 3512 3734 3549 se

2246 3600 2497 3645 naturam
2528 3608 2878 3663 corrumpere
2908 3595 3244 3663 impossibile
3284 3605 3393 3659 est,
3436 3591 3648 3663 quoniam
3668 3586 3735 3638 b0-

2245 3695 2373 3733 num
2404 3681 2601 3736 nullius
2626 3683 2753 3736 boni
2800 3686 3166 3755 correptionis
3201 3702 3360 3740 causa
3406 3685 3512 3739 ﬁeri
3546 3680 3734 3752 potest”;

2245 3772 2328 3823 sin
2351 3780 2533 3826 autem
2572 3772 2798 3827 inferior
2835 3789 2893 3827 se
2922 3784 3170 3829 creatura
3201 3788 3283 3830 est
3318 3774 3382 3840 ιθ,
3413 3770 3639 3828 dillicilius
3661 3771 3737 3823 esi.

2244 3860 2473 3916 iulerius
2496 3877 2847 3933 corrumpere
2871 3866 3014 3932 quod
3037 3867 3290 3934 superius
3308 3873 3406 3919 est.
3427 3865 3492 3917 At
3509 3862 3548 3915 si
3570 3854 3740 3926 aequale

2245 3955 2344 4007 sibi
2394 3954 2592 4007 bonum
2626 3964 2728 4020 est,
2754 3956 2956 4010 uullmn
2999 3955 3199 4011 bonum
3243 3956 3456 4026 aequale
3474 3954 3562 4008 sibi
3592 3953 3741 4005 bonum

2245 4059 2592 4114 corrumpere
2643 4046 2868 4115 appetit,
2909 4046 3034 4100 dum
3072 4049 3319 4117 ejusdem
3360 4044 3550 4099 virtutis
3583 4042 3670 4095 sint
3704 4047 3743 4087 cl

2242 4136 2573 4204 operationis
2602 4145 2657 4190 et
2706 4136 2996 4191 essentiae.
3028 4135 3372 4207 Relinquitur
3413 4149 3563 4225 ergo,
3589 4127 3739 4225 nulla"

2244 4236 2492 4280 naturam
2523 4225 2746 4281 alteram
2777 4236 3026 4281 naturam
3055 4230 3096 4260 ¹¹
3134 4243 3473 4299 corrumpere
3495 4223 3567 4279 vel
3590 4223 3626 4252 ¹¹
3648 4217 3744 4273 relic

2243 4319 2328 4372 vel
2370 4334 2548 4390 posse.
2589 4318 2685 4374 Est
2711 4330 2767 4375 et
2805 4320 2909 4375 alia
2942 4321 3099 4386 ratio,
3149 4337 3290 4391 quae
3331 4319 3651 4375 indubitanter
3679 4322 3741 4361 as-

557 4389 760 4461 itaque,
797 4406 853 4448 ut
903 4399 1161 4467 arbitror,
1201 4377 1327 4458 illud
1373 4412 1590 4465 tertium
1627 4415 1770 4482 quod
1795 4377 2216 4485 quaerebas,”
2243 4413 2396 4476 serit,
2430 4412 2634 4467 nullum
2657 4412 2705 4445 ¹³
2726 4427 2934 4479 eorum.
2979 4429 3119 4482 quae
3145 4415 3215 4468 ab
3261 4428 3369 4468 υηο
3396 4411 3496 4465 De"
3527 4405 3743 4462 comm"

564 4485 865 4554 ceterisque
888 4491 1095 4547 duobus
1122 4495 1486 4565 praeferebas,
1507 4503 1611 4558 hoc
1638 4514 1740 4571 est,
1760 4522 1917 4576 posse
1938 4511 2136 4579 puniri,

557 4578 700 4644 quod
741 4581 792 4632 in
836 4592 1026 4639 natura
1067 4602 1244 4644 rerum
1278 4607 1377 4648 nec
1418 4599 1713 4653 secundum
1757 4602 2135 4669 substantiam,

559 4682 658 4723 nec
681 4675 971 4729 secundum
1001 4681 1250 4736 naturale
1272 4685 1550 4753 accidens,
1589 4704 1688 4745 nec
1722 4694 1941 4746 omnino
1967 4709 1996 4746 a
2028 4694 2139 4749 Deo

558 4760 753 4815 l'actum
788 4776 891 4829 est,
930 4768 981 4821 in
1012 4769 1192 4840 aliquo
1234 4774 1479 4843 subjecto
1523 4781 1758 4834 naturali
1789 4791 1842 4835 et
1889 4784 2139 4838 substan-

564 4850 676 4904 tiali
704 4860 759 4906 et
792 4863 813 4895 ι
850 4874 878 4908 a
911 4858 1019 4913 Deo
1062 4860 1226 4928 facto,
1259 4866 1403 4933 quod
1441 4882 1537 4936 per
1574 4874 1811 4940 seipsum
1841 4886 2013 4941 neque
2043 4889 2139 4942 pu-

558 4942 723 5006 nitur,
755 4961 926 5016 neque
950 4951 1001 5003 in
1026 4969 1083 5007 se
1117 4957 1306 5024 punito
1327 4961 1676 5027 compatitur.
1709 4961 1774 5016 Et
1797 4962 1898 5016 hac
1928 4963 2138 5020 ratione

558 5042 706 5088 recte
749 5036 1079 5110 intelligitur,
1136 5048 1279 5115 quod
1325 5051 1606 5107 verissime
1658 5053 1918 5119 creditur,
1968 5055 2135 5109 Deum

555 5124 801 5183 \‘itlelECet
833 5130 893 5184 in
917 5133 1057 5188 nulla
1090 5149 1282 5194 natura
1335 5156 1364 5195 a
1392 5158 1451 5198 se
1489 5146 1703 5201 condita
1755 5148 1947 5217 punire
1992 5149 2135 5219 quod

555 5213 714 5284 fecit;
751 5223 892 5290 quod
920 5235 1100 5281 autem
1137 5244 1244 5284 non
1279 5231 1428 5300 fecit,
1455 5236 1629 5305 punit.
1663 5213 1808 5294 Disc.
1838 5237 2133 5309 Repertum

2241 4504 2483 4558 omnium
2515 4514 2658 4568 sunt,
2692 4505 3091 4573 corruptionem
3119 4519 3220 4558 nec
3255 4503 3485 4572 recipere
3507 4497 3576 4551 vel
3599 4492 3741 4544 "0°"

2240 4595 2417 4664 rumpi
2467 4608 2646 4663 posse.
2703 4594 2761 4648 Si
2806 4594 2951 4648 enim
3009 4594 3284 4665 corrumpi
3330 4592 3742 4683 inclina-chio"

2241 4687 2506 4756 ruptionis
2565 4688 2681 4754 e,’us
2738 4686 2861 4741 linis
2910 4695 3248 4756 sequeretur.
3310 4682 3473 4741 Omne
3514 4674 3736 4745 εἱειιιίδανο

2241 4779 2383 4848 quod
2424 4779 2644 4835 inchoat
2683 4779 2818 4848 pati,
2865 4778 3131 4848 passionis
3172 4791 3306 4833 suae
3346 4774 3590 4845 duplicent
3621 4764 3739 4818 linem

2240 4880 2511 4940 expectat.
2587 4871 2693 4925 Aut
2719 4872 2863 4925 enim
2888 4872 3120 4942 penitus,
3157 4879 3219 4924 ut
3268 4885 3371 4924 non
3411 4868 3498 4929 sit,
3529 4866 3739 4965 ,δεηθῇς

2241 4963 2491 5033 ruptione
2541 4963 3026 5027 consununabitur,
3081 4976 3287 5030 suaque
3319 4957 3737 5053 corruptio-sctit“

2236 5055 2629 5122 extinguetur,
2689 5062 3009 5121 consumpto
3060 5051 3258 5120 quippe
3306 5042 3607 5115 corruptibili
3651 5047 3739 5087 uor-

2236 5148 2539 5215 ruptionem
2600 5145 2717 5215 ejus
2773 5145 2950 5214 perire
3008 5157 3231 5198 necesse
3284 5149 3385 5203 est,
3432 5131 3620 5207 quando
3658 5133 3736 5176 tm

2237 5241 2461 5303 invenit,
2505 5239 2647 5309 quod
2673 5244 3022 5306 corrumpat:
3062 5243 3155 5290 aut
3196 5233 3265 5289 ad
3307 5231 3458 5287 talem
3487 5226 3735 5281 liuetan

1837 5356 2095 5413 VARIAE
2133 5356 2532 5416 LECTIONES.

626 5434 643 5457 ³
684 5430 737 5483 in
761 5448 870 5486 om.
893 5434 958 5490 Α.

554 5511 663 5552 out.
697 5501 762 5554 Α.
837 5503 859 5532 ⁸
888 5506 977 5562 Sic
1006 5509 1125 5577 CF;
1180 5516 1222 5567 A
1254 5520 1375 5569 aére
1418 5516 1710 5573 intervisus.

555 5564 693 5630 Ῐίετί·
769 5572 810 5602 ¹⁰
840 5572 930 5629 Sit:
955 5578 1068 5630 CF:
1105 5583 1143 5630 Δ
1176 5588 1258 5630 sil.
1338 5588 1377 5617 ¹¹
1421 5597 1660 5630 milurnm
1688 5603 1710 5630 r

597 5581 693 5619 ενι.

769 5572 810 5602 ¹⁰
840 5572 930 5629 Sic
955 5578 1068 5646 CF;
1105 5572 1147 5637 Ᾱ
1176 5588 1259 5638 sil.
1338 5588 1377 5617 ¹¹
1420 5597 1661 5640 uuluer
1688 5603 1796 5643 om.
1828 5572 1894 5643 Κ.

1062 5440 1091 5531 ,ξ
1122 5441 1251 5497 ACF
1278 5442 1491 5526 Utinam
1536 5448 1805 5531 dissolvi;_
1949 5455 2016 5508 lv'.
2044 5468 2205 5531 supra
2247 5453 2426 5506 adscr.
2461 5448 2659 5531 Cupio.

1786 5522 1805 5552 '
1846 5520 1933 5574 CF
1975 5520 2262 5577 substitnm
2294 5537 2398 5575 non
2424 5522 2513 5573 ait.

1978 5594 2016 5624 "
2037 5592 2112 5645 rc!
2132 5608 2241 5646 om.
2274 5594 2337 5645 Α.

2759 5448 2780 5480 ³
2809 5448 2855 5503 Α
2880 5464 2973 5517 pro
2999 5444 3224 5500 Christo.
3320 5439 3343 5472 ⁸
3371 5439 3417 5492 Δ
3611 5424 3734 5570 "Lg

2760 5532 2876 5570 nme
2921 5529 3095 5570 autent
3118 5525 3408 5570 aeternum.

2591 5520 2613 5552 ⁸
2651 5519 2692 5573 Α
2726 5532 2876 5573 onme
2921 5529 3095 5572 autent
3118 5525 3408 5570 aeternum.

2418 5591 2460 5622 ¹³
2489 5590 2577 5645 Sic
2607 5589 2729 5649 CF:
2768 5590 2811 5642 A
2838 5589 3023 5645 ullum.
3100 5588 3141 5621 “
3171 5586 3261 5640 Sic
3280 5582 3390 5648 CF;
3417 5578 3458 5633 Δ
3484 5590 3565 5629 uti:
