3952 6162
556 264 662 320 959

1942 263 2227 320 JOANNIS
2266 263 2460 321 SCOT’I
3639 277 3723 331 960

542 393 656 439 tua.
687 381 967 437 Secundus
998 393 1123 433 vero
1151 376 1341 431 modus
1367 377 1549 430 nonin
1583 391 1761 430 rerum
1791 375 2130 429 mutabilium
2161 382 2209 439 Α
2240 375 2463 429 omnino
2505 391 2609 427 non
2650 389 2771 428 esse
2822 373 3200 443 intelligentiae
3244 386 3391 442 sunt;
3433 384 3556 448 quod
3591 398 3731 440 autem

546 470 997 527 tiansfusionibus
1035 468 1176 521 intra
1209 476 1456 519 naturam
1491 475 1758 529 versantur,
1800 465 1893 519 sed
1925 464 1977 518 in
2006 479 2132 533 pro-

544 563 787 626 priarum
836 559 1171 612 voluntatum
1226 555 1747 624 perturbationibus,
1793 568 1932 624 quae
1975 562 2128 607 extra

546 664 794 708 naturam
819 660 961 708 sunt.
992 648 1269 718 quoniam,
1291 664 1427 717 quae
1449 663 1515 701 ex
1543 648 1650 701 Deo
1674 662 1779 702 non
1807 646 2129 711 subsistunt,

545 740 949 810 oorruptiones,
992 753 1131 807 quae
1176 753 1302 790 vere
1364 737 1624 791 dicendae
1667 745 1792 791 sunt
1843 749 2133 806 perversae

544 830 834 886 voluntatis
886 829 1037 893 vitia,
1069 829 1399 883 considerat.
1455 828 1695 882 Proinde
1743 829 1901 898 hujus
1948 826 2132 880 mutuli

541 936 770 991 corpora
802 935 907 974 non
941 919 1237 988 corrumpi,
1265 920 1361 972 sed
1410 918 1463 971 in
1505 918 1680 986 seipsa
1724 918 1955 972 naturali
1986 925 2130 971 tnotu

541 1027 609 1067 ac
630 1012 891 1066 varietate
916 1008 1218 1063 transfundi
1249 1008 1605 1062 existimanda
1633 1017 1780 1071 sunt,
1813 1024 1878 1061 ac
1906 1023 2000 1074 per
2031 1007 2133 1061 hoc

542 1117 717 1172 neque
755 1101 956 1172 puniri.
1001 1086 1287 1154 Naﬂtrales
1317 1100 1580 1169 siquidem
1615 1100 1894 1168 passiones
1930 1114 2133 1168 poena-
2180 1137 2184 1141 .

543 1210 665 1249 rum
718 1192 978 1247 vocabulo
1026 1188 1179 1259 juxta
1244 1206 1421 1243 rerum
1486 1187 1869 1256 proprietatem
1924 1188 1940 1218 ¹
1987 1186 2133 1241 nullo

543 1285 703 1339 modo
753 1266 1106 1352 appellandae
1151 1290 1296 1335 sunt.
1349 1279 1483 1333 Etsi
1510 1282 1631 1347 quis
1660 1280 1875 1341 dixerit,
1905 1279 2131 1331 sensibi-

543 1374 673 1429 lium
706 1388 992 1441 corporum
1039 1372 1091 1424 in
1141 1369 1449 1439 semetipsis
1481 1368 1873 1423 translusiones
1914 1383 2010 1437 per
2043 1384 2135 1437 ge-

542 1467 878 1522 nerationem
934 1473 990 1518 et
1039 1463 1362 1518 solutionem
1419 1472 1639 1531 propter
1689 1472 1968 1531 peccatum
2034 1461 2133 1513 bu-

543 1574 738 1615 manae
771 1568 996 1612 naturae
1024 1556 1159 1619 fieri,
1194 1571 1258 1610 ac
1288 1571 1384 1625 per
1408 1557 1508 1609 hoc
1530 1556 1795 1609 veraciter
1826 1554 2134 1621 corruptio-

542 1665 644 1706 nes
679 1663 835 1717 posse
870 1648 1073 1713 vocari,
1122 1646 1304 1700 videat
1355 1647 1521 1699 totius
1570 1645 1795 1699 visibilis
1840 1653 2125 1697 creaturae

2232 476 2337 531 est,
2365 465 2587 520 omnino
2619 466 2931 535 itnpunibile
2971 476 2991 505 ⁶
3032 482 3151 521 esse
3180 484 3389 523 necesse
3414 481 3503 537 est,
3529 474 3634 528 dum
3659 480 3721 530 vir

2236 567 2350 611 tute
2392 573 2511 623 sua,
2552 558 2694 627 quod
2736 558 2978 627 punitur,
3025 559 3286 613 sustineat
3343 570 3395 615 et
3421 563 3573 630 puniri
3606 568 3731 621 sinat.

2232 649 2310 703 Ac
2340 664 2438 719 per
2473 650 2576 703 hoc
2604 647 2888 703 verissime
2916 649 2983 704 de
3010 650 3188 703 divina
3221 653 3732 726 praedicaturjustitia,

2234 741 2378 809 quod
2406 741 2459 795 in
2489 741 2633 794 nulla
2666 751 2937 807 creatura,
2961 760 3123 813 quant
3157 745 3298 808 fecit,
3320 748 3482 815 puniri
3505 751 3729 818 permittit,

2236 837 2381 906 quod
2408 835 2576 900 fecit;
2610 836 2764 905 punit
2793 845 2970 889 autem
3001 837 3143 906 quod
3175 854 3279 892 non
3310 838 3447 894 fecit.
3477 840 3597 896 Dtsc.
3623 841 3730 898 Satis

2234 938 2290 982 et
2340 927 2554 996 copiose
2603 925 2670 980 de
2723 926 2825 981 hoc
2876 928 3090 995 negotio
3125 939 3205 981 est
3246 938 3434 983 actum.
3467 929 3583 984 Μις.
3619 930 3728 987 Satis

2236 1017 2411 1088 plane,
2465 1018 2509 1071 si
2546 1016 2838 1086 purissime
2867 1033 2929 1070 ac
2959 1017 3075 1070 sine
3102 1016 3206 1071 ulla
3234 1018 3549 1072 cunctatione
3579 1022 3735 1090 perspi-

2235 1108 2315 1161 cis
2354 1107 2426 1160 ita
2465 1121 2607 1171 esse,
2653 1114 2710 1161 et
2755 1121 2862 1159 non
2909 1106 3083 1159 aliter.
3135 1106 3277 1160 Dtsc.
3323 1106 3468 1161 Clare
3510 1109 3730 1178 perspicui,

2233 1198 2489 1266 omnique
2502 1198 2731 1267 caligine
2752 1207 2954 1250 remota
2972 1197 3227 1266 intelligo,
3245 1198 3606 1253 universitatem
3624 1214 3734 1253 crea-

2238 1296 2389 1342 turae
2414 1307 2444 1341 a
2474 1290 2581 1341 Deo
2604 1290 2853 1341 conditae
2876 1288 3245 1357 itnpunibilem
3266 1303 3401 1353 esse,
3421 1288 3636 1358 omnique
3652 1304 3734 1344 con

2239 1377 2486 1445 raptione
2514 1377 2834 1430 absolutam.
2866 1377 3003 1431 MAG.
3041 1376 3343 1432 Redeamus
3366 1392 3485 1449 ergo
3506 1380 3563 1431 ad
3584 1394 3733 1449 propo-

2236 1466 2420 1530 situm,
2471 1467 2573 1522 hoc
2604 1475 2709 1530 est,
2736 1469 2803 1520 ad
2845 1468 3074 1521 reditum
3102 1469 3457 1523 universitatis
3477 1471 3679 1524 conditae
3694 1471 3733 1523 in

2237 1571 2365 1610 suas
2394 1571 2605 1610 Causas.

2307 1644 2397 1699 56.
2455 1647 2602 1700 DISC.
2655 1646 2814 1701 Prius
2866 1648 3359 1715 considerandum,
3403 1650 3621 1712 arbitror,
3657 1663 3734 1719 qua

542 1743 786 1797 ordinem
815 1751 865 1795 et
896 1740 1351 1812 pulchritudinem
1392 1756 1497 1793 non
1531 1740 1631 1793 nisi
1663 1739 1714 1792 iu
1751 1736 2132 1792 vicissitudini-
2164 1739 2207 1797 Β
2237 1736 2446 1790 ratione
2470 1745 2691 1791 aeterna
2716 1747 2878 1791 erunt
2899 1738 3181 1808 supplicia,
3211 1740 3418 1808 quando
3436 1740 3563 1794 nulla
3581 1739 3735 1793 malitia

542 1834 644 1889 bus
663 1850 836 1887 rerum
858 1851 951 1903 per
966 1834 1081 1888 loca
1104 1845 1158 1888 et
1176 1845 1414 1906 tempora
1440 1842 1715 1894 constare,
1734 1832 1959 1902 iilasque
1981 1831 2134 1883 vicis-

543 1923 810 1978 situdines
858 1939 922 1978 ac
962 1925 1253 1979 varietates
1291 1940 1394 1979 non
1425 1923 1639 1976 aliunde
1667 1923 1768 1975 nisi
1798 1922 1979 1975 divina
2008 1936 2135 1988 prn-

546 2016 783 2069 videmia
830 2023 885 2068 et
935 2016 1401 2069 administratione
1452 2027 1645 2067 causas
1679 2012 1899 2076 ducere,
1929 2020 1983 2065 et
2014 2009 2132 2080 plus

545 2105 612 2156 ad
654 2106 924 2158 humanae
962 2106 1186 2158 naturae
1215 2104 1601 2166 eruditionem,
1636 2110 1689 2154 et
1721 2102 1787 2154 ad
1816 2101 2129 2154 Creatorem

543 2211 699 2248 suum
744 2196 1143 2249 revocationcm
1195 2194 1372 2249 factas
1419 2194 1603 2257 fuisse,
1643 2207 1805 2261 quam
1831 2191 1896 2244 ad
1924 2190 2130 2260 peccati

544 2287 820 2341 ultionem.
865 2287 937 2339 Eo
965 2288 1107 2341 enim
1146 2286 1304 2339 modo
1340 2283 1637 2355 spiritualis
1670 2282 1968 2337 medicinae
1993 2281 2132 2335 ima-

542 2375 720 2444 ginem
771 2389 926 2428 suam
967 2375 1110 2429 Deus
1152 2374 1324 2428 voluit
1372 2385 1426 2428 et
1467 2374 1520 2427 in
1564 2373 1801 2442 seipsam
1845 2379 1901 2424 et
1941 2371 2009 2425 ad
2043 2385 2162 2423 se-'

543 2464 717 2531 ipsqu
759 2472 780 2502 ι
823 2476 1119 2526 revocare,
1179 2472 1239 2518 ut
1308 2477 1489 2517 rerum
1550 2459 1890 2516 mutabilium
1955 2459 2131 2513 taedio

543 2552 767 2624 fatigata
819 2565 874 2607 et
920 2554 1243 2616 exercitata,
1298 2551 1712 2606 immutabilium
1762 2560 2132 2604 aeternorum-

543 2659 651 2714 que
696 2644 1052 2699 stabilitatem
1110 2642 1467 2713 contemplari
1521 2642 1893 2707 desideraret,
1939 2641 2133 2695 arden-

545 2744 736 2804 terque
795 2748 1049 2787 verorum
1119 2731 1588 2788 incommutabiles
1644 2732 1855 2801 species
1918 2742 2132 2802 appete-

543 2833 645 2887 ret,
677 2824 729 2878 in
762 2839 993 2893 quarunt
1034 2822 1239 2893 absque
1286 2822 1395 2876 ulla
1444 2820 2131 2890 varietatepulchritudine

544 2917 866 2985 quiesceret.
897 2915 1038 2970 Hinc
1061 2914 1366 2980 conlicitttr,
1407 2913 1553 2983 quod
1594 2912 1757 2967 etiam
1801 2912 1853 2965 in
1888 2910 2134 2980 superio-

543 3007 697 3060 ribus
752 3006 1061 3076 praesentis
1117 3004 1499 3076 disputationis
1554 3002 1801 3072 plurimis
1864 3001 1998 3056 lncis
2049 3008 2134 3055 est

2234 1828 2339 1883 erit
2378 1839 2422 1893 7,
2472 1845 2539 1883 ne
2564 1830 2634 1884 sit
2663 1829 2891 1884 bonitati
2917 1841 3231 1896 coaeterna,
3264 1842 3318 1886 et
3340 1834 3503 1888 omnis
3528 1834 3734 1903 impietas,

2234 1935 2301 1973 tte
2342 1919 2414 1973 sit
2439 1919 2621 1972 divino
2643 1919 2809 1973 cultui
2838 1932 3149 1987 coaeterna,
3184 1924 3398 1992 peribit,
3422 1932 3473 1978 et
3499 1925 3644 1978 omnis
3664 1939 3734 1979 ne-

2236 2012 2427 2080 qttitia,
2454 2026 2519 2065 ne
2541 2012 2614 2065 sit
2636 2012 2833 2066 divinis
2854 2011 3061 2083 legibus
3093 2013 3306 2079 infesta,
3331 2015 3392 2069 de
3416 2024 3579 2070 natura
3599 2031 3734 2070 rerum

2235 2100 2560 2166 abolebitur,
2588 2109 2664 2165 et,
2692 2101 2834 2169 quod
2858 2116 2982 2155 vera
3010 2102 3172 2172 exigit
3201 2104 3354 2163 ratio.
3392 2104 3635 2158 deﬁciente
3654 2118 3735 2156 ma-

2234 2190 2348 2244 litia
2393 2192 2571 2246 nullus
2600 2193 2705 2246 erit
2744 2194 2948 2259 malus;
2999 2195 3170 2249 malus
3210 2196 3351 2249 enim
3389 2195 3571 2250 malitia
3609 2195 3735 2247 malus

2233 2294 2334 2337 est.
2373 2283 2639 2339 Pereunte
2685 2285 2960 2356 impietate
3008 2287 3185 2341 nullus
3241 2289 3429 2358 impius
3469 2287 3733 2350 remanebit;

2234 2374 2413 2428 omnis
2459 2375 2604 2429 enim
2653 2375 2851 2444 impius
2902 2375 3181 2445 impietate
3235 2379 3422 2446 impius
3457 2376 3731 2432 est:abolita

2235 2463 2519 2531 iniquitate
2547 2463 2669 2532 quis
2698 2463 2914 2534 iniquus
2950 2466 3318 2534 relinquetur?
3344 2464 3575 2519 Malitiatn
3600 2473 3734 2517 autem

2233 2563 2291 2604 et
2330 2552 2662 2621 impietatem
2705 2561 2760 2607 et
2806 2552 3145 2622 iniquitatem
3190 2560 3451 2624 perituras
3484 2569 3587 2609 esse
3622 2567 3739 2605 nemo

2235 2642 2558 2713 sapientium
2585 2644 2815 2708 dubitat,
2839 2645 3214 2708 considerans,
3241 2644 3487 2699 malitiam
3513 2659 3601 2700 non
3623 2653 3739 2711 posse

2236 2731 2376 2795 lieri,
2427 2731 2532 2785 nisi
2578 2731 2666 2785 ubi
2704 2732 2931 2797 invenit,
2963 2734 3049 2787 cui
3075 2742 3291 2787 noceat.
3317 2733 3373 2787 ln
3403 2731 3567 2787 futuro
3584 2740 3738 2787 autem.

2233 2822 2449 2891 quando
2509 2823 2686 2877 omnia
2740 2824 2796 2876 in
2847 2823 3090 2878 omnibus
3142 2823 3288 2879 Deus
3336 2826 3466 2891 erit,
3518 2831 3566 2877 et
3606 2819 3741 2874 omnis

2234 2921 2480 2966 creatura
2514 2911 2535 2942 ⁸
2588 2911 2908 2967 liberabitur
2950 2929 2980 2968 a
3024 2914 3318 2983 servitute,
3358 2915 3438 2970 cui
3481 2911 3743 2968 ntalitiano-

2234 3004 2410 3059 cebit?
2438 3002 2602 3059 Nulli.
2635 3004 2888 3074 hnpietas
2910 3021 3124 3076 quoque
3143 3017 3163 3045 θ
3187 3008 3375 3061 eadem
3405 3006 3603 3067 ratione,
3633 2999 3741 3071 quod

543 3092 862 3149 conclusum
908 3103 1073 3163 atque
1123 3093 1426 3158 deﬁnitum,
1483 3090 1682 3145 nullam
1733 3091 1893 3143 aliam
1942 3091 2125 3145 sedem
2156 3087 2199 3147 C
2232 3094 2469 3163 peritura
2525 3093 2618 3159 sit,
2666 3093 3001 3166 intelligitur.
3045 3095 3329 3162 Quomodo
3379 3097 3509 3151 enim
3548 3092 3743 3163 impietas

542 3185 984 3254 corruptionibus
1032 3184 1328 3254 poenisque
1383 3197 1546 3253 posse
1601 3182 1867 3250 reperiri,
1916 3189 2130 3249 praeter

546 3275 884 3330 rationabilis
945 3285 1002 3330 et
1056 3273 1436 3330 intellectualis
1496 3281 1783 3327 creaturae
1842 3285 2129 3341 perversos

546 3363 870 3434 illicitosque
914 3366 1166 3435 propriae
1213 3364 1506 3419 voluntatis
1553 3372 1749 3427 tnotus,
1802 3362 1893 3431 qui
1933 3376 2036 3416 nec
2062 3377 2132 3416 ex

550 3456 678 3520 Deo,
724 3472 824 3510 nec
849 3472 915 3510 cx
972 3466 1166 3510 natura
1210 3456 1429 3511 condita
1472 3456 1786 3510 occasiones
1823 3453 2128 3523 accipiunt,

548 3548 851 3603 incausales
899 3548 1047 3603 enim
1097 3556 1260 3614 sunt,
1306 3548 1560 3617 quoniatn
1611 3562 1708 3616 per
1753 3546 1962 3616 scipsos
2003 3546 2131 3601 dum

547 3648 915 3709 quaeruntur,
975 3640 1109 3693 nihil
1161 3640 1306 3693 aliud
1360 3640 1414 3694 in
1467 3641 1546 3694 eis
1595 3639 1868 3693 invenitur
1915 3648 2132 3709 praeter

548 3723 732 3779 licitae
786 3734 842 3780 et
896 3727 1162 3781 naturalis
1211 3726 1505 3781 voluntatis
1557 3726 1914 3796 privationem
1968 3736 2134 3796 atque

547 3818 840 3872 defectum.
894 3817 1034 3873 MAG.
1084 3815 1258 3872 Omne
1305 3818 1511 3887 itaque,
1558 3819 1702 3886 quod
1723 3818 1997 3888 corrumpi
2025 3833 2130 3871 non

546 3919 725 3979 potest
756 3908 797 3973 ³,
834 3908 1011 3978 puniri
1048 3923 1207 3979 posse
1238 3910 1379 3964 ratio
1418 3922 1523 3962 non
1552 3909 1710 3972 sinit;
1742 3923 1903 3963 omne
1928 3916 2128 3973 autem,

546 3999 689 4068 quod
736 4012 803 4053 ex
848 4015 955 4053 una
988 3999 1230 4054 omnium
1265 4014 1425 4055 causa
1461 3999 1660 4053 factum
1718 4008 1823 4062 est,
1851 3999 2137 4068 incorrup-

548 4087 697 4143 tibile
751 4102 874 4143 esse
929 4102 1155 4143 necesse
1211 4098 1313 4143 est.
1377 4087 1551 4144 Omne
1609 4087 1796 4156 igitur,
1855 4087 1999 4156 quod
2066 4103 2133 4143 ex

547 4195 652 4233 una
696 4179 933 4233 omnium
984 4194 1148 4234 causa
1181 4178 1383 4235 factum
1423 4188 1527 4244 est,
1564 4182 1906 4250 poenas‘pati
1933 4181 2133 4250 impos-

546 4272 703 4326 sibile
727 4281 831 4325 est.
864 4271 1036 4327 Porro
1084 4272 1129 4328 si
1166 4272 1454 4341 impiorum
1498 4271 1760 4344 supplicia
1804 4270 1988 4325 futura
2016 4285 2135 4327 esse

546 4360 728 4414 divina
777 4346 1005 4415 testatur
1048 4363 1367 4425 auctoritas,
1417 4376 1556 4430 quae
1602 4361 1749 4415 nullo
1800 4362 1958 4415 modo
1996 4360 2134 4415 fallit

2232 3183 2336 3239 erit
2360 3191 2414 3238 et
2442 3182 2661 3253 impius,
2694 3187 2913 3255 quando
2952 3185 3215 3240 falsorum
3252 3187 3465 3243 deorum
3486 3185 3632 3240 cultus
3648 3198 3741 3236 om-

2234 3276 2361 3329 nino
2381 3275 2748 3345 extinguetur,
2773 3285 2828 3330 et
2857 3291 2993 3330 unus
3017 3276 3159 3331 Deus
3182 3280 3254 3332 ab
3282 3278 3514 3331 omnibus
3537 3273 3687 3329 electis
3703 3277 3744 3322 et

2235 3367 2480 3436 reprobis
2503 3367 2556 3420 itt
2577 3368 2829 3423 omnibus
2848 3369 3241 3437 cognoscetur?
3264 3368 3511 3436 lniquitas
3531 3361 3742 3433 quomodo

2233 3457 2475 3511 manebit
2499 3456 2565 3522 “,
2600 3458 2816 3526 quando
2844 3472 3002 3512 nemo
3034 3459 3173 3528 leges
3212 3458 3416 3513 divinas
3438 3454 3743 3527 praevaricari:

2233 3548 2476 3616 poterit?
2514 3546 2584 3600 Et
2623 3548 2728 3602 hoc
2771 3548 3114 3616 apertissime
3160 3550 3346 3604 divina
3388 3546 3602 3602 declarat
3635 3541 3742 3595 Scri-

2232 3649 2413 3707 ptura,
2459 3651 2599 3706 quae
2646 3638 2817 3692 dicit:
2851 3637 3111 3707 Deﬁciunt
3160 3648 3452 3708 peccatores
3493 3652 3522 3688 α
3555 3634 3741 3690 terra,et

2232 3727 2425 3797 iniqui,
2475 3727 2550 3780 ita
2600 3736 2656 3780 ut
2696 3743 2799 3781 non
2826 3730 2949 3781 sint.
2985 3726 3102 3782 Non
3129 3729 3278 3782 enim
3306 3725 3626 3783 substantiam
3655 3718 3744 3771 ilio-

2230 3833 2377 3889 rum,
2423 3817 2518 3873 sed
2567 3826 2849 3887 peccatum
2891 3827 2948 3873 et
2994 3819 3338 3888 iniquitatem
3379 3815 3622 3872 defectura
3654 3821 3745 3862 esse

2234 3911 2562 3968 credendum
2627 3921 2713 3967 est
2758 3930 2772 3965 :
2818 3920 2875 3966 et
2920 3912 3063 3980 quod
3122 3913 3314 3966 beatus
3361 3910 3673 3978 Hieronymus
3707 3902 3747 3952 ia

2235 4004 2569 4074 expositione
2637 4002 2890 4058 Ezechiel
2951 4003 3018 4058 ab
3082 4002 3220 4058 Isaia
3280 4002 3520 4074 propheta
3575 3998 3631 4051 de
3679 4007 3747 4061 ge-

2234 4097 2405 4152 nerali
2456 4097 2623 4152 totius
2683 4096 2950 4151 humanae
3012 4108 3241 4152 naturae
3301 4093 3590 4167 purgatione
3636 4089 3667 4118 “
3708 4088 3748 4137 tu

2234 4189 2405 4259 figura
2442 4187 2742 4244 Jerusalem
2772 4188 3068 4243 introduxit
3095 4206 3107 4241 :
3141 4186 3504 4256 Sanctiﬁcabo,
3536 4177 3681 4248 inquit
3699 4175 3746 4234 ".

2234 4298 2351 4336 eam
2377 4283 2432 4335 in
2461 4284 2577 4353 igne
2615 4283 2850 4347 ardente,
2881 4291 2928 4335 et
2964 4282 3231 4335 devorabit
3261 4282 3391 4334 sicut
3418 4276 3605 4346 foenum
3627 4276 3752 4322 mate-

2236 4375 2386 4428 riem.
2423 4373 2689 4441 Quoniam
2731 4374 2784 4428 in
2816 4375 2934 4442 ipso
2966 4372 3084 4428 loco
3113 4373 3400 4443 dupliciter
3427 4364 3666 4422 materiem
3689 4358 3750 4410 iu-

547 4450 632 4505 vcl
674 4448 899 4515 fallitur,
940 4453 1209 4520 sequitur,
1248 4461 1306 4505 ut
1335 4453 1389 4506 itt
1421 4452 1630 4521 aliquo,
1647 4452 1791 4521 quod
1819 4468 1887 4507 ex
1914 4454 2024 4507 Deo
2054 4453 2129 4507 fa-
2158 4432 2209 4490 D
2238 4432 2814 4532 telligiuiuswutenim
2832 4432 3086 4517 materies
3109 4432 3379 4525 informis,
3395 4445 3748 4529 quaedeniitilo

547 4553 693 4596 ctum
718 4552 823 4607 est,
865 4544 1091 4612 ideoque
1111 4544 1133 4575 ⁴
1165 4560 1270 4598 non
1298 4546 1522 4599 abusive
1547 4546 1746 4600 dicitur
1766 4560 1905 4610 csse,
1929 4554 1993 4602 et.
2011 4560 2130 4614 pro-

547 4633 797 4688 babiliter
836 4634 1176 4688 concluditur
1221 4634 1570 4704 impassibile,
1600 4636 1975 4705 corruptiones
2006 4650 2128 4703 poe-

548 4737 752 4791 nasque
793 4728 956 4792 atque
995 4723 1255 4791 supplicia
1283 4724 1603 4784 constituas.
1659 4734 1715 4779 et
1742 4726 1809 4779 ad
1836 4726 1908 4787 id,
1934 4726 2127 4794 dequo

549 4813 820 4868 haesitare
845 4814 1135 4877 videbaris,
1166 4815 1465 4883 intrepidus
1495 4816 1708 4880 redeas,
1731 4824 1787 4870 et
1814 4817 2127 4872 incunctan-

552 4914 632 4958 ter
654 4904 822 4966 tlicas,
856 4903 1192 4958 ευΙυιηιῐιοιΙο
1215 4919 1374 4973 posse
1395 4907 1596 4974 puniri,
1630 4907 1773 4975 quod
1804 4922 1909 4961 non
1937 4918 2039 4971 est,
2070 4909 2126 4963 in

548 5010 635 5059 eo,
680 4997 823 5065 quod
862 5005 965 5060 est,
1007 4996 1110 5051 hoc
1138 5004 1225 5051 est
1264 5012 1572 5067 perversam
1613 4997 1967 5064 voluntatem,
1991 5012 2130 5068 quae

548 5087 766 5158 penitus
813 5087 1185 5142 substantialis
1221 5103 1328 5142 non
1361 5097 1463 5151 est,
1515 5088 1566 5142 in
1608 5088 1907 5158 phantasiis
1949 5104 2126 5144 rerum

548 5180 911 5243 sensibilium,
960 5194 1101 5250 quae
1139 5181 1391 5236 videlicet
1425 5189 1449 5221 ⁸
1478 5181 1815 5252 phantasiae,
1872 5181 2126 5251 quoniam

550 5270 618 5325 de
648 5271 986 5327 naturalibus
1014 5270 1205 5327 formis
1232 5274 1286 5327 in
1313 5272 1571 5327 memoria
1596 5273 1988 5342 exprimuntur,
2021 5288 2126 5327 non

2232 4552 2377 4607 laeta
2415 4562 2517 4618 est,
2565 4565 2620 4609 et
2658 4569 2727 4608 ex
2762 4569 2868 4623 qua
2910 4554 3225 4609 diversitate
3264 4551 3544 4607 formarum
3569 4541 3654 4597 sibi
3677 4536 3748 4590 ad-

2225 4642 2417 4713 juncta
2441 4643 2598 4711 hujus
2620 4644 2803 4698 mundi
2842 4643 3113 4699 sensibilis
3130 4641 3485 4712 componitur
3510 4639 3747 4691 structura.

2232 4733 2592 4805 significatur,
2621 4750 2762 4804 quae
2791 4735 3040 4790 videlicet
3066 4735 3297 4791 materia
3323 4734 3459 4787 sicut
3478 4728 3664 4782 foenum
3683 4731 3748 4805 ar:

2231 4801 2404 4887 debit,
2429 4801 3113 4892 quandosanctilicabitur,
3140 4824 3192 4877 id
3218 4832 3322 4886 est,
3345 4814 3635 4890 purgabitur
3658 4809 3698 4860 iu
3717 4801 3748 4833 "

2238 4913 2355 4982 ipsa
2389 4920 2586 4966 natura
2620 4912 2688 4966 ad
2717 4913 3005 4985 imaginem
3034 4911 3126 4966 Dei
3179 4910 3343 4972 facta,
3374 4910 3443 4961 ita
3474 4912 3529 4957 ιιι
3546 4900 3609 4956 nil
3639 4899 3681 4950 iu
3703 4909 3749 4945 ea

2238 5005 2537 5070 materiale,
2565 5002 2649 5058 vel
2682 5003 2994 5072 temporale,
3025 5002 3107 5056 vel
3135 5011 3430 5065 terrenum,
3466 4993 3545 5049 vel
3568 4986 3750 5045 visibile.

2234 5093 2320 5147 vel
2381 5094 2749 5147 transitorium
2800 5093 3123 5150 tnutabileve
3191 5097 3498 5150 remaneat,
3546 5078 3751 5151 quoniam

2234 5185 2459 5239 omnino
2528 5185 2582 5238 in
2647 5184 2982 5253 spiritualetn
3056 5192 3303 5239 vertetur
3354 5175 3671 5243 stabilitatem
3708 5170 3753 5253 rei

2236 5272 2661 5329 unifortnitatem
2687 5290 2702 5340 ;
2739 5283 2834 5328 aut
2861 5283 3175 5329 cunctorum
3224 5272 3473 5325 vitiorum
3500 5274 3551 5320 et
3578 5252 3755 5315 malela‘

1840 5382 2093 5441 VARIAE
2133 5384 2538 5441 LECTIONES.

623 5495 710 5566 ,‘AA
732 5499 1111 5566 proprietatem
1152 5515 1347 5552 rerum.

551 5635 857 5702 purgatione
876 5635 1034 5690 totius
1063 5639 1322 5693 Itmnaune
1349 5651 1587 5696 naturae.
1664 5643 1707 5673 "
1741 5643 1905 5712 inquit
1932 5657 2040 5697 om.
2067 5643 2107 5696 Α

562 5498 1111 5584 ΜλᾹ’ρισζορςὶιςιαιεηι
1139 5515 1368 5584 rerum:
1404 5510 1445 5584 ,ί
1477 5498 1568 5580 Sic
1597 5500 1716 5584 (ΖΓΙὲ
1821 5502 2163 5584 ad_seipsam.

598 5562 691 5619 Sic
718 5564 803 5621 CF
820 5562 907 5629 ;’Δ
933 5569 1274 5637 impossibile.
1349 5573 1368 5603 ⁷
1392 5571 1434 5624 Α
1463 5573 1559 5624 erit
1590 5562 1816 5626 malitia.
1892 5573 1913 5604 ⁸
1936 5562 2177 5626 creatura
2207 5588 2317 5625 om.
2350 5562 2417 5624 λ.
2505 5579 2528 5612 ⁸

598 5635 857 5695 urgutione
876 5640 1034 5690 totius
1063 5639 1322 5693 Itmnaune
1349 5651 1587 5695 naturae.
1664 5643 1707 5673 "
1741 5643 1905 5695 inauit
1932 5657 2040 5695 om.
2067 5643 2107 5695 A
2207 5641 2250 5673 ¹³
2284 5640 2340 5693 in
2366 5652 2479 5694 om.
2507 5643 2550 5695 A

2619 5504 2641 5535 ⁸
2668 5506 2709 5559 Α
2756 5506 2870 5559 ideo
2921 5506 3073 5574 (-que
3102 5506 3232 5565 om.)
3305 5509 3326 5540 ⁸
3351 5484 3752 5574 υἱάειίτςςνοωᾷλι·

2236 5503 2255 5533 ³
2280 5501 2525 5571 Αεροσςε.
2619 5504 2641 5535 ⁸
2668 5506 2709 5559 Α
2756 5506 2870 5559 ideo
2921 5506 3073 5574 (-que
3102 5506 3232 5565 om.)
3305 5509 3326 5540 ι
3351 5501 3567 5575 videlicet
3591 5501 3750 5545 oni-A-

2236 5588 2317 5624 itlt.
2350 5571 2417 5624 Α.
2505 5579 2528 5612 ⁸
2554 5573 2593 5626 Α
2630 5575 2882 5626 Impietas
2909 5588 3102 5626 autem.
3178 5575 3219 5605 ⁸⁵
3248 5575 3288 5626 .-\
3318 5565 3605 5624 retmtnel'tl.
3666 5557 3697 5587 ’³
3719 5550 3750 5605 Α

2505 5573 2593 5646 ξΛ
2630 5575 2882 5646 Impietas
2909 5588 3102 5630 autem.
