3952 6162
316 328 421 385 ῦδι

1158 350 1244 405 DE
1282 338 1622 406 DlV‘lSlONE
1656 339 2004 406 Naronae.
2046 379 2112 387 -
2153 308 2711 416 Litiuuot'txrt's.

3466 347 3569 408 863

320 473 526 519 etorum
549 461 879 523 occasiones,
922 462 1029 518 hoc
1058 474 1141 517 est
1190 463 1448 518 malitiam
1470 503 1485 529 ,
1533 463 1884 533 impietatem,
1916 467 1967 527 Α
1990 469 2093 527 est,
2121 476 2186 516 ac
2214 475 2312 531 per
2340 461 2441 517 hoc
2466 470 2520 515 et
2546 460 2748 514 falsitas
2773 479 2784 513 :
2820 461 2939 530 quis
2977 461 3314 530 phantasiam
3352 461 3567 517 veritati

318 552 654 625 iniquitatem
680 555 938 609 materiae
966 554 1225 609 vocabulo
1250 556 1508 625 propheta
1554 555 1721 609 voluit
1755 556 1770 586 ί
1814 554 1894 608 in-

310 658 552 706 sinuare,
582 650 674 697 aut
717 648 1005 712 utrumque
1043 644 1084 694 ’.
1131 643 1411 709 Quomodo
1458 658 1588 713 ergo
1631 641 1894 713 supplicia

308 740 488 794 erunt,
516 731 730 801 quando
754 730 825 784 nil
853 731 1069 800 dignum
1100 732 1363 802 supplicio
1403 732 1458 785 in
1489 741 1677 785 natura
1711 745 1891 784 rerum

308 820 682 892 relinquetur?
711 821 853 877 MAG.
883 822 939 876 In
964 824 1334 891 superioribus
1362 821 1688 877 suﬂicienter
1709 822 1776 876 de
1807 820 1892 874 his

307 914 607 967 est‘actum
652 912 697 978 ',’
735 922 787 967 et
824 915 911 968 ad‘
941 930 1155 983 purum,
1191 923 1248 967 ut
1281 915 1538 977 arbitror,
1588 912 1888 967 deﬁnitum.

306 999 539 1070 Ideoque
569 1018 709 1057 nunc
730 1001 986 1067 breviter,
1017 1003 1267 1071 quoniam
1289 1003 1480 1071 exigis,
1508 1000 1886 1071 colligendum.

305 1090 589 1162 Siquidem
618 1094 760 1149 inter
785 1110 883 1150 nos
910 1095 1185 1150 subtracta
1210 1096 1356 1149 omni
1376 1095 1743 1149 controversia
1762 1110 1891 1149 con-

305 1184 528 1238 sederat
563 1183 606 1249 δ,
656 1198 869 1239 omnem
901 1186 1161 1239 malitiam
1209 1186 1509 1255 malosque,
1529 1200 1742 1239 omnem
1785 1186 1888 1240 im—

300 1271 565 1340 pietatem
596 1273 918 1343 impiosque,
946 1289 1161 1329 omnem
1182 1273 1520 1343 iniquitatem
1547 1273 1886 1343 iniquosque,

293 1364 603 1429 justissima
633 1366 795 1419 divini
819 1365 1009 1436 judicii
1051 1367 1337 1431 sententia,
1366 1380 1431 1420 ne
1461 1375 1774 1421 naturarum
1809 1366 1889 1444 in—

305 1454 544 1521 tegritati
594 1468 808 1523 semper
856 1456 1167 1525 impediant,
1200 1456 1362 1510 veluti
1412 1456 1672 1525 quasdam
1703 1455 1890 1510 sordes

300 1546 615 1613 purgandos
658 1546 980 1615 penitusque
1027 1548 1091 1601 de
1126 1556 1316 1601 natura
1350 1562 1530 1602 rerum
1576 1547 1890 1603 adimendas

302 1632 542 1695 aboleri;
584 1643 639 1688 et
664 1636 766 1689 hoc
789 1650 894 1689 non
921 1635 1091 1690 solum
1113 1637 1436 1692 auctoritate
1457 1645 1768 1692 sanctorum
1792 1637 1890 1691 Pa-

302 1732 447 1775 trum
477 1724 800 1793 divinaeque
828 1723 1164 1795 Scripturae,
1192 1740 1379 1780 verum
1415 1727 1576 1780 etiam
1616 1734 1760 1782 recte
1805 1742 1889 1781 ra-

1995 566 2117 608 esse
2144 552 2468 606 contrariam
2501 551 2740 621 negarit?
2762 552 2829 604 At
2849 551 2895 605 si
2924 550 3205 619 phantasia
3239 564 3417 605 rerum
3436 560 3572 605 tem-

1997 642 2261 713 poralium
2306 641 2584 712 suppliciis
2640 641 2982 696 distribuitur
3022 641 3278 708 aeternis,
3327 641 3569 713 profeuo

1996 742 2247 786 aeternae
2274 740 2432 785 erunt
2473 732 2809 800 phantasiae,
2840 736 3205 802 perpetuoque
3234 741 3573 803 opponentur

1994 823 2230 878 veritati.
2268 822 2406 876 MAG.
2438 821 2553 876 Non
2588 823 2859 878 immerito
2888 822 3009 878 talis
3045 823 3219 891 caligo
3249 824 3342 880 tibi
3384 838 3574 878 occur-

1995 921 2156 976 reret,
2209 914 2255 968 si
2306 914 2456 983 prius
2494 914 2797 969 clarissimo
2842 915 3011 984 ipsius
3047 916 3313 982 veritatis,
3357 917 3423 971 de
3465 932 3570 985 qua

1992 1002 2236 1069 quaestio
2282 1011 2386 1066 est,
2437 1002 2587 1055 radio
2634 1002 2987 1068 illuminatus,
3031 1004 3098 1057 ad
3141 1020 3333 1073 purum
3378 1005 3570 1073 digno-

1991 1105 2196 1157 sceres,
2250 1089 2303 1145 id
2352 1092 2523 1160 ipsum
2583 1104 2702 1145 esse
2731 1130 2745 1155 ,
2815 1092 3017 1161 absque
3086 1092 3193 1146 ulla
3244 1092 3565 1153 differentia.

1992 1178 2185 1235 falsum
2214 1181 2256 1212 “
2277 1189 2331 1235 et
2376 1182 2739 1249 phantasiam,
2774 1182 2848 1236 ita
2888 1192 2947 1235 ut
2989 1184 3167 1237 omnis
3193 1184 3474 1253 phantasia
3499 1184 3570 1240 sit

1993 1268 2147 1331 falsa,
2195 1278 2251 1321 et
2283 1283 2443 1323 omne
2489 1268 2681 1323 falsum
2710 1270 3013 1339 phantasia.
3050 1270 3199 1325 Nunc
3230 1282 3407 1326 autem
3437 1288 3569 1341 quo-

1993 1356 2135 1411 ni'am
2169 1372 2358 1427 magna
2395 1355 2698 1412 diﬂ‘erentia
2727 1367 2812 1412 est
2855 1359 2997 1413 inter
3026 1347 3217 1413 falsum
3242 1369 3296 1413 et
3336 1362 3566 1428 phanta-

1993 1447 2523 1517 siam,,relinquitur,
2554 1455 2612 1501 ιιι
2645 1448 2795 1511 illud,
2823 1450 2967 1513 quod
2997 1451 3215 1518 proprie
3243 1450 3441 1505 dicitur
3467 1450 3575 1506 {alr

1991 1552 2132 1599 sum,
2190 1537 2526 1591 solummodo
2581 1546 2884 1606 opponatur
2926 1538 3179 1603 veritati,
3229 1539 3570 1607 phantasiam

1992 1643 2121 1682 vero
2151 1628 2193 1660 ”
2225 1628 2437 1682 veritati
2473 1642 2579 1682 non
2605 1642 2726 1682 esse
2752 1628 3103 1683 contrariam.
3155 1628 3298 1684 Disc.
3327 1628 3568 1699 Expone,

1946 1760 1949 1763 -
1991 1736 2212 1791 quaeso,
2246 1735 2385 1790 quae
2406 1722 2477 1774 sit
2512 1720 2600 1773 illa
2631 1719 2953 1785 diﬂ‘erentia,
2997 1735 3135 1790 quae
3171 1720 3363 1776 falsum
3390 1736 3571 1791 segre-

302 1812 673 1869 tiocinationis
711 1816 1215 1886 investigationibus
1260 1828 1345 1874 est
1373 1819 1682 1884 ﬁrmatum;
1725 1834 1888 1874 vanas

1990 1818 2081 1880 gat
2127 1826 2155 1863 a
2198 1808 2510 1877 phantasia.
2569 1808 2708 1863 MAG.
2757 1808 2882 1864 Suis
2928 1809 3329 1865 definitionibus
3371 1811 3571 1868 discer-

298 1915 485 1959 autem
517 1908 872 1977 cogitationes
903 1908 1179 1963 hominum
1210 1910 1261 1963 in
1291 1910 1442 1965 falsis
1469 1925 1647 1964 rerum
1678 1919 1887 1980 tempo-

299 1996 499 2051 ralium
544 1998 845 2067 phantasiis
890 2000 942 2054 in
986 2016 1170 2055 eorum
1219 2002 1524 2065 animabus,
1555 2002 1646 2071 qui
1689 2001 1887 2056 solum-

298 2087 462 2142 modo
504 2087 862 2158 integritatem
902 2098 1128 2145 naturae
1160 2091 1425 2161 recepturi
1455 2100 1600 2156 sunt,
1638 2105 1744 2145 non
1779 2106 1875 2143 au-

299 2185 412 2229 tem
464 2176 516 2229 in
558 2177 779 2247 gloriam
830 2179 1276 2244 immntabuntur,
1322 2194 1536 2248 semper
1582 2194 1885 2244 mansuras,

303 2279 541 2337 seraque
574 2269 903 2336 poenitentia
934 2271 1001 2325 de
1045 2271 1226 2334 rebus,
1257 2286 1392 2341 quas
1418 2272 1471 2325 in
1515 2272 1618 2326 hac
1640 2272 1748 2325 vita
1785 2271 1887 2325 illi-

296 2357 408 2411 cite
452 2369 616 2429 atque
644 2360 948 2415 inordinate
972 2362 1413 2430 concupiverunt,
1462 2361 1624 2415 veluti
1656 2364 1886 2431 quadam

296 2444 699 2517 inextinguibili
726 2448 944 2505 ﬂamma
971 2465 1214 2511 arsuras.
1248 2450 1503 2515 Proinde,
1544 2459 1605 2503 ut
1644 2451 1774 2504 mihi
1811 2452 1888 2504 vi-

296 2530 462 2592 detur
492 2579 508 2604 ,
571 2541 878 2610 ambiguum
923 2557 1151 2612 posuere
1177 2552 1198 2585 ³
1223 2542 1548 2613 exemplum,
1581 2544 1673 2611 qui
1728 2544 1889 2598 ratio-

293 2629 540 2685 nabilem
569 2640 814 2686 naturam
846 2641 904 2687 ct
926 2648 1141 2703 semper
1160 2650 1492 2701 mansuram,
1523 2644 1577 2689 et
1601 2636 1887 2705 supplicio-

295 2738 422 2777 rum
453 2720 686 2777 ﬂammis
711 2737 925 2794 semper
953 2740 1196 2780 arsuram
1219 2726 1410 2795 docere
1437 2726 1695 2791 volentes,
1727 2727 1883 2781 ashe-

296 2821 447 2867 stum
498 2812 730 2882 lapidem
784 2828 996 2883 semper
1016 2816 1255 2871 ‘manere
1322 2830 1639 2885 semperque
1697 2818 1888 2872 ardere

297 2902 515 2967 dicunt,
546 2901 620 2957 ita
662 2911 722 2957 ut
765 2910 822 2958 et
855 2904 1157 2960 substantia
1201 2904 1337 2975 ejus,
1382 2915 1440 2961 et
1487 2907 1782 2975 quantitas,
1833 2916 1890 2962 et

295 2993 542 3063 qualitas
570 2993 716 3049 nullo
746 2996 903 3050 modo
931 2996 1203 3050 minuatur
1232 2997 1313 3051 vel
1337 3006 1735 3067 corrumpatur,
1759 2998 1886 3052 dum

295 3082 520 3139 ﬂamma
551 3084 606 3139 in
631 3099 694 3139 ea
728 3101 831 3140 non
860 3086 1208 3157 extinguitur.
1257 3085 1369 3140 llac
1395 3088 1539 3141 enim
1580 3087 1886 3141 similitudi-

1990 1905 2210 1951 nuntur.
2252 1897 2349 1951 Est
2372 1897 2514 1951 enim
2559 1895 2770 1959 falsum,
2818 1897 2960 1967 quod
2996 1898 3201 1968 appetit
3226 1914 3380 1965 esse,
3429 1900 3573 1970 quod

1988 2003 2094 2042 non
2127 1996 2237 2054 est;
2274 1987 2431 2042 aliter
2463 1988 2604 2042 enim
2636 1988 2748 2041 vult
2793 2003 2853 2042 se
2893 1989 3063 2043 videri
3108 2003 3269 2057 quam
3294 1999 3399 2056 est,
3442 1998 3571 2061 quia

1990 2090 2095 2132 non
2128 2079 2201 2132 ita
2232 2088 2314 2132 est
2355 2080 2466 2148 ipsa
2507 2092 2616 2142 res,
2653 2078 2721 2132 de
2750 2093 2854 2147 qua
2903 2077 3264 2148 praedicatur,
3303 2077 3570 2148 quomodo

1988 2170 2054 2224 de
2082 2185 2141 2224 ea
2187 2170 2549 2240 praedicatur.
2594 2169 2651 2223 ln
2694 2184 2801 2238 quo
2832 2184 3030 2239 genere
3059 2172 3320 2239 quaedam
3362 2170 3571 2227 fabuia-

1988 2275 2106 2312 rum
2133 2268 2257 2314 sunt
2278 2260 2320 2291 ”
2348 2260 2694 2323 constitutae,
2716 2267 2774 2312 ut
2801 2259 3014 2313 volatus
3039 2259 3280 2325 Daedali,
3317 2275 3455 2330 quae
3481 2258 3568 2316 τε.

1986 2352 2111 2405 bula
2141 2367 2242 2407 nec
2268 2368 2393 2407 vera
2421 2362 2527 2417 est,
2552 2368 2652 2406 nec
2677 2353 2792 2407 veri
2821 2352 3032 2417 similis,
3064 2353 3159 2408 sed
3185 2352 3317 2409 falsa
3345 2353 3566 2410 omnino

1988 2442 2189 2511 opinio,
2211 2457 2352 2511 quae
2380 2440 2519 2497 fallit
2547 2444 2883 2512 insipientes.
2933 2442 3220 2513 Nunquam
3250 2445 3394 2500 enim
3426 2446 3565 2501 Dae-

1987 2531 2139 2585 dalus
2169 2531 2388 2596 volavit,
2420 2534 2701 2603 navigasse
2730 2542 2909 2587 autem
2933 2534 2998 2589 de
3022 2533 3183 2590 Creta
3212 2536 3265 2589 in
3290 2536 3562 2591 Euboeam

1988 2624 2159 2680 fertur
2183 2625 2248 2680 ".
2281 2624 2509 2695 [deoque
2552 2625 2745 2681 falsum
2774 2626 2992 2693 dicitur,
3028 2629 3153 2697 quia
3178 2626 3315 2682 fallit
3340 2637 3395 2683 et
3422 2627 3569 2685 deci-

1987 2717 2067 2786 pit
2107 2716 2370 2787 jndicium
2398 2732 2608 2782 eorum,
2641 2717 2733 2786 qui
2765 2716 3048 2783 falluntur,
3097 2716 3232 2773 falsa
3277 2733 3376 2788 pro
3423 2718 3567 2773 veris

1987 2806 2378 2876 approbantes;
2420 2808 2564 2878 quod
2623 2818 2706 2864 est
2754 2810 3032 2879 proprium
3086 2810 3309 2865 erroris.
3355 2810 3421 2864 Et
3462 2810 3571 2864 hoc

1986 2905 2090 2962 est,
2118 2898 2260 2967 quod
2287 2910 2413 2953 vere
2436 2899 2632 2953 dicitur
2653 2897 2872 2965 falsum,
2905 2902 3155 2971 quamvis
3178 2915 3341 2970 saepe
3369 2901 3422 2956 in
3449 2901 3563 2956 dia-

1988 2986 2197 3042 lecticis
2233 2989 2692 3057 propositionibus
2724 2992 3044 3062 negationes
3081 2990 3200 3048 falsi
3230 2993 3448 3048 nomine
3475 2978 3571 3048 vo;

1988 3080 2239 3143 citentur,
2263 3094 2529 3151 saepeque
2549 3082 2934 3140 aﬂirmationes
2956 3099 2971 3138 :
2997 3086 3307 3155 negationes
3326 3086 3568 3156 quidem,

297 3191 370 3231 ne
398 3192 509 3231 non
533 3183 557 3216 ο
582 3176 1007 3232 irrationabilius
1042 3185 1060 3215 τ
1096 3178 1172 3231 uti
1198 3186 1416 3247 possent
1436 3178 1503 3232 ad
1523 3179 1878 3245 suadendum,
1909 3171 1954 3232 C
1986 3178 2046 3225 ut
2067 3172 2245 3227 omnis
2271 3173 2433 3228 homo
2470 3173 2668 3228 animal
2700 3191 2805 3230 non
2831 3185 2916 3231 est
2953 3176 3145 3231 falsum
3175 3186 3297 3242 est;
3328 3177 3566 3233 aﬂlrma-

295 3268 446 3338 quod
472 3283 579 3323 non
602 3268 773 3323 solum
800 3269 1063 3324 naturalia
1082 3270 1220 3324 bona
1244 3268 1574 3324 rationabilis
1601 3278 1827 3325 naturae
1860 3271 1882 3303 ⁸

295 3370 519 3425 semper
544 3357 743 3427 absque
771 3357 880 3412 ullo
912 3357 1235 3412 detrimento
1262 3358 1673 3426 permanebunt,
1699 3374 1881 3414 verum

294 3446 478 3501 etiam
502 3447 555 3500 in
583 3447 690 3512 his,
717 3449 807 3516 qui
856 3448 1066 3518 purgati
1105 3457 1160 3504 et
1190 3447 1508 3503 sanctificati
1535 3448 1675 3503 ultra
1700 3450 1884 3515 omnia

291 3535 568 3589 natoralia
635 3535 772 3590 bona
836 3537 1230 3592 deificationetn
1281 3538 1586 3607 accipient,
1631 3548 1885 3593 aeternae

292 3623 653 3678 beatitudinis
688 3625 857 3696 gloria
894 3633 937 3689 ο,
993 3626 1155 3681 veluti
1204 3627 1258 3680 in
1292 3627 1629 3698 extinguibili
1670 3628 1884 3684 divinae

267 3715 510 3784 “gratiae
536 3715 749 3771 ﬂamma
775 3717 1074 3788 fulgebunt,
1106 3719 1181 3773 ita
1209 3727 1268 3773 ut
1304 3720 1359 3772 in
1400 3720 1481 3774 eis
1525 3730 1580 3774 et
1622 3721 1885 3776 naturalis

291 3804 646 3875 pulchritudo
673 3815 932 3877 perpetuo
979 3818 1216 3874 maneat,
1246 3818 1300 3864 et
1327 3808 1684 3877 deificationis
1720 3808 1885 3865 clari-

297 3903 385 3949 tas
415 3909 582 3964 super
617 3898 797 3951 omnia
826 3897 1058 3951 eluceat.
1103 3898 1378 3954 Discernis
1423 3899 1622 3968 itaque,
1684 3907 1740 3954 ut
1769 3901 1885 3969 opi-

294 3997 423 4048 nor,
474 3984 619 4038 inter
650 3999 737 4050 ea,
788 4000 928 4054 quae
973 3986 1185 4055 penitus
1233 3987 1503 4056 peribunt,
1533 3997 1588 4043 et
1615 4003 1702 4055 ea,
1744 4003 1884 4059 quae

293 4076 544 4131 aeternis
596 4076 961 4132 attribuuntur
1031 4080 1325 4148 suppliciis.
1390 4081 1536 4136 Dtsc.
1588 4082 1878 4149 Discerno;

293 4164 461 4220 video
491 4166 824 4236 enim,un
864 4168 993 4223 vitia
1052 4171 1411 4241 vitiorumque
1455 4172 1770 4227 occasiones
1817 4172 1882 4226 de

293 4263 497 4309 natura
531 4272 710 4311 rerum
742 4259 957 4326 penitus
982 4260 1321 4335 delebungur,
1358 4263 1673 4331 phantasiae
1699 4271 1879 4319 autem

294 4360 484 4400 rerum
537 4351 933 4418 temporalium,
962 4352 1157 4420 quibus
1194 4353 1543 4422 imperfectae
1570 4354 1781 4411 animae
1824 4358 1879 4411 in

293 4450 465 4493 carne
491 4439 819 4495 constitutae
845 4441 1196 4507 seducuntur,
1237 4444 1470 4498 aeternis
1496 4445 1879 4517 suppliciorum

1988 3261 2162 3316 tiones
2189 3268 2392 3323 autem,
2435 3272 2494 3315 ut
2534 3264 2712 3318 omnis
2740 3264 2903 3319 homo
2923 3265 3104 3334 justus
3124 3274 3208 3320 est
3237 3266 3430 3321 falsum
3460 3276 3567 3322 est.

1984 3349 2276 3406 Phantasia
2301 3364 2430 3406 vero
2443 3361 2526 3406 est
2549 3353 2726 3423 imago
2751 3356 3017 3424 quaedam
3040 3365 3096 3411 et
3114 3358 3380 3427 apparitio
3406 3360 3472 3413 de
3494 3360 3574 3412 vi-

1985 3441 2124 3497 sibili
2174 3442 2258 3497 vel
2290 3442 2543 3497 invisibili
2581 3446 2761 3513 specie
2789 3447 3083 3501 memoriae
3113 3448 3395 3517 impressa.
3430 3449 3566 3505 Dum

1985 3533 2130 3587 enim
2184 3533 2327 3588 nulla
2391 3550 2479 3589 res
2516 3550 2773 3606 corporea
2829 3537 2914 3593 vel
2965 3539 3282 3608 incorporea
3340 3557 3434 3609 per
3479 3557 3566 3595 se-

1986 3627 2159 3695 ipsam
2224 3626 2544 3683 mortalibus
2599 3628 2775 3683 adhuc
2829 3630 3080 3685 sensibus
3139 3632 3425 3701 conspicua
3478 3634 3573 3695 sit,

1987 3723 2179 3769 natura
2235 3730 2416 3770 rerum
2456 3717 2757 3782 constituit,
2791 3726 2852 3771 ut
2879 3719 2931 3773 in
2976 3734 3136 3775 sensu
3167 3722 3422 3776 exteriori
3450 3737 3574 3777 sen-

1985 3805 2222 3861 sibilium
2255 3822 2437 3861 rerum
2484 3808 2769 3879 imagines,
2804 3810 2860 3864 in
2907 3809 3153 3866 interiori
3207 3828 3335 3867 vero
3378 3813 3579 3868 intelli-

1986 3897 2229 3968 gibilium
2289 3900 2704 3969 exprimantur;
2754 3916 2818 3955 ac
2865 3901 3061 3956 deinde
3119 3902 3284 3956 veluti
3329 3918 3395 3957 ex
3435 3905 3572 3958 duo-

1986 3993 2100 4048 bus-
2129 3990 2390 4057 fontibus,
2453 3991 2801 4046 sensibilibus
2852 3992 2975 4046 dico
3018 4000 3074 4046 et
3124 3993 3569 4063 intelligibilibus,

1986 4083 2092 4137 duo
2144 4083 2411 4152 quaedam
2462 4081 2682 4136 ﬂumina
2763 4081 2819 4136 in
2864 4082 3182 4138 memoriam
3247 4082 3568 4148 conﬂuunt,

1985 4181 2040 4227 et
2088 4188 2252 4226 unum
2307 4172 2525 4241 quidem
2554 4170 2752 4226 ﬂumen
2801 4186 2869 4225 ex
2912 4170 3263 4228 inferioribus
3306 4188 3404 4242 per
3441 4188 3568 4230 sen-

1986 4278 2104 4318 sum
2157 4278 2521 4333 corporeum,
2573 4262 2804 4318 alterum
2861 4278 2993 4318 vero
3052 4264 3422 4333 superioribus
3472 4280 3570 4335 per

1985 4368 2108 4408 eum
2132 4367 2373 4419 sensum,
2394 4354 2485 4422 qui
2508 4353 2676 4408 solius
2703 4352 2748 4385 “
2769 4353 2979 4408 animae
2997 4363 3099 4417 est,
3118 4363 3350 4409 meatum
3379 4356 3568 4411 trahit.

1985 4444 2048 4498 Et
2077 4458 2257 4509 omne,
2285 4443 2425 4511 quod
2456 4458 2521 4496 ex
2562 4443 2647 4498 his
2671 4443 2963 4498 memoriae
2990 4442 3249 4514 infigitur,
3287 4444 3571 4513 phantasia

293 4529 591 4585 ardoribus
613 4530 903 4586 attributae
926 4534 1240 4598 manebunt,
1270 4543 1329 4588 ut
1357 4536 1408 4589 in
1433 4535 1513 4591 eis
1538 4552 1736 4606 pravae
1765 4547 1876 4592 tor—
1904 4539 1957 4598 Ι)
1985 4536 2202 4606 proprie
2250 4536 2582 4599 nominatur,
2610 4535 2712 4589 hoc
2753 4544 2839 4589 est
2885 4534 3172 4604 apparitio,
3218 4544 3277 4589 ut
3323 4537 3572 4606 superius

291 4630 575 4692 queantur
641 4622 967 4690 cupiditates
1013 4641 1321 4695 pravorum.
1378 4627 1482 4682 Sed
1531 4631 1709 4684 adhuc
1771 4645 1876 4684 non

290 4728 463 4784 parva
497 4714 630 4767 mihi
654 4715 833 4770 obstat
853 4717 1115 4786 quaestio.
1150 4717 1207 4772 Si
1237 4719 1461 4773 bonitati
1485 4729 1538 4774 et
1560 4720 1877 4774 beatitudini

288 4807 602 4876 ceterisque
649 4808 846 4863 divinis
894 4810 1206 4875 virtutibus,
1237 4827 1375 4881 quae
1419 4813 1485 4867 de
1532 4811 1642 4868 Deo
1671 4812 1881 4881 praedi-

290 4908 512 4964 cantur,
547 4899 622 4953 nil
667 4901 776 4954 erit
814 4912 1183 4969 coaeternum,
1228 4919 1325 4958 cur
1353 4906 1565 4960 veritati
1593 4905 1807 4973 aliquod
1836 4905 1880 4937 ¹⁰

289 4997 649 5044 coaeternum
693 4993 1002 5061 opponitur,
1040 4994 1141 5049 hoc
1164 5004 1268 5060 est,
1299 4995 1490 5050 falsum
1533 5005 1588 5049 et
1635 4996 1883 5051 falsitas?

291 5075 369 5131 Ut
397 5078 566 5141 enim,
602 5079 655 5132 ni
690 5080 866 5146 fallor,
894 5064 1079 5155 [sicut]
1110 5084 1149 5115 “
1185 5085 1397 5138 veritati
1425 5086 1712 5154 opponitur
1738 5086 1883 5140 falsi-

292 5176 406 5234 tas,
438 5169 515 5224 ita
541 5185 673 5226 vero
696 5170 909 5227 falsum.
946 5172 1001 5227 Si
1031 5174 1194 5244 igitur
1223 5175 1397 5229 omnis
1428 5176 1710 5245 phantasia
1746 5175 1880 5231 falsa

1986 4630 2239 4684 diximus.
2277 4626 2554 4698 Siquidem
2580 4628 2861 4698 phantasia
2884 4642 2953 4682 ex
2980 4629 3147 4684 verbo
3176 4643 3391 4697 graeco,
3426 4631 3571 4698 quod

1986 4728 2070 4774 est
2102 4721 2276 4793 φαίνω,
2323 4716 2476 4786 cujus
2504 4718 2878 4787 interpretatio
2902 4727 2987 4774 est
3025 4735 3273 4789 appareo,
3304 4718 3569 4789 etymolo-

1984 4812 2129 4881 giam
2177 4810 2342 4865 ducit.
2399 4811 2513 4876 Qua
2559 4809 2722 4880 igitur
2769 4809 2980 4864 ratione
3026 4810 3307 4881 phantasia
3352 4809 3571 4865 veritati

1983 4909 2345 4973 opponeretur
2369 4901 2433 4965 ”,
2464 4915 2585 4955 cum
2622 4907 2676 4954 et
2704 4900 2822 4970 ipsa
2850 4900 3050 4955 veritas
3091 4917 3188 4971 per
3213 4902 3446 4971 seipsam
3495 4900 3570 4953 in-

1985 4995 2277 5063 conspicua
2324 4993 2377 5047 in
2403 4993 2515 5048 suis
2542 4992 2863 5063 phantasiis,
2902 5006 3039 5062 quas
3068 5002 3265 5049 vocant
3309 4992 3569 5064 theopha-

1985 5069 2126 5147 nias,
2172 5082 2557 5153 quaerentibus
2603 5096 2662 5137 se
2710 5084 2948 5139 occurrit
3003 5094 3057 5138 et
3101 5082 3353 5139 ineﬂ‘abili
3407 5080 3567 5136 modo

1987 5172 2417 5229 manifestat"?
2450 5173 2516 5228 Et
2563 5173 2693 5228 dum
2738 5176 2915 5230 omnis
2963 5175 3247 5244 phantasia
3298 5173 3561 5241 quaedam

1589 5340 1675 5395 VA
1684 5339 1841 5395 RIAE
1878 5336 2277 5394 LECTIONES.

373 5451 390 5482 ‘
431 5451 591 5523 uoluit
630 5466 739 5523 om.
777 5450 841 5506 Α.
938 5455 958 5485 ⁸
999 5463 1086 5506 aut
1114 5464 1388 5523 utrumque
1414 5469 1523 5508 om.
1559 5453 1623 5506 Α.

286 5535 405 5575 non
430 5522 557 5573 mihi
579 5522 822 5576 videntur
849 5524 1156 5577 conveniens
1191 5522 1426 5591 posuisse
1453 5524 1781 5591 exemplum.

285 5591 544 5714 giarium.
622 5591 667 5622 ¹⁶
689 5593 731 5645 Α
756 5593 974 5658 aliquid.
1054 5593 1094 5624 ¹¹
1120 5591 1209 5646 Sic
1232 5592 1348 5656 CF;
1373 5594 1505 5646 sicut
1526 5608 1634 5647 om.
1667 5594 1732 5647 Α.

357 5676 421 5712 co
451 5660 590 5712 inter
625 5663 783 5714 verba
817 5662 1113 5714 dilferentia
1138 5672 1192 5714 et
1234 5661 1424 5714 falsum
1458 5663 1703 5714 inseruit.

357 5676 421 5712 co
451 5660 590 5712 inter
625 5663 783 5715 verba
817 5662 1113 5729 (li/ferentia
1138 5672 1192 5716 et
1233 5661 1424 5730 falsum
1458 5663 1703 5717 inseruit.
1784 5662 1829 5696 ¹²
1866 5660 2116 5718 veracia.
2152 5666 2216 5715 A.
2297 5661 2329 5694 ¹¹

357 5727 571 5782 aedalus
594 5760 664 5771 —
687 5731 860 5786 fertur
888 5732 928 5784 A
960 5746 1121 5786 supra
1155 5732 1400 5785 inseruit.
1492 5731 1535 5762 ¹⁶
1572 5732 1617 5786 Α
1655 5732 1821 5786 solus.
1927 5734 1968 5765 ³⁷
2006 5733 2095 5786 Sic
2134 5732 2250 5786 CF:
2286 5731 2329 5786 A

2008 5742 2095 5789 Sic
2134 5742 2250 5797 tzl";
2286 5742 2329 5786 A
2363 5742 2674 5800 opponatur.

290 5727 571 5782 Daedalus
594 5760 664 5771 —
687 5727 928 5799 fertur]
960 5746 1121 5800 supra
1155 5727 1400 5785 inseruit.
1492 5731 1535 5762 ¹⁶
1572 5732 1617 5786 Α
1655 5732 1821 5788 solus.

668 5826 929 5885 Par-nor.
976 5824 1143 5886 CXX
1161 5824 1236 5888 ll.

1715 5450 1737 5485 ³
1774 5453 1818 5506 Α
1857 5463 2032 5507 actum
2069 5463 2163 5507 est.
2258 5454 2261 5477 '

1715 5540 1781 5575 m.
1887 5523 1909 5554 ⁸
1948 5540 2049 5575 non
2080 5539 2188 5575 om.
2221 5523 2261 5575 Α

1887 5539 1909 5554 ν
1948 5540 2049 5577 non
2080 5539 2188 5577 om.
2221 5539 2285 5575 Α.
2368 5539 2378 5555 ι
2424 5539 2463 5577 Α
2502 5539 2887 5579 ranonamnus.
2962 5539 2984 5563 υ
3023 5539 3060 5577 Α
3093 5539 3382 5577 creaturae.
3456 5539 3479 5567 ι
3520 5539 3565 5583 Α

1812 5593 1856 5666 ξ’
1876 5609 2139 5663 nunquam
2159 5592 2587 5666 enimpqedal‘ug
2601 5595 3015 5666 -—[ertur,quae
3047 5594 3185 5666 infra
3218 5594 3370 5666 legis,
3401 5595 3565 5652 Ahoc

2258 5451 2280 5483 ⁸
2318 5450 2409 5519 Sic
2452 5453 2578 5519 CF;
2619 5456 2660 5508 Α
2704 5457 3106 5510 consideratam.
3193 5457 3214 5487 ⁸
3253 5455 3290 5507 Α
3335 5453 3565 5510 Promde

2364 5518 2383 5555 ⁷
2424 5525 2463 5577 Α
2502 5518 2887 5579 rationabilius.
2962 5530 2984 5563 ο
3023 5529 3060 5577 Α
3093 5533 3382 5577 creaturae.
3456 5533 3479 5567 ο
3520 5529 3566 5583 Α

2297 5661 2341 5735 ξι
2383 5661 2475 5717 Sic
2501 5662 2617 5725 CF;
2662 5664 2703 5715 Α
2744 5664 2867 5735 δίηῑέ
2901 5661 2908 5662 ί
2958 5663 3001 5735 if
3040 5666 3078 5718 Λ
3116 5661 3397 5735 Nunquam
3428 5668 3566 5720 enim

2753 5734 2797 5763 “‘
2837 5732 2925 5787 Sic
2957 5732 3074 5799 CF;
3106 5736 3146 5789 A
3179 5732 3563 5805 manifestatur.

3134 5829 3206 5888 3t
