  <div class='ocr_page' id='page_1' title='image "/cluster/home/n/w/nwhite01/storage/ocr_20150623/122/hvd.32044054759840/519.png"; bbox 0 0 3952 6162; ppageno 0'>
   <div class='ocr_carea' id='block_1_1' title="bbox 469 302 575 358">
    <p class='ocr_par' dir='ltr' id='par_1_1' title="bbox 469 302 575 358">
     <span class='ocr_line' id='line_1_1' title="bbox 469 302 575 358; baseline 0 0"><span class='ocrx_word' id='word_1_1' title='bbox 469 302 575 358; x_wconf 63' lang='lat'><strong>983</strong></span> 
     </span>
    </p>
   </div>
   <div class='ocr_carea' id='block_1_2' title="bbox 1835 303 2358 392">
    <p class='ocr_par' dir='ltr' id='par_1_2' title="bbox 1835 303 2358 392">
     <span class='ocr_line' id='line_1_2' title="bbox 1835 303 2358 392; baseline 0.004 -30"><span class='ocrx_word' id='word_1_2' title='bbox 1835 303 2121 392; x_wconf 46' lang='lat' dir='ltr'><strong>.JOANNIS</strong></span> <span class='ocrx_word' id='word_1_3' title='bbox 2162 309 2358 366; x_wconf 84' lang='lat' dir='ltr'><strong>SCOTI</strong></span> 
     </span>
    </p>
   </div>
   <div class='ocr_carea' id='block_1_3' title="bbox 3622 307 3726 365">
    <p class='ocr_par' dir='ltr' id='par_1_3' title="bbox 3622 307 3726 365">
     <span class='ocr_line' id='line_1_3' title="bbox 3622 307 3726 365; baseline 0.048 -6"><span class='ocrx_word' id='word_1_4' title='bbox 3622 307 3726 365; x_wconf 59' lang='lat'><strong>963</strong></span> 
     </span>
    </p>
   </div>
   <div class='ocr_carea' id='block_1_4' title="bbox 469 419 3729 501">
    <p class='ocr_par' dir='ltr' id='par_1_4' title="bbox 469 419 3729 501">
     <span class='ocr_line' id='line_1_4' title="bbox 469 419 3729 501; baseline 0.002 -25"><span class='ocrx_word' id='word_1_5' title='bbox 469 421 798 478; x_wconf 72' lang='lat' dir='ltr'><strong>naturalium</strong></span> <span class='ocrx_word' id='word_1_6' title='bbox 847 436 1028 476; x_wconf 92' lang='lat' dir='ltr'><strong>rerum</strong></span> <span class='ocrx_word' id='word_1_7' title='bbox 1077 419 1372 477; x_wconf 78' lang='lat' dir='ltr'><strong>similitudo</strong></span> <span class='ocrx_word' id='word_1_8' title='bbox 1401 420 1471 476; x_wconf 92' lang='lat' dir='ltr'><strong>sit</strong></span> <span class='ocrx_word' id='word_1_9' title='bbox 1515 421 1727 476; x_wconf 86' lang='lat' dir='ltr'><strong>animae</strong></span> <span class='ocrx_word' id='word_1_10' title='bbox 1763 421 2042 492; x_wconf 85' lang='lat' dir='ltr'><strong>impressa,</strong></span> <span class='ocrx_word' id='word_1_11' title='bbox 2073 430 2122 490; x_wconf 77' lang='grc' dir='ltr'><strong>Α</strong></span> <span class='ocrx_word' id='word_1_12' title='bbox 2154 436 2236 482; x_wconf 90' lang='lat' dir='ltr'><strong>ter</strong></span> <span class='ocrx_word' id='word_1_13' title='bbox 2286 441 2474 482; x_wconf 92' lang='lat' dir='ltr'><strong>verum</strong></span> <span class='ocrx_word' id='word_1_14' title='bbox 2535 438 2589 484; x_wconf 91' lang='lat' dir='ltr'><strong>et</strong></span> <span class='ocrx_word' id='word_1_15' title='bbox 2637 429 2919 485; x_wconf 70' lang='lat' dir='ltr'><strong>veritatem</strong></span> <span class='ocrx_word' id='word_1_16' title='bbox 2947 471 2960 495; x_wconf 89' lang='lat'><strong>,</strong></span> <span class='ocrx_word' id='word_1_17' title='bbox 3013 429 3066 484; x_wconf 91' lang='lat' dir='ltr'><strong>in</strong></span> <span class='ocrx_word' id='word_1_18' title='bbox 3125 437 3385 498; x_wconf 88' lang='lat' dir='ltr'><strong>quantum</strong></span> <span class='ocrx_word' id='word_1_19' title='bbox 3441 430 3729 501; x_wconf 74' lang='lat' dir='ltr'><strong>unicuique</strong></span> 
     </span>
    </p>
   </div>
   <div class='ocr_carea' id='block_1_5' title="bbox 469 511 2043 582">
    <p class='ocr_par' dir='ltr' id='par_1_5' title="bbox 469 511 2043 582">
     <span class='ocr_line' id='line_1_5' title="bbox 469 511 2043 582; baseline -0.001 -13"><span class='ocrx_word' id='word_1_20' title='bbox 469 528 588 578; x_wconf 89' lang='lat' dir='ltr'><strong>cur,</strong></span> <span class='ocrx_word' id='word_1_21' title='bbox 624 513 764 582; x_wconf 88' lang='lat' dir='ltr'><strong>quod</strong></span> <span class='ocrx_word' id='word_1_22' title='bbox 802 528 868 568; x_wconf 85' lang='lat' dir='ltr'><strong>ex</strong></span> <span class='ocrx_word' id='word_1_23' title='bbox 896 521 1089 566; x_wconf 89' lang='lat' dir='ltr'><strong>natura</strong></span> <span class='ocrx_word' id='word_1_24' title='bbox 1133 511 1394 582; x_wconf 86' lang='lat' dir='ltr'><strong>procedit,</strong></span> <span class='ocrx_word' id='word_1_25' title='bbox 1445 511 1660 566; x_wconf 84' lang='lat' dir='ltr'><strong>veritati</strong></span> <span class='ocrx_word' id='word_1_26' title='bbox 1710 513 2043 568; x_wconf 84' lang='lat' dir='ltr'><strong>contrarium</strong></span> 
     </span>
    </p>
   </div>
   <div class='ocr_carea' id='block_1_6' title="bbox 463 604 2045 676">
    <p class='ocr_par' dir='ltr' id='par_1_6' title="bbox 463 604 2045 676">
     <span class='ocr_line' id='line_1_6' title="bbox 463 604 2045 676; baseline 0.001 -17"><span class='ocrx_word' id='word_1_27' title='bbox 463 605 816 676; x_wconf 68' lang='lat' dir='ltr'><strong>iudicantur,</strong></span> <span class='ocrx_word' id='word_1_28' title='bbox 849 614 970 658; x_wconf 83' lang='lat' dir='ltr'><strong>cum</strong></span> <span class='ocrx_word' id='word_1_29' title='bbox 1003 604 1145 658; x_wconf 91' lang='lat' dir='ltr'><strong>nulla</strong></span> <span class='ocrx_word' id='word_1_30' title='bbox 1176 613 1369 658; x_wconf 87' lang='lat' dir='ltr'><strong>natura</strong></span> <span class='ocrx_word' id='word_1_31' title='bbox 1396 604 1611 658; x_wconf 82' lang='lat' dir='ltr'><strong>veritati</strong></span> <span class='ocrx_word' id='word_1_32' title='bbox 1645 606 2045 661; x_wconf 81' lang='lat' dir='ltr'><strong>contrarietatis</strong></span> 
     </span>
    </p>
   </div>
   <div class='ocr_carea' id='block_1_7' title="bbox 467 692 2044 774">
    <p class='ocr_par' dir='ltr' id='par_1_7' title="bbox 467 692 2044 774">
     <span class='ocr_line' id='line_1_7' title="bbox 467 692 2044 774; baseline 0.002 -28"><span class='ocrx_word' id='word_1_33' title='bbox 467 694 678 747; x_wconf 84' lang='lat' dir='ltr'><strong>ratione</strong></span> <span class='ocrx_word' id='word_1_34' title='bbox 705 692 969 748; x_wconf 86' lang='lat' dir='ltr'><strong>obsistat?</strong></span> <span class='ocrx_word' id='word_1_35' title='bbox 1000 693 1066 748; x_wconf 83' lang='lat' dir='ltr'><strong>Et</strong></span> <span class='ocrx_word' id='word_1_36' title='bbox 1095 694 1194 748; x_wconf 88' lang='lat' dir='ltr'><strong>hoc</strong></span> <span class='ocrx_word' id='word_1_37' title='bbox 1231 694 1492 763; x_wconf 83' lang='lat' dir='ltr'><strong>approbat</strong></span> <span class='ocrx_word' id='word_1_38' title='bbox 1523 708 1649 748; x_wconf 89' lang='lat' dir='ltr'><strong>vera</strong></span> <span class='ocrx_word' id='word_1_39' title='bbox 1697 695 1858 760; x_wconf 85' lang='lat' dir='ltr'><strong>ratio,</strong></span> <span class='ocrx_word' id='word_1_40' title='bbox 1907 709 2044 774; x_wconf 71' lang='lat' dir='ltr'><strong>quae</strong></span> 
     </span>
    </p>
   </div>
   <div class='ocr_carea' id='block_1_8' title="bbox 467 781 2044 855">
    <p class='ocr_par' dir='ltr' id='par_1_8' title="bbox 467 781 2044 855">
     <span class='ocr_line' id='line_1_8' title="bbox 467 781 2044 855; baseline 0.003 -19"><span class='ocrx_word' id='word_1_41' title='bbox 467 781 776 838; x_wconf 75' lang='lat' dir='ltr'><strong>ﬁrmissime</strong></span> <span class='ocrx_word' id='word_1_42' title='bbox 803 784 1017 849; x_wconf 88' lang='lat' dir='ltr'><strong>astruit,</strong></span> <span class='ocrx_word' id='word_1_43' title='bbox 1065 785 1264 838; x_wconf 91' lang='lat' dir='ltr'><strong>nullam</strong></span> <span class='ocrx_word' id='word_1_44' title='bbox 1295 785 1632 854; x_wconf 83' lang='lat' dir='ltr'><strong>phantasiam</strong></span> <span class='ocrx_word' id='word_1_45' title='bbox 1677 785 1742 839; x_wconf 90' lang='lat' dir='ltr'><strong>de</strong></span> <span class='ocrx_word' id='word_1_46' title='bbox 1771 801 1852 848; x_wconf 89' lang='lat' dir='ltr'><strong>eo,</strong></span> <span class='ocrx_word' id='word_1_47' title='bbox 1902 787 2044 855; x_wconf 87' lang='lat' dir='ltr'><strong>quod</strong></span> 
     </span>
    </p>
   </div>
   <div class='ocr_carea' id='block_1_9' title="bbox 466 875 2042 946">
    <p class='ocr_par' dir='ltr' id='par_1_9' title="bbox 466 875 2042 946">
     <span class='ocr_line' id='line_1_9' title="bbox 466 875 2042 946; baseline 0.003 -20"><span class='ocrx_word' id='word_1_48' title='bbox 466 875 611 928; x_wconf 82' lang='lat' dir='ltr'><strong>intra</strong></span> <span class='ocrx_word' id='word_1_49' title='bbox 640 882 960 930; x_wconf 86' lang='lat' dir='ltr'><strong>naturarum</strong></span> <span class='ocrx_word' id='word_1_50' title='bbox 993 891 1275 931; x_wconf 81' lang='lat' dir='ltr'><strong>uulnerum</strong></span> <span class='ocrx_word' id='word_1_51' title='bbox 1303 891 1409 930; x_wconf 91' lang='lat' dir='ltr'><strong>non</strong></span> <span class='ocrx_word' id='word_1_52' title='bbox 1440 875 1770 940; x_wconf 80' lang='lat' dir='ltr'><strong>continetur,</strong></span> <span class='ocrx_word' id='word_1_53' title='bbox 1803 892 1960 946; x_wconf 82' lang='lat' dir='ltr'><strong>posse</strong></span> <span class='ocrx_word' id='word_1_54' title='bbox 1990 877 2042 931; x_wconf 86' lang='lat' dir='ltr'><strong>in</strong></span> 
     </span>
    </p>
   </div>
   <div class='ocr_carea' id='block_1_10' title="bbox 466 967 2045 1038">
    <p class='ocr_par' dir='ltr' id='par_1_10' title="bbox 466 967 2045 1038">
     <span class='ocr_line' id='line_1_10' title="bbox 466 967 2045 1038; baseline 0.001 -16"><span class='ocrx_word' id='word_1_55' title='bbox 466 967 713 1022; x_wconf 86' lang='lat' dir='ltr'><strong>sensibus</strong></span> <span class='ocrx_word' id='word_1_56' title='bbox 743 982 834 1021; x_wconf 92' lang='lat' dir='ltr'><strong>seu</strong></span> <span class='ocrx_word' id='word_1_57' title='bbox 867 968 1130 1023; x_wconf 89' lang='lat' dir='ltr'><strong>memoria</strong></span> <span class='ocrx_word' id='word_1_58' title='bbox 1158 968 1406 1037; x_wconf 87' lang='lat' dir='ltr'><strong>exprimi.</strong></span> <span class='ocrx_word' id='word_1_59' title='bbox 1435 968 1606 1024; x_wconf 91' lang='lat' dir='ltr'><strong>Omne</strong></span> <span class='ocrx_word' id='word_1_60' title='bbox 1637 969 1855 1038; x_wconf 86' lang='lat' dir='ltr'><strong>quippe,</strong></span> <span class='ocrx_word' id='word_1_61' title='bbox 1903 970 2045 1038; x_wconf 90' lang='lat' dir='ltr'><strong>quod</strong></span> 
     </span>
    </p>
   </div>
   <div class='ocr_carea' id='block_1_11' title="bbox 465 1056 2044 1127">
    <p class='ocr_par' dir='ltr' id='par_1_11' title="bbox 465 1056 2044 1127">
     <span class='ocr_line' id='line_1_11' title="bbox 465 1056 2044 1127; baseline 0.001 -17"><span class='ocrx_word' id='word_1_62' title='bbox 465 1058 684 1111; x_wconf 90' lang='lat' dir='ltr'><strong>omnino</strong></span> <span class='ocrx_word' id='word_1_63' title='bbox 708 1066 857 1112; x_wconf 86' lang='lat' dir='ltr'><strong>earet</strong></span> <span class='ocrx_word' id='word_1_64' title='bbox 879 1056 1184 1112; x_wconf 86' lang='lat' dir='ltr'><strong>substantia</strong></span> <span class='ocrx_word' id='word_1_65' title='bbox 1225 1066 1278 1112; x_wconf 91' lang='lat' dir='ltr'><strong>et</strong></span> <span class='ocrx_word' id='word_1_66' title='bbox 1305 1057 1478 1112; x_wconf 82' lang='lat' dir='ltr'><strong>forma</strong></span> <span class='ocrx_word' id='word_1_67' title='bbox 1513 1067 1570 1113; x_wconf 89' lang='lat' dir='ltr'><strong>et</strong></span> <span class='ocrx_word' id='word_1_68' title='bbox 1591 1059 1873 1127; x_wconf 89' lang='lat' dir='ltr'><strong>qualitate,</strong></span> <span class='ocrx_word' id='word_1_69' title='bbox 1902 1059 2044 1112; x_wconf 88' lang='lat' dir='ltr'><strong>nulla</strong></span> 
     </span>
    </p>
   </div>
   <div class='ocr_carea' id='block_1_12' title="bbox 462 1148 2046 1220">
    <p class='ocr_par' dir='ltr' id='par_1_12' title="bbox 462 1148 2046 1220">
     <span class='ocr_line' id='line_1_12' title="bbox 462 1148 2046 1220; baseline 0.004 -21"><span class='ocrx_word' id='word_1_70' title='bbox 462 1157 643 1217; x_wconf 87' lang='lat' dir='ltr'><strong>potest</strong></span> <span class='ocrx_word' id='word_1_71' title='bbox 670 1149 949 1219; x_wconf 88' lang='lat' dir='ltr'><strong>imaginari</strong></span> <span class='ocrx_word' id='word_1_72' title='bbox 979 1148 1330 1204; x_wconf 88' lang='lat' dir='ltr'><strong>similitudine</strong></span> <span class='ocrx_word' id='word_1_73' title='bbox 1354 1166 1447 1205; x_wconf 91' lang='lat' dir='ltr'><strong>seu</strong></span> <span class='ocrx_word' id='word_1_74' title='bbox 1477 1151 1832 1220; x_wconf 86' lang='lat' dir='ltr'><strong>apparitione,</strong></span> <span class='ocrx_word' id='word_1_75' title='bbox 1857 1167 1921 1206; x_wconf 90' lang='lat' dir='ltr'><strong>ac</strong></span> <span class='ocrx_word' id='word_1_76' title='bbox 1950 1167 2046 1220; x_wconf 89' lang='lat' dir='ltr'><strong>per</strong></span> 
     </span>
    </p>
   </div>
   <div class='ocr_carea' id='block_1_13' title="bbox 466 1238 2045 1312">
    <p class='ocr_par' dir='ltr' id='par_1_13' title="bbox 466 1238 2045 1312">
     <span class='ocr_line' id='line_1_13' title="bbox 466 1238 2045 1312; baseline 0.006 -22"><span class='ocrx_word' id='word_1_77' title='bbox 466 1238 568 1292; x_wconf 91' lang='lat' dir='ltr'><strong>hoc</strong></span> <span class='ocrx_word' id='word_1_78' title='bbox 597 1238 738 1291; x_wconf 88' lang='lat' dir='ltr'><strong>nulla</strong></span> <span class='ocrx_word' id='word_1_79' title='bbox 772 1239 1079 1307; x_wconf 89' lang='lat' dir='ltr'><strong>phantasia.</strong></span> <span class='ocrx_word' id='word_1_80' title='bbox 1113 1238 1392 1309; x_wconf 87' lang='lat' dir='ltr'><strong>Siquidem</strong></span> <span class='ocrx_word' id='word_1_81' title='bbox 1421 1241 1762 1310; x_wconf 88' lang='lat' dir='ltr'><strong>phantasiae,</strong></span> <span class='ocrx_word' id='word_1_82' title='bbox 1812 1259 1950 1312; x_wconf 88' lang='lat' dir='ltr'><strong>quae</strong></span> <span class='ocrx_word' id='word_1_83' title='bbox 1979 1244 2045 1299; x_wconf 91' lang='lat' dir='ltr'><strong>de</strong></span> 
     </span>
    </p>
   </div>
   <div class='ocr_carea' id='block_1_14' title="bbox 461 1330 2045 1403">
    <p class='ocr_par' dir='ltr' id='par_1_14' title="bbox 461 1330 2045 1403">
     <span class='ocr_line' id='line_1_14' title="bbox 461 1330 2045 1403; baseline 0.003 -20"><span class='ocrx_word' id='word_1_84' title='bbox 461 1330 612 1386; x_wconf 83' lang='lat' dir='ltr'><strong>falsis</strong></span> <span class='ocrx_word' id='word_1_85' title='bbox 637 1331 880 1400; x_wconf 86' lang='lat' dir='ltr'><strong>fictisque</strong></span> <span class='ocrx_word' id='word_1_86' title='bbox 910 1331 1230 1400; x_wconf 84' lang='lat' dir='ltr'><strong>corporibus</strong></span> <span class='ocrx_word' id='word_1_87' title='bbox 1256 1332 1650 1387; x_wconf 86' lang='lat' dir='ltr'><strong>immundorum</strong></span> <span class='ocrx_word' id='word_1_88' title='bbox 1679 1334 1963 1403; x_wconf 86' lang='lat' dir='ltr'><strong>spirituum</strong></span> <span class='ocrx_word' id='word_1_89' title='bbox 1991 1335 2045 1388; x_wconf 92' lang='lat' dir='ltr'><strong>in</strong></span> 
     </span>
    </p>
   </div>
   <div class='ocr_carea' id='block_1_15' title="bbox 465 1420 2046 1492">
    <p class='ocr_par' dir='ltr' id='par_1_15' title="bbox 465 1420 2046 1492">
     <span class='ocr_line' id='line_1_15' title="bbox 465 1420 2046 1492; baseline 0.001 -16"><span class='ocrx_word' id='word_1_90' title='bbox 465 1421 718 1476; x_wconf 86' lang='lat' dir='ltr'><strong>sensibus</strong></span> <span class='ocrx_word' id='word_1_91' title='bbox 748 1421 1056 1484; x_wconf 90' lang='lat' dir='ltr'><strong>hominum,</strong></span> <span class='ocrx_word' id='word_1_92' title='bbox 1095 1435 1230 1489; x_wconf 88' lang='lat' dir='ltr'><strong>quos</strong></span> <span class='ocrx_word' id='word_1_93' title='bbox 1259 1421 1542 1487; x_wconf 88' lang='lat' dir='ltr'><strong>deludunt,</strong></span> <span class='ocrx_word' id='word_1_94' title='bbox 1573 1420 1895 1492; x_wconf 75' lang='lat' dir='ltr'><strong>eﬂigiautur,</strong></span> <span class='ocrx_word' id='word_1_95' title='bbox 1925 1440 2046 1477; x_wconf 88' lang='lat' dir='ltr'><strong>um-</strong></span> 
     </span>
    </p>
   </div>
   <div class='ocr_carea' id='block_1_16' title="bbox 465 1511 2046 1583">
    <p class='ocr_par' dir='ltr' id='par_1_16' title="bbox 465 1511 2046 1583">
     <span class='ocr_line' id='line_1_16' title="bbox 465 1511 2046 1583; baseline 0.001 -18"><span class='ocrx_word' id='word_1_96' title='bbox 465 1512 590 1566; x_wconf 83' lang='lat' dir='ltr'><strong>brae</strong></span> <span class='ocrx_word' id='word_1_97' title='bbox 618 1513 835 1583; x_wconf 87' lang='lat' dir='ltr'><strong>proprie</strong></span> <span class='ocrx_word' id='word_1_98' title='bbox 870 1511 1218 1582; x_wconf 88' lang='lat' dir='ltr'><strong>appellandae</strong></span> <span class='ocrx_word' id='word_1_99' title='bbox 1264 1521 1412 1578; x_wconf 90' lang='lat' dir='ltr'><strong>sunt,</strong></span> <span class='ocrx_word' id='word_1_100' title='bbox 1452 1528 1557 1567; x_wconf 92' lang='lat' dir='ltr'><strong>non</strong></span> <span class='ocrx_word' id='word_1_101' title='bbox 1600 1524 1779 1568; x_wconf 87' lang='lat' dir='ltr'><strong>autem</strong></span> <span class='ocrx_word' id='word_1_102' title='bbox 1819 1514 2046 1582; x_wconf 85' lang='lat' dir='ltr'><strong>phanta-</strong></span> 
     </span>
    </p>
   </div>
   <div class='ocr_carea' id='block_1_17' title="bbox 461 1601 2043 1672">
    <p class='ocr_par' dir='ltr' id='par_1_17' title="bbox 461 1601 2043 1672">
     <span class='ocr_line' id='line_1_17' title="bbox 461 1601 2043 1672; baseline 0.001 -17"><span class='ocrx_word' id='word_1_103' title='bbox 461 1603 594 1656; x_wconf 79' lang='lat' dir='ltr'><strong>siae.</strong></span> <span class='ocrx_word' id='word_1_104' title='bbox 661 1603 803 1657; x_wconf 90' lang='lat' dir='ltr'><strong>Dtsc.</strong></span> <span class='ocrx_word' id='word_1_105' title='bbox 856 1601 1144 1656; x_wconf 85' lang='lat' dir='ltr'><strong>Phantasia</strong></span> <span class='ocrx_word' id='word_1_106' title='bbox 1197 1603 1360 1672; x_wconf 83' lang='lat' dir='ltr'><strong>igitur</strong></span> <span class='ocrx_word' id='word_1_107' title='bbox 1403 1602 1618 1671; x_wconf 88' lang='lat' dir='ltr'><strong>aliquod</strong></span> <span class='ocrx_word' id='word_1_108' title='bbox 1673 1604 1870 1658; x_wconf 87' lang='lat' dir='ltr'><strong>bonum</strong></span> <span class='ocrx_word' id='word_1_109' title='bbox 1922 1611 2043 1669; x_wconf 89' lang='lat' dir='ltr'><strong>cst,</strong></span> 
     </span>
    </p>
   </div>
   <div class='ocr_carea' id='block_1_18' title="bbox 457 1693 2040 1762">
    <p class='ocr_par' dir='ltr' id='par_1_18' title="bbox 457 1693 2040 1762">
     <span class='ocr_line' id='line_1_18' title="bbox 457 1693 2040 1762; baseline 0.002 -19"><span class='ocrx_word' id='word_1_110' title='bbox 457 1693 1092 1762; x_wconf 68' lang='lat' dir='ltr'><strong>quoniam‘naturalium</strong></span> <span class='ocrx_word' id='word_1_111' title='bbox 1148 1707 1330 1747; x_wconf 89' lang='lat' dir='ltr'><strong>rerum</strong></span> <span class='ocrx_word' id='word_1_112' title='bbox 1380 1693 1694 1762; x_wconf 81' lang='lat' dir='ltr'><strong>imaginatio</strong></span> <span class='ocrx_word' id='word_1_113' title='bbox 1746 1703 1848 1748; x_wconf 90' lang='lat' dir='ltr'><strong>est.</strong></span> <span class='ocrx_word' id='word_1_114' title='bbox 1903 1693 2040 1750; x_wconf 76' lang='lat' dir='ltr'><strong>MAG.</strong></span> 
     </span>
    </p>
   </div>
   <div class='ocr_carea' id='block_1_19' title="bbox 2146 519 3728 588">
    <p class='ocr_par' dir='ltr' id='par_1_19' title="bbox 2146 519 3728 588">
     <span class='ocr_line' id='line_1_19' title="bbox 2146 519 3728 588; baseline 0.001 -13"><span class='ocrx_word' id='word_1_115' title='bbox 2146 519 2441 575; x_wconf 89' lang='lat' dir='ltr'><strong>electorum</strong></span> <span class='ocrx_word' id='word_1_116' title='bbox 2457 519 2612 588; x_wconf 84' lang='lat' dir='ltr'><strong>juxta</strong></span> <span class='ocrx_word' id='word_1_117' title='bbox 2639 519 2947 576; x_wconf 90' lang='lat' dir='ltr'><strong>donationis</strong></span> <span class='ocrx_word' id='word_1_118' title='bbox 2971 536 3101 575; x_wconf 91' lang='lat' dir='ltr'><strong>suae</strong></span> <span class='ocrx_word' id='word_1_119' title='bbox 3129 519 3462 576; x_wconf 87' lang='lat' dir='ltr'><strong>altitudinem</strong></span> <span class='ocrx_word' id='word_1_120' title='bbox 3484 536 3728 578; x_wconf 55' lang='lat' dir='ltr'><strong>content.</strong></span> 
     </span>
    </p>
   </div>
   <div class='ocr_carea' id='block_1_20' title="bbox 2144 607 3724 678">
    <p class='ocr_par' dir='ltr' id='par_1_20' title="bbox 2144 607 3724 678">
     <span class='ocr_line' id='line_1_20' title="bbox 2144 607 3724 678; baseline 0.004 -17"><span class='ocrx_word' id='word_1_121' title='bbox 2144 608 2280 678; x_wconf 89' lang='lat' dir='ltr'><strong>plari</strong></span> <span class='ocrx_word' id='word_1_122' title='bbox 2321 624 2438 662; x_wconf 88' lang='lat' dir='ltr'><strong>eam</strong></span> <span class='ocrx_word' id='word_1_123' title='bbox 2481 611 2842 678; x_wconf 90' lang='lat' dir='ltr'><strong>permittetur.</strong></span> <span class='ocrx_word' id='word_1_124' title='bbox 2892 607 3148 676; x_wconf 85' lang='lat' dir='ltr'><strong>Quamvis</strong></span> <span class='ocrx_word' id='word_1_125' title='bbox 3191 611 3334 664; x_wconf 92' lang='lat' dir='ltr'><strong>enim</strong></span> <span class='ocrx_word' id='word_1_126' title='bbox 3386 625 3490 663; x_wconf 86' lang='lat' dir='ltr'><strong>non</strong></span> <span class='ocrx_word' id='word_1_127' title='bbox 3536 612 3724 666; x_wconf 85' lang='lat' dir='ltr'><strong>eodem</strong></span> 
     </span>
    </p>
   </div>
   <div class='ocr_carea' id='block_1_21' title="bbox 2147 699 3725 770">
    <p class='ocr_par' dir='ltr' id='par_1_21' title="bbox 2147 699 3725 770">
     <span class='ocr_line' id='line_1_21' title="bbox 2147 699 3725 770; baseline 0.004 -20"><span class='ocrx_word' id='word_1_128' title='bbox 2147 699 2324 763; x_wconf 91' lang='lat' dir='ltr'><strong>modo,</strong></span> <span class='ocrx_word' id='word_1_129' title='bbox 2375 699 2469 753; x_wconf 91' lang='lat' dir='ltr'><strong>sed</strong></span> <span class='ocrx_word' id='word_1_130' title='bbox 2519 700 2872 770; x_wconf 88' lang='lat' dir='ltr'><strong>multiplicius</strong></span> <span class='ocrx_word' id='word_1_131' title='bbox 2902 701 2952 753; x_wconf 93' lang='lat' dir='ltr'><strong>in</strong></span> <span class='ocrx_word' id='word_1_132' title='bbox 2987 700 3252 755; x_wconf 87' lang='lat' dir='ltr'><strong>infinitum</strong></span> <span class='ocrx_word' id='word_1_133' title='bbox 3303 701 3604 756; x_wconf 85' lang='lat' dir='ltr'><strong>divinarum</strong></span> <span class='ocrx_word' id='word_1_134' title='bbox 3645 705 3725 758; x_wconf 79' lang='lat' dir='ltr'><strong>vi-</strong></span> 
     </span>
    </p>
   </div>
   <div class='ocr_carea' id='block_1_22' title="bbox 2145 785 3725 854">
    <p class='ocr_par' dir='ltr' id='par_1_22' title="bbox 2145 785 3725 854">
     <span class='ocr_line' id='line_1_22' title="bbox 2145 785 3725 854; baseline 0.002 -15"><span class='ocrx_word' id='word_1_135' title='bbox 2145 785 2354 839; x_wconf 91' lang='lat' dir='ltr'><strong>sionum</strong></span> <span class='ocrx_word' id='word_1_136' title='bbox 2380 787 2788 840; x_wconf 83' lang='lat' dir='ltr'><strong>ascensionibus</strong></span> <span class='ocrx_word' id='word_1_137' title='bbox 2813 795 2866 838; x_wconf 88' lang='lat' dir='ltr'><strong>et</strong></span> <span class='ocrx_word' id='word_1_138' title='bbox 2890 785 3329 841; x_wconf 83' lang='lat' dir='ltr'><strong>descensionibus</strong></span> <span class='ocrx_word' id='word_1_139' title='bbox 3371 795 3424 840; x_wconf 91' lang='lat' dir='ltr'><strong>et</strong></span> <span class='ocrx_word' id='word_1_140' title='bbox 3449 789 3468 818; x_wconf 81' lang='grc'><strong>⁹</strong></span> <span class='ocrx_word' id='word_1_141' title='bbox 3486 785 3652 854; x_wconf 85' lang='lat' dir='ltr'><strong>justis</strong></span> <span class='ocrx_word' id='word_1_142' title='bbox 3672 796 3725 842; x_wconf 90' lang='lat' dir='ltr'><strong>et</strong></span> 
     </span>
    </p>
   </div>
   <div class='ocr_carea' id='block_1_23' title="bbox 2146 875 3721 948">
    <p class='ocr_par' dir='ltr' id='par_1_23' title="bbox 2146 875 3721 948">
     <span class='ocr_line' id='line_1_23' title="bbox 2146 875 3721 948; baseline -0.001 -16"><span class='ocrx_word' id='word_1_143' title='bbox 2146 877 2366 948; x_wconf 71' lang='lat' dir='ltr'><strong>iniustis</strong></span> <span class='ocrx_word' id='word_1_144' title='bbox 2419 875 2464 908; x_wconf 83' lang='grc'>¹⁶</span> <span class='ocrx_word' id='word_1_145' title='bbox 2525 877 2824 946; x_wconf 87' lang='lat' dir='ltr'><strong>apparebit,</strong></span> <span class='ocrx_word' id='word_1_146' title='bbox 2873 877 3124 930; x_wconf 90' lang='lat' dir='ltr'><strong>omnibus</strong></span> <span class='ocrx_word' id='word_1_147' title='bbox 3175 884 3354 930; x_wconf 86' lang='lat' dir='ltr'><strong>tamen</strong></span> <span class='ocrx_word' id='word_1_148' title='bbox 3405 877 3721 946; x_wconf 82' lang='lat' dir='ltr'><strong>apparebit,</strong></span> 
     </span>
    </p>
   </div>
   <div class='ocr_carea' id='block_1_24' title="bbox 2145 956 3721 1036">
    <p class='ocr_par' dir='ltr' id='par_1_24' title="bbox 2145 956 3721 1036">
     <span class='ocr_line' id='line_1_24' title="bbox 2145 956 3721 1036; baseline 0.001 -18"><span class='ocrx_word' id='word_1_149' title='bbox 2145 969 2363 1036; x_wconf 91' lang='lat' dir='ltr'><strong>quando</strong></span> <span class='ocrx_word' id='word_1_150' title='bbox 2394 967 2445 1020; x_wconf 90' lang='lat' dir='ltr'><strong>in</strong></span> <span class='ocrx_word' id='word_1_151' title='bbox 2479 968 2731 1021; x_wconf 90' lang='lat' dir='ltr'><strong>omnibus</strong></span> <span class='ocrx_word' id='word_1_152' title='bbox 2762 956 2994 1034; x_wconf 86' lang='lat' dir='ltr'><strong>injustis,</strong></span> <span class='ocrx_word' id='word_1_153' title='bbox 3025 965 3136 1020; x_wconf 87' lang='lat' dir='ltr'><strong>sola</strong></span> <span class='ocrx_word' id='word_1_154' title='bbox 3165 966 3423 1036; x_wconf 80' lang='lat' dir='ltr'><strong>injustitia</strong></span> <span class='ocrx_word' id='word_1_155' title='bbox 3455 968 3644 1036; x_wconf 84' lang='lat' dir='ltr'><strong>punita</strong></span> <span class='ocrx_word' id='word_1_156' title='bbox 3671 977 3721 1022; x_wconf 86' lang='lat' dir='ltr'><strong>et</strong></span> 
     </span>
    </p>
   </div>
   <div class='ocr_carea' id='block_1_25' title="bbox 2147 1056 3722 1127">
    <p class='ocr_par' dir='ltr' id='par_1_25' title="bbox 2147 1056 3722 1127">
     <span class='ocr_line' id='line_1_25' title="bbox 2147 1056 3722 1127; baseline 0.001 -16"><span class='ocrx_word' id='word_1_157' title='bbox 2147 1057 2486 1126; x_wconf 85' lang='lat' dir='ltr'><strong>interempta,</strong></span> <span class='ocrx_word' id='word_1_158' title='bbox 2517 1057 2628 1125; x_wconf 91' lang='lat' dir='ltr'><strong>ipsa</strong></span> <span class='ocrx_word' id='word_1_159' title='bbox 2662 1067 2888 1126; x_wconf 85' lang='lat' dir='ltr'><strong>purgata</strong></span> <span class='ocrx_word' id='word_1_160' title='bbox 2932 1065 2987 1110; x_wconf 91' lang='lat' dir='ltr'><strong>et</strong></span> <span class='ocrx_word' id='word_1_161' title='bbox 3031 1056 3353 1111; x_wconf 87' lang='lat' dir='ltr'><strong>intemerata</strong></span> <span class='ocrx_word' id='word_1_162' title='bbox 3404 1057 3722 1127; x_wconf 86' lang='lat' dir='ltr'><strong>relinquitur</strong></span> 
     </span>
    </p>
   </div>
   <div class='ocr_carea' id='block_1_26' title="bbox 2149 1146 3721 1217">
    <p class='ocr_par' dir='ltr' id='par_1_26' title="bbox 2149 1146 3721 1217">
     <span class='ocr_line' id='line_1_26' title="bbox 2149 1146 3721 1217; baseline 0.002 -17"><span class='ocrx_word' id='word_1_163' title='bbox 2149 1158 2357 1210; x_wconf 88' lang='lat' dir='ltr'><strong>natura,</strong></span> <span class='ocrx_word' id='word_1_164' title='bbox 2391 1147 2443 1200; x_wconf 92' lang='lat' dir='ltr'><strong>in</strong></span> <span class='ocrx_word' id='word_1_165' title='bbox 2493 1147 2637 1216; x_wconf 89' lang='lat' dir='ltr'><strong>ipsos</strong></span> <span class='ocrx_word' id='word_1_166' title='bbox 2675 1147 2892 1217; x_wconf 87' lang='lat' dir='ltr'><strong>gradus,</strong></span> <span class='ocrx_word' id='word_1_167' title='bbox 2939 1147 3008 1201; x_wconf 89' lang='lat' dir='ltr'><strong>de</strong></span> <span class='ocrx_word' id='word_1_168' title='bbox 3051 1146 3248 1216; x_wconf 88' lang='lat' dir='ltr'><strong>quibus</strong></span> <span class='ocrx_word' id='word_1_169' title='bbox 3295 1149 3570 1216; x_wconf 87' lang='lat' dir='ltr'><strong>peccando</strong></span> <span class='ocrx_word' id='word_1_170' title='bbox 3607 1164 3721 1204; x_wconf 49' lang='lat' dir='ltr'><strong>cors</strong></span> 
     </span>
    </p>
   </div>
   <div class='ocr_carea' id='block_1_27' title="bbox 2147 1239 3722 1308">
    <p class='ocr_par' dir='ltr' id='par_1_27' title="bbox 2147 1239 3722 1308">
     <span class='ocr_line' id='line_1_27' title="bbox 2147 1239 3722 1308; baseline 0.004 -16"><span class='ocrx_word' id='word_1_171' title='bbox 2147 1246 2351 1301; x_wconf 86' lang='lat' dir='ltr'><strong>ruerat,</strong></span> <span class='ocrx_word' id='word_1_172' title='bbox 2387 1253 2694 1292; x_wconf 82' lang='lat' dir='ltr'><strong>reversura.</strong></span> <span class='ocrx_word' id='word_1_173' title='bbox 2728 1239 2803 1292; x_wconf 91' lang='lat' dir='ltr'><strong>De</strong></span> <span class='ocrx_word' id='word_1_174' title='bbox 2836 1254 2941 1307; x_wconf 88' lang='lat' dir='ltr'><strong>quo</strong></span> <span class='ocrx_word' id='word_1_175' title='bbox 2965 1239 3139 1293; x_wconf 88' lang='lat' dir='ltr'><strong>reditu</strong></span> <span class='ocrx_word' id='word_1_176' title='bbox 3163 1240 3307 1308; x_wconf 89' lang='lat' dir='ltr'><strong>quod</strong></span> <span class='ocrx_word' id='word_1_177' title='bbox 3331 1250 3523 1305; x_wconf 78' lang='lat' dir='ltr'><strong>restat,</strong></span> <span class='ocrx_word' id='word_1_178' title='bbox 3550 1242 3722 1298; x_wconf 86' lang='lat' dir='ltr'><strong>discu-</strong></span> 
     </span>
    </p>
   </div>
   <div class='ocr_carea' id='block_1_28' title="bbox 2148 1318 3720 1399">
    <p class='ocr_par' dir='ltr' id='par_1_28' title="bbox 2148 1318 3720 1399">
     <span class='ocr_line' id='line_1_28' title="bbox 2148 1318 3720 1399; baseline 0.003 -16"><span class='ocrx_word' id='word_1_179' title='bbox 2148 1330 2312 1384; x_wconf 90' lang='lat' dir='ltr'><strong>tiendi</strong></span> <span class='ocrx_word' id='word_1_180' title='bbox 2341 1340 2552 1399; x_wconf 88' lang='lat' dir='ltr'><strong>tempus</strong></span> <span class='ocrx_word' id='word_1_181' title='bbox 2580 1339 2682 1385; x_wconf 92' lang='lat' dir='ltr'><strong>est.</strong></span> <span class='ocrx_word' id='word_1_182' title='bbox 2718 1332 2863 1385; x_wconf 90' lang='lat' dir='ltr'><strong>Dtsc.</strong></span> <span class='ocrx_word' id='word_1_183' title='bbox 2888 1329 3123 1396; x_wconf 89' lang='lat' dir='ltr'><strong>Tempus</strong></span> <span class='ocrx_word' id='word_1_184' title='bbox 3147 1318 3323 1399; x_wconf 83' lang='lat' dir='ltr'><strong>plane.</strong></span> <span class='ocrx_word' id='word_1_185' title='bbox 3354 1329 3512 1386; x_wconf 87' lang='lat' dir='ltr'><strong>Prius</strong></span> <span class='ocrx_word' id='word_1_186' title='bbox 3544 1341 3720 1388; x_wconf 88' lang='lat' dir='ltr'><strong>tamen</strong></span> 
     </span>
    </p>
   </div>
   <div class='ocr_carea' id='block_1_29' title="bbox 2148 1419 3722 1492">
    <p class='ocr_par' dir='ltr' id='par_1_29' title="bbox 2148 1419 3722 1492">
     <span class='ocr_line' id='line_1_29' title="bbox 2148 1419 3722 1492; baseline 0.001 -18"><span class='ocrx_word' id='word_1_187' title='bbox 2148 1434 2372 1474; x_wconf 89' lang='lat' dir='ltr'><strong>noscere</strong></span> <span class='ocrx_word' id='word_1_188' title='bbox 2403 1420 2584 1484; x_wconf 82' lang='lat' dir='ltr'><strong>velim,</strong></span> <span class='ocrx_word' id='word_1_189' title='bbox 2631 1421 2886 1490; x_wconf 85' lang='lat' dir='ltr'><strong>quoniam</strong></span> <span class='ocrx_word' id='word_1_190' title='bbox 2933 1434 3018 1473; x_wconf 89' lang='lat' dir='ltr'><strong>me</strong></span> <span class='ocrx_word' id='word_1_191' title='bbox 3048 1419 3202 1474; x_wconf 83' lang='lat' dir='ltr'><strong>valde</strong></span> <span class='ocrx_word' id='word_1_192' title='bbox 3240 1421 3544 1490; x_wconf 89' lang='lat' dir='ltr'><strong>perturbat,</strong></span> <span class='ocrx_word' id='word_1_193' title='bbox 3586 1439 3722 1492; x_wconf 88' lang='lat' dir='ltr'><strong>quo-</strong></span> 
     </span>
    </p>
   </div>
   <div class='ocr_carea' id='block_1_30' title="bbox 2147 1511 3718 1576">
    <p class='ocr_par' dir='ltr' id='par_1_30' title="bbox 2147 1511 3718 1576">
     <span class='ocr_line' id='line_1_30' title="bbox 2147 1511 3718 1576; baseline 0 -10"><span class='ocrx_word' id='word_1_194' title='bbox 2147 1512 2306 1566; x_wconf 91' lang='lat' dir='ltr'><strong>modo</strong></span> <span class='ocrx_word' id='word_1_195' title='bbox 2343 1512 2672 1566; x_wconf 86' lang='lat' dir='ltr'><strong>universitas</strong></span> <span class='ocrx_word' id='word_1_196' title='bbox 2715 1522 3034 1565; x_wconf 88' lang='lat' dir='ltr'><strong>naturarum</strong></span> <span class='ocrx_word' id='word_1_197' title='bbox 3081 1511 3340 1576; x_wconf 88' lang='lat' dir='ltr'><strong>omnium,</strong></span> <span class='ocrx_word' id='word_1_198' title='bbox 3372 1514 3416 1563; x_wconf 89' lang='lat' dir='ltr'><strong>si</strong></span> <span class='ocrx_word' id='word_1_199' title='bbox 3461 1511 3515 1565; x_wconf 92' lang='lat' dir='ltr'><strong>in</strong></span> <span class='ocrx_word' id='word_1_200' title='bbox 3556 1511 3718 1566; x_wconf 85' lang='lat' dir='ltr'><strong>Deum</strong></span> 
     </span>
    </p>
   </div>
   <div class='ocr_carea' id='block_1_31' title="bbox 2148 1600 3721 1670">
    <p class='ocr_par' dir='ltr' id='par_1_31' title="bbox 2148 1600 3721 1670">
     <span class='ocr_line' id='line_1_31' title="bbox 2148 1600 3721 1670; baseline 0 -15"><span class='ocrx_word' id='word_1_201' title='bbox 2148 1617 2427 1657; x_wconf 87' lang='lat' dir='ltr'><strong>reversura</strong></span> <span class='ocrx_word' id='word_1_202' title='bbox 2458 1611 2574 1666; x_wconf 85' lang='lat' dir='ltr'><strong>est,</strong></span> <span class='ocrx_word' id='word_1_203' title='bbox 2625 1601 2731 1655; x_wconf 91' lang='lat' dir='ltr'><strong>ulla</strong></span> <span class='ocrx_word' id='word_1_204' title='bbox 2759 1601 3018 1670; x_wconf 87' lang='lat' dir='ltr'><strong>supplicia</strong></span> <span class='ocrx_word' id='word_1_205' title='bbox 3046 1600 3188 1654; x_wconf 88' lang='lat' dir='ltr'><strong>intra</strong></span> <span class='ocrx_word' id='word_1_206' title='bbox 3229 1615 3288 1655; x_wconf 91' lang='lat' dir='ltr'><strong>se</strong></span> <span class='ocrx_word' id='word_1_207' title='bbox 3316 1600 3585 1655; x_wconf 88' lang='lat' dir='ltr'><strong>contineri</strong></span> <span class='ocrx_word' id='word_1_208' title='bbox 3633 1617 3721 1670; x_wconf 86' lang='lat' dir='ltr'><strong>pa-</strong></span> 
     </span>
    </p>
   </div>
   <div class='ocr_carea' id='block_1_32' title="bbox 2149 1691 3721 1765">
    <p class='ocr_par' dir='ltr' id='par_1_32' title="bbox 2149 1691 3721 1765">
     <span class='ocr_line' id='line_1_32' title="bbox 2149 1691 3721 1765; baseline 0 -20"><span class='ocrx_word' id='word_1_209' title='bbox 2149 1691 2332 1746; x_wconf 90' lang='lat' dir='ltr'><strong>tietur.</strong></span> <span class='ocrx_word' id='word_1_210' title='bbox 2363 1691 2479 1746; x_wconf 80' lang='lat' dir='ltr'><strong>Non</strong></span> <span class='ocrx_word' id='word_1_211' title='bbox 2526 1691 2669 1747; x_wconf 90' lang='lat' dir='ltr'><strong>enim</strong></span> <span class='ocrx_word' id='word_1_212' title='bbox 2699 1691 3017 1760; x_wconf 86' lang='lat' dir='ltr'><strong>supplicium</strong></span> <span class='ocrx_word' id='word_1_213' title='bbox 3058 1691 3110 1765; x_wconf 87' lang='lat' dir='ltr'><strong>in</strong></span> <span class='ocrx_word' id='word_1_214' title='bbox 3163 1692 3272 1747; x_wconf 91' lang='lat' dir='ltr'><strong>Deo</strong></span> <span class='ocrx_word' id='word_1_215' title='bbox 3311 1706 3431 1746; x_wconf 85' lang='lat' dir='ltr'><strong>esse</strong></span> <span class='ocrx_word' id='word_1_216' title='bbox 3467 1691 3721 1746; x_wconf 85' lang='lat' dir='ltr'><strong>credibile</strong></span> 
     </span>
    </p>
   </div>
   <div class='ocr_carea' id='block_1_33' title="bbox 460 1782 3718 1854">
    <p class='ocr_par' dir='ltr' id='par_1_33' title="bbox 460 1782 3718 1854">
     <span class='ocr_line' id='line_1_33' title="bbox 460 1782 3718 1854; baseline -0.001 -16"><span class='ocrx_word' id='word_1_217' title='bbox 460 1782 593 1838; x_wconf 88' lang='lat' dir='ltr'><strong>lllud</strong></span> <span class='ocrx_word' id='word_1_218' title='bbox 631 1797 828 1853; x_wconf 90' lang='lat' dir='ltr'><strong>negare</strong></span> <span class='ocrx_word' id='word_1_219' title='bbox 861 1798 963 1836; x_wconf 92' lang='lat' dir='ltr'><strong>non</strong></span> <span class='ocrx_word' id='word_1_220' title='bbox 991 1797 1212 1852; x_wconf 91' lang='lat' dir='ltr'><strong>possum</strong></span> <span class='ocrx_word' id='word_1_221' title='bbox 1246 1797 1261 1836; x_wconf 92' lang='lat'><strong>:</strong></span> <span class='ocrx_word' id='word_1_222' title='bbox 1297 1798 1457 1837; x_wconf 90' lang='lat' dir='ltr'><strong>omne</strong></span> <span class='ocrx_word' id='word_1_223' title='bbox 1485 1783 1776 1853; x_wconf 89' lang='lat' dir='ltr'><strong>siquidem,</strong></span> <span class='ocrx_word' id='word_1_224' title='bbox 1801 1786 1944 1853; x_wconf 91' lang='lat' dir='ltr'><strong>quod</strong></span> <span class='ocrx_word' id='word_1_225' title='bbox 1969 1801 2034 1839; x_wconf 83' lang='lat' dir='ltr'><strong>ex</strong></span> <span class='ocrx_word' id='word_1_226' title='bbox 2066 1783 2111 1842; x_wconf 84' lang='grc' dir='ltr'><strong>Β</strong></span> <span class='ocrx_word' id='word_1_227' title='bbox 2139 1793 2241 1839; x_wconf 90' lang='lat' dir='ltr'><strong>est.</strong></span> <span class='ocrx_word' id='word_1_228' title='bbox 2282 1783 2422 1840; x_wconf 71' lang='lat' dir='ltr'><strong>MAG.</strong></span> <span class='ocrx_word' id='word_1_229' title='bbox 2465 1784 2561 1839; x_wconf 91' lang='lat' dir='ltr'><strong>Dic</strong></span> <span class='ocrx_word' id='word_1_230' title='bbox 2589 1800 2814 1854; x_wconf 88' lang='lat' dir='ltr'><strong>quaeso,</strong></span> <span class='ocrx_word' id='word_1_231' title='bbox 2866 1800 2994 1838; x_wconf 90' lang='lat' dir='ltr'><strong>num</strong></span> <span class='ocrx_word' id='word_1_232' title='bbox 3039 1799 3223 1848; x_wconf 88' lang='lat' dir='ltr'><strong>omne,</strong></span> <span class='ocrx_word' id='word_1_233' title='bbox 3256 1783 3397 1852; x_wconf 91' lang='lat' dir='ltr'><strong>quod</strong></span> <span class='ocrx_word' id='word_1_234' title='bbox 3435 1782 3631 1837; x_wconf 88' lang='lat' dir='ltr'><strong>inferni</strong></span> <span class='ocrx_word' id='word_1_235' title='bbox 3671 1791 3718 1836; x_wconf 88' lang='lat' dir='ltr'><strong>et</strong></span> 
     </span>
    </p>
   </div>
   <div class='ocr_carea' id='block_1_34' title="bbox 460 1874 2038 1944">
    <p class='ocr_par' dir='ltr' id='par_1_34' title="bbox 460 1874 2038 1944">
     <span class='ocr_line' id='line_1_34' title="bbox 460 1874 2038 1944; baseline 0.001 -16"><span class='ocrx_word' id='word_1_236' title='bbox 460 1874 794 1928; x_wconf 84' lang='lat' dir='ltr'><strong>naturalibus</strong></span> <span class='ocrx_word' id='word_1_237' title='bbox 825 1875 1000 1929; x_wconf 89' lang='lat' dir='ltr'><strong>causis</strong></span> <span class='ocrx_word' id='word_1_238' title='bbox 1030 1875 1228 1940; x_wconf 89' lang='lat' dir='ltr'><strong>oritur,</strong></span> <span class='ocrx_word' id='word_1_239' title='bbox 1259 1875 1462 1930; x_wconf 88' lang='lat' dir='ltr'><strong>bonum</strong></span> <span class='ocrx_word' id='word_1_240' title='bbox 1510 1892 1631 1932; x_wconf 90' lang='lat' dir='ltr'><strong>esse</strong></span> <span class='ocrx_word' id='word_1_241' title='bbox 1673 1892 1776 1930; x_wconf 90' lang='lat' dir='ltr'><strong>non</strong></span> <span class='ocrx_word' id='word_1_242' title='bbox 1809 1877 2038 1944; x_wconf 79' lang='lat' dir='ltr'><strong>denega-</strong></span> 
     </span>
    </p>
   </div>
   <div class='ocr_carea' id='block_1_35' title="bbox 461 1964 2032 2038">
    <p class='ocr_par' dir='ltr' id='par_1_35' title="bbox 461 1964 2032 2038">
     <span class='ocr_line' id='line_1_35' title="bbox 461 1964 2032 2038; baseline 0.004 -20"><span class='ocrx_word' id='word_1_243' title='bbox 461 1974 566 2019; x_wconf 91' lang='lat' dir='ltr'><strong>tur.</strong></span> <span class='ocrx_word' id='word_1_244' title='bbox 602 1964 748 2019; x_wconf 85' lang='lat' dir='ltr'><strong>Dtsc.</strong></span> <span class='ocrx_word' id='word_1_245' title='bbox 780 1965 963 2020; x_wconf 82' lang='lat' dir='ltr'><strong>Puniri</strong></span> <span class='ocrx_word' id='word_1_246' title='bbox 994 1981 1125 2036; x_wconf 82' lang='lat' dir='ltr'><strong>ergo</strong></span> <span class='ocrx_word' id='word_1_247' title='bbox 1172 1968 1370 2021; x_wconf 93' lang='lat' dir='ltr'><strong>bonum</strong></span> <span class='ocrx_word' id='word_1_248' title='bbox 1411 1983 1567 2037; x_wconf 91' lang='lat' dir='ltr'><strong>posse</strong></span> <span class='ocrx_word' id='word_1_249' title='bbox 1609 1970 1820 2038; x_wconf 87' lang='lat' dir='ltr'><strong>cogeris</strong></span> <span class='ocrx_word' id='word_1_250' title='bbox 1858 1970 2032 2025; x_wconf 88' lang='lat' dir='ltr'><strong>fateri.</strong></span> 
     </span>
    </p>
   </div>
   <div class='ocr_carea' id='block_1_36' title="bbox 464 2054 2036 2131">
    <p class='ocr_par' dir='ltr' id='par_1_36' title="bbox 464 2054 2036 2131">
     <span class='ocr_line' id='line_1_36' title="bbox 464 2054 2036 2131; baseline 0.003 -21"><span class='ocrx_word' id='word_1_251' title='bbox 464 2054 653 2110; x_wconf 78' lang='lat' dir='ltr'><strong>Dixisti</strong></span> <span class='ocrx_word' id='word_1_252' title='bbox 681 2056 846 2121; x_wconf 91' lang='lat' dir='ltr'><strong>enim,</strong></span> <span class='ocrx_word' id='word_1_253' title='bbox 877 2071 1056 2111; x_wconf 90' lang='lat' dir='ltr'><strong>rerum</strong></span> <span class='ocrx_word' id='word_1_254' title='bbox 1083 2058 1457 2128; x_wconf 89' lang='lat' dir='ltr'><strong>temporalium</strong></span> <span class='ocrx_word' id='word_1_255' title='bbox 1498 2061 1810 2128; x_wconf 87' lang='lat' dir='ltr'><strong>phantasias</strong></span> <span class='ocrx_word' id='word_1_256' title='bbox 1835 2062 2036 2131; x_wconf 84' lang='lat' dir='ltr'><strong>suppli-</strong></span> 
     </span>
    </p>
   </div>
   <div class='ocr_carea' id='block_1_37' title="bbox 459 2147 2036 2211">
    <p class='ocr_par' dir='ltr' id='par_1_37' title="bbox 459 2147 2036 2211">
     <span class='ocr_line' id='line_1_37' title="bbox 459 2147 2036 2211; baseline 0.003 -9"><span class='ocrx_word' id='word_1_257' title='bbox 459 2147 560 2202; x_wconf 89' lang='lat' dir='ltr'><strong>ciis</strong></span> <span class='ocrx_word' id='word_1_258' title='bbox 603 2148 838 2211; x_wconf 79' lang='lat' dir='ltr'><strong>aeternis</strong></span> <span class='ocrx_word' id='word_1_259' title='bbox 872 2163 991 2203; x_wconf 90' lang='lat' dir='ltr'><strong>esse</strong></span> <span class='ocrx_word' id='word_1_260' title='bbox 1025 2150 1042 2180; x_wconf 82' lang='grc'>¹</span> <span class='ocrx_word' id='word_1_261' title='bbox 1077 2149 1496 2204; x_wconf 87' lang='lat' dir='ltr'><strong>distribuendas.</strong></span> <span class='ocrx_word' id='word_1_262' title='bbox 1539 2150 1676 2206; x_wconf 76' lang='lat' dir='ltr'><strong>MAG.</strong></span> <span class='ocrx_word' id='word_1_263' title='bbox 1702 2150 2036 2206; x_wconf 83' lang='lat' dir='ltr'><strong>Nullateuus.</strong></span> 
     </span>
    </p>
   </div>
   <div class='ocr_carea' id='block_1_38' title="bbox 459 2236 2036 2312">
    <p class='ocr_par' dir='ltr' id='par_1_38' title="bbox 459 2236 2036 2312">
     <span class='ocr_line' id='line_1_38' title="bbox 459 2236 2036 2312; baseline 0.004 -21"><span class='ocrx_word' id='word_1_264' title='bbox 459 2236 574 2291; x_wconf 84' lang='lat' dir='ltr'><strong>Non</strong></span> <span class='ocrx_word' id='word_1_265' title='bbox 590 2239 733 2292; x_wconf 91' lang='lat' dir='ltr'><strong>enim</strong></span> <span class='ocrx_word' id='word_1_266' title='bbox 756 2238 886 2301; x_wconf 87' lang='lat' dir='ltr'><strong>dixi,</strong></span> <span class='ocrx_word' id='word_1_267' title='bbox 902 2239 1045 2308; x_wconf 88' lang='lat' dir='ltr'><strong>ipsas</strong></span> <span class='ocrx_word' id='word_1_268' title='bbox 1066 2240 1379 2308; x_wconf 90' lang='lat' dir='ltr'><strong>phantasias</strong></span> <span class='ocrx_word' id='word_1_269' title='bbox 1393 2241 1667 2310; x_wconf 91' lang='lat' dir='ltr'><strong>suppliciis</strong></span> <span class='ocrx_word' id='word_1_270' title='bbox 1692 2244 2036 2312; x_wconf 74' lang='lat' dir='ltr'><strong>torquendus,</strong></span> 
     </span>
    </p>
   </div>
   <div class='ocr_carea' id='block_1_39' title="bbox 455 2328 2040 2400">
    <p class='ocr_par' dir='ltr' id='par_1_39' title="bbox 455 2328 2040 2400">
     <span class='ocr_line' id='line_1_39' title="bbox 455 2328 2040 2400; baseline 0.002 -17"><span class='ocrx_word' id='word_1_271' title='bbox 455 2329 549 2383; x_wconf 87' lang='lat' dir='ltr'><strong>sed</strong></span> <span class='ocrx_word' id='word_1_272' title='bbox 577 2328 630 2382; x_wconf 92' lang='lat' dir='ltr'><strong>in</strong></span> <span class='ocrx_word' id='word_1_273' title='bbox 655 2328 786 2397; x_wconf 86' lang='lat' dir='ltr'><strong>ipsis</strong></span> <span class='ocrx_word' id='word_1_274' title='bbox 818 2329 1215 2384; x_wconf 89' lang='lat' dir='ltr'><strong>irrationabiles</strong></span> <span class='ocrx_word' id='word_1_275' title='bbox 1242 2340 1420 2385; x_wconf 83' lang='lat' dir='ltr'><strong>motus</strong></span> <span class='ocrx_word' id='word_1_276' title='bbox 1448 2346 1828 2400; x_wconf 88' lang='lat' dir='ltr'><strong>perversarum</strong></span> <span class='ocrx_word' id='word_1_277' title='bbox 1857 2331 2040 2386; x_wconf 89' lang='lat' dir='ltr'><strong>volun-</strong></span> 
     </span>
    </p>
   </div>
   <div class='ocr_carea' id='block_1_40' title="bbox 457 2418 2040 2492">
    <p class='ocr_par' dir='ltr' id='par_1_40' title="bbox 457 2418 2040 2492">
     <span class='ocr_line' id='line_1_40' title="bbox 457 2418 2040 2492; baseline 0.004 -20"><span class='ocrx_word' id='word_1_278' title='bbox 457 2427 626 2472; x_wconf 88' lang='lat' dir='ltr'><strong>tatum</strong></span> <span class='ocrx_word' id='word_1_279' title='bbox 649 2418 923 2489; x_wconf 90' lang='lat' dir='ltr'><strong>suppliciis</strong></span> <span class='ocrx_word' id='word_1_280' title='bbox 950 2420 1183 2474; x_wconf 88' lang='lat' dir='ltr'><strong>aeternis</strong></span> <span class='ocrx_word' id='word_1_281' title='bbox 1206 2421 1544 2492; x_wconf 87' lang='lat' dir='ltr'><strong>subigendos.</strong></span> <span class='ocrx_word' id='word_1_282' title='bbox 1569 2422 2040 2478; x_wconf 85' lang='lat' dir='ltr'><strong>Consideravimus</strong></span> 
     </span>
    </p>
   </div>
   <div class='ocr_carea' id='block_1_41' title="bbox 456 2509 2038 2581">
    <p class='ocr_par' dir='ltr' id='par_1_41' title="bbox 456 2509 2038 2581">
     <span class='ocr_line' id='line_1_41' title="bbox 456 2509 2038 2581; baseline 0.004 -21"><span class='ocrx_word' id='word_1_283' title='bbox 456 2510 622 2573; x_wconf 89' lang='lat' dir='ltr'><strong>enim,</strong></span> <span class='ocrx_word' id='word_1_284' title='bbox 651 2509 794 2579; x_wconf 92' lang='lat' dir='ltr'><strong>quod</strong></span> <span class='ocrx_word' id='word_1_285' title='bbox 815 2524 923 2562; x_wconf 89' lang='lat' dir='ltr'><strong>non</strong></span> <span class='ocrx_word' id='word_1_286' title='bbox 952 2519 1054 2574; x_wconf 93' lang='lat' dir='ltr'><strong>est,</strong></span> <span class='ocrx_word' id='word_1_287' title='bbox 1083 2525 1189 2563; x_wconf 93' lang='lat' dir='ltr'><strong>non</strong></span> <span class='ocrx_word' id='word_1_288' title='bbox 1217 2525 1376 2578; x_wconf 87' lang='lat' dir='ltr'><strong>posse</strong></span> <span class='ocrx_word' id='word_1_289' title='bbox 1401 2511 1600 2580; x_wconf 91' lang='lat' dir='ltr'><strong>puniri,</strong></span> <span class='ocrx_word' id='word_1_290' title='bbox 1645 2512 1747 2566; x_wconf 90' lang='lat' dir='ltr'><strong>nisi</strong></span> <span class='ocrx_word' id='word_1_291' title='bbox 1779 2512 1830 2565; x_wconf 92' lang='lat' dir='ltr'><strong>in</strong></span> <span class='ocrx_word' id='word_1_292' title='bbox 1856 2511 2038 2581; x_wconf 87' lang='lat' dir='ltr'><strong>aliquo</strong></span> 
     </span>
    </p>
   </div>
   <div class='ocr_carea' id='block_1_42' title="bbox 456 2597 2036 2670">
    <p class='ocr_par' dir='ltr' id='par_1_42' title="bbox 456 2597 2036 2670">
     <span class='ocr_line' id='line_1_42' title="bbox 456 2597 2036 2670; baseline 0.003 -19"><span class='ocrx_word' id='word_1_293' title='bbox 456 2597 619 2662; x_wconf 88' lang='lat' dir='ltr'><strong>hono,</strong></span> <span class='ocrx_word' id='word_1_294' title='bbox 651 2598 792 2665; x_wconf 86' lang='lat' dir='ltr'><strong>quod</strong></span> <span class='ocrx_word' id='word_1_295' title='bbox 826 2607 928 2652; x_wconf 90' lang='lat' dir='ltr'><strong>est.</strong></span> <span class='ocrx_word' id='word_1_296' title='bbox 960 2599 1102 2653; x_wconf 80' lang='lat' dir='ltr'><strong>DISC.</strong></span> <span class='ocrx_word' id='word_1_297' title='bbox 1139 2598 1483 2665; x_wconf 83' lang='lat' dir='ltr'><strong>Recordaris,</strong></span> <span class='ocrx_word' id='word_1_298' title='bbox 1516 2609 1573 2654; x_wconf 92' lang='lat' dir='ltr'><strong>ut</strong></span> <span class='ocrx_word' id='word_1_299' title='bbox 1601 2602 1816 2670; x_wconf 86' lang='lat' dir='ltr'><strong>opinor,</strong></span> <span class='ocrx_word' id='word_1_300' title='bbox 1848 2618 2036 2670; x_wconf 87' lang='lat' dir='ltr'><strong>supra-</strong></span> 
     </span>
    </p>
   </div>
   <div class='ocr_carea' id='block_1_43' title="bbox 460 2688 2036 2761">
    <p class='ocr_par' dir='ltr' id='par_1_43' title="bbox 460 2688 2036 2761">
     <span class='ocr_line' id='line_1_43' title="bbox 460 2688 2036 2761; baseline 0.004 -20"><span class='ocrx_word' id='word_1_301' title='bbox 460 2688 640 2742; x_wconf 79' lang='lat' dir='ltr'><strong>dictae</strong></span> <span class='ocrx_word' id='word_1_302' title='bbox 683 2689 1110 2745; x_wconf 89' lang='lat' dir='ltr'><strong>ratiocinationis</strong></span> <span class='ocrx_word' id='word_1_303' title='bbox 1149 2701 1293 2756; x_wconf 89' lang='lat' dir='ltr'><strong>tuae,</strong></span> <span class='ocrx_word' id='word_1_304' title='bbox 1338 2707 1442 2761; x_wconf 91' lang='lat' dir='ltr'><strong>qua</strong></span> <span class='ocrx_word' id='word_1_305' title='bbox 1493 2694 1869 2747; x_wconf 89' lang='lat' dir='ltr'><strong>incunctanter</strong></span> <span class='ocrx_word' id='word_1_306' title='bbox 1908 2709 2036 2748; x_wconf 88' lang='lat' dir='ltr'><strong>con-</strong></span> 
     </span>
    </p>
   </div>
   <div class='ocr_carea' id='block_1_44' title="bbox 456 2769 2035 2851">
    <p class='ocr_par' dir='ltr' id='par_1_44' title="bbox 456 2769 2035 2851">
     <span class='ocr_line' id='line_1_44' title="bbox 456 2769 2035 2851; baseline 0.004 -20"><span class='ocrx_word' id='word_1_307' title='bbox 456 2777 690 2839; x_wconf 78' lang='lat' dir='ltr'><strong>clusisti,</strong></span> <span class='ocrx_word' id='word_1_308' title='bbox 735 2769 1049 2846; x_wconf 82' lang='lat' dir='ltr'><strong>phantasias</strong></span> <span class='ocrx_word' id='word_1_309' title='bbox 1097 2796 1280 2836; x_wconf 89' lang='lat' dir='ltr'><strong>rerum</strong></span> <span class='ocrx_word' id='word_1_310' title='bbox 1330 2783 1704 2851; x_wconf 87' lang='lat' dir='ltr'><strong>temporalium</strong></span> <span class='ocrx_word' id='word_1_311' title='bbox 1749 2784 2035 2840; x_wconf 90' lang='lat' dir='ltr'><strong>animabus</strong></span> 
     </span>
    </p>
   </div>
   <div class='ocr_carea' id='block_1_45' title="bbox 454 2867 2031 2942">
    <p class='ocr_par' dir='ltr' id='par_1_45' title="bbox 454 2867 2031 2942">
     <span class='ocr_line' id='line_1_45' title="bbox 454 2867 2031 2942; baseline 0.004 -20"><span class='ocrx_word' id='word_1_312' title='bbox 454 2867 670 2933; x_wconf 83' lang='lat' dir='ltr'><strong>inﬁxas,</strong></span> <span class='ocrx_word' id='word_1_313' title='bbox 702 2870 815 2924; x_wconf 89' lang='lat' dir='ltr'><strong>sive</strong></span> <span class='ocrx_word' id='word_1_314' title='bbox 844 2871 896 2924; x_wconf 94' lang='lat' dir='ltr'><strong>in</strong></span> <span class='ocrx_word' id='word_1_315' title='bbox 926 2871 1030 2926; x_wconf 87' lang='lat' dir='ltr'><strong>hac</strong></span> <span class='ocrx_word' id='word_1_316' title='bbox 1064 2872 1195 2935; x_wconf 88' lang='lat' dir='ltr'><strong>vita,</strong></span> <span class='ocrx_word' id='word_1_317' title='bbox 1224 2873 1337 2928; x_wconf 87' lang='lat' dir='ltr'><strong>sive</strong></span> <span class='ocrx_word' id='word_1_318' title='bbox 1363 2876 1702 2942; x_wconf 82' lang='lat' dir='ltr'><strong>postmodum</strong></span> <span class='ocrx_word' id='word_1_319' title='bbox 1739 2874 1792 2928; x_wconf 90' lang='lat' dir='ltr'><strong>in</strong></span> <span class='ocrx_word' id='word_1_320' title='bbox 1840 2875 2031 2938; x_wconf 89' lang='lat' dir='ltr'><strong>altera,</strong></span> 
     </span>
    </p>
   </div>
   <div class='ocr_carea' id='block_1_46' title="bbox 453 2961 2034 3036">
    <p class='ocr_par' dir='ltr' id='par_1_46' title="bbox 453 2961 2034 3036">
     <span class='ocr_line' id='line_1_46' title="bbox 453 2961 2034 3036; baseline 0.005 -25"><span class='ocrx_word' id='word_1_321' title='bbox 453 2962 674 3014; x_wconf 87' lang='lat' dir='ltr'><strong>omnino</strong></span> <span class='ocrx_word' id='word_1_322' title='bbox 698 2961 829 3036; x_wconf 83' lang='lat' dir='ltr'><strong>nihil</strong></span> <span class='ocrx_word' id='word_1_323' title='bbox 851 2976 1004 3028; x_wconf 90' lang='lat' dir='ltr'><strong>esse;</strong></span> <span class='ocrx_word' id='word_1_324' title='bbox 1036 2963 1264 3034; x_wconf 87' lang='lat' dir='ltr'><strong>ideoque</strong></span> <span class='ocrx_word' id='word_1_325' title='bbox 1285 2965 1306 2994; x_wconf 81' lang='grc'>²</span> <span class='ocrx_word' id='word_1_326' title='bbox 1332 2964 1384 3018; x_wconf 90' lang='lat' dir='ltr'><strong>in</strong></span> <span class='ocrx_word' id='word_1_327' title='bbox 1427 2965 1506 3019; x_wconf 91' lang='lat' dir='ltr'><strong>eis</strong></span> <span class='ocrx_word' id='word_1_328' title='bbox 1533 2980 1821 3034; x_wconf 90' lang='lat' dir='ltr'><strong>perversae</strong></span> <span class='ocrx_word' id='word_1_329' title='bbox 1847 2966 2034 3019; x_wconf 90' lang='lat' dir='ltr'><strong>volun-</strong></span> 
     </span>
    </p>
   </div>
   <div class='ocr_carea' id='block_1_47' title="bbox 453 3051 2031 3126">
    <p class='ocr_par' dir='ltr' id='par_1_47' title="bbox 453 3051 2031 3126">
     <span class='ocr_line' id='line_1_47' title="bbox 453 3051 2031 3126; baseline 0.006 -24"><span class='ocrx_word' id='word_1_330' title='bbox 453 3059 592 3105; x_wconf 89' lang='lat' dir='ltr'><strong>tates</strong></span> <span class='ocrx_word' id='word_1_331' title='bbox 614 3051 932 3120; x_wconf 90' lang='lat' dir='ltr'><strong>puniuntur,</strong></span> <span class='ocrx_word' id='word_1_332' title='bbox 965 3054 1239 3122; x_wconf 89' lang='lat' dir='ltr'><strong>quoniam,</strong></span> <span class='ocrx_word' id='word_1_333' title='bbox 1277 3069 1399 3108; x_wconf 90' lang='lat' dir='ltr'><strong>eum</strong></span> <span class='ocrx_word' id='word_1_334' title='bbox 1443 3057 1825 3125; x_wconf 89' lang='lat' dir='ltr'><strong>comprehendi</strong></span> <span class='ocrx_word' id='word_1_335' title='bbox 1872 3072 2031 3126; x_wconf 83' lang='lat' dir='ltr'><strong>posse</strong></span> 
     </span>
    </p>
   </div>
   <div class='ocr_carea' id='block_1_48' title="bbox 2139 1873 3718 1946">
    <p class='ocr_par' dir='ltr' id='par_1_48' title="bbox 2139 1873 3718 1946">
     <span class='ocr_line' id='line_1_48' title="bbox 2139 1873 3718 1946; baseline -0.004 -15"><span class='ocrx_word' id='word_1_336' title='bbox 2139 1877 2526 1946; x_wconf 85' lang='lat' dir='ltr'><strong>suppliciorum</strong></span> <span class='ocrx_word' id='word_1_337' title='bbox 2575 1877 2794 1931; x_wconf 88' lang='lat' dir='ltr'><strong>nomine</strong></span> <span class='ocrx_word' id='word_1_338' title='bbox 2853 1876 3142 1939; x_wconf 87' lang='lat' dir='ltr'><strong>vocitatur,</strong></span> <span class='ocrx_word' id='word_1_339' title='bbox 3191 1881 3275 1928; x_wconf 89' lang='lat' dir='ltr'><strong>est</strong></span> <span class='ocrx_word' id='word_1_340' title='bbox 3323 1888 3390 1926; x_wconf 87' lang='lat' dir='ltr'><strong>an</strong></span> <span class='ocrx_word' id='word_1_341' title='bbox 3439 1887 3547 1926; x_wconf 92' lang='lat' dir='ltr'><strong>non</strong></span> <span class='ocrx_word' id='word_1_342' title='bbox 3597 1873 3718 1927; x_wconf 78' lang='lat' dir='ltr'><strong>est?</strong></span> 
     </span>
    </p>
   </div>
   <div class='ocr_carea' id='block_1_49' title="bbox 2139 1968 3713 2040">
    <p class='ocr_par' dir='ltr' id='par_1_49' title="bbox 2139 1968 3713 2040">
     <span class='ocr_line' id='line_1_49' title="bbox 2139 1968 3713 2040; baseline -0.002 -16"><span class='ocrx_word' id='word_1_343' title='bbox 2139 1970 2282 2026; x_wconf 83' lang='lat' dir='ltr'><strong>Disc.</strong></span> <span class='ocrx_word' id='word_1_344' title='bbox 2331 1969 2556 2026; x_wconf 89' lang='lat' dir='ltr'><strong>Coartor</strong></span> <span class='ocrx_word' id='word_1_345' title='bbox 2609 1971 2867 2040; x_wconf 90' lang='lat' dir='ltr'><strong>undique.</strong></span> <span class='ocrx_word' id='word_1_346' title='bbox 2924 1969 2980 2024; x_wconf 89' lang='lat' dir='ltr'><strong>Si</strong></span> <span class='ocrx_word' id='word_1_347' title='bbox 3014 1970 3158 2024; x_wconf 92' lang='lat' dir='ltr'><strong>enim</strong></span> <span class='ocrx_word' id='word_1_348' title='bbox 3206 1968 3394 2022; x_wconf 84' lang='lat' dir='ltr'><strong>dixero</strong></span> <span class='ocrx_word' id='word_1_349' title='bbox 3435 1977 3539 2032; x_wconf 85' lang='lat' dir='ltr'><strong>est,</strong></span> <span class='ocrx_word' id='word_1_350' title='bbox 3589 1983 3713 2022; x_wconf 86' lang='lat' dir='ltr'><strong>con-</strong></span> 
     </span>
    </p>
   </div>
   <div class='ocr_carea' id='block_1_50' title="bbox 2138 2057 3710 2130">
    <p class='ocr_par' dir='ltr' id='par_1_50' title="bbox 2138 2057 3710 2130">
     <span class='ocr_line' id='line_1_50' title="bbox 2138 2057 3710 2130; baseline -0.001 -17"><span class='ocrx_word' id='word_1_351' title='bbox 2138 2059 2317 2114; x_wconf 88' lang='lat' dir='ltr'><strong>festim</strong></span> <span class='ocrx_word' id='word_1_352' title='bbox 2345 2061 2385 2090; x_wconf 81' lang='lat'>“</span> <span class='ocrx_word' id='word_1_353' title='bbox 2416 2060 2658 2115; x_wconf 89' lang='lat' dir='ltr'><strong>dicturus</strong></span> <span class='ocrx_word' id='word_1_354' title='bbox 2687 2062 2815 2125; x_wconf 89' lang='lat' dir='ltr'><strong>eris,</strong></span> <span class='ocrx_word' id='word_1_355' title='bbox 2858 2059 2985 2130; x_wconf 91' lang='lat' dir='ltr'><strong>quid</strong></span> <span class='ocrx_word' id='word_1_356' title='bbox 3019 2060 3215 2114; x_wconf 87' lang='lat' dir='ltr'><strong>mirum</strong></span> <span class='ocrx_word' id='word_1_357' title='bbox 3246 2059 3340 2113; x_wconf 89' lang='lat' dir='ltr'><strong>tibi</strong></span> <span class='ocrx_word' id='word_1_358' title='bbox 3387 2059 3622 2121; x_wconf 91' lang='lat' dir='ltr'><strong>videtur,</strong></span> <span class='ocrx_word' id='word_1_359' title='bbox 3654 2057 3710 2120; x_wconf 89' lang='lat' dir='ltr'><strong>si,</strong></span> 
     </span>
    </p>
   </div>
   <div class='ocr_carea' id='block_1_51' title="bbox 2140 2151 3707 2222">
    <p class='ocr_par' dir='ltr' id='par_1_51' title="bbox 2140 2151 3707 2222">
     <span class='ocr_line' id='line_1_51' title="bbox 2140 2151 3707 2222; baseline -0.002 -18"><span class='ocrx_word' id='word_1_360' title='bbox 2140 2152 2283 2219; x_wconf 89' lang='lat' dir='ltr'><strong>quod</strong></span> <span class='ocrx_word' id='word_1_361' title='bbox 2309 2160 2413 2216; x_wconf 88' lang='lat' dir='ltr'><strong>est,</strong></span> <span class='ocrx_word' id='word_1_362' title='bbox 2439 2153 2489 2205; x_wconf 92' lang='lat' dir='ltr'><strong>in</strong></span> <span class='ocrx_word' id='word_1_363' title='bbox 2521 2168 2665 2215; x_wconf 91' lang='lat' dir='ltr'><strong>eum,</strong></span> <span class='ocrx_word' id='word_1_364' title='bbox 2699 2169 2729 2205; x_wconf 91' lang='lat' dir='ltr'><strong>a</strong></span> <span class='ocrx_word' id='word_1_365' title='bbox 2762 2168 2870 2222; x_wconf 89' lang='lat' dir='ltr'><strong>quo</strong></span> <span class='ocrx_word' id='word_1_366' title='bbox 2899 2161 3028 2206; x_wconf 90' lang='lat' dir='ltr'><strong>sunt</strong></span> <span class='ocrx_word' id='word_1_367' title='bbox 3071 2151 3288 2215; x_wconf 89' lang='lat' dir='ltr'><strong>omnia,</strong></span> <span class='ocrx_word' id='word_1_368' title='bbox 3323 2151 3465 2204; x_wconf 88' lang='lat' dir='ltr'><strong>inter</strong></span> <span class='ocrx_word' id='word_1_369' title='bbox 3512 2159 3707 2211; x_wconf 83' lang='lat' dir='ltr'><strong>cetera,</strong></span> 
     </span>
    </p>
   </div>
   <div class='ocr_carea' id='block_1_52' title="bbox 2138 2246 3707 2314">
    <p class='ocr_par' dir='ltr' id='par_1_52' title="bbox 2138 2246 3707 2314">
     <span class='ocr_line' id='line_1_52' title="bbox 2138 2246 3707 2314; baseline 0.001 -18"><span class='ocrx_word' id='word_1_370' title='bbox 2138 2259 2276 2314; x_wconf 89' lang='lat' dir='ltr'><strong>quae</strong></span> <span class='ocrx_word' id='word_1_371' title='bbox 2307 2255 2452 2311; x_wconf 90' lang='lat' dir='ltr'><strong>sunt,</strong></span> <span class='ocrx_word' id='word_1_372' title='bbox 2503 2263 2846 2302; x_wconf 86' lang='lat' dir='ltr'><strong>reversurum</strong></span> <span class='ocrx_word' id='word_1_373' title='bbox 2891 2247 3002 2302; x_wconf 88' lang='lat' dir='ltr'><strong>sit?</strong></span> <span class='ocrx_word' id='word_1_374' title='bbox 3033 2246 3127 2301; x_wconf 91' lang='lat' dir='ltr'><strong>Sin</strong></span> <span class='ocrx_word' id='word_1_375' title='bbox 3166 2256 3345 2300; x_wconf 89' lang='lat' dir='ltr'><strong>autem</strong></span> <span class='ocrx_word' id='word_1_376' title='bbox 3374 2246 3580 2307; x_wconf 78' lang='lat' dir='ltr'><strong>dixero,</strong></span> <span class='ocrx_word' id='word_1_377' title='bbox 3614 2261 3707 2299; x_wconf 90' lang='lat' dir='ltr'><strong>non</strong></span> 
     </span>
    </p>
   </div>
   <div class='ocr_carea' id='block_1_53' title="bbox 2138 2336 3706 2409">
    <p class='ocr_par' dir='ltr' id='par_1_53' title="bbox 2138 2336 3706 2409">
     <span class='ocr_line' id='line_1_53' title="bbox 2138 2336 3706 2409; baseline -0.003 -17"><span class='ocrx_word' id='word_1_378' title='bbox 2138 2347 2242 2401; x_wconf 90' lang='lat' dir='ltr'><strong>est,</strong></span> <span class='ocrx_word' id='word_1_379' title='bbox 2279 2340 2650 2406; x_wconf 66' lang='lat' dir='ltr'><strong>respondebis,</strong></span> <span class='ocrx_word' id='word_1_380' title='bbox 2682 2355 2778 2393; x_wconf 88' lang='lat' dir='ltr'><strong>cur</strong></span> <span class='ocrx_word' id='word_1_381' title='bbox 2807 2348 3086 2409; x_wconf 89' lang='lat' dir='ltr'><strong>computas</strong></span> <span class='ocrx_word' id='word_1_382' title='bbox 3104 2339 3244 2392; x_wconf 91' lang='lat' dir='ltr'><strong>inter</strong></span> <span class='ocrx_word' id='word_1_383' title='bbox 3265 2338 3469 2399; x_wconf 88' lang='lat' dir='ltr'><strong>omnia,</strong></span> <span class='ocrx_word' id='word_1_384' title='bbox 3497 2351 3639 2404; x_wconf 88' lang='lat' dir='ltr'><strong>quae</strong></span> <span class='ocrx_word' id='word_1_385' title='bbox 3662 2336 3706 2388; x_wconf 86' lang='lat' dir='ltr'><strong>in</strong></span> 
     </span>
    </p>
   </div>
   <div class='ocr_carea' id='block_1_54' title="bbox 2139 2427 3706 2497">
    <p class='ocr_par' dir='ltr' id='par_1_54' title="bbox 2139 2427 3706 2497">
     <span class='ocr_line' id='line_1_54' title="bbox 2139 2427 3706 2497; baseline -0.001 -17"><span class='ocrx_word' id='word_1_386' title='bbox 2139 2427 2304 2480; x_wconf 82' lang='lat' dir='ltr'><strong>Deum</strong></span> <span class='ocrx_word' id='word_1_387' title='bbox 2338 2443 2617 2482; x_wconf 88' lang='lat' dir='ltr'><strong>reversura</strong></span> <span class='ocrx_word' id='word_1_388' title='bbox 2660 2437 2806 2494; x_wconf 89' lang='lat' dir='ltr'><strong>sunt,</strong></span> <span class='ocrx_word' id='word_1_389' title='bbox 2839 2429 2910 2493; x_wconf 92' lang='lat' dir='ltr'><strong>id,</strong></span> <span class='ocrx_word' id='word_1_390' title='bbox 2947 2429 3090 2497; x_wconf 90' lang='lat' dir='ltr'><strong>quod</strong></span> <span class='ocrx_word' id='word_1_391' title='bbox 3130 2443 3237 2482; x_wconf 89' lang='lat' dir='ltr'><strong>non</strong></span> <span class='ocrx_word' id='word_1_392' title='bbox 3273 2427 3392 2482; x_wconf 81' lang='lat' dir='ltr'><strong>est?</strong></span> <span class='ocrx_word' id='word_1_393' title='bbox 3428 2427 3492 2480; x_wconf 86' lang='lat' dir='ltr'><strong>Et</strong></span> <span class='ocrx_word' id='word_1_394' title='bbox 3521 2427 3706 2482; x_wconf 87' lang='lat' dir='ltr'><strong>iterum</strong></span> 
     </span>
    </p>
   </div>
   <div class='ocr_carea' id='block_1_55' title="bbox 2137 2518 3706 2590">
    <p class='ocr_par' dir='ltr' id='par_1_55' title="bbox 2137 2518 3706 2590">
     <span class='ocr_line' id='line_1_55' title="bbox 2137 2518 3706 2590; baseline -0.002 -17"><span class='ocrx_word' id='word_1_395' title='bbox 2137 2519 2181 2573; x_wconf 90' lang='lat' dir='ltr'><strong>si</strong></span> <span class='ocrx_word' id='word_1_396' title='bbox 2207 2520 2426 2584; x_wconf 87' lang='lat' dir='ltr'><strong>dedero,</strong></span> <span class='ocrx_word' id='word_1_397' title='bbox 2459 2536 2636 2584; x_wconf 87' lang='lat' dir='ltr'><strong>omne,</strong></span> <span class='ocrx_word' id='word_1_398' title='bbox 2679 2522 2820 2590; x_wconf 87' lang='lat' dir='ltr'><strong>quod</strong></span> <span class='ocrx_word' id='word_1_399' title='bbox 2863 2520 3061 2574; x_wconf 86' lang='lat' dir='ltr'><strong>inferni</strong></span> <span class='ocrx_word' id='word_1_400' title='bbox 3097 2519 3314 2573; x_wconf 90' lang='lat' dir='ltr'><strong>nomine</strong></span> <span class='ocrx_word' id='word_1_401' title='bbox 3361 2518 3706 2589; x_wconf 77' lang='lat' dir='ltr'><strong>significatur,</strong></span> 
     </span>
    </p>
   </div>
   <div class='ocr_carea' id='block_1_56' title="bbox 2136 2609 3706 2682">
    <p class='ocr_par' dir='ltr' id='par_1_56' title="bbox 2136 2609 3706 2682">
     <span class='ocr_line' id='line_1_56' title="bbox 2136 2609 3706 2682; baseline -0.002 -17"><span class='ocrx_word' id='word_1_402' title='bbox 2136 2621 2287 2665; x_wconf 85' lang='lat' dir='ltr'><strong>extra</strong></span> <span class='ocrx_word' id='word_1_403' title='bbox 2332 2613 2741 2666; x_wconf 82' lang='lat' dir='ltr'><strong>universitatem</strong></span> <span class='ocrx_word' id='word_1_404' title='bbox 2791 2627 2932 2676; x_wconf 89' lang='lat' dir='ltr'><strong>esse,</strong></span> <span class='ocrx_word' id='word_1_405' title='bbox 2965 2612 3170 2682; x_wconf 88' lang='lat' dir='ltr'><strong>absque</strong></span> <span class='ocrx_word' id='word_1_406' title='bbox 3213 2626 3363 2665; x_wconf 90' lang='lat' dir='ltr'><strong>mora</strong></span> <span class='ocrx_word' id='word_1_407' title='bbox 3403 2609 3706 2671; x_wconf 88' lang='lat' dir='ltr'><strong>concludar,</strong></span> 
     </span>
    </p>
   </div>
   <div class='ocr_carea' id='block_1_57' title="bbox 2134 2699 3706 2770">
    <p class='ocr_par' dir='ltr' id='par_1_57' title="bbox 2134 2699 3706 2770">
     <span class='ocr_line' id='line_1_57' title="bbox 2134 2699 3706 2770; baseline -0.002 -16"><span class='ocrx_word' id='word_1_408' title='bbox 2134 2701 2279 2755; x_wconf 88' lang='lat' dir='ltr'><strong>omni</strong></span> <span class='ocrx_word' id='word_1_409' title='bbox 2317 2702 2525 2756; x_wconf 89' lang='lat' dir='ltr'><strong>ratione</strong></span> <span class='ocrx_word' id='word_1_410' title='bbox 2564 2703 2832 2766; x_wconf 84' lang='lat' dir='ltr'><strong>desertus,</strong></span> <span class='ocrx_word' id='word_1_411' title='bbox 2864 2702 3174 2769; x_wconf 87' lang='lat' dir='ltr'><strong>invitusque</strong></span> <span class='ocrx_word' id='word_1_412' title='bbox 3202 2715 3367 2770; x_wconf 89' lang='lat' dir='ltr'><strong>cogar</strong></span> <span class='ocrx_word' id='word_1_413' title='bbox 3397 2699 3576 2763; x_wconf 82' lang='lat' dir='ltr'><strong>fateri,</strong></span> <span class='ocrx_word' id='word_1_414' title='bbox 3612 2714 3706 2752; x_wconf 88' lang='lat' dir='ltr'><strong>non</strong></span> 
     </span>
    </p>
   </div>
   <div class='ocr_carea' id='block_1_58' title="bbox 2133 2791 3706 2862">
    <p class='ocr_par' dir='ltr' id='par_1_58' title="bbox 2133 2791 3706 2862">
     <span class='ocr_line' id='line_1_58' title="bbox 2133 2791 3706 2862; baseline -0.001 -18"><span class='ocrx_word' id='word_1_415' title='bbox 2133 2805 2252 2844; x_wconf 88' lang='lat' dir='ltr'><strong>esse</strong></span> <span class='ocrx_word' id='word_1_416' title='bbox 2283 2792 2498 2855; x_wconf 88' lang='lat' dir='ltr'><strong>tnirum,</strong></span> <span class='ocrx_word' id='word_1_417' title='bbox 2527 2793 2668 2860; x_wconf 90' lang='lat' dir='ltr'><strong>quod</strong></span> <span class='ocrx_word' id='word_1_418' title='bbox 2713 2793 2852 2845; x_wconf 86' lang='lat' dir='ltr'><strong>intra</strong></span> <span class='ocrx_word' id='word_1_419' title='bbox 2883 2808 2966 2856; x_wconf 90' lang='lat' dir='ltr'><strong>ea,</strong></span> <span class='ocrx_word' id='word_1_420' title='bbox 2997 2807 3138 2862; x_wconf 89' lang='lat' dir='ltr'><strong>quae</strong></span> <span class='ocrx_word' id='word_1_421' title='bbox 3175 2801 3302 2846; x_wconf 88' lang='lat' dir='ltr'><strong>sunt.</strong></span> <span class='ocrx_word' id='word_1_422' title='bbox 3344 2793 3397 2845; x_wconf 91' lang='lat' dir='ltr'><strong>in</strong></span> <span class='ocrx_word' id='word_1_423' title='bbox 3435 2791 3569 2856; x_wconf 91' lang='lat' dir='ltr'><strong>Deo,</strong></span> <span class='ocrx_word' id='word_1_424' title='bbox 3609 2805 3706 2845; x_wconf 91' lang='lat' dir='ltr'><strong>non</strong></span> 
     </span>
    </p>
   </div>
   <div class='ocr_carea' id='block_1_59' title="bbox 2132 2883 3708 2954">
    <p class='ocr_par' dir='ltr' id='par_1_59' title="bbox 2132 2883 3708 2954">
     <span class='ocr_line' id='line_1_59' title="bbox 2132 2883 3708 2954; baseline 0.001 -19"><span class='ocrx_word' id='word_1_425' title='bbox 2132 2890 2238 2945; x_wconf 89' lang='lat' dir='ltr'><strong>est,</strong></span> <span class='ocrx_word' id='word_1_426' title='bbox 2267 2883 2403 2935; x_wconf 88' lang='lat' dir='ltr'><strong>intra</strong></span> <span class='ocrx_word' id='word_1_427' title='bbox 2435 2884 2607 2952; x_wconf 90' lang='lat' dir='ltr'><strong>ipsum</strong></span> <span class='ocrx_word' id='word_1_428' title='bbox 2631 2898 2848 2954; x_wconf 81' lang='lat' dir='ltr'><strong>quoque</strong></span> <span class='ocrx_word' id='word_1_429' title='bbox 2874 2884 3044 2938; x_wconf 89' lang='lat' dir='ltr'><strong>Deum</strong></span> <span class='ocrx_word' id='word_1_430' title='bbox 3090 2900 3194 2939; x_wconf 91' lang='lat' dir='ltr'><strong>non</strong></span> <span class='ocrx_word' id='word_1_431' title='bbox 3227 2899 3378 2949; x_wconf 81' lang='lat' dir='ltr'><strong>esse;</strong></span> <span class='ocrx_word' id='word_1_432' title='bbox 3410 2894 3462 2937; x_wconf 91' lang='lat' dir='ltr'><strong>ct</strong></span> <span class='ocrx_word' id='word_1_433' title='bbox 3505 2883 3708 2938; x_wconf 82' lang='lat' dir='ltr'><strong>deride-</strong></span> 
     </span>
    </p>
   </div>
   <div class='ocr_carea' id='block_1_60' title="bbox 2132 2972 3707 3044">
    <p class='ocr_par' dir='ltr' id='par_1_60' title="bbox 2132 2972 3707 3044">
     <span class='ocr_line' id='line_1_60' title="bbox 2132 2972 3707 3044; baseline 0.003 -20"><span class='ocrx_word' id='word_1_434' title='bbox 2132 2972 2211 3025; x_wconf 88' lang='lat' dir='ltr'><strong>bit</strong></span> <span class='ocrx_word' id='word_1_435' title='bbox 2241 2989 2328 3027; x_wconf 85' lang='lat' dir='ltr'><strong>me</strong></span> <span class='ocrx_word' id='word_1_436' title='bbox 2386 2976 2544 3038; x_wconf 88' lang='lat' dir='ltr'><strong>ratio,</strong></span> <span class='ocrx_word' id='word_1_437' title='bbox 2599 2991 2738 3043; x_wconf 90' lang='lat' dir='ltr'><strong>quae</strong></span> <span class='ocrx_word' id='word_1_438' title='bbox 2786 2975 3163 3030; x_wconf 87' lang='lat' dir='ltr'><strong>incunctanter</strong></span> <span class='ocrx_word' id='word_1_439' title='bbox 3207 2977 3499 3044; x_wconf 85' lang='lat' dir='ltr'><strong>praedicat,</strong></span> <span class='ocrx_word' id='word_1_440' title='bbox 3559 2984 3707 3028; x_wconf 80' lang='lat' dir='ltr'><strong>extra</strong></span> 
     </span>
    </p>
   </div>
   <div class='ocr_carea' id='block_1_61' title="bbox 2133 3060 3705 3121">
    <p class='ocr_par' dir='ltr' id='par_1_61' title="bbox 2133 3060 3705 3121">
     <span class='ocr_line' id='line_1_61' title="bbox 2133 3060 3705 3121; baseline 0.004 -9"><span class='ocrx_word' id='word_1_441' title='bbox 2133 3060 2300 3114; x_wconf 89' lang='lat' dir='ltr'><strong>Deum</strong></span> <span class='ocrx_word' id='word_1_442' title='bbox 2327 3069 2381 3115; x_wconf 92' lang='lat' dir='ltr'><strong>et</strong></span> <span class='ocrx_word' id='word_1_443' title='bbox 2409 3064 2816 3118; x_wconf 84' lang='lat' dir='ltr'><strong>universitatem</strong></span> <span class='ocrx_word' id='word_1_444' title='bbox 2846 3068 2914 3119; x_wconf 90' lang='lat' dir='ltr'><strong>ab</strong></span> <span class='ocrx_word' id='word_1_445' title='bbox 2935 3081 3000 3120; x_wconf 93' lang='lat' dir='ltr'><strong>eo</strong></span> <span class='ocrx_word' id='word_1_446' title='bbox 3029 3065 3302 3121; x_wconf 88' lang='lat' dir='ltr'><strong>conditam</strong></span> <span class='ocrx_word' id='word_1_447' title='bbox 3330 3065 3462 3120; x_wconf 87' lang='lat' dir='ltr'><strong>nihil</strong></span> <span class='ocrx_word' id='word_1_448' title='bbox 3499 3075 3646 3119; x_wconf 86' lang='lat' dir='ltr'><strong>recte</strong></span> <span class='ocrx_word' id='word_1_449' title='bbox 3669 3066 3705 3096; x_wconf 77' lang='lat'><strong>&quot;</strong></span> 
     </span>
    </p>
   </div>
   <div class='ocr_carea' id='block_1_62' title="bbox 452 3127 3705 3228">
    <p class='ocr_par' dir='ltr' id='par_1_62' title="bbox 452 3127 3705 3228">
     <span class='ocr_line' id='line_1_62' title="bbox 452 3127 3705 3228; baseline 0.004 -33"><span class='ocrx_word' id='word_1_450' title='bbox 452 3142 509 3195; x_wconf 90' lang='lat' dir='ltr'><strong>in</strong></span> <span class='ocrx_word' id='word_1_451' title='bbox 547 3141 728 3210; x_wconf 88' lang='lat' dir='ltr'><strong>aliquo</strong></span> <span class='ocrx_word' id='word_1_452' title='bbox 773 3150 1048 3212; x_wconf 89' lang='lat' dir='ltr'><strong>putantur,</strong></span> <span class='ocrx_word' id='word_1_453' title='bbox 1103 3142 1312 3212; x_wconf 86' lang='lat' dir='ltr'><strong>fugiunt</strong></span> <span class='ocrx_word' id='word_1_454' title='bbox 1340 3159 1400 3198; x_wconf 91' lang='lat' dir='ltr'><strong>se</strong></span> <span class='ocrx_word' id='word_1_455' title='bbox 1447 3146 1902 3212; x_wconf 87' lang='lat' dir='ltr'><strong>comprehendere</strong></span> <span class='ocrx_word' id='word_1_456' title='bbox 1931 3161 2026 3199; x_wconf 85' lang='lat' dir='ltr'><strong>cu-</strong></span> <span class='ocrx_word' id='word_1_457' title='bbox 2057 3127 2102 3188; x_wconf 71' lang='grc' dir='ltr'>Ο</span> <span class='ocrx_word' id='word_1_458' title='bbox 2133 3154 2356 3222; x_wconf 73' lang='lat' dir='ltr'><strong>cogitari</strong></span> <span class='ocrx_word' id='word_1_459' title='bbox 2389 3155 2472 3208; x_wconf 72' lang='lat' dir='ltr'><strong>vel</strong></span> <span class='ocrx_word' id='word_1_460' title='bbox 2503 3156 2727 3227; x_wconf 64' lang='lat' dir='ltr'><strong>intelligi</strong></span> <span class='ocrx_word' id='word_1_461' title='bbox 2766 3172 2941 3225; x_wconf 76' lang='lat' dir='ltr'><strong>posse.</strong></span> <span class='ocrx_word' id='word_1_462' title='bbox 2975 3156 3147 3212; x_wconf 83' lang='lat' dir='ltr'><strong>omne</strong></span> <span class='ocrx_word' id='word_1_463' title='bbox 3171 3159 3338 3222; x_wconf 82' lang='lat' dir='ltr'><strong>enim,</strong></span> <span class='ocrx_word' id='word_1_464' title='bbox 3367 3158 3507 3228; x_wconf 82' lang='lat' dir='ltr'><strong>quod</strong></span> <span class='ocrx_word' id='word_1_465' title='bbox 3547 3166 3631 3212; x_wconf 82' lang='lat' dir='ltr'><strong>est</strong></span> <span class='ocrx_word' id='word_1_466' title='bbox 3655 3165 3705 3209; x_wconf 88' lang='lat' dir='ltr'><strong>et</strong></span> 
     </span>
    </p>
   </div>
   <div class='ocr_carea' id='block_1_63' title="bbox 451 3230 2030 3298">
    <p class='ocr_par' dir='ltr' id='par_1_63' title="bbox 451 3230 2030 3298">
     <span class='ocr_line' id='line_1_63' title="bbox 451 3230 2030 3298; baseline 0.003 -15"><span class='ocrx_word' id='word_1_467' title='bbox 451 3230 678 3298; x_wconf 88' lang='lat' dir='ltr'><strong>pientes,</strong></span> <span class='ocrx_word' id='word_1_468' title='bbox 733 3240 788 3284; x_wconf 90' lang='lat' dir='ltr'><strong>et</strong></span> <span class='ocrx_word' id='word_1_469' title='bbox 834 3239 1186 3286; x_wconf 86' lang='lat' dir='ltr'><strong>evanescunt.</strong></span> <span class='ocrx_word' id='word_1_470' title='bbox 1239 3231 1378 3287; x_wconf 74' lang='lat' dir='ltr'><strong>MAG.</strong></span> <span class='ocrx_word' id='word_1_471' title='bbox 1429 3231 1737 3298; x_wconf 85' lang='lat' dir='ltr'><strong>Recordor;</strong></span> <span class='ocrx_word' id='word_1_472' title='bbox 1794 3248 1894 3287; x_wconf 92' lang='lat' dir='ltr'><strong>nec</strong></span> <span class='ocrx_word' id='word_1_473' title='bbox 1943 3248 2030 3288; x_wconf 91' lang='lat' dir='ltr'><strong>me</strong></span> 
     </span>
    </p>
   </div>
   <div class='ocr_carea' id='block_1_64' title="bbox 455 3320 2028 3400">
    <p class='ocr_par' dir='ltr' id='par_1_64' title="bbox 455 3320 2028 3400">
     <span class='ocr_line' id='line_1_64' title="bbox 455 3320 2028 3400; baseline 0.002 -26"><span class='ocrx_word' id='word_1_474' title='bbox 455 3320 697 3400; x_wconf 84' lang='lat' dir='ltr'><strong>poenitet</strong></span> <span class='ocrx_word' id='word_1_475' title='bbox 727 3320 854 3374; x_wconf 91' lang='lat' dir='ltr'><strong>talia</strong></span> <span class='ocrx_word' id='word_1_476' title='bbox 895 3322 1117 3385; x_wconf 83' lang='lat' dir='ltr'><strong>dixisse,</strong></span> <span class='ocrx_word' id='word_1_477' title='bbox 1153 3323 1406 3390; x_wconf 85' lang='lat' dir='ltr'><strong>quoniam</strong></span> <span class='ocrx_word' id='word_1_478' title='bbox 1436 3323 1750 3391; x_wconf 88' lang='lat' dir='ltr'><strong>phantasias</strong></span> <span class='ocrx_word' id='word_1_479' title='bbox 1775 3324 2028 3377; x_wconf 82' lang='lat' dir='ltr'><strong>substan-</strong></span> 
     </span>
    </p>
   </div>
   <div class='ocr_carea' id='block_1_65' title="bbox 455 3408 2028 3478">
    <p class='ocr_par' dir='ltr' id='par_1_65' title="bbox 455 3408 2028 3478">
     <span class='ocr_line' id='line_1_65' title="bbox 455 3408 2028 3478; baseline 0.005 -16"><span class='ocrx_word' id='word_1_480' title='bbox 455 3408 582 3464; x_wconf 89' lang='lat' dir='ltr'><strong>tiale</strong></span> <span class='ocrx_word' id='word_1_481' title='bbox 650 3410 849 3464; x_wconf 91' lang='lat' dir='ltr'><strong>bonum</strong></span> <span class='ocrx_word' id='word_1_482' title='bbox 904 3425 1010 3465; x_wconf 91' lang='lat' dir='ltr'><strong>non</strong></span> <span class='ocrx_word' id='word_1_483' title='bbox 1057 3413 1280 3467; x_wconf 88' lang='lat' dir='ltr'><strong>omnino</strong></span> <span class='ocrx_word' id='word_1_484' title='bbox 1323 3412 1344 3444; x_wconf 86' lang='grc'><strong><em>³</em></strong></span> <span class='ocrx_word' id='word_1_485' title='bbox 1388 3412 1532 3478; x_wconf 74' lang='lat' dir='ltr'><strong>dixi,</strong></span> <span class='ocrx_word' id='word_1_486' title='bbox 1586 3415 2028 3470; x_wconf 88' lang='lat' dir='ltr'><strong>substantialibus</strong></span> 
     </span>
    </p>
   </div>
   <div class='ocr_carea' id='block_1_66' title="bbox 453 3501 2030 3569">
    <p class='ocr_par' dir='ltr' id='par_1_66' title="bbox 453 3501 2030 3569">
     <span class='ocr_line' id='line_1_66' title="bbox 453 3501 2030 3569; baseline 0.003 -13"><span class='ocrx_word' id='word_1_487' title='bbox 453 3511 635 3557; x_wconf 90' lang='lat' dir='ltr'><strong>autem</strong></span> <span class='ocrx_word' id='word_1_488' title='bbox 684 3503 841 3558; x_wconf 92' lang='lat' dir='ltr'><strong>bonis</strong></span> <span class='ocrx_word' id='word_1_489' title='bbox 869 3501 891 3533; x_wconf 71' lang='grc'><strong><em>⁵</em></strong></span> <span class='ocrx_word' id='word_1_490' title='bbox 915 3504 1234 3569; x_wconf 89' lang='lat' dir='ltr'><strong>adhaerere,</strong></span> <span class='ocrx_word' id='word_1_491' title='bbox 1264 3514 1318 3558; x_wconf 92' lang='lat' dir='ltr'><strong>et</strong></span> <span class='ocrx_word' id='word_1_492' title='bbox 1352 3521 1418 3560; x_wconf 81' lang='lat' dir='ltr'><strong>ex</strong></span> <span class='ocrx_word' id='word_1_493' title='bbox 1449 3506 1529 3560; x_wconf 90' lang='lat' dir='ltr'><strong>eis</strong></span> <span class='ocrx_word' id='word_1_494' title='bbox 1556 3508 1702 3560; x_wconf 91' lang='lat' dir='ltr'><strong>nasci</strong></span> <span class='ocrx_word' id='word_1_495' title='bbox 1729 3507 2030 3561; x_wconf 86' lang='lat' dir='ltr'><strong>indubitan-</strong></span> 
     </span>
    </p>
   </div>
   <div class='ocr_carea' id='block_1_67' title="bbox 451 3594 2028 3667">
    <p class='ocr_par' dir='ltr' id='par_1_67' title="bbox 451 3594 2028 3667">
     <span class='ocr_line' id='line_1_67' title="bbox 451 3594 2028 3667; baseline 0.003 -19"><span class='ocrx_word' id='word_1_496' title='bbox 451 3603 536 3648; x_wconf 89' lang='lat' dir='ltr'><strong>ter</strong></span> <span class='ocrx_word' id='word_1_497' title='bbox 564 3594 804 3665; x_wconf 90' lang='lat' dir='ltr'><strong>probavi.</strong></span> <span class='ocrx_word' id='word_1_498' title='bbox 851 3594 918 3647; x_wconf 89' lang='lat' dir='ltr'><strong>Et</strong></span> <span class='ocrx_word' id='word_1_499' title='bbox 943 3595 1055 3648; x_wconf 89' lang='lat' dir='ltr'><strong>sive</strong></span> <span class='ocrx_word' id='word_1_500' title='bbox 1104 3596 1156 3648; x_wconf 91' lang='lat' dir='ltr'><strong>in</strong></span> <span class='ocrx_word' id='word_1_501' title='bbox 1183 3595 1261 3649; x_wconf 91' lang='lat' dir='ltr'><strong>eis</strong></span> <span class='ocrx_word' id='word_1_502' title='bbox 1296 3596 1580 3666; x_wconf 88' lang='lat' dir='ltr'><strong>itnpiorum</strong></span> <span class='ocrx_word' id='word_1_503' title='bbox 1606 3598 1886 3667; x_wconf 82' lang='lat' dir='ltr'><strong>supplicia,</strong></span> <span class='ocrx_word' id='word_1_504' title='bbox 1916 3599 2028 3654; x_wconf 89' lang='lat' dir='ltr'><strong>sive</strong></span> 
     </span>
    </p>
   </div>
   <div class='ocr_carea' id='block_1_68' title="bbox 443 3681 2027 3755">
    <p class='ocr_par' dir='ltr' id='par_1_68' title="bbox 443 3681 2027 3755">
     <span class='ocr_line' id='line_1_68' title="bbox 443 3681 2027 3755; baseline 0.005 -19"><span class='ocrx_word' id='word_1_505' title='bbox 443 3681 714 3752; x_wconf 76' lang='lat' dir='ltr'><strong>iustorum</strong></span> <span class='ocrx_word' id='word_1_506' title='bbox 742 3683 982 3752; x_wconf 91' lang='lat' dir='ltr'><strong>praemia</strong></span> <span class='ocrx_word' id='word_1_507' title='bbox 1015 3683 1390 3752; x_wconf 88' lang='lat' dir='ltr'><strong>disponentur,</strong></span> <span class='ocrx_word' id='word_1_508' title='bbox 1433 3685 1628 3755; x_wconf 91' lang='lat' dir='ltr'><strong>ubique</strong></span> <span class='ocrx_word' id='word_1_509' title='bbox 1655 3696 1832 3742; x_wconf 91' lang='lat' dir='ltr'><strong>tamen</strong></span> <span class='ocrx_word' id='word_1_510' title='bbox 1858 3689 2027 3744; x_wconf 90' lang='lat' dir='ltr'><strong>bonas</strong></span> 
     </span>
    </p>
   </div>
   <div class='ocr_carea' id='block_1_69' title="bbox 450 3774 2025 3845">
    <p class='ocr_par' dir='ltr' id='par_1_69' title="bbox 450 3774 2025 3845">
     <span class='ocr_line' id='line_1_69' title="bbox 450 3774 2025 3845; baseline 0.001 -13"><span class='ocrx_word' id='word_1_511' title='bbox 450 3791 572 3832; x_wconf 88' lang='lat' dir='ltr'><strong>esse</strong></span> <span class='ocrx_word' id='word_1_512' title='bbox 612 3791 716 3833; x_wconf 91' lang='lat' dir='ltr'><strong>non</strong></span> <span class='ocrx_word' id='word_1_513' title='bbox 762 3774 1000 3830; x_wconf 78' lang='lat' dir='ltr'><strong>dubitavi</strong></span> <span class='ocrx_word' id='word_1_514' title='bbox 1052 3789 1319 3839; x_wconf 89' lang='lat' dir='ltr'><strong>asserere,</strong></span> <span class='ocrx_word' id='word_1_515' title='bbox 1363 3777 1614 3845; x_wconf 82' lang='lat' dir='ltr'><strong>quoniam</strong></span> <span class='ocrx_word' id='word_1_516' title='bbox 1645 3787 1700 3832; x_wconf 90' lang='lat' dir='ltr'><strong>et</strong></span> <span class='ocrx_word' id='word_1_517' title='bbox 1744 3780 2025 3834; x_wconf 87' lang='lat' dir='ltr'><strong>beatorum</strong></span> 
     </span>
    </p>
   </div>
   <div class='ocr_carea' id='block_1_70' title="bbox 453 3865 2024 3936">
    <p class='ocr_par' dir='ltr' id='par_1_70' title="bbox 453 3865 2024 3936">
     <span class='ocr_line' id='line_1_70' title="bbox 453 3865 2024 3936; baseline 0.003 -14"><span class='ocrx_word' id='word_1_518' title='bbox 453 3867 711 3931; x_wconf 82' lang='lat' dir='ltr'><strong>felicitas,</strong></span> <span class='ocrx_word' id='word_1_519' title='bbox 741 3880 881 3936; x_wconf 89' lang='lat' dir='ltr'><strong>quae</strong></span> <span class='ocrx_word' id='word_1_520' title='bbox 907 3866 960 3920; x_wconf 91' lang='lat' dir='ltr'><strong>in</strong></span> <span class='ocrx_word' id='word_1_521' title='bbox 988 3865 1440 3936; x_wconf 89' lang='lat' dir='ltr'><strong>contemplatione</strong></span> <span class='ocrx_word' id='word_1_522' title='bbox 1467 3869 1713 3923; x_wconf 87' lang='lat' dir='ltr'><strong>veritatis</strong></span> <span class='ocrx_word' id='word_1_523' title='bbox 1741 3871 2024 3926; x_wconf 88' lang='lat' dir='ltr'><strong>constitui-</strong></span> 
     </span>
    </p>
   </div>
   <div class='ocr_carea' id='block_1_71' title="bbox 451 3957 2026 4026">
    <p class='ocr_par' dir='ltr' id='par_1_71' title="bbox 451 3957 2026 4026">
     <span class='ocr_line' id='line_1_71' title="bbox 451 3957 2026 4026; baseline 0.001 -13"><span class='ocrx_word' id='word_1_524' title='bbox 451 3967 558 4023; x_wconf 92' lang='lat' dir='ltr'><strong>tur,</strong></span> <span class='ocrx_word' id='word_1_525' title='bbox 594 3957 646 4011; x_wconf 93' lang='lat' dir='ltr'><strong>in</strong></span> <span class='ocrx_word' id='word_1_526' title='bbox 674 3957 996 4026; x_wconf 87' lang='lat' dir='ltr'><strong>phantasiis,</strong></span> <span class='ocrx_word' id='word_1_527' title='bbox 1025 3970 1162 4025; x_wconf 87' lang='lat' dir='ltr'><strong>quas</strong></span> <span class='ocrx_word' id='word_1_528' title='bbox 1187 3965 1408 4026; x_wconf 89' lang='lat' dir='ltr'><strong>propter</strong></span> <span class='ocrx_word' id='word_1_529' title='bbox 1440 3957 1798 4012; x_wconf 69' lang='lat' dir='ltr'><strong>diderentiatn</strong></span> <span class='ocrx_word' id='word_1_530' title='bbox 1830 3961 1850 3990; x_wconf 79' lang='grc'>⁸</span> <span class='ocrx_word' id='word_1_531' title='bbox 1895 3961 2026 4014; x_wconf 84' lang='lat' dir='ltr'><strong>alia-</strong></span> 
     </span>
    </p>
   </div>
   <div class='ocr_carea' id='block_1_72' title="bbox 447 4047 2021 4120">
    <p class='ocr_par' dir='ltr' id='par_1_72' title="bbox 447 4047 2021 4120">
     <span class='ocr_line' id='line_1_72' title="bbox 447 4047 2021 4120; baseline 0 -16"><span class='ocrx_word' id='word_1_532' title='bbox 447 4065 570 4105; x_wconf 90' lang='lat' dir='ltr'><strong>rum</strong></span> <span class='ocrx_word' id='word_1_533' title='bbox 619 4049 1026 4119; x_wconf 87' lang='lat' dir='ltr'><strong>phantasiarum</strong></span> <span class='ocrx_word' id='word_1_534' title='bbox 1071 4047 1305 4118; x_wconf 90' lang='lat' dir='ltr'><strong>theologi</strong></span> <span class='ocrx_word' id='word_1_535' title='bbox 1345 4049 1698 4119; x_wconf 83' lang='lat' dir='ltr'><strong>theophauias</strong></span> <span class='ocrx_word' id='word_1_536' title='bbox 1734 4050 2021 4120; x_wconf 87' lang='lat' dir='ltr'><strong>appellant,</strong></span> 
     </span>
    </p>
   </div>
   <div class='ocr_carea' id='block_1_73' title="bbox 449 4138 2024 4212">
    <p class='ocr_par' dir='ltr' id='par_1_73' title="bbox 449 4138 2024 4212">
     <span class='ocr_line' id='line_1_73' title="bbox 449 4138 2024 4212; baseline 0 -16"><span class='ocrx_word' id='word_1_537' title='bbox 449 4140 943 4196; x_wconf 87' lang='lat' dir='ltr'><strong>administrabitur.</strong></span> <span class='ocrx_word' id='word_1_538' title='bbox 972 4140 1089 4210; x_wconf 87' lang='lat' dir='ltr'><strong>Ipse</strong></span> <span class='ocrx_word' id='word_1_539' title='bbox 1110 4141 1253 4194; x_wconf 89' lang='lat' dir='ltr'><strong>Deus</strong></span> <span class='ocrx_word' id='word_1_540' title='bbox 1273 4138 1297 4172; x_wconf 88' lang='grc'><strong>⁸</strong></span> <span class='ocrx_word' id='word_1_541' title='bbox 1336 4141 1478 4194; x_wconf 90' lang='lat' dir='ltr'><strong>enim</strong></span> <span class='ocrx_word' id='word_1_542' title='bbox 1507 4155 1601 4209; x_wconf 91' lang='lat' dir='ltr'><strong>per</strong></span> <span class='ocrx_word' id='word_1_543' title='bbox 1626 4142 1859 4212; x_wconf 90' lang='lat' dir='ltr'><strong>seipsum</strong></span> <span class='ocrx_word' id='word_1_544' title='bbox 1890 4160 2024 4198; x_wconf 88' lang='lat' dir='ltr'><strong>sem-</strong></span> 
     </span>
    </p>
   </div>
   <div class='ocr_carea' id='block_1_74' title="bbox 448 4229 2025 4301">
    <p class='ocr_par' dir='ltr' id='par_1_74' title="bbox 448 4229 2025 4301">
     <span class='ocr_line' id='line_1_74' title="bbox 448 4229 2025 4301; baseline 0.002 -17"><span class='ocrx_word' id='word_1_545' title='bbox 448 4245 545 4301; x_wconf 89' lang='lat' dir='ltr'><strong>per</strong></span> <span class='ocrx_word' id='word_1_546' title='bbox 567 4229 850 4284; x_wconf 85' lang='lat' dir='ltr'><strong>invisibilis</strong></span> <span class='ocrx_word' id='word_1_547' title='bbox 881 4238 964 4283; x_wconf 87' lang='lat' dir='ltr'><strong>est</strong></span> <span class='ocrx_word' id='word_1_548' title='bbox 991 4237 1044 4282; x_wconf 91' lang='lat' dir='ltr'><strong>et</strong></span> <span class='ocrx_word' id='word_1_549' title='bbox 1079 4229 1204 4294; x_wconf 91' lang='lat' dir='ltr'><strong>erit,</strong></span> <span class='ocrx_word' id='word_1_550' title='bbox 1235 4231 1324 4300; x_wconf 83' lang='lat' dir='ltr'><strong>qui</strong></span> <span class='ocrx_word' id='word_1_551' title='bbox 1361 4230 1503 4284; x_wconf 76' lang='lat' dir='ltr'><strong>solus</strong></span> <span class='ocrx_word' id='word_1_552' title='bbox 1533 4231 1684 4285; x_wconf 78' lang='lat' dir='ltr'><strong>liabet</strong></span> <span class='ocrx_word' id='word_1_553' title='bbox 1715 4234 2025 4288; x_wconf 79' lang='lat' dir='ltr'><strong>immortali-</strong></span> 
     </span>
    </p>
   </div>
   <div class='ocr_carea' id='block_1_75' title="bbox 447 4319 2020 4384">
    <p class='ocr_par' dir='ltr' id='par_1_75' title="bbox 447 4319 2020 4384">
     <span class='ocr_line' id='line_1_75' title="bbox 447 4319 2020 4384; baseline 0.004 -10"><span class='ocrx_word' id='word_1_554' title='bbox 447 4330 638 4384; x_wconf 82' lang='lat' dir='ltr'><strong>tatem,</strong></span> <span class='ocrx_word' id='word_1_555' title='bbox 688 4329 735 4373; x_wconf 73' lang='grc' dir='ltr'><strong>ιι</strong></span> <span class='ocrx_word' id='word_1_556' title='bbox 786 4319 952 4373; x_wconf 84' lang='lat' dir='ltr'><strong>lucem</strong></span> <span class='ocrx_word' id='word_1_557' title='bbox 1006 4319 1207 4372; x_wconf 81' lang='lat' dir='ltr'><strong>habitat</strong></span> <span class='ocrx_word' id='word_1_558' title='bbox 1281 4321 1710 4375; x_wconf 73' lang='lat' dir='ltr'><strong>inaccessibilem.</strong></span> <span class='ocrx_word' id='word_1_559' title='bbox 1763 4324 1836 4378; x_wconf 91' lang='lat' dir='ltr'><strong>De</strong></span> <span class='ocrx_word' id='word_1_560' title='bbox 1885 4340 1950 4380; x_wconf 88' lang='lat' dir='ltr'><strong>eo</strong></span> <span class='ocrx_word' id='word_1_561' title='bbox 2000 4325 2020 4357; x_wconf 90' lang='grc'><strong>⁷</strong></span> 
     </span>
    </p>
   </div>
   <div class='ocr_carea' id='block_1_76' title="bbox 449 4407 2019 4483">
    <p class='ocr_par' dir='ltr' id='par_1_76' title="bbox 449 4407 2019 4483">
     <span class='ocr_line' id='line_1_76' title="bbox 449 4407 2019 4483; baseline 0.004 -20"><span class='ocrx_word' id='word_1_562' title='bbox 449 4421 649 4474; x_wconf 86' lang='lat' dir='ltr'><strong>autem,</strong></span> <span class='ocrx_word' id='word_1_563' title='bbox 685 4410 828 4478; x_wconf 89' lang='lat' dir='ltr'><strong>quod</strong></span> <span class='ocrx_word' id='word_1_564' title='bbox 874 4409 1063 4465; x_wconf 89' lang='lat' dir='ltr'><strong>falsum</strong></span> <span class='ocrx_word' id='word_1_565' title='bbox 1093 4418 1148 4464; x_wconf 90' lang='lat' dir='ltr'><strong>et</strong></span> <span class='ocrx_word' id='word_1_566' title='bbox 1195 4407 1406 4466; x_wconf 83' lang='lat' dir='ltr'><strong>falsitas</strong></span> <span class='ocrx_word' id='word_1_567' title='bbox 1449 4427 1553 4466; x_wconf 90' lang='lat' dir='ltr'><strong>non</strong></span> <span class='ocrx_word' id='word_1_568' title='bbox 1605 4423 1862 4483; x_wconf 87' lang='lat' dir='ltr'><strong>perpetuo</strong></span> <span class='ocrx_word' id='word_1_569' title='bbox 1909 4425 1965 4469; x_wconf 90' lang='lat' dir='ltr'><strong>et.</strong></span> <span class='ocrx_word' id='word_1_570' title='bbox 1997 4416 2019 4448; x_wconf 82' lang='grc'>⁸</span> 
     </span>
    </p>
   </div>
   <div class='ocr_carea' id='block_1_77' title="bbox 446 4501 2022 4571">
    <p class='ocr_par' dir='ltr' id='par_1_77' title="bbox 446 4501 2022 4571">
     <span class='ocr_line' id='line_1_77' title="bbox 446 4501 2022 4571; baseline 0.001 -13"><span class='ocrx_word' id='word_1_571' title='bbox 446 4517 576 4558; x_wconf 79' lang='lat' dir='ltr'><strong>vero</strong></span> <span class='ocrx_word' id='word_1_572' title='bbox 595 4511 649 4556; x_wconf 94' lang='lat' dir='ltr'><strong>et</strong></span> <span class='ocrx_word' id='word_1_573' title='bbox 677 4501 888 4557; x_wconf 87' lang='lat' dir='ltr'><strong>veritati</strong></span> <span class='ocrx_word' id='word_1_574' title='bbox 911 4510 1265 4571; x_wconf 91' lang='lat' dir='ltr'><strong>opponentur,</strong></span> <span class='ocrx_word' id='word_1_575' title='bbox 1293 4517 1359 4555; x_wconf 91' lang='lat' dir='ltr'><strong>ne</strong></span> <span class='ocrx_word' id='word_1_576' title='bbox 1381 4513 1666 4557; x_wconf 88' lang='lat' dir='ltr'><strong>coaeterna</strong></span> <span class='ocrx_word' id='word_1_577' title='bbox 1689 4505 1816 4569; x_wconf 84' lang='lat' dir='ltr'><strong>sint,</strong></span> <span class='ocrx_word' id='word_1_578' title='bbox 1845 4505 2022 4560; x_wconf 89' lang='lat' dir='ltr'><strong>nullus</strong></span> 
     </span>
    </p>
   </div>
   <div class='ocr_carea' id='block_1_78' title="bbox 447 4591 2022 4660">
    <p class='ocr_par' dir='ltr' id='par_1_78' title="bbox 447 4591 2022 4660">
     <span class='ocr_line' id='line_1_78' title="bbox 447 4591 2022 4660; baseline 0.002 -12"><span class='ocrx_word' id='word_1_579' title='bbox 447 4594 663 4660; x_wconf 86' lang='lat' dir='ltr'><strong>sapiens</strong></span> <span class='ocrx_word' id='word_1_580' title='bbox 719 4591 966 4646; x_wconf 89' lang='lat' dir='ltr'><strong>dubitare</strong></span> <span class='ocrx_word' id='word_1_581' title='bbox 1019 4591 1197 4646; x_wconf 90' lang='lat' dir='ltr'><strong>debet.</strong></span> <span class='ocrx_word' id='word_1_582' title='bbox 1257 4591 1388 4658; x_wconf 81' lang='lat' dir='ltr'><strong>Quis</strong></span> <span class='ocrx_word' id='word_1_583' title='bbox 1432 4594 1574 4647; x_wconf 91' lang='lat' dir='ltr'><strong>enim</strong></span> <span class='ocrx_word' id='word_1_584' title='bbox 1618 4592 1832 4650; x_wconf 85' lang='lat' dir='ltr'><strong>futurae</strong></span> <span class='ocrx_word' id='word_1_585' title='bbox 1879 4597 2022 4651; x_wconf 88' lang='lat' dir='ltr'><strong>vitae</strong></span> 
     </span>
    </p>
   </div>
   <div class='ocr_carea' id='block_1_79' title="bbox 447 4675 2017 4754">
    <p class='ocr_par' dir='ltr' id='par_1_79' title="bbox 447 4675 2017 4754">
     <span class='ocr_line' id='line_1_79' title="bbox 447 4675 2017 4754; baseline 0.004 -18"><span class='ocrx_word' id='word_1_586' title='bbox 447 4691 650 4737; x_wconf 87' lang='lat' dir='ltr'><strong>statum</strong></span> <span class='ocrx_word' id='word_1_587' title='bbox 699 4682 860 4736; x_wconf 88' lang='lat' dir='ltr'><strong>rectis</strong></span> <span class='ocrx_word' id='word_1_588' title='bbox 918 4675 1418 4738; x_wconf 85' lang='lat' dir='ltr'><strong>ratiocinationibus</strong></span> <span class='ocrx_word' id='word_1_589' title='bbox 1465 4683 1743 4754; x_wconf 85' lang='lat' dir='ltr'><strong>inquirens</strong></span> <span class='ocrx_word' id='word_1_590' title='bbox 1788 4687 2017 4753; x_wconf 77' lang='lat' dir='ltr'><strong>dixerit,</strong></span> 
     </span>
    </p>
   </div>
   <div class='ocr_carea' id='block_1_80' title="bbox 446 4770 2021 4841">
    <p class='ocr_par' dir='ltr' id='par_1_80' title="bbox 446 4770 2021 4841">
     <span class='ocr_line' id='line_1_80' title="bbox 446 4770 2021 4841; baseline 0.005 -14"><span class='ocrx_word' id='word_1_591' title='bbox 446 4772 741 4827; x_wconf 80' lang='lat' dir='ltr'><strong>falsitatem</strong></span> <span class='ocrx_word' id='word_1_592' title='bbox 770 4785 890 4827; x_wconf 89' lang='lat' dir='ltr'><strong>esse</strong></span> <span class='ocrx_word' id='word_1_593' title='bbox 914 4770 1168 4837; x_wconf 85' lang='lat' dir='ltr'><strong>futuram,</strong></span> <span class='ocrx_word' id='word_1_594' title='bbox 1199 4773 1415 4841; x_wconf 89' lang='lat' dir='ltr'><strong>quando</strong></span> <span class='ocrx_word' id='word_1_595' title='bbox 1448 4775 1648 4837; x_wconf 77' lang='lat' dir='ltr'><strong>veritas</strong></span> <span class='ocrx_word' id='word_1_596' title='bbox 1687 4778 1740 4831; x_wconf 90' lang='lat' dir='ltr'><strong>in</strong></span> <span class='ocrx_word' id='word_1_597' title='bbox 1773 4779 2021 4835; x_wconf 88' lang='lat' dir='ltr'><strong>omnibus</strong></span> 
     </span>
    </p>
   </div>
   <div class='ocr_carea' id='block_1_81' title="bbox 447 4863 2018 4938">
    <p class='ocr_par' dir='ltr' id='par_1_81' title="bbox 447 4863 2018 4938">
     <span class='ocr_line' id='line_1_81' title="bbox 447 4863 2018 4938; baseline 0.004 -18"><span class='ocrx_word' id='word_1_598' title='bbox 447 4865 743 4938; x_wconf 85' lang='lat' dir='ltr'><strong>apparebit,</strong></span> <span class='ocrx_word' id='word_1_599' title='bbox 793 4875 849 4922; x_wconf 89' lang='lat' dir='ltr'><strong>et</strong></span> <span class='ocrx_word' id='word_1_600' title='bbox 891 4880 1052 4921; x_wconf 90' lang='lat' dir='ltr'><strong>omne</strong></span> <span class='ocrx_word' id='word_1_601' title='bbox 1095 4863 1289 4921; x_wconf 88' lang='lat' dir='ltr'><strong>falsum</strong></span> <span class='ocrx_word' id='word_1_602' title='bbox 1337 4881 1442 4921; x_wconf 91' lang='lat' dir='ltr'><strong>non</strong></span> <span class='ocrx_word' id='word_1_603' title='bbox 1492 4867 1666 4922; x_wconf 90' lang='lat' dir='ltr'><strong>solum</strong></span> <span class='ocrx_word' id='word_1_604' title='bbox 1716 4869 1783 4924; x_wconf 91' lang='lat' dir='ltr'><strong>de</strong></span> <span class='ocrx_word' id='word_1_605' title='bbox 1827 4880 2018 4927; x_wconf 88' lang='lat' dir='ltr'><strong>natura</strong></span> 
     </span>
    </p>
   </div>
   <div class='ocr_carea' id='block_1_82' title="bbox 443 4954 2020 5030">
    <p class='ocr_par' dir='ltr' id='par_1_82' title="bbox 443 4954 2020 5030">
     <span class='ocr_line' id='line_1_82' title="bbox 443 4954 2020 5030; baseline 0.004 -19"><span class='ocrx_word' id='word_1_606' title='bbox 443 4971 646 5018; x_wconf 89' lang='lat' dir='ltr'><strong>rerum,</strong></span> <span class='ocrx_word' id='word_1_607' title='bbox 680 4970 868 5012; x_wconf 90' lang='lat' dir='ltr'><strong>verum</strong></span> <span class='ocrx_word' id='word_1_608' title='bbox 893 4957 1057 5012; x_wconf 88' lang='lat' dir='ltr'><strong>etiam</strong></span> <span class='ocrx_word' id='word_1_609' title='bbox 1082 4954 1151 5014; x_wconf 90' lang='lat' dir='ltr'><strong>de</strong></span> <span class='ocrx_word' id='word_1_610' title='bbox 1170 4957 1374 5030; x_wconf 88' lang='lat' dir='ltr'><strong>judicio</strong></span> <span class='ocrx_word' id='word_1_611' title='bbox 1401 4959 1566 5016; x_wconf 90' lang='lat' dir='ltr'><strong>totius</strong></span> <span class='ocrx_word' id='word_1_612' title='bbox 1596 4960 1932 5019; x_wconf 88' lang='lat' dir='ltr'><strong>rationabilis</strong></span> <span class='ocrx_word' id='word_1_613' title='bbox 1964 4973 2020 5020; x_wconf 90' lang='lat' dir='ltr'><strong>et</strong></span> 
     </span>
    </p>
   </div>
   <div class='ocr_carea' id='block_1_83' title="bbox 445 5046 2022 5122">
    <p class='ocr_par' dir='ltr' id='par_1_83' title="bbox 445 5046 2022 5122">
     <span class='ocr_line' id='line_1_83' title="bbox 445 5046 2022 5122; baseline 0.007 -20"><span class='ocrx_word' id='word_1_614' title='bbox 445 5046 824 5104; x_wconf 87' lang='lat' dir='ltr'><strong>intellectualis</strong></span> <span class='ocrx_word' id='word_1_615' title='bbox 843 5058 1127 5105; x_wconf 87' lang='lat' dir='ltr'><strong>creaturae</strong></span> <span class='ocrx_word' id='word_1_616' title='bbox 1155 5048 1465 5118; x_wconf 84' lang='lat' dir='ltr'><strong>auferetur;</strong></span> <span class='ocrx_word' id='word_1_617' title='bbox 1493 5051 1585 5108; x_wconf 92' lang='lat' dir='ltr'><strong>ubi</strong></span> <span class='ocrx_word' id='word_1_618' title='bbox 1607 5067 1763 5109; x_wconf 90' lang='lat' dir='ltr'><strong>nemo</strong></span> <span class='ocrx_word' id='word_1_619' title='bbox 1787 5053 1942 5122; x_wconf 86' lang='lat' dir='ltr'><strong>fallit,</strong></span> <span class='ocrx_word' id='word_1_620' title='bbox 1963 5065 2022 5112; x_wconf 88' lang='lat' dir='ltr'><strong>et</strong></span> 
     </span>
    </p>
   </div>
   <div class='ocr_carea' id='block_1_84' title="bbox 441 5139 2015 5216">
    <p class='ocr_par' dir='ltr' id='par_1_84' title="bbox 441 5139 2015 5216">
     <span class='ocr_line' id='line_1_84' title="bbox 441 5139 2015 5216; baseline 0.006 -20"><span class='ocrx_word' id='word_1_621' title='bbox 441 5139 648 5196; x_wconf 85' lang='lat' dir='ltr'><strong>fallitur</strong></span> <span class='ocrx_word' id='word_1_622' title='bbox 690 5155 872 5207; x_wconf 90' lang='lat' dir='ltr'><strong>nemo,</strong></span> <span class='ocrx_word' id='word_1_623' title='bbox 917 5140 1042 5196; x_wconf 91' lang='lat' dir='ltr'><strong>dum</strong></span> <span class='ocrx_word' id='word_1_624' title='bbox 1092 5150 1286 5198; x_wconf 90' lang='lat' dir='ltr'><strong>natura</strong></span> <span class='ocrx_word' id='word_1_625' title='bbox 1321 5159 1504 5200; x_wconf 89' lang='lat' dir='ltr'><strong>rerum</strong></span> <span class='ocrx_word' id='word_1_626' title='bbox 1547 5145 1600 5200; x_wconf 91' lang='lat' dir='ltr'><strong>in</strong></span> <span class='ocrx_word' id='word_1_627' title='bbox 1637 5161 1778 5216; x_wconf 39' lang='lat' dir='ltr'><strong>,suas</strong></span> <span class='ocrx_word' id='word_1_628' title='bbox 1822 5163 2015 5205; x_wconf 88' lang='lat' dir='ltr'><strong>causas</strong></span> 
     </span>
    </p>
   </div>
   <div class='ocr_carea' id='block_1_85' title="bbox 441 5234 2015 5313">
    <p class='ocr_par' dir='ltr' id='par_1_85' title="bbox 441 5234 2015 5313">
     <span class='ocr_line' id='line_1_85' title="bbox 441 5234 2015 5313; baseline 0.006 -23"><span class='ocrx_word' id='word_1_629' title='bbox 441 5242 780 5300; x_wconf 86' lang='lat' dir='ltr'><strong>revertetur;</strong></span> <span class='ocrx_word' id='word_1_630' title='bbox 814 5234 868 5289; x_wconf 92' lang='lat' dir='ltr'><strong>in</strong></span> <span class='ocrx_word' id='word_1_631' title='bbox 900 5235 1095 5304; x_wconf 89' lang='lat' dir='ltr'><strong>quibus</strong></span> <span class='ocrx_word' id='word_1_632' title='bbox 1123 5235 1200 5290; x_wconf 92' lang='lat' dir='ltr'><strong>nil</strong></span> <span class='ocrx_word' id='word_1_633' title='bbox 1233 5235 1376 5291; x_wconf 90' lang='lat' dir='ltr'><strong>aliud</strong></span> <span class='ocrx_word' id='word_1_634' title='bbox 1409 5239 1834 5295; x_wconf 90' lang='lat' dir='ltr'><strong>considerabitur</strong></span> <span class='ocrx_word' id='word_1_635' title='bbox 1861 5258 2015 5313; x_wconf 85' lang='lat' dir='ltr'><strong>prae-</strong></span> 
     </span>
    </p>
   </div>
   <div class='ocr_carea' id='block_1_86' title="bbox 2131 3245 3700 3311">
    <p class='ocr_par' dir='ltr' id='par_1_86' title="bbox 2131 3245 3700 3311">
     <span class='ocr_line' id='line_1_86' title="bbox 2131 3245 3700 3311; baseline 0.004 -17"><span class='ocrx_word' id='word_1_636' title='bbox 2131 3245 2274 3311; x_wconf 88' lang='lat' dir='ltr'><strong>quod</strong></span> <span class='ocrx_word' id='word_1_637' title='bbox 2322 3261 2427 3300; x_wconf 90' lang='lat' dir='ltr'><strong>non</strong></span> <span class='ocrx_word' id='word_1_638' title='bbox 2477 3256 2578 3311; x_wconf 92' lang='lat' dir='ltr'><strong>est,</strong></span> <span class='ocrx_word' id='word_1_639' title='bbox 2629 3248 2889 3304; x_wconf 87' lang='lat' dir='ltr'><strong>Creatore</strong></span> <span class='ocrx_word' id='word_1_640' title='bbox 2932 3249 3171 3304; x_wconf 89' lang='lat' dir='ltr'><strong>ambitur</strong></span> <span class='ocrx_word' id='word_1_641' title='bbox 3222 3258 3278 3302; x_wconf 90' lang='lat' dir='ltr'><strong>et</strong></span> <span class='ocrx_word' id='word_1_642' title='bbox 3323 3257 3596 3303; x_wconf 87' lang='lat' dir='ltr'><strong>creatura.</strong></span> <span class='ocrx_word' id='word_1_643' title='bbox 3645 3245 3700 3302; x_wconf 90' lang='lat' dir='ltr'><strong>Si</strong></span> 
     </span>
    </p>
   </div>
   <div class='ocr_carea' id='block_1_87' title="bbox 2130 3337 3697 3405">
    <p class='ocr_par' dir='ltr' id='par_1_87' title="bbox 2130 3337 3697 3405">
     <span class='ocr_line' id='line_1_87' title="bbox 2130 3337 3697 3405; baseline 0.001 -16"><span class='ocrx_word' id='word_1_644' title='bbox 2130 3348 2309 3390; x_wconf 85' lang='lat' dir='ltr'><strong>autem</strong></span> <span class='ocrx_word' id='word_1_645' title='bbox 2333 3337 2542 3401; x_wconf 83' lang='lat' dir='ltr'><strong>dixero,</strong></span> <span class='ocrx_word' id='word_1_646' title='bbox 2573 3337 2734 3403; x_wconf 90' lang='lat' dir='ltr'><strong>intra,</strong></span> <span class='ocrx_word' id='word_1_647' title='bbox 2759 3348 2978 3394; x_wconf 85' lang='lat' dir='ltr'><strong>coaetus</strong></span> <span class='ocrx_word' id='word_1_648' title='bbox 3015 3340 3243 3405; x_wconf 88' lang='lat' dir='ltr'><strong>fatebor,</strong></span> <span class='ocrx_word' id='word_1_649' title='bbox 3282 3355 3388 3394; x_wconf 91' lang='lat' dir='ltr'><strong>non</strong></span> <span class='ocrx_word' id='word_1_650' title='bbox 3420 3339 3594 3393; x_wconf 88' lang='lat' dir='ltr'><strong>solum</strong></span> <span class='ocrx_word' id='word_1_651' title='bbox 3621 3352 3697 3400; x_wconf 83' lang='lat' dir='ltr'><strong>ea,</strong></span> 
     </span>
    </p>
   </div>
   <div class='ocr_carea' id='block_1_88' title="bbox 2129 3429 3700 3500">
    <p class='ocr_par' dir='ltr' id='par_1_88' title="bbox 2129 3429 3700 3500">
     <span class='ocr_line' id='line_1_88' title="bbox 2129 3429 3700 3500; baseline -0.003 -16"><span class='ocrx_word' id='word_1_652' title='bbox 2129 3446 2267 3500; x_wconf 88' lang='lat' dir='ltr'><strong>quae</strong></span> <span class='ocrx_word' id='word_1_653' title='bbox 2298 3439 2442 3495; x_wconf 90' lang='lat' dir='ltr'><strong>sunt,</strong></span> <span class='ocrx_word' id='word_1_654' title='bbox 2473 3446 2660 3484; x_wconf 91' lang='lat' dir='ltr'><strong>verum</strong></span> <span class='ocrx_word' id='word_1_655' title='bbox 2689 3432 2874 3495; x_wconf 87' lang='lat' dir='ltr'><strong>etiam,</strong></span> <span class='ocrx_word' id='word_1_656' title='bbox 2903 3445 3040 3500; x_wconf 84' lang='lat' dir='ltr'><strong>quae</strong></span> <span class='ocrx_word' id='word_1_657' title='bbox 3081 3446 3184 3484; x_wconf 92' lang='lat' dir='ltr'><strong>non</strong></span> <span class='ocrx_word' id='word_1_658' title='bbox 3230 3439 3376 3492; x_wconf 89' lang='lat' dir='ltr'><strong>sunt,</strong></span> <span class='ocrx_word' id='word_1_659' title='bbox 3408 3429 3549 3482; x_wconf 83' lang='lat' dir='ltr'><strong>intra</strong></span> <span class='ocrx_word' id='word_1_660' title='bbox 3599 3440 3700 3480; x_wconf 85' lang='lat' dir='ltr'><strong>ter-</strong></span> 
     </span>
    </p>
   </div>
   <div class='ocr_carea' id='block_1_89' title="bbox 2130 3519 3701 3590">
    <p class='ocr_par' dir='ltr' id='par_1_89' title="bbox 2130 3519 3701 3590">
     <span class='ocr_line' id='line_1_89' title="bbox 2130 3519 3701 3590; baseline -0.002 -16"><span class='ocrx_word' id='word_1_661' title='bbox 2130 3523 2306 3575; x_wconf 91' lang='lat' dir='ltr'><strong>minos</strong></span> <span class='ocrx_word' id='word_1_662' title='bbox 2355 3521 2568 3575; x_wconf 87' lang='lat' dir='ltr'><strong>divinae</strong></span> <span class='ocrx_word' id='word_1_663' title='bbox 2624 3521 2884 3575; x_wconf 77' lang='lat' dir='ltr'><strong>bonitatis</strong></span> <span class='ocrx_word' id='word_1_664' title='bbox 2936 3528 2992 3573; x_wconf 90' lang='lat' dir='ltr'><strong>et</strong></span> <span class='ocrx_word' id='word_1_665' title='bbox 3030 3520 3274 3590; x_wconf 84' lang='lat' dir='ltr'><strong>justitiae</strong></span> <span class='ocrx_word' id='word_1_666' title='bbox 3319 3528 3374 3574; x_wconf 90' lang='lat' dir='ltr'><strong>et</strong></span> <span class='ocrx_word' id='word_1_667' title='bbox 3425 3519 3701 3589; x_wconf 85' lang='lat' dir='ltr'><strong>providen-</strong></span> 
     </span>
    </p>
   </div>
   <div class='ocr_carea' id='block_1_90' title="bbox 2130 3611 3700 3683">
    <p class='ocr_par' dir='ltr' id='par_1_90' title="bbox 2130 3611 3700 3683">
     <span class='ocr_line' id='line_1_90' title="bbox 2130 3611 3700 3683; baseline -0.002 -15"><span class='ocrx_word' id='word_1_668' title='bbox 2130 3615 2238 3670; x_wconf 86' lang='lat' dir='ltr'><strong>tiae</strong></span> <span class='ocrx_word' id='word_1_669' title='bbox 2293 3623 2349 3669; x_wconf 92' lang='lat' dir='ltr'><strong>et</strong></span> <span class='ocrx_word' id='word_1_670' title='bbox 2395 3614 2585 3683; x_wconf 86' lang='lat' dir='ltr'><strong>judieii</strong></span> <span class='ocrx_word' id='word_1_671' title='bbox 2645 3613 2932 3669; x_wconf 92' lang='lat' dir='ltr'><strong>contineri.</strong></span> <span class='ocrx_word' id='word_1_672' title='bbox 2986 3612 3102 3668; x_wconf 82' lang='lat' dir='ltr'><strong>Non</strong></span> <span class='ocrx_word' id='word_1_673' title='bbox 3163 3613 3307 3667; x_wconf 92' lang='lat' dir='ltr'><strong>enim</strong></span> <span class='ocrx_word' id='word_1_674' title='bbox 3371 3611 3700 3667; x_wconf 84' lang='lat' dir='ltr'><strong>solummodo</strong></span> 
     </span>
    </p>
   </div>
   <div class='ocr_carea' id='block_1_91' title="bbox 2127 3707 3697 3775">
    <p class='ocr_par' dir='ltr' id='par_1_91' title="bbox 2127 3707 3697 3775">
     <span class='ocr_line' id='line_1_91' title="bbox 2127 3707 3697 3775; baseline -0.003 -15"><span class='ocrx_word' id='word_1_675' title='bbox 2127 3720 2214 3772; x_wconf 88' lang='lat' dir='ltr'><strong>ea,</strong></span> <span class='ocrx_word' id='word_1_676' title='bbox 2259 3722 2397 3775; x_wconf 90' lang='lat' dir='ltr'><strong>quae</strong></span> <span class='ocrx_word' id='word_1_677' title='bbox 2433 3715 2594 3773; x_wconf 85' lang='lat' dir='ltr'><strong>sunt,</strong></span> <span class='ocrx_word' id='word_1_678' title='bbox 2636 3713 2823 3760; x_wconf 89' lang='lat' dir='ltr'><strong>verum</strong></span> <span class='ocrx_word' id='word_1_679' title='bbox 2849 3707 3012 3760; x_wconf 90' lang='lat' dir='ltr'><strong>etiam</strong></span> <span class='ocrx_word' id='word_1_680' title='bbox 3056 3720 3158 3771; x_wconf 90' lang='lat' dir='ltr'><strong>ea,</strong></span> <span class='ocrx_word' id='word_1_681' title='bbox 3209 3720 3350 3774; x_wconf 89' lang='lat' dir='ltr'><strong>quae</strong></span> <span class='ocrx_word' id='word_1_682' title='bbox 3401 3721 3506 3760; x_wconf 89' lang='lat' dir='ltr'><strong>non</strong></span> <span class='ocrx_word' id='word_1_683' title='bbox 3551 3714 3697 3766; x_wconf 90' lang='lat' dir='ltr'><strong>sunt,</strong></span> 
     </span>
    </p>
   </div>
   <div class='ocr_carea' id='block_1_92' title="bbox 2129 3797 3702 3868">
    <p class='ocr_par' dir='ltr' id='par_1_92' title="bbox 2129 3797 3702 3868">
     <span class='ocr_line' id='line_1_92' title="bbox 2129 3797 3702 3868; baseline -0.001 -16"><span class='ocrx_word' id='word_1_684' title='bbox 2129 3798 2242 3852; x_wconf 89' lang='lat' dir='ltr'><strong>sive</strong></span> <span class='ocrx_word' id='word_1_685' title='bbox 2290 3812 2387 3867; x_wconf 90' lang='lat' dir='ltr'><strong>per</strong></span> <span class='ocrx_word' id='word_1_686' title='bbox 2443 3797 2986 3868; x_wconf 79' lang='lat' dir='ltr'><strong>superexeellentiam</strong></span> <span class='ocrx_word' id='word_1_687' title='bbox 3034 3798 3172 3852; x_wconf 88' lang='lat' dir='ltr'><strong>ultra</strong></span> <span class='ocrx_word' id='word_1_688' title='bbox 3229 3813 3447 3852; x_wconf 88' lang='lat' dir='ltr'><strong>omnem</strong></span> <span class='ocrx_word' id='word_1_689' title='bbox 3501 3797 3702 3851; x_wconf 78' lang='lat' dir='ltr'><strong>intelle-</strong></span> 
     </span>
    </p>
   </div>
   <div class='ocr_carea' id='block_1_93' title="bbox 2129 3890 3699 3962">
    <p class='ocr_par' dir='ltr' id='par_1_93' title="bbox 2129 3890 3699 3962">
     <span class='ocr_line' id='line_1_93' title="bbox 2129 3890 3699 3962; baseline 0 -18"><span class='ocrx_word' id='word_1_690' title='bbox 2129 3899 2296 3953; x_wconf 88' lang='lat' dir='ltr'><strong>ctum,</strong></span> <span class='ocrx_word' id='word_1_691' title='bbox 2322 3891 2436 3944; x_wconf 90' lang='lat' dir='ltr'><strong>sive</strong></span> <span class='ocrx_word' id='word_1_692' title='bbox 2467 3907 2562 3960; x_wconf 86' lang='lat' dir='ltr'><strong>per</strong></span> <span class='ocrx_word' id='word_1_693' title='bbox 2583 3891 2946 3960; x_wconf 88' lang='lat' dir='ltr'><strong>privationem</strong></span> <span class='ocrx_word' id='word_1_694' title='bbox 2975 3907 3185 3955; x_wconf 90' lang='lat' dir='ltr'><strong>eorum,</strong></span> <span class='ocrx_word' id='word_1_695' title='bbox 3219 3907 3362 3962; x_wconf 90' lang='lat' dir='ltr'><strong>quae</strong></span> <span class='ocrx_word' id='word_1_696' title='bbox 3391 3900 3535 3956; x_wconf 89' lang='lat' dir='ltr'><strong>sunt,</strong></span> <span class='ocrx_word' id='word_1_697' title='bbox 3567 3890 3699 3945; x_wconf 82' lang='lat' dir='ltr'><strong>infra</strong></span> 
     </span>
    </p>
   </div>
   <div class='ocr_carea' id='block_1_94' title="bbox 2127 3981 3699 4053">
    <p class='ocr_par' dir='ltr' id='par_1_94' title="bbox 2127 3981 3699 4053">
     <span class='ocr_line' id='line_1_94' title="bbox 2127 3981 3699 4053; baseline 0.001 -19"><span class='ocrx_word' id='word_1_698' title='bbox 2127 3981 2330 4044; x_wconf 88' lang='lat' dir='ltr'><strong>omnia,</strong></span> <span class='ocrx_word' id='word_1_699' title='bbox 2354 3995 2492 4049; x_wconf 89' lang='lat' dir='ltr'><strong>quae</strong></span> <span class='ocrx_word' id='word_1_700' title='bbox 2522 3981 2894 4053; x_wconf 83' lang='lat' dir='ltr'><strong>intelliguntur</strong></span> <span class='ocrx_word' id='word_1_701' title='bbox 2915 3997 3056 4047; x_wconf 88' lang='lat' dir='ltr'><strong>esse,</strong></span> <span class='ocrx_word' id='word_1_702' title='bbox 3087 3982 3267 4036; x_wconf 88' lang='lat' dir='ltr'><strong>divina</strong></span> <span class='ocrx_word' id='word_1_703' title='bbox 3301 3983 3502 4037; x_wconf 90' lang='lat' dir='ltr'><strong>virtute</strong></span> <span class='ocrx_word' id='word_1_704' title='bbox 3530 3983 3699 4036; x_wconf 83' lang='lat' dir='ltr'><strong>credi-</strong></span> 
     </span>
    </p>
   </div>
   <div class='ocr_carea' id='block_1_95' title="bbox 2126 4074 3698 4147">
    <p class='ocr_par' dir='ltr' id='par_1_95' title="bbox 2126 4074 3698 4147">
     <span class='ocr_line' id='line_1_95' title="bbox 2126 4074 3698 4147; baseline 0.001 -20"><span class='ocrx_word' id='word_1_705' title='bbox 2126 4089 2248 4128; x_wconf 90' lang='lat' dir='ltr'><strong>mus</strong></span> <span class='ocrx_word' id='word_1_706' title='bbox 2281 4082 2334 4127; x_wconf 91' lang='lat' dir='ltr'><strong>et</strong></span> <span class='ocrx_word' id='word_1_707' title='bbox 2365 4074 2714 4144; x_wconf 79' lang='lat' dir='ltr'><strong>intelligimus</strong></span> <span class='ocrx_word' id='word_1_708' title='bbox 2737 4075 3120 4142; x_wconf 86' lang='lat' dir='ltr'><strong>administrari,</strong></span> <span class='ocrx_word' id='word_1_709' title='bbox 3152 4086 3302 4131; x_wconf 87' lang='lat' dir='ltr'><strong>extra</strong></span> <span class='ocrx_word' id='word_1_710' title='bbox 3330 4093 3491 4147; x_wconf 89' lang='lat' dir='ltr'><strong>quam</strong></span> <span class='ocrx_word' id='word_1_711' title='bbox 3518 4091 3698 4140; x_wconf 84' lang='lat' dir='ltr'><strong>omne,</strong></span> 
     </span>
    </p>
   </div>
   <div class='ocr_carea' id='block_1_96' title="bbox 2125 4166 3701 4238">
    <p class='ocr_par' dir='ltr' id='par_1_96' title="bbox 2125 4166 3701 4238">
     <span class='ocr_line' id='line_1_96' title="bbox 2125 4166 3701 4238; baseline 0.002 -19"><span class='ocrx_word' id='word_1_712' title='bbox 2125 4166 2266 4235; x_wconf 88' lang='lat' dir='ltr'><strong>quod</strong></span> <span class='ocrx_word' id='word_1_713' title='bbox 2299 4174 2382 4220; x_wconf 91' lang='lat' dir='ltr'><strong>est</strong></span> <span class='ocrx_word' id='word_1_714' title='bbox 2408 4176 2461 4220; x_wconf 92' lang='lat' dir='ltr'><strong>et</strong></span> <span class='ocrx_word' id='word_1_715' title='bbox 2497 4168 2637 4236; x_wconf 91' lang='lat' dir='ltr'><strong>quod</strong></span> <span class='ocrx_word' id='word_1_716' title='bbox 2679 4183 2782 4222; x_wconf 92' lang='lat' dir='ltr'><strong>non</strong></span> <span class='ocrx_word' id='word_1_717' title='bbox 2823 4176 2927 4232; x_wconf 89' lang='lat' dir='ltr'><strong>est,</strong></span> <span class='ocrx_word' id='word_1_718' title='bbox 2973 4167 3152 4237; x_wconf 89' lang='lat' dir='ltr'><strong>egredi</strong></span> <span class='ocrx_word' id='word_1_719' title='bbox 3202 4185 3305 4222; x_wconf 90' lang='lat' dir='ltr'><strong>non</strong></span> <span class='ocrx_word' id='word_1_720' title='bbox 3338 4179 3530 4238; x_wconf 82' lang='lat' dir='ltr'><strong>potest.</strong></span> <span class='ocrx_word' id='word_1_721' title='bbox 3569 4168 3701 4223; x_wconf 73' lang='lat' dir='ltr'><strong>Nam</strong></span> 
     </span>
    </p>
   </div>
   <div class='ocr_carea' id='block_1_97' title="bbox 2125 4259 3698 4330">
    <p class='ocr_par' dir='ltr' id='par_1_97' title="bbox 2125 4259 3698 4330">
     <span class='ocr_line' id='line_1_97' title="bbox 2125 4259 3698 4330; baseline 0.001 -18"><span class='ocrx_word' id='word_1_722' title='bbox 2125 4259 2326 4322; x_wconf 88' lang='lat' dir='ltr'><strong>omnia,</strong></span> <span class='ocrx_word' id='word_1_723' title='bbox 2357 4274 2494 4327; x_wconf 88' lang='lat' dir='ltr'><strong>quae</strong></span> <span class='ocrx_word' id='word_1_724' title='bbox 2536 4267 2686 4313; x_wconf 86' lang='lat' dir='ltr'><strong>extra</strong></span> <span class='ocrx_word' id='word_1_725' title='bbox 2736 4260 3014 4314; x_wconf 90' lang='lat' dir='ltr'><strong>beatorum</strong></span> <span class='ocrx_word' id='word_1_726' title='bbox 3043 4261 3298 4314; x_wconf 89' lang='lat' dir='ltr'><strong>ordinem</strong></span> <span class='ocrx_word' id='word_1_727' title='bbox 3341 4261 3698 4330; x_wconf 84' lang='lat' dir='ltr'><strong>expelluntur,</strong></span> 
     </span>
    </p>
   </div>
   <div class='ocr_carea' id='block_1_98' title="bbox 2124 4347 3697 4418">
    <p class='ocr_par' dir='ltr' id='par_1_98' title="bbox 2124 4347 3697 4418">
     <span class='ocr_line' id='line_1_98' title="bbox 2124 4347 3697 4418; baseline 0.001 -17"><span class='ocrx_word' id='word_1_728' title='bbox 2124 4356 2276 4401; x_wconf 83' lang='lat' dir='ltr'><strong>extra</strong></span> <span class='ocrx_word' id='word_1_729' title='bbox 2303 4348 2512 4402; x_wconf 89' lang='lat' dir='ltr'><strong>divinas</strong></span> <span class='ocrx_word' id='word_1_730' title='bbox 2532 4348 2700 4416; x_wconf 86' lang='lat' dir='ltr'><strong>leges,</strong></span> <span class='ocrx_word' id='word_1_731' title='bbox 2725 4348 2864 4402; x_wconf 91' lang='lat' dir='ltr'><strong>intra</strong></span> <span class='ocrx_word' id='word_1_732' title='bbox 2899 4363 3033 4418; x_wconf 88' lang='lat' dir='ltr'><strong>quas</strong></span> <span class='ocrx_word' id='word_1_733' title='bbox 3059 4347 3104 4381; x_wconf 84' lang='grc'><strong>¹⁸</strong></span> <span class='ocrx_word' id='word_1_734' title='bbox 3132 4349 3312 4403; x_wconf 89' lang='lat' dir='ltr'><strong>omnia</strong></span> <span class='ocrx_word' id='word_1_735' title='bbox 3348 4349 3392 4380; x_wconf 79' lang='lat'>“</span> <span class='ocrx_word' id='word_1_736' title='bbox 3419 4350 3697 4406; x_wconf 81' lang='lat' dir='ltr'><strong>continen-</strong></span> 
     </span>
    </p>
   </div>
   <div class='ocr_carea' id='block_1_99' title="bbox 2049 4440 3700 4536">
    <p class='ocr_par' dir='ltr' id='par_1_99' title="bbox 2049 4440 3700 4536">
     <span class='ocr_line' id='line_1_99' title="bbox 2049 4440 3700 4536; baseline 0.003 -46"><span class='ocrx_word' id='word_1_737' title='bbox 2049 4477 2099 4536; x_wconf 70' lang='grc' dir='ltr'><strong>Β</strong></span> <span class='ocrx_word' id='word_1_738' title='bbox 2127 4445 2235 4501; x_wconf 90' lang='lat' dir='ltr'><strong>tur,</strong></span> <span class='ocrx_word' id='word_1_739' title='bbox 2265 4440 2494 4492; x_wconf 86' lang='lat' dir='ltr'><strong>evadere</strong></span> <span class='ocrx_word' id='word_1_740' title='bbox 2545 4454 2649 4492; x_wconf 92' lang='lat' dir='ltr'><strong>non</strong></span> <span class='ocrx_word' id='word_1_741' title='bbox 2693 4449 2934 4507; x_wconf 91' lang='lat' dir='ltr'><strong>possunt,</strong></span> <span class='ocrx_word' id='word_1_742' title='bbox 2983 4447 3037 4494; x_wconf 92' lang='lat' dir='ltr'><strong>et</strong></span> <span class='ocrx_word' id='word_1_743' title='bbox 3083 4456 3222 4509; x_wconf 89' lang='lat' dir='ltr'><strong>quae</strong></span> <span class='ocrx_word' id='word_1_744' title='bbox 3271 4456 3300 4493; x_wconf 91' lang='lat' dir='ltr'><strong>a</strong></span> <span class='ocrx_word' id='word_1_745' title='bbox 3333 4441 3700 4520; x_wconf 83' lang='lat' dir='ltr'><strong>superioribus</strong></span> 
     </span>
    </p>
   </div>
   <div class='ocr_carea' id='block_1_100' title="bbox 2124 4526 3696 4591">
    <p class='ocr_par' dir='ltr' id='par_1_100' title="bbox 2124 4526 3696 4591">
     <span class='ocr_line' id='line_1_100' title="bbox 2124 4526 3696 4591; baseline 0.001 -10"><span class='ocrx_word' id='word_1_746' title='bbox 2124 4526 2401 4582; x_wconf 88' lang='lat' dir='ltr'><strong>ordinibus</strong></span> <span class='ocrx_word' id='word_1_747' title='bbox 2461 4529 2678 4591; x_wconf 90' lang='lat' dir='ltr'><strong>cadunt,</strong></span> <span class='ocrx_word' id='word_1_748' title='bbox 2734 4529 2789 4582; x_wconf 91' lang='lat' dir='ltr'><strong>in</strong></span> <span class='ocrx_word' id='word_1_749' title='bbox 2840 4526 3121 4583; x_wconf 85' lang='lat' dir='ltr'><strong>inferiores</strong></span> <span class='ocrx_word' id='word_1_750' title='bbox 3167 4530 3387 4585; x_wconf 89' lang='lat' dir='ltr'><strong>ordines</strong></span> <span class='ocrx_word' id='word_1_751' title='bbox 3433 4530 3696 4591; x_wconf 80' lang='lat' dir='ltr'><strong>decidere,</strong></span> 
     </span>
    </p>
   </div>
   <div class='ocr_carea' id='block_1_101' title="bbox 2125 4617 3695 4688">
    <p class='ocr_par' dir='ltr' id='par_1_101' title="bbox 2125 4617 3695 4688">
     <span class='ocr_line' id='line_1_101' title="bbox 2125 4617 3695 4688; baseline 0.001 -18"><span class='ocrx_word' id='word_1_752' title='bbox 2125 4617 2288 4686; x_wconf 86' lang='lat' dir='ltr'><strong>inque</strong></span> <span class='ocrx_word' id='word_1_753' title='bbox 2324 4617 2404 4672; x_wconf 86' lang='lat' dir='ltr'><strong>eis</strong></span> <span class='ocrx_word' id='word_1_754' title='bbox 2431 4619 2657 4672; x_wconf 88' lang='lat' dir='ltr'><strong>detineri</strong></span> <span class='ocrx_word' id='word_1_755' title='bbox 2697 4628 2979 4688; x_wconf 87' lang='lat' dir='ltr'><strong>coguntur.</strong></span> <span class='ocrx_word' id='word_1_756' title='bbox 3020 4617 3208 4676; x_wconf 84' lang='lat' dir='ltr'><strong>Omnis</strong></span> <span class='ocrx_word' id='word_1_757' title='bbox 3249 4630 3429 4675; x_wconf 91' lang='lat' dir='ltr'><strong>autem</strong></span> <span class='ocrx_word' id='word_1_758' title='bbox 3475 4621 3516 4653; x_wconf 80' lang='lat'><strong>“</strong></span> <span class='ocrx_word' id='word_1_759' title='bbox 3542 4621 3695 4680; x_wconf 83' lang='lat' dir='ltr'><strong>ordo,</strong></span> 
     </span>
    </p>
   </div>
   <div class='ocr_carea' id='block_1_102' title="bbox 2125 4706 3694 4772">
    <p class='ocr_par' dir='ltr' id='par_1_102' title="bbox 2125 4706 3694 4772">
     <span class='ocr_line' id='line_1_102' title="bbox 2125 4706 3694 4772; baseline -0.001 -12"><span class='ocrx_word' id='word_1_760' title='bbox 2125 4706 2238 4760; x_wconf 85' lang='lat' dir='ltr'><strong>sive</strong></span> <span class='ocrx_word' id='word_1_761' title='bbox 2262 4721 2503 4760; x_wconf 90' lang='lat' dir='ltr'><strong>summus</strong></span> <span class='ocrx_word' id='word_1_762' title='bbox 2523 4723 2737 4762; x_wconf 89' lang='lat' dir='ltr'><strong>sursum</strong></span> <span class='ocrx_word' id='word_1_763' title='bbox 2769 4723 2976 4772; x_wconf 87' lang='lat' dir='ltr'><strong>versus,</strong></span> <span class='ocrx_word' id='word_1_764' title='bbox 3003 4709 3116 4764; x_wconf 90' lang='lat' dir='ltr'><strong>sive</strong></span> <span class='ocrx_word' id='word_1_765' title='bbox 3143 4717 3420 4763; x_wconf 88' lang='lat' dir='ltr'><strong>extremus</strong></span> <span class='ocrx_word' id='word_1_766' title='bbox 3448 4708 3694 4762; x_wconf 83' lang='lat' dir='ltr'><strong>deorsum</strong></span> 
     </span>
    </p>
   </div>
   <div class='ocr_carea' id='block_1_103' title="bbox 2126 4796 3692 4862">
    <p class='ocr_par' dir='ltr' id='par_1_103' title="bbox 2126 4796 3692 4862">
     <span class='ocr_line' id='line_1_103' title="bbox 2126 4796 3692 4862; baseline 0 -14"><span class='ocrx_word' id='word_1_767' title='bbox 2126 4809 2332 4859; x_wconf 90' lang='lat' dir='ltr'><strong>versus,</strong></span> <span class='ocrx_word' id='word_1_768' title='bbox 2360 4796 2473 4850; x_wconf 87' lang='lat' dir='ltr'><strong>sive</strong></span> <span class='ocrx_word' id='word_1_769' title='bbox 2499 4797 2728 4862; x_wconf 91' lang='lat' dir='ltr'><strong>medius,</strong></span> <span class='ocrx_word' id='word_1_770' title='bbox 2747 4807 2803 4851; x_wconf 93' lang='lat' dir='ltr'><strong>et</strong></span> <span class='ocrx_word' id='word_1_771' title='bbox 2823 4811 2852 4850; x_wconf 92' lang='lat' dir='ltr'><strong>a</strong></span> <span class='ocrx_word' id='word_1_772' title='bbox 2882 4797 2989 4850; x_wconf 89' lang='lat' dir='ltr'><strong>Deo</strong></span> <span class='ocrx_word' id='word_1_773' title='bbox 3008 4806 3090 4850; x_wconf 90' lang='lat' dir='ltr'><strong>est</strong></span> <span class='ocrx_word' id='word_1_774' title='bbox 3115 4797 3456 4860; x_wconf 88' lang='lat' dir='ltr'><strong>constitutus,</strong></span> <span class='ocrx_word' id='word_1_775' title='bbox 3477 4806 3532 4850; x_wconf 90' lang='lat' dir='ltr'><strong>et</strong></span> <span class='ocrx_word' id='word_1_776' title='bbox 3555 4798 3692 4849; x_wconf 87' lang='lat' dir='ltr'><strong>intra</strong></span> 
     </span>
    </p>
   </div>
   <div class='ocr_carea' id='block_1_104' title="bbox 2123 4887 3694 4958">
    <p class='ocr_par' dir='ltr' id='par_1_104' title="bbox 2123 4887 3694 4958">
     <span class='ocr_line' id='line_1_104' title="bbox 2123 4887 3694 4958; baseline -0.002 -15"><span class='ocrx_word' id='word_1_777' title='bbox 2123 4903 2246 4943; x_wconf 91' lang='lat' dir='ltr'><strong>eum</strong></span> <span class='ocrx_word' id='word_1_778' title='bbox 2270 4888 2586 4954; x_wconf 90' lang='lat' dir='ltr'><strong>custoditur,</strong></span> <span class='ocrx_word' id='word_1_779' title='bbox 2619 4898 2772 4944; x_wconf 87' lang='lat' dir='ltr'><strong>extra</strong></span> <span class='ocrx_word' id='word_1_780' title='bbox 2800 4904 2962 4958; x_wconf 90' lang='lat' dir='ltr'><strong>quem</strong></span> <span class='ocrx_word' id='word_1_781' title='bbox 2992 4887 3127 4942; x_wconf 90' lang='lat' dir='ltr'><strong>nihil</strong></span> <span class='ocrx_word' id='word_1_782' title='bbox 3154 4897 3258 4952; x_wconf 90' lang='lat' dir='ltr'><strong>est,</strong></span> <span class='ocrx_word' id='word_1_783' title='bbox 3286 4899 3339 4941; x_wconf 91' lang='lat' dir='ltr'><strong>et</strong></span> <span class='ocrx_word' id='word_1_784' title='bbox 3368 4889 3505 4941; x_wconf 89' lang='lat' dir='ltr'><strong>intra</strong></span> <span class='ocrx_word' id='word_1_785' title='bbox 3534 4902 3694 4956; x_wconf 87' lang='lat' dir='ltr'><strong>quem</strong></span> 
     </span>
    </p>
   </div>
   <div class='ocr_carea' id='block_1_105' title="bbox 2121 4978 3697 5050">
    <p class='ocr_par' dir='ltr' id='par_1_105' title="bbox 2121 4978 3697 5050">
     <span class='ocr_line' id='line_1_105' title="bbox 2121 4978 3697 5050; baseline -0.003 -16"><span class='ocrx_word' id='word_1_786' title='bbox 2121 4994 2302 5045; x_wconf 90' lang='lat' dir='ltr'><strong>omne,</strong></span> <span class='ocrx_word' id='word_1_787' title='bbox 2334 4979 2474 5049; x_wconf 93' lang='lat' dir='ltr'><strong>quod</strong></span> <span class='ocrx_word' id='word_1_788' title='bbox 2503 4988 2607 5046; x_wconf 90' lang='lat' dir='ltr'><strong>est,</strong></span> <span class='ocrx_word' id='word_1_789' title='bbox 2651 4989 2706 5035; x_wconf 89' lang='lat' dir='ltr'><strong>et</strong></span> <span class='ocrx_word' id='word_1_790' title='bbox 2730 4994 2912 5042; x_wconf 89' lang='lat' dir='ltr'><strong>omne,</strong></span> <span class='ocrx_word' id='word_1_791' title='bbox 2941 4980 3085 5050; x_wconf 91' lang='lat' dir='ltr'><strong>quod</strong></span> <span class='ocrx_word' id='word_1_792' title='bbox 3122 4995 3228 5034; x_wconf 89' lang='lat' dir='ltr'><strong>non</strong></span> <span class='ocrx_word' id='word_1_793' title='bbox 3254 4987 3360 5044; x_wconf 91' lang='lat' dir='ltr'><strong>est,</strong></span> <span class='ocrx_word' id='word_1_794' title='bbox 3392 4978 3623 5032; x_wconf 84' lang='lat' dir='ltr'><strong>mirabili</strong></span> <span class='ocrx_word' id='word_1_795' title='bbox 3644 4986 3697 5030; x_wconf 85' lang='lat' dir='ltr'><strong>ct</strong></span> 
     </span>
    </p>
   </div>
   <div class='ocr_carea' id='block_1_106' title="bbox 2117 5068 3698 5140">
    <p class='ocr_par' dir='ltr' id='par_1_106' title="bbox 2117 5068 3698 5140">
     <span class='ocr_line' id='line_1_106' title="bbox 2117 5068 3698 5140; baseline 0.001 -18"><span class='ocrx_word' id='word_1_796' title='bbox 2117 5068 2372 5124; x_wconf 83' lang='lat' dir='ltr'><strong>inell&#39;ahili</strong></span> <span class='ocrx_word' id='word_1_797' title='bbox 2422 5070 2582 5125; x_wconf 92' lang='lat' dir='ltr'><strong>modo</strong></span> <span class='ocrx_word' id='word_1_798' title='bbox 2636 5069 3131 5140; x_wconf 87' lang='lat' dir='ltr'><strong>comprehenditur.</strong></span> <span class='ocrx_word' id='word_1_799' title='bbox 3177 5070 3303 5124; x_wconf 83' lang='lat' dir='ltr'><strong>Sive</strong></span> <span class='ocrx_word' id='word_1_800' title='bbox 3330 5083 3457 5138; x_wconf 78' lang='lat' dir='ltr'><strong>ergo</strong></span> <span class='ocrx_word' id='word_1_801' title='bbox 3503 5068 3698 5123; x_wconf 83' lang='lat' dir='ltr'><strong>dixero</strong></span> 
     </span>
    </p>
   </div>
   <div class='ocr_carea' id='block_1_107' title="bbox 2115 5157 3693 5230">
    <p class='ocr_par' dir='ltr' id='par_1_107' title="bbox 2115 5157 3693 5230">
     <span class='ocr_line' id='line_1_107' title="bbox 2115 5157 3693 5230; baseline 0 -18"><span class='ocrx_word' id='word_1_802' title='bbox 2115 5157 2386 5214; x_wconf 84' lang='lat' dir='ltr'><strong>infernum</strong></span> <span class='ocrx_word' id='word_1_803' title='bbox 2429 5175 2572 5228; x_wconf 79' lang='lat' dir='ltr'><strong>esse,</strong></span> <span class='ocrx_word' id='word_1_804' title='bbox 2607 5162 2750 5230; x_wconf 91' lang='lat' dir='ltr'><strong>quod</strong></span> <span class='ocrx_word' id='word_1_805' title='bbox 2798 5159 3078 5230; x_wconf 86' lang='lat' dir='ltr'><strong>Scriptura</strong></span> <span class='ocrx_word' id='word_1_806' title='bbox 3124 5161 3302 5215; x_wconf 87' lang='lat' dir='ltr'><strong>divina</strong></span> <span class='ocrx_word' id='word_1_807' title='bbox 3360 5166 3585 5213; x_wconf 80' lang='lat' dir='ltr'><strong>testatur</strong></span> <span class='ocrx_word' id='word_1_808' title='bbox 3632 5158 3693 5219; x_wconf 81' lang='lat'><strong>“,</strong></span> 
     </span>
    </p>
   </div>
   <div class='ocr_carea' id='block_1_108' title="bbox 2113 5250 3695 5320">
    <p class='ocr_par' dir='ltr' id='par_1_108' title="bbox 2113 5250 3695 5320">
     <span class='ocr_line' id='line_1_108' title="bbox 2113 5250 3695 5320; baseline -0.001 -17"><span class='ocrx_word' id='word_1_809' title='bbox 2113 5250 2228 5305; x_wconf 87' lang='lat' dir='ltr'><strong>sive</strong></span> <span class='ocrx_word' id='word_1_810' title='bbox 2253 5265 2520 5318; x_wconf 73' lang='lat' dir='ltr'><strong>negavero</strong></span> <span class='ocrx_word' id='word_1_811' title='bbox 2569 5252 2620 5306; x_wconf 92' lang='lat' dir='ltr'><strong>in</strong></span> <span class='ocrx_word' id='word_1_812' title='bbox 2652 5260 2848 5306; x_wconf 88' lang='lat' dir='ltr'><strong>natura</strong></span> <span class='ocrx_word' id='word_1_813' title='bbox 2885 5267 3064 5306; x_wconf 91' lang='lat' dir='ltr'><strong>rerum</strong></span> <span class='ocrx_word' id='word_1_814' title='bbox 3107 5267 3229 5308; x_wconf 88' lang='lat' dir='ltr'><strong>esse</strong></span> <span class='ocrx_word' id='word_1_815' title='bbox 3257 5252 3322 5316; x_wconf 85' lang='lat'><strong>&quot;’,</strong></span> <span class='ocrx_word' id='word_1_816' title='bbox 3362 5263 3557 5320; x_wconf 80' lang='lat' dir='ltr'><strong>negare</strong></span> <span class='ocrx_word' id='word_1_817' title='bbox 3588 5262 3695 5303; x_wconf 87' lang='lat' dir='ltr'><strong>non</strong></span> 
     </span>
    </p>
   </div>
   <div class='ocr_carea' id='block_1_109' title="bbox 1722 5385 2413 5448">
    <p class='ocr_par' dir='ltr' id='par_1_109' title="bbox 1722 5385 2413 5448">
     <span class='ocr_line' id='line_1_109' title="bbox 1722 5385 2413 5448; baseline 0.01 -7"><span class='ocrx_word' id='word_1_818' title='bbox 1722 5385 1974 5443; x_wconf 77' lang='lat' dir='ltr'><strong>VARIAE</strong></span> <span class='ocrx_word' id='word_1_819' title='bbox 2009 5387 2413 5448; x_wconf 81' lang='lat' dir='ltr'><strong>LECTIONES.</strong></span> 
     </span>
    </p>
   </div>
   <div class='ocr_carea' id='block_1_110' title="bbox 513 5467 1290 5531">
    <p class='ocr_par' dir='ltr' id='par_1_110' title="bbox 513 5467 1290 5531">
     <span class='ocr_line' id='line_1_110' title="bbox 513 5467 1290 5531; baseline -0.001 -2"><span class='ocrx_word' id='word_1_820' title='bbox 513 5477 529 5509; x_wconf 79' lang='grc'>⁸</span> <span class='ocrx_word' id='word_1_821' title='bbox 554 5467 936 5531; x_wconf 46' lang='lat' dir='ltr'><strong>cuium—CF.</strong></span> <span class='ocrx_word' id='word_1_822' title='bbox 1026 5482 1047 5512; x_wconf 80' lang='lat'><strong>’</strong></span> <span class='ocrx_word' id='word_1_823' title='bbox 1083 5477 1127 5530; x_wconf 79' lang='grc' dir='ltr'><strong>Α</strong></span> <span class='ocrx_word' id='word_1_824' title='bbox 1156 5477 1290 5531; x_wconf 79' lang='lat' dir='ltr'><strong>ideo.</strong></span> 
     </span>
    </p>
   </div>
   <div class='ocr_carea' id='block_1_111' title="bbox 442 5545 1801 5607">
    <p class='ocr_par' dir='ltr' id='par_1_111' title="bbox 442 5545 1801 5607">
     <span class='ocr_line' id='line_1_111' title="bbox 442 5545 1801 5607; baseline 0.006 -11"><span class='ocrx_word' id='word_1_825' title='bbox 442 5547 655 5599; x_wconf 67' lang='lat' dir='ltr'><strong>tentias.</strong></span> <span class='ocrx_word' id='word_1_826' title='bbox 735 5545 756 5576; x_wconf 82' lang='grc'><strong>⁸</strong></span> <span class='ocrx_word' id='word_1_827' title='bbox 795 5545 937 5600; x_wconf 79' lang='lat' dir='ltr'><strong>Deus</strong></span> <span class='ocrx_word' id='word_1_828' title='bbox 965 5562 1074 5602; x_wconf 91' lang='lat' dir='ltr'><strong>om.</strong></span> <span class='ocrx_word' id='word_1_829' title='bbox 1107 5545 1212 5601; x_wconf 81' lang='lat' dir='ltr'><strong>CF.</strong></span> <span class='ocrx_word' id='word_1_830' title='bbox 1313 5548 1332 5579; x_wconf 86' lang='lat'><strong>’</strong></span> <span class='ocrx_word' id='word_1_831' title='bbox 1372 5548 1418 5603; x_wconf 75' lang='grc' dir='ltr'><strong>Δ</strong></span> <span class='ocrx_word' id='word_1_832' title='bbox 1444 5550 1576 5605; x_wconf 74' lang='lat' dir='ltr'><strong>Dico</strong></span> <span class='ocrx_word' id='word_1_833' title='bbox 1603 5561 1801 5607; x_wconf 86' lang='lat' dir='ltr'><strong>autem.</strong></span> 
     </span>
    </p>
   </div>
   <div class='ocr_carea' id='block_1_112' title="bbox 441 5613 1925 5677">
    <p class='ocr_par' dir='ltr' id='par_1_112' title="bbox 441 5613 1925 5677">
     <span class='ocr_line' id='line_1_112' title="bbox 441 5613 1925 5677; baseline 0.007 -13"><span class='ocrx_word' id='word_1_834' title='bbox 441 5613 488 5664; x_wconf 78' lang='grc' dir='ltr'><strong>Δ</strong></span> <span class='ocrx_word' id='word_1_835' title='bbox 526 5614 812 5667; x_wconf 87' lang='lat' dir='ltr'><strong>confestim</strong></span> <span class='ocrx_word' id='word_1_836' title='bbox 855 5625 966 5668; x_wconf 83' lang='lat' dir='ltr'><strong>tum</strong></span> <span class='ocrx_word' id='word_1_837' title='bbox 1005 5617 1248 5671; x_wconf 84' lang='lat' dir='ltr'><strong>dicturus</strong></span> <span class='ocrx_word' id='word_1_838' title='bbox 1281 5619 1415 5673; x_wconf 73' lang='lat' dir='ltr'><strong>eris.</strong></span> <span class='ocrx_word' id='word_1_839' title='bbox 1486 5622 1530 5661; x_wconf 73' lang='grc' dir='ltr'><strong>’ί</strong></span> <span class='ocrx_word' id='word_1_840' title='bbox 1564 5632 1698 5674; x_wconf 79' lang='lat' dir='ltr'><strong>recte</strong></span> <span class='ocrx_word' id='word_1_841' title='bbox 1724 5638 1831 5676; x_wconf 90' lang='lat' dir='ltr'><strong>om.</strong></span> <span class='ocrx_word' id='word_1_842' title='bbox 1863 5626 1925 5677; x_wconf 75' lang='grc' dir='ltr'><strong>Α.</strong></span> 
     </span>
    </p>
   </div>
   <div class='ocr_carea' id='block_1_113' title="bbox 444 5682 1700 5753">
    <p class='ocr_par' dir='ltr' id='par_1_113' title="bbox 444 5682 1700 5753">
     <span class='ocr_line' id='line_1_113' title="bbox 444 5682 1700 5753; baseline 0.008 -21"><span class='ocrx_word' id='word_1_843' title='bbox 444 5689 664 5733; x_wconf 76' lang='lat' dir='ltr'><strong>testatur</strong></span> <span class='ocrx_word' id='word_1_844' title='bbox 690 5682 890 5737; x_wconf 75' lang='lat' dir='ltr'><strong>divina.</strong></span> <span class='ocrx_word' id='word_1_845' title='bbox 964 5687 1005 5719; x_wconf 80' lang='lat'>&quot;</span> <span class='ocrx_word' id='word_1_846' title='bbox 1035 5683 1126 5738; x_wconf 79' lang='lat' dir='ltr'><strong>Sic</strong></span> <span class='ocrx_word' id='word_1_847' title='bbox 1165 5684 1288 5753; x_wconf 83' lang='lat' dir='ltr'><strong>CF;</strong></span> <span class='ocrx_word' id='word_1_848' title='bbox 1319 5697 1361 5742; x_wconf 76' lang='grc' dir='ltr'><strong>Α</strong></span> <span class='ocrx_word' id='word_1_849' title='bbox 1425 5699 1515 5742; x_wconf 61' lang='lat' dir='ltr'><strong>seu</strong></span> <span class='ocrx_word' id='word_1_850' title='bbox 1561 5705 1700 5744; x_wconf 86' lang='lat' dir='ltr'><strong>esse.</strong></span> 
     </span>
    </p>
   </div>
   <div class='ocr_carea' id='block_1_114' title="bbox 1384 5479 2284 5546">
    <p class='ocr_par' dir='ltr' id='par_1_114' title="bbox 1384 5479 2284 5546">
     <span class='ocr_line' id='line_1_114' title="bbox 1384 5479 2284 5546; baseline 0.012 -15"><span class='ocrx_word' id='word_1_851' title='bbox 1384 5479 1406 5510; x_wconf 88' lang='grc'><em>³</em></span> <span class='ocrx_word' id='word_1_852' title='bbox 1436 5479 1526 5534; x_wconf 84' lang='lat' dir='ltr'><strong>Sic</strong></span> <span class='ocrx_word' id='word_1_853' title='bbox 1550 5479 1666 5546; x_wconf 85' lang='lat' dir='ltr'><strong>CF;</strong></span> <span class='ocrx_word' id='word_1_854' title='bbox 1698 5482 1740 5534; x_wconf 84' lang='lat' dir='ltr'><strong>A</strong></span> <span class='ocrx_word' id='word_1_855' title='bbox 1771 5499 1874 5538; x_wconf 90' lang='lat' dir='ltr'><strong>non</strong></span> <span class='ocrx_word' id='word_1_856' title='bbox 1907 5501 2018 5540; x_wconf 79' lang='lat' dir='ltr'><strong>esse</strong></span> <span class='ocrx_word' id='word_1_857' title='bbox 2043 5488 2284 5544; x_wconf 89' lang='lat' dir='ltr'><strong>omnino.</strong></span> 
     </span>
    </p>
   </div>
   <div class='ocr_carea' id='block_1_115' title="bbox 1877 5555 2208 5610">
    <p class='ocr_par' dir='ltr' id='par_1_115' title="bbox 1877 5555 2208 5610">
     <span class='ocr_line' id='line_1_115' title="bbox 1877 5555 2208 5610; baseline 0.006 -2"><span class='ocrx_word' id='word_1_858' title='bbox 1877 5555 1898 5586; x_wconf 82' lang='grc'>⁸</span> <span class='ocrx_word' id='word_1_859' title='bbox 1937 5566 1984 5609; x_wconf 84' lang='lat' dir='ltr'><strong>et</strong></span> <span class='ocrx_word' id='word_1_860' title='bbox 2010 5572 2119 5609; x_wconf 92' lang='lat' dir='ltr'><strong>om.</strong></span> <span class='ocrx_word' id='word_1_861' title='bbox 2145 5559 2208 5610; x_wconf 85' lang='lat' dir='ltr'><strong>A.</strong></span> 
     </span>
    </p>
   </div>
   <div class='ocr_carea' id='block_1_116' title="bbox 2029 5625 2456 5700">
    <p class='ocr_par' dir='ltr' id='par_1_116' title="bbox 2029 5625 2456 5700">
     <span class='ocr_line' id='line_1_116' title="bbox 2029 5625 2456 5700; baseline 0.012 -20"><span class='ocrx_word' id='word_1_862' title='bbox 2029 5625 2072 5657; x_wconf 86' lang='grc'><strong>¹³</strong></span> <span class='ocrx_word' id='word_1_863' title='bbox 2101 5629 2143 5680; x_wconf 84' lang='grc' dir='ltr'>Λ</span> <span class='ocrx_word' id='word_1_864' title='bbox 2177 5629 2230 5680; x_wconf 83' lang='lat' dir='ltr'><strong>in</strong></span> <span class='ocrx_word' id='word_1_865' title='bbox 2257 5631 2456 5700; x_wconf 56' lang='lat' dir='ltr'><strong>portibus</strong></span> 
     </span>
    </p>
   </div>
   <div class='ocr_carea' id='block_1_117' title="bbox 2285 5488 3315 5627">
    <p class='ocr_par' dir='ltr' id='par_1_117' title="bbox 2285 5488 3315 5627">
     <span class='ocr_line' id='line_1_117' title="bbox 2387 5488 3315 5555; baseline 0 -11"><span class='ocrx_word' id='word_1_866' title='bbox 2387 5488 2410 5520; x_wconf 71' lang='grc' dir='ltr'>δ</span> <span class='ocrx_word' id='word_1_867' title='bbox 2448 5489 2538 5546; x_wconf 89' lang='lat' dir='ltr'><strong>Sic</strong></span> <span class='ocrx_word' id='word_1_868' title='bbox 2567 5489 2682 5555; x_wconf 86' lang='lat' dir='ltr'><strong>CF;</strong></span> <span class='ocrx_word' id='word_1_869' title='bbox 2724 5491 2770 5546; x_wconf 75' lang='grc' dir='ltr'><strong>Α</strong></span> <span class='ocrx_word' id='word_1_870' title='bbox 2805 5492 3016 5546; x_wconf 75' lang='lat' dir='ltr'><strong>bonum.</strong></span> <span class='ocrx_word' id='word_1_871' title='bbox 3112 5492 3133 5524; x_wconf 83' lang='lat'><strong>&#39;</strong></span> <span class='ocrx_word' id='word_1_872' title='bbox 3173 5491 3315 5545; x_wconf 88' lang='lat' dir='ltr'><strong>Sic(</strong></span> 
     </span>
     <span class='ocr_line' id='line_1_118' title="bbox 2285 5559 3315 5627; baseline -0.001 -14"><span class='ocrx_word' id='word_1_873' title='bbox 2285 5559 2306 5590; x_wconf 88' lang='grc'><strong><em>⁸</em></strong></span> <span class='ocrx_word' id='word_1_874' title='bbox 2344 5569 2394 5613; x_wconf 83' lang='lat' dir='ltr'><strong>et</strong></span> <span class='ocrx_word' id='word_1_875' title='bbox 2422 5575 2530 5616; x_wconf 89' lang='lat' dir='ltr'><strong>om.</strong></span> <span class='ocrx_word' id='word_1_876' title='bbox 2564 5562 2626 5614; x_wconf 75' lang='grc' dir='ltr'><strong>Α.</strong></span> <span class='ocrx_word' id='word_1_877' title='bbox 2704 5560 2747 5592; x_wconf 81' lang='grc'><strong>¹⁰</strong></span> <span class='ocrx_word' id='word_1_878' title='bbox 2788 5561 2879 5617; x_wconf 89' lang='lat' dir='ltr'><strong>Sic</strong></span> <span class='ocrx_word' id='word_1_879' title='bbox 2905 5562 3011 5627; x_wconf 83' lang='lat' dir='ltr'><strong>CF;</strong></span> <span class='ocrx_word' id='word_1_880' title='bbox 3043 5562 3084 5614; x_wconf 87' lang='grc' dir='ltr'><strong>Α</strong></span> <span class='ocrx_word' id='word_1_881' title='bbox 3120 5562 3315 5627; x_wconf 88' lang='lat' dir='ltr'><strong>impiis.</strong></span> 
     </span>
    </p>
   </div>
   <div class='ocr_carea' id='block_1_118' title="bbox 2559 5605 3474 5687">
    <p class='ocr_par' dir='ltr' id='par_1_118' title="bbox 2559 5605 3474 5687">
     <span class='ocr_line' id='line_1_119' title="bbox 2559 5605 3474 5687; baseline -0.008 -3"><span class='ocrx_word' id='word_1_882' title='bbox 2559 5631 2602 5663; x_wconf 73' lang='grc'><strong>¹⁸</strong></span> <span class='ocrx_word' id='word_1_883' title='bbox 2640 5633 2814 5685; x_wconf 82' lang='lat' dir='ltr'><strong>omnia</strong></span> <span class='ocrx_word' id='word_1_884' title='bbox 2861 5647 2969 5687; x_wconf 89' lang='lat' dir='ltr'><strong>om.</strong></span> <span class='ocrx_word' id='word_1_885' title='bbox 3161 5605 3212 5667; x_wconf 54' lang='lat'><strong>&quot;&#39;</strong></span> <span class='ocrx_word' id='word_1_886' title='bbox 3239 5632 3280 5684; x_wconf 72' lang='grc' dir='ltr'>Α</span> <span class='ocrx_word' id='word_1_887' title='bbox 3326 5630 3474 5683; x_wconf 79' lang='lat' dir='ltr'><strong>enim.</strong></span> 
     </span>
    </p>
   </div>
   <div class='ocr_carea' id='block_1_119' title="bbox 3112 5486 3695 5556">
    <p class='ocr_par' dir='ltr' id='par_1_119' title="bbox 3112 5486 3695 5556">
     <span class='ocr_line' id='line_1_120' title="bbox 3112 5486 3695 5556; baseline -0.01 -11"><span class='ocrx_word' id='word_1_888' title='bbox 3112 5492 3133 5524; x_wconf 85' lang='grc'><strong><em>⁵</em></strong></span> <span class='ocrx_word' id='word_1_889' title='bbox 3173 5491 3263 5545; x_wconf 87' lang='lat' dir='ltr'><strong>Sic</strong></span> <span class='ocrx_word' id='word_1_890' title='bbox 3291 5489 3405 5550; x_wconf 84' lang='lat' dir='ltr'><strong>CF;</strong></span> <span class='ocrx_word' id='word_1_891' title='bbox 3453 5486 3493 5540; x_wconf 80' lang='grc' dir='ltr'><strong>Δ</strong></span> <span class='ocrx_word' id='word_1_892' title='bbox 3539 5488 3695 5556; x_wconf 58' lang='lat' dir='ltr'><strong>dife-</strong></span> 
     </span>
    </p>
   </div>
   <div class='ocr_carea' id='block_1_120' title="bbox 3393 5555 3692 5679">
    <p class='ocr_par' dir='ltr' id='par_1_120' title="bbox 3393 5555 3692 5679">
     <span class='ocr_line' id='line_1_121' title="bbox 3393 5555 3689 5616; baseline 0 -7"><span class='ocrx_word' id='word_1_893' title='bbox 3393 5560 3429 5589; x_wconf 87' lang='grc'>¹¹</span> <span class='ocrx_word' id='word_1_894' title='bbox 3466 5555 3564 5612; x_wconf 77' lang='lat' dir='ltr'><strong>Sic</strong></span> <span class='ocrx_word' id='word_1_895' title='bbox 3585 5555 3689 5616; x_wconf 59' lang='grc' dir='ltr'><strong>(Ἐς</strong></span> 
     </span>
     <span class='ocr_line' id='line_1_122' title="bbox 3393 5628 3692 5679; baseline 0.003 -1"><span class='ocrx_word' id='word_1_896' title='bbox 3393 5630 3474 5679; x_wconf 84' lang='lat' dir='ltr'><strong>itu.</strong></span> <span class='ocrx_word' id='word_1_897' title='bbox 3576 5629 3617 5656; x_wconf 86' lang='lat'>&quot;</span> <span class='ocrx_word' id='word_1_898' title='bbox 3647 5628 3692 5679; x_wconf 74' lang='grc' dir='ltr'>Α</span> 
     </span>
    </p>
   </div>
  </div>
