3936 6160
295 341 396 401 963

1124 336 1211 392 DE
1250 335 1588 394 DlVlSlONE
1628 330 1978 390 NATURAE.
2021 364 2089 373 —
2130 331 2330 388 LIBER
2367 328 2736 400 QUINTUS.)

3426 325 3528 378 96-5

289 464 497 528 potero,
524 454 663 509 intra
693 467 778 517 ea,
805 467 942 522 quae
965 453 1018 506 in
1048 451 1213 507 Deum
1246 466 1530 508 reversura
1558 460 1706 516 sunt,
1735 465 1862 505 con-
1891 451 1937 510 Α
1967 463 2181 504 sensum
2209 448 2532 504 acutissimis
2560 442 2892 502 rationabilis
2944 442 3110 497 animi
3146 441 3420 499 obtutibus
3445 459 3536 499 ve-

291 543 474 609 tineri,
514 543 754 612 ipsoque,
801 542 890 612 qui
919 542 1099 598 omnia
1145 543 1333 607 ambit,
1366 541 1580 608 ambiri,
1611 550 1666 596 et
1712 551 1864 596 extra

291 641 450 704 quem
480 633 610 687 nihil
648 641 822 702 potest
856 631 936 688 vel
973 633 1232 702 cogitari,
1263 631 1346 687 vel
1377 631 1562 697 credi,
1593 631 1676 687 vel
1703 632 1864 687 intel-

290 722 400 794 ligi,
429 724 745 792 praesertim
791 723 914 777 dum
959 723 1277 777 inconcusse
1318 721 1584 790 intelligo,
1615 721 1863 776 tenebras

289 813 432 866 intra
471 814 646 868 lucem
701 814 717 844 ί
767 812 1056 877 contineri,
1111 811 1380 867 silentium
1425 812 1562 866 intra
1603 813 1860 878 sonitum,

288 905 534 956 umbram
566 903 704 958 intra
732 918 947 973 corpus,
994 911 1280 972 ceteraque
1315 903 1528 968 similia,
1570 917 1706 974 quae
1735 916 1864 956 cau-

285 1007 378 1045 sas
406 1007 533 1044 suas
564 993 615 1044 in
645 992 748 1054 his,
779 991 971 1060 quibus
996 1007 1027 1045 e
1062 991 1332 1046 contrario
1357 991 1701 1059 respondent,
1730 1007 1862 1046 con-

284 1087 535 1141 stituunt.
574 1085 698 1138 Si-ve
746 1085 888 1139 euitn
943 1085 1184 1140 absentia
1232 1100 1411 1138 rerum
1457 1084 1586 1148 sint,
1631 1084 1742 1137 sive
1772 1085 1863 1136 de-

283 1177 462 1232 fectus
480 1185 536 1232 et
563 1171 916 1246 privationeé,
962 1176 1076 1230 sive
1111 1176 1354 1246 opposita
1385 1185 1546 1244 atque
1567 1175 1859 1240 contraria,

283 1265 490 1335 absque
540 1266 646 1330 his,
693 1281 922 1336 quorum
954 1265 1246 1328 absentiae,
1299 1263 1556 1327 defectus,
1606 1265 1858 1334 privatio-

279 1371 405 1416 nes,
443 1355 812 1424 oppositiones
841 1355 884 1419 ',
909 1356 1317 1410 contrarietates
1343 1363 1486 1418 sunt,
1529 1354 1674 1409 nullo
1705 1355 1862 1409 modo

279 1460 405 1500 esse
436 1445 654 1515 intelligi
696 1453 936 1515 possunt.
977 1444 1110 1500 Esse
1149 1453 1330 1498 autem
1375 1444 1494 1500 dico
1539 1457 1601 1498 ea
1630 1445 1858 1509 ratione,

279 1551 393 1605 qua
435 1551 540 1589 non
597 1535 768 1589 solum
821 1532 1192 1588 substantialia
1239 1541 1294 1588 et
1340 1534 1623 1600 naturalia,
1673 1549 1859 1588 verum

279 1623 472 1690 etiam,
520 1641 659 1696 quae
685 1627 765 1680 eis
803 1641 870 1680 ex
913 1625 1137 1680 adversa
1173 1633 1325 1695 parte
1364 1626 1708 1695 respondent,
1741 1639 1862 1680 esse

278 1718 559 1772 dicuntur.
595 1716 805 1770 Nullum
852 1731 1086 1786 namque
1127 1717 1316 1772 vitiant
1361 1725 1464 1781 est,
1491 1717 1632 1786 quod
1661 1731 1763 1770 non
1790 1731 1856 1770 ex

1969 538 2064 592 luti
2096 553 2256 609 supra
2307 551 2488 593 rerum
2537 544 2783 592 naturam
2829 532 3258 600 considerantur,
3309 540 3365 587 et
3410 533 3535 590 dum

1967 631 2217 694 interea,
2264 643 2404 697 quae
2451 642 2559 682 non
2620 634 2763 691 sunt,
2820 633 3221 693 computantur,
3259 623 3368 688 his,
3398 639 3538 695 quae

1964 729 2111 786 sunt,
2136 719 2568 775 honestissimam
2597 724 2872 788 praestant
2909 725 2964 772 et
2997 716 3378 770 administrant
3403 729 3535 770 con-

1964 813 2201 868 eordiam
2228 825 2242 864 :
2274 812 2390 866 sive
2433 809 2691 880 intelligat
2714 810 2803 879 qui
2843 808 2990 863 sonis
3017 807 3299 866 auscultat.
3331 808 3457 877 quid
3480 807 3535 862 in

1964 903 2030 958 iis
2059 902 2393 958 dulcedinem
2444 911 2499 956 et
2533 900 2982 970 pulchritudinem
3021 899 3239 965 elliciat,
3289 899 3401 954 sive
3428 915 3536 954 non

1962 994 2255 1066 intelligat,
2320 993 2458 1048 inest
2511 1001 2686 1046 tamen
2753 992 3002 1044 omnibus
3050 990 3274 1045 interior
3319 1006 3534 1051 sensus.

1963 1099 2121 1153 quem
2153 1094 2266 1138 rata
2303 1097 2482 1137 rerum
2513 1082 2728 1137 collatio
2771 1080 2792 1112 ’
2826 1081 3258 1152 conveniensque
3285 1081 3538 1136 adunatio

1964 1188 2068 1226 non
2103 1172 2250 1227 latet.
2283 1171 2414 1238 Quis
2454 1172 2596 1225 enim
2641 1171 2837 1224 senarii
2880 1171 3088 1224 numeri
3131 1171 3404 1236 virtutem,
3445 1171 3536 1240 qui

1964 1261 2126 1314 totius
2178 1261 2493 1314 harmoniae
2557 1257 2870 1328 intelligitur
2925 1258 3367 1322 fundamentum;
3417 1260 3540 1329 quis

1962 1349 2274 1406 collationcs
2305 1350 2470 1418 ipsius
2501 1363 2621 1402 cum
2667 1349 2779 1403 suis
2825 1348 3214 1418 sesquialteris,
3251 1349 3542 1418 sesquiter-

1962 1441 2069 1506 tiis,
2095 1441 2268 1511 duplis
2297 1456 2510 1511 quoque
2535 1441 2578 1474 ¹⁰
2603 1442 2742 1494 intra
2785 1449 3005 1496 naturas
3035 1457 3214 1495 rerum
3249 1450 3424 1512 potest
3451 1455 3542 1496 co-

1959 1546 2239 1604 gnoscere,
2273 1533 2398 1586 dum
2442 1547 2619 1586 rerum
2673 1533 2913 1586 omnium
2957 1531 3244 1586 visibilium
3273 1539 3328 1586 et
3355 1531 3542 1586 invisi-
3632 1522 3638 1527 ’

1961 1620 2145 1676 hilium
2176 1619 2501 1674 universitas
2524 1619 2574 1673 in
2601 1633 2668 1674 eo
2703 1619 2867 1673 veluti
2899 1618 3230 1689 in_,quodam
3255 1619 3538 1690 principali

1960 1709 2205 1781 exemplo
2232 1711 2520 1764 constituta
2555 1709 2625 1764 sit
2643 1709 2668 1762 ?
2689 1709 2826 1776 Quid
2857 1723 2987 1781 ergo
3027 1709 3241 1774 mirum,
3267 1709 3310 1763 si
3337 1724 3403 1764 ex
3432 1709 3537 1771 his,

277 1809 553 1879 positione
579 1808 813 1872 virtutis,
835 1809 918 1862 cui
948 1823 1012 1864 ex
1035 1809 1299 1864 diametro
1328 1809 1580 1864 resistere
1609 1818 1855 1874 conatur,

1962 1814 2099 1868 quae
2126 1808 2250 1853 sunt
2289 1797 2740 1861 substantialitcr,
2787 1806 2841 1852 et
2872 1797 3206 1852 naturalibus
3249 1797 3543 1852 accidenti-

275 1898 609 1952 continetur.
643 1896 780 1952 ΜΑο.
814 1899 1008 1953 Laetor
1036 1897 1210 1963 valde,
1261 1899 1476 1968 quando
1516 1898 1674 1962 retia,
1718 1914 1857 1969 quae

277 1997 333 2040 ιιι
397 1989 511 2057 ipse
573 1987 868 2053 tetendisti,
935 1997 1058 2044 tuae
1118 1988 1586 2058 contemplationis
1652 1989 1859 2044 viribus

273 2079 520 2143 illaesus,
549 2079 798 2148 nulloque
829 2081 986 2134 modo
1010 2079 1031 2110 ³
1055 2079 1303 2134 detentus
1344 2078 1582 2133 evasisti.
1609 2079 1674 2133 Et
1721 2077 1850 2146 jam,

274 2170 329 2224 ui
358 2157 541 2233 fallor,
574 2169 846 2240 intelligis,
889 2184 992 2223 non
1030 2168 1202 2224 solum
1249 2183 1428 2232 omne,
1459 2168 1603 2238 quod
1654 2169 1722 2223 ab
1749 2182 1857 2222 uno

275 2259 391 2314 Deo
421 2267 662 2314 creatum
694 2268 797 2321 est,
833 2274 1016 2313 verum
1057 2259 1219 2313 etiam
1251 2272 1433 2323 omne,
1477 2257 1616 2327 quod
1645 2257 1856 2311 irratio-

271 2351 475 2408 nabilis
499 2361 672 2405 motus
704 2350 1034 2405 rationabilis
1062 2358 1118 2404 et
1163 2349 1538 2406 intellectualis
1574 2359 1857 2405 creaturae

272 2443 784 2512 supern‘tachinatus
806 2451 907 2506 cst,
938 2450 991 2496 et
1021 2456 1164 2496 nunc
1203 2441 1342 2494 intra
1391 2442 1632 2496 ordinem
1663 2447 1688 2482 δ
1716 2441 1853 2496 divi-

270 2549 380 2589 nae
410 2533 783 2602 providentiae
807 2531 1096 2596 contineri,
1140 2539 1352 2609 ettunc
1385 2541 1506 2600 post
1536 2529 1856 2585 universalis

271 2632 564 2678 creaturae
617 2622 670 2675 in
738 2637 865 2676 suas
914 2637 1106 2676 causas
1157 2621 1388 2675 reditum
1454 2619 1617 2690 inque
1680 2620 1852 2688 ipsum

271 2714 444 2767 Deum
478 2711 832 2766 ordinandum
864 2709 1002 2774 fore,
1031 2711 1248 2780 quando
1281 2709 1442 2764 totius
1487 2709 1854 2764 universitatis

269 2804 526 2862 conditae
565 2802 875 2871 plenissima
915 2800 1223 2871 perficietur
1257 2800 1616 2870 pulchritudo.
1671 2799 1855 2870 Neque

271 2894 380 2946 hoc
411 2893 631 2955 tnirutn,
657 2892 781 2945 dum
805 2891 946 2945 nulla
993 2901 1183 2946 natura
1209 2891 1369 2946 aliam
1423 2899 1670 2946 naturam
1703 2892 1856 2961 puni-

270 3000 356 3046 re,
388 2977 592 3036 uuilum
632 2983 820 3036 vitium
855 2983 1130 3049 virtutem,
1177 2999 1283 3053 qua
1327 2983 1653 3048 continetur,
1688 2983 1856 3052 possit

269 3089 664 3142 corrumpere;
699 3083 751 3126 et
785 3088 887 3126 non
919 3073 1090 3126 solum
1137 3075 1256 3136 hoc,
1292 3075 1385 3128 sed
1410 3089 1476 3128 ex
1501 3075 1585 3130 his
1605 3077 1852 3132 omnibus
1880 3067 1890 3087 ⁷

271 3163 421 3216 intra
465 3161 673 3215 divinas
715 3161 860 3232 leges
906 3162 1169 3216 ordinatis
1222 3161 1244 3194 ⁸
1297 3163 1535 3218 omnium
1581 3164 1856 3232 plenitudo

272 3263 595 3306 naturarum
628 3261 682 3306 et
716 3251 1026 3308 formositas
1053 3254 1428 3323 complebitur,
1455 3255 1695 3310 omnium
1729 3255 1858 3311 visi-

270 3345 466 3399 bilium
500 3353 552 3398 et
595 3344 942 3399 invisibilium
983 3360 1216 3400 consona
1267 3345 1470 3416 absque
1506 3346 1613 3400 ulla
1637 3346 1658 3377 ⁸
1687 3347 1856 3402 disso-

271 3443 444 3486 nante
512 3433 789 3486 harmonia
841 3433 1219 3490 modulabitur.
1282 3435 1425 3491 Dtsc.
1467 3435 1585 3491 Non
1628 3435 1856 3492 falleris.

271 3524 415 3578 Nam
445 3525 604 3595 retia,
633 3539 770 3594 quae
819 3525 1039 3590 tetendi,
1085 3526 1184 3580 hoc
1219 3535 1301 3580 est
1333 3526 1687 3596 problemata,
1719 3543 1858 3596 quae

272 3614 560 3682 proposui,
589 3622 873 3682 propterea
909 3629 937 3667 a
973 3630 1056 3669 me
1087 3623 1238 3670 tensa
1271 3605 1412 3678 sunt
1464 3633 1531 3672 ne
1571 3617 1771 3672 diutius
1803 3618 1857 3672 in

273 3705 365 3758 eis
391 3719 635 3772 caperer,
662 3706 754 3759 sed
783 3705 849 3759 ab
878 3705 957 3760 eis
986 3706 1262 3760 absolutus
1305 3707 1471 3763 libero
1497 3710 1690 3764 mentis
1736 3725 1859 3764 con-

276 3794 422 3846 tuitu
453 3793 595 3846 clare
633 3793 992 3864 perSpicerem
1023 3796 1306 3852 universae
1333 3803 1558 3852 naturae
1584 3800 1861 3855 adunatio-

275 3900 408 3940 nem
455 3900 521 3938 ex
560 3885 786 3939 diversis
831 3885 1038 3956 sibique
1082 3888 1342 3956 oppositis
1391 3887 1710 3958 copulari",
1744 3905 1862 3944 mu-
1899 3909 1902 3912 ’

275 3977 413 4031 sicis
443 3977 736 4032 rationibus
770 3979 1096 4044 admonitus,
1142 3980 1196 4033 in
1232 3980 1425 4050 quibus
1455 3983 1759 4052 conspicor,
1787 3983 1862 4037 nil

273 4068 428 4122 aliud
454 4067 634 4121 animo
674 4067 887 4137 placere
916 4068 1477 4140 pulchritudinemque
1497 4070 1730 4137 eﬂicere,
1756 4068 1860 4127 nisi

276 4163 617 4217 diversarum
639 4177 829 4215 vocum
860 4162 1198 4217 rationabilia
1221 4163 1518 4230 intervalla,
1551 4180 1691 4234 quae
1720 4165 1862 4220 inter

276 4270 341 4310 se
374 4254 602 4307 invicem
633 4253 822 4308 collata
851 4255 1458 4312 musicilmodulaminis
1494 4256 1729 4312 elliciunt
1753 4257 1862 4312 dul-

274 4350 550 4405 cedinem.
584 4347 682 4403 Ubi
728 4349 972 4404 mirabile
1014 4351 1266 4420 quiddam
1307 4351 1467 4406 datur
1515 4351 1762 4422 intelligi,
1808 4360 1863 4408 et

276 4441 400 4497 solo
433 4441 622 4494 mentis
645 4441 886 4494 contuitu
907 4441 997 4494 vix
1022 4441 1524 4511 comprehensibile,
1547 4443 1688 4512 quod
1710 4457 1815 4496 non
1839 4443 1861 4475 ⁸

276 4531 401 4585 soni
450 4529 665 4593 diversi,
715 4530 860 4583 verbi
921 4530 1112 4599 gratia,
1163 4529 1462 4585 fistularum
1517 4532 1725 4602 organi,
1774 4531 1859 4587 vel
1891 4513 1937 4570 Ῑ)

278 4621 610 4677 chordarum
649 4620 818 4692 lyrae,
861 4635 953 4675 seu
996 4619 1318 4675 foraminum
1345 4622 1527 4686 tibiae,
1570 4624 1660 4692 qui
1698 4623 1862 4693 quod.

280 4710 576 4763 dammodo
616 4707 865 4763 sensibus
893 4709 1147 4778 percepti,
1196 4708 1249 4762 in
1281 4724 1504 4764 numero
1533 4723 1711 4762 rerum
1741 4724 1862 4764 esse

281 4801 561 4863 videntur,
592 4799 958 4854 harmonicam
987 4798 1224 4854 elliciunt
1253 4799 1594 4866 suavitatem,
1619 4801 1711 4856 sed
1739 4816 1862 4870 pro-

281 4892 566 4962 portiones
609 4906 861 4946 sonorum
901 4899 954 4945 et
997 4891 1540 4960 proportionalitates,
1580 4909 1735 4962 quas,
1762 4893 1862 4948 sibi

283 4983 521 5036 invicem
563 4981 804 5046 collatas,
852 4981 1017 5036 solius
1057 4983 1222 5036 animi
1269 4982 1494 5037 interior
1537 4985 1765 5054 percipit
1809 4993 1866 5039 et

285 5073 549 5144 dijudicat
572 5087 779 5127 sensus.
810 5071 958 5140 Quae
987 5073 1240 5128 videlicet
1268 5074 1643 5143 proportiones
1665 5084 1719 5129 et
1746 5089 1865 5144 pro-

284 5163 718 5236 portionalitates
766 5178 952 5218 vocum
988 5163 1318 5218 sensibilium
1357 5180 1720 5235 sonorumque
1756 5182 1862 5220 meo

287 5256 396 5309 rito
426 5256 679 5308 dicuntur
705 5269 844 5317 esse,
885 5254 1136 5322 quoniam
1183 5269 1290 5310 non
1334 5254 1505 5310 solum
1551 5255 1626 5310 nil
1670 5255 1737 5311 ab
1786 5256 1866 5311 eis

288 5359 584 5412 corporeus
605 5358 796 5398 sensus
824 5344 1042 5411 patitur,
1081 5358 1266 5398 verum
1295 5345 1457 5400 ctiam
1489 5345 1625 5401 ultra
1649 5361 1863 5401 omnem

1960 1895 2082 1959 bus,
2105 1903 2159 1948 et
2184 1909 2250 1949 ex
2274 1894 2380 1959 bis,
2413 1907 2551 1964 quae
2579 1909 2682 1947 non
2712 1902 2854 1954 sunt,
2880 1893 2994 1948 sive
3022 1907 3118 1964 per
3141 1891 3538 1955 excellentiam,

1961 1987 2073 2041 sive
2098 2001 2194 2056 per
2233 1985 2500 2040 defectum
2552 1993 2606 2038 et
2650 1985 3031 2054 privationem,
3071 1985 3234 2039 totius
3259 1991 3542 2039 creaturae

1961 2067 2237 2132 harmonia
2270 2085 2644 2146 componatur,
2693 2075 2820 2130 dum
2847 2076 2900 2130 in
2948 2077 3215 2144 omnibus,
3253 2091 3391 2146 quae
3417 2083 3543 2130 sunt

1957 2176 2014 2222 et
2039 2181 2175 2236 quae
2203 2183 2308 2222 non
2338 2175 2485 2234 sunt,
2516 2149 2660 2220 nulla
2687 2165 2892 2220 malitia
2925 2165 3005 2220 vel
3035 2166 3257 2230 malum,
3285 2165 3430 2236 quod
3455 2166 3544 2220 bo-

1960 2256 2114 2310 nitati
2152 2257 2416 2322 omnium,
2440 2255 2584 2309 nulla
2615 2255 2888 2324 turpitudo
2923 2255 3006 2310 vel
3035 2255 3369 2320 deformitas,
3402 2271 3542 2324 quae

1957 2346 2339 2415 pulchritudini
2381 2355 2435 2400 et
2488 2344 2809 2399 formositati
2835 2345 2888 2398 in
2917 2359 3110 2400 causas
3142 2361 3268 2400 suas
3298 2347 3543 2402 condito-

1959 2452 2180 2506 remque
2193 2453 2346 2492 suum
2367 2451 2683 2491 reversnrae
2701 2437 2918 2491 resistat
2933 2437 2998 2502 ¹¹,
3015 2439 3232 2492 omnino
3252 2452 3356 2492 non
3375 2451 3542 2493 rema-

1957 2528 2124 2582 nebit.
2158 2530 2231 2582 Ac
2254 2543 2349 2596 per
2367 2527 2468 2581 hoc
2493 2542 2598 2582 non
2620 2543 2706 2582 me
2731 2526 3071 2599 movet,du_m
3093 2529 3273 2593 audio,
3314 2543 3377 2584 ex
3414 2544 3542 2600 sup-

1956 2617 2130 2698 pligiis
2185 2617 2448 2694 malarum
2489 2617 2825 2698 voluntatum
2875 2627 2930 2673 et
2979 2619 3236 2688 praemiis
3275 2621 3537 2676 bonarum

1957 2686 2372 2778 pulcherrimam
2389 2689 2724 2782 harmoniam
2742 2709 2977 2763 futuram
2993 2725 3130 2773 esse,
3145 2711 3398 2780 quoniam
3415 2727 3542 2782 sup-

1955 2796 2112 2866 plicia
2134 2799 2270 2852 bona
2295 2807 2440 2868 sunt,
2460 2799 2585 2852 dum
2612 2781 2721 2854 sint
2737 2800 2905 2870 justa,
2935 2809 2988 2854 et
3012 2802 3274 2871 praemia,
3291 2802 3414 2857 dum
3433 2781 3543 2857 sint

1954 2887 2073 2955 plus
2086 2889 2336 2958 gratuita,
2352 2904 2511 2958 quam
2539 2889 2692 2944 bonis
2707 2890 2913 2945 meritis
2936 2892 3219 2957 retributa,
3241 2895 3455 2962 quando
3471 2895 3543 2946 vi-

1955 2979 2056 3033 deo
2083 2992 2274 3048 graves
2287 2989 2582 3049 acutosque
2608 2995 2788 3044 sonos,
2813 2995 3108 3052 eorumque
3138 2983 3342 3038 medios
3369 2997 3539 3052 quan-

1957 3072 2082 3128 dam
2097 3072 2466 3144 symphoniam
2483 3073 2623 3128 inter
2638 3073 2938 3128 seinvicem
2966 3061 3018 3128 in
3037 3075 3078 3104 “
3105 3076 3541 3144 proportionibus

1883 3149 1928 3209 C
1959 3172 2016 3217 et
2040 3163 2636 3234 pr0portionalitatibus
2657 3165 2768 3219 suis
2783 3163 3013 3220 edicere.
3031 3165 3098 3221 Et
3114 3166 3158 3220 si
3183 3167 3304 3236 quis
3316 3169 3382 3220 ad
3409 3167 3542 3220 haec

1959 3257 2240 3326 objecerit,
2265 3271 2548 3328 perversas
2588 3258 2894 3314 voluntates
2950 3260 3213 3314 malorum
3262 3257 3536 3315 hominum

1960 3356 2016 3403 et
2039 3348 2372 3418 angelorum,
2390 3349 2587 3418 quibus
2610 3350 2872 3403 debentur
2903 3350 3182 3420 supplicia,
3218 3351 3384 3406 malas
3398 3367 3538 3414 esse,

1961 3453 2025 3491 ac
2055 3453 2150 3507 per
2173 3438 2273 3493 hoc
2300 3439 2351 3492 in
2385 3439 2774 3494 restauratione
2804 3455 2865 3494 ac
2885 3441 3055 3495 reditu
3085 3453 3398 3496 naturarum
3430 3459 3544 3496 ma-

1961 3529 2069 3583 lum
2101 3544 2314 3598 semper
2342 3543 2460 3584 esse
2500 3545 2899 3597 remansurnm,
2928 3532 3298 3604 suppliciaque
3347 3549 3539 3602 passu-

1961 3636 2111 3687 rum;
2149 3629 2203 3674 et
2237 3620 2283 3674 si
2324 3622 2397 3673 ita
2440 3628 2542 3686 est,
2591 3621 2856 3690 sequitur,
2898 3636 3002 3676 non
3043 3623 3262 3677 omnino
3307 3623 3544 3693 pulchri-

1963 3715 2200 3768 tudinem
2228 3721 2540 3766 naturarum
2597 3713 2924 3782 turpitudine
2975 3713 3212 3768 malitiae
3253 3730 3358 3770 non
3384 3715 3427 3747 ¹³
3465 3717 3544 3770 in-

1961 3801 2156 3860 fectam
2201 3818 2322 3858 esse
2375 3801 2614 3860 futuram
2646 3821 2665 3859 :
2695 3806 2821 3868 huic
2856 3809 3188 3878 respondebo
3243 3809 3378 3864 duce
3431 3809 3542 3864 Deo

1962 3910 2025 3949 ac
2052 3909 2179 3950 vera
2207 3895 2434 3960 ratione,
2458 3896 2690 3965 primum
2728 3897 2941 3965 quidem
2977 3899 3120 3952 intra
3164 3915 3344 3954 rerum
3386 3911 3541 3955 natu-

1964 4003 2082 4043 ram
2115 3987 2198 4042 vel
2223 3997 2376 4043 extra
2420 4001 2539 4043 eam
2594 3987 2798 4042 nullum
2853 3988 3052 4044 malum
3108 3990 3358 4058 inveniri,
3401 3994 3542 4048 sicut

1963 4083 2250 4155 Dionysius
2276 4083 2598 4152 Areopagita
2619 4081 2672 4134 in
2699 4080 2838 4136 libro
2886 4083 2952 4137 de
2992 4082 3188 4139 divinis
3224 4083 3540 4142 Nominibus

1964 4173 2348 4244 multiplicibus
2378 4172 2574 4227 astruit
2603 4171 2932 4239 rationibus,
2956 4189 3092 4244 quas
3124 4191 3267 4230 nunc
3298 4176 3540 4230 introdu-

1963 4279 2089 4318 cere
2111 4272 2166 4317 et
2186 4262 2400 4333 longum
2431 4271 2486 4316 et
2530 4261 2858 4331 superﬂuum
2907 4264 3149 4331 videtur;
3191 4265 3380 4321 deinde
3419 4282 3542 4337 pcr-

1963 4369 2150 4410 versos
2172 4368 2550 4425 perversarum
2597 4351 2930 4407 voluntatum
2985 4365 3163 4409 motus
3215 4355 3386 4410 malos
3429 4371 3536 4412 non

1964 4462 2107 4511 esse,
2138 4446 2230 4501 sed
2261 4444 2491 4498 illicitos.
2518 4442 2670 4512 Quod
2700 4443 2844 4498 enim
2879 4457 2947 4498 ex
2994 4444 3166 4499 libero
3207 4446 3540 4502 rationabilis

1963 4549 2243 4595 creaturae
2269 4536 2496 4590 arbitrio
2525 4535 2808 4606 processit,
2837 4536 2960 4606 quis
2991 4536 3189 4590 malum
3221 4552 3341 4592 esse
3385 4538 3541 4593 dixe-

1965 4631 2076 4687 rit?
2116 4629 2174 4686 Si
2212 4629 2354 4684 enim
2394 4627 2616 4683 libertas
2643 4637 2869 4682 naturae
2896 4627 3227 4682 rationabilis
3252 4629 3318 4684 ad
3351 4629 3542 4701 imagi-

1963 4739 2087 4779 nem
2115 4722 2208 4777 Dei
2235 4720 2484 4776 conditae
2529 4735 2560 4774 a
2594 4719 2706 4774 Deo
2737 4719 2858 4774 data
2902 4729 3018 4785 est;
3052 4735 3156 4775 non
3185 4721 3328 4775 enim
3365 4721 3541 4792 imago

1966 4815 2058 4871 Dei
2085 4813 2207 4869 ullis
2245 4811 2452 4883 legibus
2493 4811 2718 4868 detineri
2760 4811 2944 4866 debuit
2971 4821 3158 4866 coacta
3191 4829 3205 4866 :
3233 4812 3540 4869 necessatio

1965 4921 2144 4972 omne,
2169 4906 2312 4977 quod
2347 4921 2412 4962 ex
2436 4907 2549 4976 ipsa
2572 4904 2821 4959 libertate
2847 4903 3045 4968 evenit,
3076 4905 3276 4959 malum
3307 4920 3402 4959 seu
3427 4920 3538 4958 ma-

1966 4996 2080 5050 litia
2110 5005 2258 5052 recte
2284 4994 2387 5050 dici
2417 5009 2522 5048 non
2553 5001 2752 5064 potest,
2778 5005 2844 5046 ne
2895 4992 2948 5047 in
3003 4991 3186 5063 aliquo
3231 4992 3430 5047 malum
3481 4999 3536 5044 et

1967 5085 2168 5138 malitia
2196 5082 2571 5139 concludatur.
2605 5081 2672 5136 Et
2702 5081 2746 5136 si
2791 5079 2961 5142 libera
3007 5081 3256 5136 voluntas
3304 5082 3536 5134 rationa-

1968 5172 2060 5228 bili
2087 5182 2140 5228 et
2176 5171 2493 5242 intelligibili
2535 5180 2818 5226 creaturae
2852 5186 2958 5226 non
2998 5169 3119 5225 ideo
3147 5183 3399 5225 concessa
3442 5167 3534 5232 sit,

1969 5271 2025 5317 ut
2054 5277 2150 5332 per
2177 5278 2294 5316 eam
2323 5269 2587 5331 peccaret,
2620 5261 2712 5317 sed
2742 5269 2800 5316 ut
2836 5276 2934 5331 per
2969 5274 3089 5314 eam
3126 5259 3347 5328 pulchre
3371 5264 3424 5311 et
3453 5273 3538 5310 ra-

1972 5351 2300 5406 tionabiliter
2317 5349 2594 5406 Conditori
2622 5365 2720 5406 suo
2754 5349 3063 5412 inserviret,
3089 5356 3300 5410 tamen,
3342 5345 3393 5399 in
3425 5345 3537 5399 suis

1611 5463 1694 5520 VA
1705 5464 1862 5519 RIAE
1895 5465 2291 5523 LECTIONES.

366 5555 384 5587 ι
412 5555 454 5608 A
487 5555 542 5608 in
560 5553 691 5608 luce.
769 5555 788 5585 ¹
815 5553 858 5607 Α
886 5564 932 5608 et
962 5554 1345 5624 oppositiones.

286 5640 399 5694 que
423 5624 565 5694 ullo.
625 5625 645 5656 "
675 5624 765 5679 Sic
787 5624 870 5679 CF
889 5641 904 5690 ;
935 5624 976 5678 A
1004 5627 1256 5694 cooptari.
1333 5625 1356 5658 ⁸
1381 5624 1486 5694 Pro

292 5693 332 5726 '7'
368 5694 455 5748 Sic
483 5693 599 5759 CF;
627 5694 669 5747 Α
693 5706 872 5748 restat.
946 5695 986 5725 ¹²
1013 5696 1065 5746 in
1091 5709 1201 5747 om.
1230 5693 1295 5747 A.

1421 5553 1443 5587 ³
1468 5554 1512 5608 Α
1552 5554 1695 5610 nullo
1727 5559 1998 5625 modoque.

1512 5626 1652 5697 quod
1683 5641 1782 5697 non
1807 5627 1852 5697 Α
1886 5645 1986 5680 non
2008 5629 2163 5682 enim.

1372 5693 1415 5726 ¹⁸
1445 5693 1534 5748 Sic
1568 5693 1683 5762 CF;
1717 5695 1761 5747 Α
1793 5695 1894 5750 nan
1917 5699 2130 5751 omnino
2173 5715 2296 5752 non.

2730 5567 2751 5600 ι
2786 5557 2829 5611 Α
2873 5555 3166 5612 ordinatur.
3241 5553 3262 5586 ⁶
3291 5553 3375 5609 CI"
3414 5556 3539 5610 abs-

2847 5624 2890 5658 ¹⁰
2917 5625 3004 5680 Sic
3026 5625 3110 5681 (ΣΡ
3129 5641 3144 5691 ;
3171 5623 3210 5678 A
3240 5625 3533 5697 dupt't'sqztc.

2074 5558 2096 5588 ⁸
2125 5558 2210 5615 CF
2241 5561 2379 5615 intra
2427 5561 2655 5615 ordines.
2730 5567 2750 5600 I

2074 5629 2163 5682 im.
2240 5630 2260 5661 ’
2289 5630 2380 5684 Sic
2400 5629 2515 5684 CF:
2547 5631 2588 5684 Α
2619 5631 2750 5682 ratio

2333 5645 2380 5685 lC
2400 5645 2473 5684 bl‘
2502 5647 2515 5693 ;
2547 5645 2588 5684 Α
2619 5645 2772 5682 ratto.
