3952 6162
446 271 549 328 967

1804 274 2083 331 JOANNlS
2123 277 2319 334 εεοτι

3580 292 3693 349 963

446 392 570 467 licet
596 390 757 445 veluti
801 390 1010 459 captiva
1067 387 1520 445 irrationabilibus
1549 389 1782 446 motibus
1810 393 1875 446 ad
1917 391 2017 445 illi-
2046 397 2091 455 Α
2121 392 2379 458 volentes,
2409 393 2567 463 inque
2605 394 2837 449 tenelris
2880 408 2938 450 se
2975 395 3303 454 abscondere
3355 411 3686 475 appetentes,

444 478 551 533 cita
575 486 800 534 attracta
827 478 915 542 sit,
949 492 1055 531 non
1085 476 1206 532 inde
1242 476 1439 532 malum
1483 479 1747 545 nascitur,
1772 481 1865 535 sed
1918 480 2011 535 ali-

418 569 583 638 quod
640 567 1014 637 corrigendum
1065 567 1246 621 divina
1292 567 1499 638 justitia
1554 577 1610 623 et
1654 571 2011 625 revocandum

442 661 620 716 divina
665 659 1056 725 misericordia,
1084 659 1127 714 si
1154 660 1581 715 correctionibus
1604 661 1713 715 suis
1738 668 1795 714 et
1831 675 2012 715 emen-

442 749 746 806 dationibus
776 749 980 817 liberae
1009 750 1305 805 voluntatis
1345 752 1627 806 arbitrium
1670 750 1834 805 fuerit
1879 752 2009 806 obe-

440 836 625 908 diens;
675 842 757 898 sin
797 857 928 897 vero
978 852 1273 898 contumax
1309 844 1663 914 superbiaque
1708 845 1725 876 ¹
1769 843 2008 899 inﬂatum

435 931 491 987 in
522 933 636 987 suis
660 932 932 1003 perversis
962 934 1196 989 motibus
1221 949 1573 1003 perseverare
1615 935 1840 989 voluerit
1862 977 1877 1001 ,
1916 937 2009 990 im-

432 1033 590 1093 petus
614 1021 729 1091 ejus
770 1022 1088 1078 libidinosus
1114 1025 1448 1090 retinebitur,
1499 1041 1587 1091 ne,
1633 1028 1773 1095 quod
1825 1026 2010 1082 illicite

434 1116 657 1186 appetit,
684 1115 1068 1185 apprehendat.
1094 1117 1160 1171 Et
1189 1117 1290 1171 hoc
1313 1127 1395 1171 est
1425 1126 1617 1181 totum,
1642 1118 1782 1186 quod
1811 1119 2009 1173 dicitur

431 1204 631 1261 liberae
643 1221 707 1260 ac
721 1216 741 1246 ι
756 1220 1043 1275 perversae
1054 1206 1348 1261 voluntatis
1359 1208 1696 1277 supplicium,
1715 1209 1815 1262 hoc
1828 1218 1926 1271 est,
1940 1208 2006 1263 ab

429 1293 632 1350 illicitis
656 1294 769 1349 suis
798 1295 1032 1350 motibus
1055 1296 1349 1365 prohiberi,
1380 1312 1446 1351 ne
1470 1298 1535 1351 ad
1560 1298 1729 1352 tinem
1758 1314 1888 1353 suae
1908 1314 2002 1353 cu-

429 1386 674 1456 piditatis
704 1387 875 1454 possit
904 1388 1337 1457 pervenire.Hoe
1359 1399 1535 1443 autem
1555 1391 1695 1455 dico,
1714 1406 1779 1445 ne
1807 1390 2003 1446 beatis-

427 1482 549 1538 simi
574 1481 1182 1554 DionysiiAreopagitae
1198 1486 1505 1540 auctoritati
1527 1486 1781 1541 resistere
1795 1488 1999 1552 videar,

2115 498 2218 537 non
2248 483 2374 552 quid
2409 483 2452 515 “
2475 485 2543 539 sit
2573 484 2684 550 lux,
2708 494 2761 540 et
2783 493 3044 555 quantum
3075 490 3222 545 utilis
3256 492 3327 545 sit
3355 494 3419 559 l',
3447 497 3690 557 valentes

2113 590 2232 631 eam
2262 577 2564 646 perspicere
2591 578 2919 648 ignorantes,
2951 580 3044 634 sed
3074 580 3124 634 in
3154 581 3467 642 infirmitate
3506 591 3685 646 oculo-

2112 682 2229 721 rum
2259 681 2477 721 snorum
2501 682 2716 721 causam
2738 666 2973 738 fugiendi
3003 684 3033 723 a
3061 669 3261 727 lumine
3283 676 3684 737 constituentes.

2111 755 2310 810 Eodem
2364 757 2523 811 modo
2564 766 2618 812 et
2667 758 2816 826 impii
2849 760 2900 811 in
2934 760 3208 830 suppliciis
3234 764 3435 820 detenti
3472 784 3686 828 causam

2109 833 2368 901 odienda‘e
2404 847 2645 902 veritatis
2689 849 2952 917 impietati
2998 866 3128 905 suae
3172 858 3531 925 reputabunt,
3568 878 3684 917 sera

2110 936 2372 990 inutiliter
2400 939 2705 1006 compuncli
2736 940 3087 1007 poenitentia.
3118 943 3181 996 Et
3208 944 3308 1000 hoc
3342 947 3500 1001 datur
3532 951 3686 1007 intel-

2110 1024 2196 1094 Iigi
2225 1040 2293 1078 ex
2334 1026 2449 1094 ipso
2477 1026 2642 1080 divite
2673 1026 2725 1081 in
2765 1028 2980 1083 inferno
3012 1031 3057 1069 ιι
3082 1046 3282 1100 poenas
3308 1037 3575 1105 patiente,
3602 1042 3683 1110 qui

2108 1113 2314 1168 elevans
2344 1114 2524 1167 oculos
2580 1133 2721 1179 suos,
2772 1117 2896 1170 dum
2951 1129 3079 1172 esset
3131 1121 3184 1174 in
3232 1129 3524 1193 tormentis,
3568 1130 3683 1184 vidit

2107 1201 2687 1283 Abralmmalonge,‘et
2709 1201 2971 1259 Lazarum
2999 1207 3051 1260 in
3100 1209 3298 1264 sinibus
3350 1215 3486 1281 ejus.
3547 1217 3686 1273 Vidit

2106 1292 2271 1362 igitur
2296 1292 2565 1346 Abraham
2598 1302 2651 1348 et
2690 1293 2950 1348 Lazarum
2993 1297 3046 1350 in
3088 1298 3255 1369 gloria
3298 1302 3515 1360 divinae
3560 1323 3681 1362 cono

2107 1386 2491 1454 templationis,
2517 1388 2609 1440 sed
2641 1386 2805 1455 ipsius
2840 1387 3047 1457 gloriae
3092 1390 3550 1451 delectationibus
3581 1399 3684 1467 pri-

2104 1484 2259 1528 vatus
2317 1483 2429 1538 est,
2490 1489 2715 1544 seraque
2764 1476 3090 1545 poenitentia
3143 1491 3497 1561 compunctus
3542 1485 3685 1556 petit

427 1575 517 1645 qui
549 1590 653 1629 non
675 1574 845 1629 solum
867 1575 921 1629 in
946 1575 1123 1645 aliqua
1150 1584 1341 1631 natura
1358 1592 1450 1632 seu
1480 1578 2002 1641 summm-anew".
2103 1564 2392 1627 Abraham,
2426 1574 2485 1619 ut
2515 1566 2752 1621 mitteret
2776 1567 2841 1620 ad
2865 1583 2991 1621 suos
3040 1566 3251 1635 fratres,
3297 1586 3433 1641 quos
3485 1573 3539 1627 in
3585 1575 3681 1631 hac

427 1665 587 1719 etiam
641 1666 696 1720 in
735 1665 896 1721 nullis
936 1667 1393 1722 irrationabilihus
1415 1668 1753 1722 rationabilis
1778 1678 1994 1724 naturae

2100 1657 2214 1709 vita
2250 1656 2560 1724 reliquerat,
2595 1670 2695 1721 ne,
2728 1656 2870 1710 sicut
2916 1658 3030 1726 ipse
3083 1659 3287 1713 vixerat
3318 1661 3387 1726 ³⁷,
3418 1664 3676 1731 viverent,

425 1756 709 1813 οπεοιῑδυε
743 1758 941 1812 malum
969 1759 1098 1813 εῑηίι
1138 1759 1388 1820 inveniri,
1419 1775 1512 1814 seu
1562 1758 1743 1829 aliqua
1790 1761 1998 1814 ratione
2032 1749 2078 1807 B
2103 1755 2156 1800 et
2178 1754 2236 1800 ut
2267 1755 2652 1801 tormentorqu
2677 1746 2790 1800 loca
2817 1747 3134 1804 dcvitarent.
3164 1748 3303 1805 illac.
3339 1749 3455 1805 Non
3482 1762 3535 1808 te
3557 1770 3680 1824 ergo
3754 1793 3763 1801 .

425 1848 670 1903 concedi.
703 1846 919 1903 Nullum
948 1849 1091 1903 enim
1126 1849 1463 1904 rationabilis
1490 1859 1773 1904 creaturae
1810 1850 1994 1904 vitium

2105 1844 2356 1891 moveant
2400 1836 2716 1890 stultissima
2744 1845 2797 1890 et
2825 1835 3112 1907 falsissima
3138 1840 3451 1895 mortalium
3479 1844 3675 1912 cogita-

425 1937 709 2007 est,quod
756 1952 861 1992 non
912 1937 966 1991 in
1020 1936 1196 2006 aliqua
1252 1938 1608 1992 irrationabili
1659 1938 1859 1991 bonum
1910 1939 2000 2004 sit,

424 2025 651 2095 ideoque
678 2025 819 2094 quod
854 2026 1053 2094 ubique
1082 2025 1411 2093 prohibitum
1444 2040 1550 2079 non
1592 2027 1882 2092 invenitur,
1910 2028 2002 2082 sed

423 2114 480 2169 in
503 2115 706 2184 aliquo,
731 2115 783 2167 in
809 2129 904 2179 eo,
930 2114 983 2167 in
1014 2129 1120 2182 quo
1144 2114 1479 2184 prohibetur,
1509 2131 1615 2169 non
1652 2116 1876 2180 malum,
1906 2118 2003 2171 sed

423 2203 668 2260 illicitum
692 2206 875 2260 vocari
906 2214 1138 2275 oportet.
1179 2206 1243 2260 Et
1271 2216 1328 2259 ιιι
1366 2208 1431 2261 de
1462 2208 1562 2262 hac
1595 2209 1802 2261 ratione
1830 2224 2001 2277 pauca

421 2295 829 2350 introducamus
869 2295 1135 2364 exempla,
1187 2296 1458 2365 superbia,
1492 2306 1550 2350 ut
1592 2296 1667 2349 ait
1712 2297 1771 2351 B.
1803 2297 2001 2368 Diony-

422 2386 535 2441 sius
560 2386 956 2458 Gregoriusque
994 2384 1319 2456 Theologus,
1342 2386 1394 2439 in
1416 2402 1556 2455 equo
1582 2378 1779 2441 bonum
1815 2398 1919 2451 est,
1944 2388 1995 2442 in

420 2478 639 2535 homine
665 2493 794 2533 vero
812 2478 1058 2533 illicitum
1083 2477 1283 2547 atque’
1300 2477 1698 2532 inconveniens.
1724 2477 1998 2532 Ferocitas

419 2569 473 2624 in
501 2569 656 2625 leone
685 2570 883 2625 bonum
914 2578 1012 2630 est,
1042 2578 1097 2623 et
1135 2569 1250 2623 sine
1276 2583 1380 2639 qua
1416 2567 1498 2622 leo
1528 2568 1631 2622 dici
1655 2585 1759 2623 non
1790 2579 1992 2638 potest;

418 2661 567 2715 mitis
586 2639 835 2716 enim‘leo
857 2660 938 2713 leo
954 2657 978 2691 ⁸
995 2675 1099 2714 non
1115 2668 1218 2723 est,
1236 2660 1444 2728 perdita
1458 2658 1714 2728 qualitate
1726 2660 1955 2713 naturali
1978 2674 1993 2713 :

419 2753 535 2825 ipsa
570 2747 753 2807 autem
785 2752 1040 2808 ferocitas
1065 2755 1117 2806 in
1144 2761 1334 2806 natura
1368 2751 1668 2805 rationabili
1701 2752 1887 2806 vitium
1911 2762 1995 2808 est

418 2856 473 2901 et
500 2846 890 2900 inconcessum.
924 2841 1197 2913 Spurcilia
1240 2858 1527 2913 porcorum
1568 2851 1651 2897 est
1695 2844 1991 2913 proprium,

418 2934 473 2989 in
503 2935 718 2989 homine
750 2934 982 2989 alienum
1009 2953 1021 2987 :
1050 2942 1105 2988 et
1128 2933 1343 2997 similia,
1374 2948 1512 3001 quae
1540 2931 1663 2986 dum
1716 2933 1767 2987 in
1809 2934 1993 2989 bestiis

419 3029 853 3093 considerantur,
877 3026 1141 3081 naturalia
1180 3026 1316 3080 bona
1346 3034 1503 3091 sunt,
1538 3024 1590 3081 in
1622 3025 1839 3080 homine
1866 3040 1993 3081 vero

2105 1929 2312 1983 tienum
2356 1930 2558 2002 judicia
2608 1930 2905 1999 inanesque
2953 1930 3269 1999 Opinioncs,
3320 1934 3515 2002 quibus
3563 1935 3673 1997 his.

2102 2034 2241 2088 quae
2296 2019 2397 2074 sibi
2448 2000 2589 2073 mala
2637 2029 2693 2073 et
2746 2020 2924 2090 turpia
2980 2021 3256 2087 videntur,
3294 2000 3589 2079 bonitatem
3625 2034 3674 2079 et

2100 2112 2556 2182 pulchritudinem
2581 2121 2634 2166 et
2656 2112 2981 2181 aequitatem
3010 2112 3383 2166 universitatis
3420 2114 3590 2168 minui
3622 2125 3671 2168 et

2103 2208 2378 2276 corrumpi
2404 2207 2736 2268 existimant,
2757 2207 3085 2277 ignorantes,
3112 2206 3253 2276 quod
3304 2207 3355 2259 in
3396 2207 3663 2270 omnibus,

2098 2313 2237 2369 quae
2262 2298 2402 2352 intra
2430 2298 2841 2352 universitatem
2885 2296 3443 2367 comprehenduntur,
3470 2297 3666 2350 nullum

2098 2387 2317 2455 malmn,
2346 2387 2429 2442 vel
2474 2396 2653 2456 turpe,
2698 2387 2784 2441 vel
2836 2386 3092 2456 injustum
3147 2388 3434 2443 invenitur.
3496 2388 3669 2459 Neque

2096 2481 2238 2535 enim
2270 2481 2405 2534 haec
2430 2495 2637 2533 summa
2668 2479 2883 2534 bonitas
2907 2488 2960 2533 et
2991 2478 3334 2550 pulchritudo
3361 2490 3414 2534 et
3433 2481 3669 2551 aequitas

2096 2573 2368 2643 sapienter
2386 2575 2565 2626 omnia
2588 2571 2878 2641 disponens
2905 2572 2957 2625 in
2983 2572 3083 2631 bis,
3103 2586 3239 2639 quae
3266 2580 3605 2641 suntetquae
3628 2571 3670 2603 ¹⁸

2096 2680 2201 2719 non
2252 2673 2410 2729 sunt,
2459 2663 2575 2718 ﬁeri
2616 2663 2902 2733 permittit,
2948 2678 3048 2717 nec
3074 2677 3311 2732 unquam
3344 2678 3669 2733 pernussura

2094 2764 2197 2809 est.
2223 2755 2287 2809 Et
2313 2755 2357 2809 si
2389 2755 2509 2827 quis
2536 2754 2734 2809 dixerit
2761 2772 2774 2805 :
2800 2755 2941 2809 unde
2963 2755 3126 2824 igitur
3154 2756 3307 2819 haec,
3328 2771 3466 2826 quae
3487 2756 3670 2811 dicun—

2096 2853 2182 2899 tur
2209 2845 2347 2900 mala
2374 2854 2429 2899 et
2459 2845 2741 2900 inhonesta
2771 2854 2825 2901 et
2849 2843 3068 2913 injusta,
3094 2853 3146 2899 et
3173 2846 3301 2899 ubi?
3328 2845 3422 2901 Cui
3452 2861 3672 2914 respono

2094 2935 2322 2991 dendum
2358 2954 2370 2989 :
2398 2950 2502 2989 non
2537 2934 2751 2989 aliunde
2773 2975 2788 2999 ,
2817 2950 2989 3004 neque
3008 2934 3160 3000 διιεῖ,
3192 2935 3297 2989 nisi
3325 2950 3392 2991 ex
3421 2937 3670 2990 vanitati-

2095 3026 2194 3082 bus
2221 3026 2538 3092 vanitatum,
2568 3026 2727 3094 inque
2750 3024 2900 3080 falsis
2925 3026 3505 3096 argumentationibus,
3533 3042 3667 3098 quae
3733 3030 3739 3034 ’

422 3118 508 3174 vel
536 3119 557 3151 ⁸
607 3117 797 3189 angelo
840 3118 968 3171 vitia
1029 3126 1219 3171 contra
1265 3123 1511 3172 naturam
1558 3116 1848 3187 pugnantia
1870 3157 1884 3181 ,
1937 3116 1991 3171 in
2020 3087 2063 3148 C
2095 3115 2608 3187 linguntesse,quod
2634 3115 2850 3184 penitus
2873 3130 2978 3169 non
3003 3122 3104 3179 est,
3132 3087 3583 3184 blasphemantes,
3614 3126 3667 3170 et

420 3210 566 3265 nullo
610 3209 631 3240 ⁸
664 3221 842 3264 tamen
882 3207 1045 3262 mala.
1090 3205 1244 3272 Quod
1296 3206 1472 3271 enim,
1522 3214 1580 3259 ut
1616 3206 1882 3272 diximus,
1936 3205 1991 3260 in

419 3311 532 3355 toto
563 3300 760 3353 malum
790 3315 894 3353 non
925 3307 1027 3361 est,
1060 3298 1257 3351 malum
1292 3296 1405 3351 fieri
1445 3298 1497 3351 in
1539 3306 1691 3367 parte
1737 3313 1842 3351 non
1891 3312 1988 3366 po-

418 3400 547 3455 test,
578 3390 822 3460 quamvis
850 3389 1096 3443 videatur
1117 3404 1236 3443 esse
1260 3388 1522 3451 illicitum,
1551 3396 1712 3457 atque
1763 3404 1992 3458 purgan-

420 3484 545 3538 dum
583 3497 676 3537 seu
708 3480 1145 3536 refracnandum.
1168 3477 1309 3533 Nihil
1332 3494 1462 3549 ergo
1484 3478 1818 3548 relinquitur,
1848 3479 1990 3548 quod

415 3574 802 3648 plenitudinem
825 3581 880 3626 et
902 3572 1357 3641 pulchritudinem
1410 3570 1577 3625 totius
1623 3570 1993 3624 universitatis

416 3669 621 3722 minuat
650 3680 743 3720 seu
786 3665 806 3695 "
838 3664 1173 3728 dehonestet,
1197 3664 1308 3717 sive
1333 3662 1442 3727 hic,
1471 3661 1595 3715 dum
1630 3661 1803 3716 adhuc
1824 3660 1993 3715 sensi-

414 3759 539 3815 bilis
566 3756 797 3812 mundus
820 3770 1037 3810 cursum
1067 3770 1225 3809 suum
1252 3753 1485 3824 peragit,
1533 3752 1646 3807 sive
1691 3752 1819 3817 illic,
1863 3752 1988 3807 dum

415 3849 469 3903 in
505 3862 699 3903 causas
726 3860 852 3901 suas
896 3858 1211 3900 reversurus
1253 3843 1323 3897 sit
1370 3841 1411 3906 ⁸,
1445 3842 1603 3911 inque
1650 3841 1729 3897 eis
1777 3840 1992 3911 quietus

417 3937 771 4009 permanebit.
799 3934 908 3990 Sed
934 3934 1035 3989 ista
1067 3933 1270 3987 theoria
1303 3931 1488 4001 paucis
1543 3940 1689 3985 recte
1728 3930 1989 4000 sapienti-

417 4033 516 4087 bus
546 4046 688 4086 nunc
732 4029 1038 4100 perspicua,
1082 4028 1135 4081 in
1185 4025 1365 4082 futuro
1415 4039 1544 4079 vero
1590 4024 1837 4078 omnibus
1880 4021 1989 4077 erit

413 4120 699 4195 patefacta,
731 4119 858 4174 dum
888 4120 1090 4173 veritas
1115 4132 1212 4187 per
1255 4117 1437 4172 omnia
1476 4116 1527 4169 in
1572 4113 1822 4170 omnibus
1871 4112 1989 4167 elu-

416 4225 616 4281 cescet,
639 4230 777 4284 quae
817 4223 1133 4268 naturarum
1156 4213 1393 4268 omnium
1434 4219 1641 4267 secreta
1671 4210 1988 4264 incunctan-

412 4320 495 4374 ter
536 4313 739 4382 absque
788 4310 895 4364 ulla
944 4309 1172 4379 caligine
1225 4308 1449 4379 aperiet.
1500 4306 1617 4361 Non
1668 4305 1811 4359 enim
1858 4304 1989 4359 solis

413 4402 569 4469 iustis
604 4402 624 4433 ’
668 4401 723 4456 in
783 4399 887 4454 bac
938 4400 1046 4454 vita
1090 4399 1411 4462 viventibus,
1440 4397 1830 4465 veritatemque
1878 4395 1983 4450 rite
2010 4423 2062 4483 ι)

413 4493 822 4562 quaerentibus,
856 4506 1043 4545 verum
1083 4489 1244 4542 etiam
1282 4487 1516 4557 injustis,
1542 4487 1832 4556 pravisque
1867 4484 1980 4540 suis

416 4584 656 4638 moribus
680 4580 968 4650 corruptis,
993 4579 1270 4647 lucemque
1293 4593 1475 4632 veram
1496 4576 1801 4631 odientibus
1818 4583 1874 4630 et
1901 4574 1982 4628 fu-

411 4672 678 4743 gientibus
696 4671 808 4741 ipsa
822 4668 1019 4722 veritas
1032 4681 1124 4737 per
1137 4665 1313 4719 omnia
1333 4663 1553 4735 fulgebit
1571 4664 1621 4717 in
1639 4659 1839 4720 futurb.
1856 4661 1984 4719 Om-

412 4778 509 4818 nes
523 4762 666 4816 enim
682 4761 936 4815 videbunt
950 4757 1173 4830 gloriam
1204 4756 1317 4811 Dei.
1338 4755 1444 4811 Nec
1462 4756 1657 4817 obstat,
1680 4757 1821 4824 quod
1843 4756 1980 4811 scri-

410 4861 559 4923 ptum
585 4858 705 4905 est:
734 4849 968 4903 Tolletur
998 4847 1039 4878 ¹⁰
1068 4846 1277 4915 impius,
1310 4861 1372 4898 ne
1397 4846 1563 4898 videat
1595 4843 1815 4914 gloriam
1864 4844 1980 4897 Dei.

420 4939 604 4994 Videat
629 4952 862 5010 namque
884 4938 1121 4993 divinum
1148 4933 1420 5003 eloquium
1444 4933 1485 4965 ¹¹
1507 4933 1686 5002 posuit
1712 4948 1808 5001 pro
1834 4933 1982 5001 [ηια-

405 5018 517 5098 tur,
536 5044 600 5083 ac
620 5029 665 5083 si
689 5029 913 5093 diceret,
938 5023 1441 5093 tolleturl’impius,
1473 5037 1541 5077 ne
1573 5020 1782 5075 fruatur
1810 5021 1979 5092 gloria

414 5123 526 5179 Dei.
586 5121 796 5176 Etenim
851 5118 1129 5174 oculorum
1187 5114 1525 5187 passionibus
1576 5120 1827 5185 gravatos
1873 5128 1978 5167 non

410 5209 529 5268 luce
554 5209 756 5281 perfrui
783 5209 1043 5273 videmus,
1082 5222 1268 5262 verum
1325 5207 1489 5261 etiam
1540 5220 1656 5261 eam
1706 5202 1750 5237 "
1796 5202 1983 5274 fugere

2092 3218 2342 3279 putantes
2361 3223 2536 3271 omne,
2561 3209 2702 3279 quod
2725 3208 3024 3263 libidinosis
3044 3209 3154 3263 suis
3175 3207 3450 3265 all'ectibus
3470 3211 3662 3276 obstat,

2092 3314 2294 3369 eosque
2314 3299 2560 3369 prohibet
2593 3308 2752 3367 atque
2780 3296 3069 3362 refraemt,
3114 3297 3314 3352 malum
3361 3313 3498 3364 esse,
3542 3299 3661 3369 quia

2091 3391 2171 3445 eis
2202 3398 2375 3445 nocet.
2413 3388 2539 3443 lude
2564 3397 2645 3444 est
2666 3428 2680 3453 ,
2709 3388 2851 3457 quod
2881 3389 3044 3442 etiam
3074 3389 3115 3420 ¹⁹
3143 3388 3360 3442 divinae
3386 3390 3662 3459 providen-

2095 3483 2199 3534 tiae
2223 3479 2738 3534 administrationem
2759 3479 3107 3549 redarguunt,
3127 3477 3386 3542 dicentes,
3406 3479 3656 3549 impetum

2091 3569 2293 3625 liberae
2335 3568 2625 3623 voluntatis
2663 3568 2715 3622 in
2748 3566 2930 3636 aliquo
2961 3567 3206 3635 impediri
3237 3567 3322 3619 vel
3353 3567 3545 3621 retrahi
3584 3568 3663 3620 vel

2091 3662 2328 3733 extingui
2371 3660 2567 3715 malum
2595 3674 2733 3724 esse,
2774 3659 3079 3730 ignorantes
3128 3656 3233 3710 hoc
3278 3665 3445 3711 totum
3489 3657 3550 3711 ad
3587 3658 3661 3712 di-

2090 3752 2247 3806 vinae
2302 3748 2560 3806 bonitatis
2615 3749 2910 3819 piissimam
2974 3745 3314 3816 clementiam
3376 3747 3661 3817 pertinere.

2090 3843 2288 3916 Optimi
2335 3843 2531 3913 quippe
2568 3841 3005 3912 serenissimique
3044 3838 3341 3895 conditoris
3376 3849 3476 3906 est,
3501 3841 3660 3901 bono,

2088 3933 2230 4003 quod
2262 3932 2416 3997 fecit,
2449 3931 2755 4002 providere,
2786 3945 2853 3985 ne
2878 3938 3083 3999 pereat,
3108 3930 3272 4000 inque
3297 3932 3408 3987 suis
3435 3929 3664 4000 prepriis

2089 4022 2401 4091 nocivisque
2427 4022 2659 4075 motibus
2689 4029 2994 4074 evanescat.
3054 4019 3186 4074 lllud
3235 4034 3448 4091 quoque
3496 4018 3661 4073 veluti

2088 4112 2286 4169 malum
2333 4114 2384 4166 in
2424 4112 2664 4167 omnium
2704 4111 3265 4165 misericordissimum
3298 4111 3660 4165 ordinatorem

2087 4206 2397 4272 refundunt,
2444 4205 2637 4275 punire
2678 4205 2820 4274 quod
2867 4203 3024 4269 fecit,
3067 4204 3399 4274 garrientcs,
3447 4205 3510 4256 ad
3558 4202 3662 4254 hoc

2087 4297 2284 4352 multos
2310 4294 2450 4350 Deus
2475 4294 2625 4360 fecit,
2660 4303 2719 4349 ut
2742 4307 2836 4349 eos
2866 4294 3099 4364 puniret,
3125 4307 3188 4347 eo
3209 4294 3367 4348 modo
3396 4294 3503 4347 irae
3532 4305 3661 4346 suae

2087 4390 2229 4444 viam
2272 4388 2513 4443 invenire
2551 4387 2750 4451 volens,
2803 4402 2908 4441 non
2941 4387 3452 4448 animadvertentes,
3492 4383 3656 4437 Deum

2087 4480 2141 4534 in
2172 4478 2333 4543 nullo,
2364 4478 2505 4547 quod
2539 4476 2665 4531 fecit
2690 4476 2913 4545 punire;
2966 4476 3106 4543 quod
3152 4484 3330 4528 autem
3368 4487 3471 4527 non
3512 4470 3656 4533 fecit,

2089 4568 2263 4639 puniri
2293 4567 2574 4637 permittit.
2632 4565 2830 4634 Turpia
2858 4580 3069 4635 quoque
3095 4566 3485 4635 inhonestaque
3516 4563 3656 4615 facta

2091 4676 2184 4715 sua
2210 4660 2263 4713 in
2286 4659 2453 4713 Deum
2482 4657 2751 4722 referunt;
2787 4658 2936 4711 aiunt
2970 4657 3135 4723 enim,
3181 4658 3225 4712 si
3273 4657 3377 4712 hoc
3422 4654 3656 4711 Creatori

2088 4750 2326 4804 omnium
2381 4747 2730 4817 displiceret,
2777 4761 3113 4816 nequaquam
3167 4745 3282 4800 fieri
3336 4746 3389 4799 in
3435 4754 3651 4801 natura.

2088 4856 2250 4910 quam
2296 4839 2444 4903 fecit,
2488 4837 2708 4893 sineret.
2763 4836 2882 4892 Jam
2927 4851 3054 4890 vero
3094 4851 3196 4889 non
3233 4835 3404 4890 solum
3439 4834 3650 4903 pulchra

2086 4938 2140 4984 et
2169 4929 2413 4989 honesta,
2442 4941 2627 4981 verum
2661 4926 2824 4987 etiam
2859 4925 3141 4979 inhonesta
3189 4932 3243 4976 et
3286 4924 3461 4993 turpia
3507 4936 3654 4976 crea-

2087 5029 2240 5074 turae
2272 5032 2401 5073 suae
2428 5016 2636 5071 mixtim
2661 5015 2706 5048 ²⁰
2736 5016 2969 5071 inserere
3012 5014 3450 5085 praedestinavit,
3494 5022 3547 5064 ut
3579 5025 3651 5066 ev

2086 5111 2170 5165 his
2215 5108 2457 5179 justitiae
2507 5103 2931 5161 manifestandae
2984 5106 3295 5159 occasiones
3343 5100 3603 5155 inveniret
3633 5140 3650 5163 ,

2087 5200 2311 5272 pulchre
2342 5198 2557 5269 quidem
2583 5196 2915 5263 honesteque
2953 5192 3106 5262 juxta
3152 5192 3365 5247 divinas
3403 5190 3539 5262 leges
3566 5189 3653 5241 vi-

1715 5312 1972 5374 VARIAE
2007 5308 2407 5367 LECTIONES.

481 5437 495 5467 ⁸
526 5436 569 5488 Α
588 5432 1013 5504 ευροιῖιιὶιιμριμιρ
1032 5430 1166 5504 om.)
1241 5426 1323 5504 'A_
1340 5437 1410 5504 et.
1439 5427 1571 5504 _'_A
1596 5436 1667 5482 et.
1744 5427 1875 5504 “(eo
1899 5441 2009 5504 om.
2040 5425 2107 5504 Α..
2180 5423 2265 5504 ἰε
2280 5431 2348 5504 ει.
2412 5421 2522 5504 lin
2546 5419 2713 5504 nullo.
2788 5421 2807 5452 ‘
2838 5417 3003 5504 Ahvel.
3081 5414 3401 5504 ξδίειεῖςέ
3426 5427 3649 5504 {uirga

411 5486 806 5568 lueritjv‘vb‘ic
827 5486 940 5568 CF;
968 5502 1009 5555 A
1041 5486 1203 5570 jusl'e.
1280 5495 1325 5531 ¹⁹
1357 5496 1402 5570 ᾼ
1437 5497 1693 5570 Tollatttr.
1773 5497 1812 5529 “
1848 5497 1890 5550 Α
1920 5496 2180 5570 eloquium
2220 5494 2336 5547 Dei.
2551 5489 3047 5570 lqllcgyr._h"_eant
3072 5486 3265 5570 omni.

3350 5484 3463 5547 ’.δέ
3489 5481 3645 5553 quod.

414 5551 686 5629 i3".ii'bm.
704 5551 804 5626 KI'
836 5551 891 5604 Ῑδ
919 5551 1204 5640 in'in'féih'd
1221 5584 1327 5628 om.
1345 5551 1410 5623 Ᾱ.
1489 5551 1530 5601 δ’
1563 5567 1758 5622 vixerat
1778 5568 1969 5622 om.A-
2012 5551 2026 5566 ’
2048 5567 2092 5602 ’⁸
2112 5580 2245 5636 9"“
2273 5577 2381 5618 °m°
2404 5560 2509 5616 CF'
2587 5560 2629 5594 η
2655 5559 2747 5615 Sic
2771 5558 2888 5626 CF’
2918 5558 2962 5615 Α
2986 5556 3135 5631 Ιώ
3161 5551 3459 5615 um.“
3486 5551 3647 5625 Μ

421 5640 467 5671 ¹⁸
500 5642 592 5695 Sic
614 5641 696 5697 illi
713 5657 728 5707 ;
770 5643 812 5696 Α
852 5641 1091 5696 mixtum.
