3936 6160
256 273 357 332 969

1107 282 1193 342 DE
1230 287 1566 344 DIVISIONE
1614 289 1964 346 NATUBAE.
2004 321 2074 334 --
2109 293 2310 349 LIBER
2348 295 2664 365 QUINTUS.

3406 303 3509 361 970

255 362 502 420 ventibus
542 369 802 438 praemia,
847 378 1333 446 transgressoribus
1373 396 1500 436 vero
1547 382 1834 451 turpitudi-
1864 388 1911 443 Α
1943 385 1993 440 in
2023 387 2226 443 intimis
2261 362 2441 445 autem
2470 399 2698 446 naturae
2724 391 2931 448 sinibus
2953 394 3128 451 adhuc
3153 395 3514 464 occultantur,

255 455 444 524 nisque
468 467 523 510 et
558 457 916 517 inhonestatis
941 467 1187 522 sordibus
1209 471 1588 524 contaminatis
1633 471 1835 541 suppli-

255 545 335 600 cia
359 545 686 612 redditurus,
715 551 956 620 utrisque
986 565 1163 608 autem
1179 555 1324 622 juste
1357 559 1648 613 secundum
1682 574 1839 629 prac-

255 633 673 690 destinationutn
729 653 946 705 suarum
1001 643 1306 700 inevitabile
1347 629 1698 717 propositum.
1758 651 1838 705 Ac

253 737 348 793 per
377 725 499 787 hoc,
533 735 591 779 ut
614 729 688 781 ait
713 729 1018 798 Apostolus,
1044 737 1296 791 voluntati
1327 739 1439 808 ejus
1465 742 1578 810 quis
1610 744 1840 797 resistit?

253 812 319 866 Et
346 823 362 854 ι
393 813 472 869 sic
525 817 685 871 totius
709 833 994 887 perversae
1024 840 1152 880 suae
1178 832 1605 886 conversationis
1631 833 1835 887 incom-

253 904 539 959 mutabiles
565 910 586 940 '
629 923 822 964 causas
850 912 1043 967 divinis
1063 909 1638 983 praedestimttionibus
1664 924 1837 978 ascri-

251 994 388 1048 bunt
436 994 478 1059 ³,
520 1011 625 1050 non
667 999 906 1055 valentes
943 1015 1232 1060 occaecato
1271 1016 1326 1061 et
1358 1009 1627 1079 insipienti
1677 1014 1838 1070 corde

250 1085 450 1140 intueri
478 1103 742 1143 summam
767 1091 1060 1149 bonitatem
1092 1105 1145 1151 et
1174 1097 1647 1170 pulchritudinem,
1671 1115 1745 1172 el,
1779 1115 1839 1162 ut

249 1179 561 1246 expressius
591 1180 766 1235 dicam
792 1223 805 1246 ,
834 1185 994 1239 totius
1024 1187 1278 1243 booitatis
1325 1199 1379 1244 et
1425 1193 1838 1260 pulchritudinis

247 1275 302 1319 et
323 1267 622 1324 honestatis
643 1271 1020 1330 inexhaustum
1042 1285 1097 1330 et
1121 1294 1225 1332 non
1247 1279 1585 1337 deﬁcientem
1609 1283 1834 1351 fontem,

248 1359 392 1414 sient
424 1362 619 1416 nullius
649 1363 772 1418 mali
803 1366 884 1419 vel
921 1368 1178 1434 malitiae,
1218 1372 1290 1425 ita
1323 1373 1516 1428 nullius
1547 1377 1835 1446 turpitudi-

247 1451 333 1502 nis
386 1451 466 1504 vel
509 1454 720 1522 turpis,
777 1456 974 1510 nullius
1022 1460 1290 1515 inhonesti
1339 1464 1422 1516 vel
1477 1464 1838 1522 inhonestatis

249 1549 443 1594 auctor
493 1551 574 1596 est
626 1543 710 1598 vel
763 1547 1214 1614 praedestinator.
1269 1550 1410 1608 llaec
1461 1555 1604 1608 enim
1655 1557 1836 1610 omnia

249 1635 699 1690 irrationabilium
731 1641 1084 1708 cupiditatum
1112 1643 1324 1698 inventa
1354 1654 1496 1700 sunt.
1537 1646 1672 1700 Nam
1701 1649 1744 1702 si
1769 1663 1835 1701 cx

247 1726 432 1780 divina
470 1729 959 1796 praedestinatione
1009 1733 1373 1802 proﬂuerent,
1422 1739 1729 1792 necessario
1783 1739 1835 1792 in
1867 1732 1912 1790 Β

248 1824 446 1869 natura
480 1831 657 1871 rerum
705 1834 918 1888 semper
959 1833 1357 1890 permanerent.
1395 1824 1568 1880 Omne
1616 1827 1834 1896 quippe,

247 1908 394 1976 quod
444 1908 623 1963 divina
670 1913 1159 1979 praedestinatione
1205 1925 1288 1970 est
1330 1918 1668 1986 dispositum,
1719 1919 1840 1988 quis

245 1996 511 2051 dubitarit
551 2013 764 2069 semper
811 2016 932 2057 esse
973 2007 1333 2058 mansurum?
1381 2005 1524 2062 Haec
1566 2016 1745 2062 autem
1786 2009 1838 2062 in

247 2097 534 2144 aeternum
565 2094 836 2160 peribunt,
862 2103 918 2148 et
942 2095 1323 2152 universaliter
1347 2099 1413 2153 de
1439 2109 1630 2154 natura
1656 2115 1838 2154 rerum

245 2178 627 2234 abolebuntur.
701 2180 818 2236 Non
886 2184 1048 2254 igitur
1112 2200 1179 2239 ex
1243 2188 1602 2244 aeternalibus
1662 2191 1841 2245 causis

246 2274 465 2329 divinae
526 2278 1034 2345 praedestinatiouis
1100 2281 1340 2350 profecta
1413 2293 1558 2339 sunt.
1641 2285 1840 2340 Eadem

244 2363 582 2432 blasphemia
629 2378 714 2420 est
755 2368 821 2422 de
873 2369 1052 2424 divina
1110 2373 1398 2440 aequitate.
1435 2373 1628 2428 Dicunt
1672 2377 1839 2442 enim,

245 2453 419 2509 Deum
480 2455 854 2525 inaequalem,
911 2469 1115 2516 utnon
1168 2463 1343 2518 dicam
1401 2464 1656 2534 injustum
1700 2480 1839 2533 esse,

243 2547 527 2612 quoniam,
560 2557 617 2602 ut
649 2549 819 2614 aiunt,
852 2566 956 2606 non
1003 2553 1301 2622 aequaliter
1332 2556 1584 2611 omnibus
1629 2556 1652 2589 δ
1701 2558 1839 2614 bona

244 2656 344 2696 sua
372 2641 666 2709 distribuit,
698 2646 958 2714 quosdam
978 2647 1244 2712 exaltans.
1271 2652 1529 2720 quosdam
1554 2667 1840 2722 spernens,

244 2731 388 2786 alios
417 2747 680 2802 pauperes
731 2737 1056 2806 relinquens,
1107 2739 1241 2794 alios
1281 2752 1460 2796 autem
1498 2744 1690 2800 divites
1729 2762 1844 2799 ma-

243 2821 542 2890 gnificans,
586 2824 722 2880 alios
765 2829 1027 2884 stultitiae
1077 2830 1306 2902 caligine
1345 2848 1639 2889 occaecans
1664 2875 1678 2899 ,
1711 2835 1844 2890 alios

243 2912 550 2980 sapientiae
597 2914 797 2970 lumine
851 2918 1164 2985 illustrans,
1227 2921 1488 2991 quosdam
1550 2925 1839 2992 dominos,

244 3005 513 3072 quosdam
555 3022 741 3061 servos
788 3007 1014 3075 faciens,
1054 3020 1111 3066 et
1161 3021 1364 3078 cetera,
1412 3015 1697 3086 inquibus
1744 3018 1843 3072 hu-

1937 477 2109 532 donec
2156 480 2209 533 in
2263 484 2656 539 restauratione
2702 485 2985 541 universae
3035 496 3315 543 creaturae
3363 489 3404 522 “
3463 490 3516 545 in

1940 568 2279 623 manifestum
2306 574 2626 641 procedant,
2667 576 2882 644 quando
2927 578 3126 634 veritas
3171 579 3223 633 in
3267 581 3519 635 omnibus

1937 662 2230 729 apparebit,
2254 665 2631 736 praefataeqne
2658 670 2920 724 vanitates
2939 680 2992 723 et
3014 671 3178 727 falsae
3207 673 3514 728 mortalium

1937 752 2004 806 de
2061 753 2315 810 Creatore
2371 766 2420 811 et
2479 769 2724 814 creatura
2799 763 3150 832 cogitationes
3221 764 3516 832 peribunt,

1937 847 2152 913 quando
2179 847 2318 902 Deus
2359 851 2532 903 omnia
2571 853 2623 904 in
2652 854 2887 907 omnibus
2915 856 3034 918 erit,
3062 855 3372 926 nullumque
3402 872 3520 911 ma-

1937 933 2044 987 lum
2075 937 2153 989 vel
2183 946 2336 1005 turpe
2369 938 2447 993 vel
2477 941 2815 996 inhonestmn
2845 943 2924 997 vel
2954 943 3207 1011 iujnsturn
3243 946 3294 999 in
3325 947 3515 1000 ordine

1936 1031 1991 1076 et
2016 1024 2408 1093 pulchritudine
2439 1045 2615 1084 rerum
2645 1033 2882 1086 omnium
2908 1033 3228 1099 invenietur,
3260 1044 3314 1090 et
3337 1048 3514 1100 omne,

1936 1118 2076 1187 quod
2102 1120 2409 1176 vanissimis
2430 1124 2736 1180 mortalium
2766 1127 3107 1194 opinionibus
3147 1128 3514 1182 machinatum

1937 1215 2043 1274 est,
2068 1212 2441 1278 evacuabitur,
2473 1213 2696 1284 ideoque
2738 1217 2953 1285 penitus
2995 1218 3354 1283 interintetur,
3387 1234 3520 1288 quo-

1937 1300 2081 1354 niam
2121 1301 2256 1356 nihil
2287 1311 2390 1358 cst.
2439 1303 2484 1359 Ο
2535 1316 2794 1375 quantum
2842 1307 2984 1363 beati
3026 1320 3172 1373 sunt,
3217 1311 3308 1380 qui
3357 1311 3518 1365 simul

1935 1390 2137 1454 omnia,
2168 1407 2306 1460 quae
2327 1402 2448 1461 post
2474 1394 2640 1449 Deum
2689 1405 2833 1462 sunt,
2873 1400 3066 1453 mentis
3114 1399 3389 1454 obtutibus
3434 1399 3517 1453 vi-

1937 1479 2087 1545 dent,
2131 1490 2186 1536 et
2240 1482 2404 1538 visuri
2461 1487 2624 1540 sunt!
2673 1487 2912 1552 Quorum
2953 1488 3214 1558 judicium
3269 1489 3322 1544 in
3375 1490 3519 1545 nullo

1936 1571 2156 1638 fallitur,
2186 1577 2442 1644 quoniam
2475 1578 2527 1632 in
2566 1580 2795 1634 veritate
2833 1582 3010 1635 omnia
3050 1581 3515 1651 contemplantur;

1940 1667 2134 1732 quibus
2173 1668 2224 1721 in
2264 1669 2618 1726 universitate
2646 1683 2964 1727 naturarum
3008 1674 3143 1728 nihil
3190 1672 3411 1729 oﬂ‘endit
3436 1673 3522 1729 vel

1943 1755 2198 1812 infestum
2227 1768 2329 1814 est.
2373 1760 2488 1814 Non
2533 1763 2675 1816 enim
2708 1765 2774 1818 de
2809 1776 2962 1833 parte
2999 1764 3266 1832 judicant,
3317 1767 3410 1820 sed
3455 1766 3522 1822 de

1943 1854 2072 1911 toto,
2099 1849 2352 1918 quoniam
2385 1866 2558 1920 neque
2584 1852 2720 1906 intra
2752 1863 2936 1922 partes
2967 1856 3151 1919 totius,
3176 1870 3351 1926 neque
3379 1855 3521 1912 intra

1942 1935 2114 2004 ipsum
2166 1946 2335 1993 totum
2389 1941 2915 2010 comprehenduntur
2944 1985 2958 2008 ,
2998 1943 3091 1998 sed
3139 1959 3301 2015 supra
3349 1953 3521 1999 totum

1941 2029 2166 2100 ejusque
2224 2042 2405 2103 partes
2469 2035 2752 2090 altitudine
2809 2037 3280 2108 contemplationis
3333 2051 3522 2092 ascen-

1943 2120 2096 2175 dunt.
2155 2121 2290 2176 Nam
2330 2124 2375 2178 si
2414 2125 2468 2178 in
2506 2141 2732 2181 numero
2785 2109 3230 2196 partium'totius
3259 2167 3276 2194 ,
3324 2142 3419 2182 seu
3466 2127 3521 2181 in

1944 2213 2060 2283 ipso
2086 2222 2195 2268 toto
2217 2215 2681 2282 concluderentur,
2709 2217 2948 2287 profecto
2971 2235 3148 2288 neque
3167 2221 3231 2274 de
3255 2219 3521 2289 partibus,

1943 2311 2118 2374 neque
2155 2305 2222 2359 de
2278 2315 2389 2360 toto
2443 2316 2588 2362 recte
2624 2318 2845 2378 possent
2885 2308 3150 2378 judicare,
3195 2310 3420 2381 ideoque
3447 2309 3518 2373 ei,

1944 2393 2034 2463 qui
2065 2395 2131 2449 de
2155 2396 2398 2466 partibus
2424 2413 2488 2454 ac
2513 2399 2578 2455 de
2607 2408 2717 2453 toto
2749 2399 3133 2468 rcctejudicat,
3163 2415 3384 2455 necesse
3413 2409 3519 2464 est,

1943 2486 2093 2554 prius
2138 2501 2328 2542 omnes
2371 2499 2555 2559 partes
2613 2505 2886 2560 omneque.
2933 2499 3100 2544 totum
3155 2489 3522 2546 univcrsitatis

1945 2577 2189 2635 conditae
2225 2580 2420 2635 mentis
2451 2582 2636 2651 vigore
2669 2591 2723 2636 ct
2748 2583 2791 2613 ¹²
2815 2582 3046 2652 puritate
3075 2595 3352 2651 superare,
3382 2579 3523 2634 sicut

1946 2667 2022 2722 ait
2057 2667 2344 2737 Apostolus
2377 2687 2389 2723 :
2427 2669 2730 2740 Spiritualis
2758 2670 3136 2741 Iromojudicat
3175 2669 3380 2735 omnia,
3413 2668 3522 2737 ἔρσα

1945 2768 2114 2812 autent
2166 2777 2197 2812 a
2245 2761 2446 2814 neruine
2479 2760 2776 2830 judicatur.
2834 2759 2940 2816 Sed
2983 2775 3240 2829 quorsum
3281 2759 3522 2814 ascendit

1946 2847 2242 2918 spiritualis
2277 2847 2364 2902 ille
2405 2849 2564 2902 homo
2582 2890 2596 2914 ,
2626 2850 2715 2918 qui
2743 2849 2807 2904 de
2833 2849 3083 2904 omnibus
3110 2847 3349 2917 judicat.
3376 2855 3432 2903 et
3457 2847 3522 2903 de

1947 2917 2054 3010 quo
2080 2955 2238 2994 nemo
2263 2938 2506 3005 judicare
2541 2917 2744 3010 potest,
2773 2941 2876 2995 nisi
2920 2943 3032 3012 ipse
3061 2942 3239 3006 solus,
3271 2941 3362 3011 qui
3398 2939 3524 2994 fecit

1949 3031 2160 3085 omnia?
2201 3030 2449 3100 Nunquid
2485 3031 2536 3084 in
2565 3047 2720 3094 eum,
2752 3032 2841 3100 qui
2872 3033 3054 3086 omnia
3082 3043 3299 3099 superat
3324 3039 3378 3086 et
3404 3046 3521 3084 am-

245 3111 447 3150 manae
473 3085 797 3155 conditionis
825 3103 1035 3158 diversa
1063 3114 1119 3159 et
1150 3105 1355 3161 infinita
1386 3108 1619 3162 varietas
1650 3110 1702 3163 in
1733 3111 1834 3165 hac
1862 3100 1908 3162 C
1943 3121 2042 3186 bii,
2073 3129 2127 3176 ει
2165 3121 2215 3174 in
2247 3085 2356 3190 qm;
2392 3120 2551 3174 sum?
2593 3121 2650 3174 ιη
2693 3121 2863 3190 ipsum
2899 3122 3080 3191 itaque
3125 3122 3294 3176 Deum
3333 3133 3524 3175 ascen-

245 3188 427 3241 adhuc
452 3189 663 3243 mortali
685 3192 793 3244 vita
817 3196 1157 3268 perspicitur,
1182 3213 1284 3252 non
1313 3197 1582 3255 intuentes
1601 3202 1836 3270 primum

245 3280 494 3348 quidem,
527 3284 840 3351 temporalia
869 3295 924 3339 et
970 3288 1276 3342 transitoria
1310 3290 1468 3359 hujus
1511 3293 1654 3346 vitae
1697 3292 1836 3347 bona

245 3385 379 3424 vere
405 3372 544 3425 bona
592 3389 694 3427 non
737 3390 874 3441 esse,
907 3381 1156 3455 quoniam
1208 3397 1312 3436 non
1356 3395 1578 3453 possunt
1627 3401 1840 3456 semper

246 3477 493 3528 manere,
528 3474 578 3517 et
613 3467 731 3534 plus
753 3480 1020 3526 amatores
1063 3487 1193 3528 suos
1237 3476 1511 3545 decipiunt
1557 3495 1717 3548 quam
1759 3481 1839 3536 eis

244 3565 476 3623 prosunt
502 3594 516 3616 ,
555 3558 776 3614 umbrae
800 3563 993 3632 quippe
1023 3565 1208 3621 inanes
1250 3578 1396 3633 sunt,
1431 3569 1656 3640 ideoque
1687 3573 1854 3628 bonis.

244 3654 298 3698 et
333 3645 496 3700 malis
537 3649 950 3717 distrtlmnntur,
989 3656 1240 3723 quoniam
1285 3660 1352 3712 ab
1398 3659 1647 3714 omnibus
1685 3665 1836 3716 auf‘e-

249 3748 446 3790 rentur
475 3738 516 3802 ⁸,
547 3749 721 3794 tamen
770 3741 793 3773 °
845 3744 1144 3800 inordinate
1199 3757 1250 3801 et
1307 3749 1586 3804 inconfuse
1615 3753 1636 3783 "
1665 3753 1837 3806 omni-

247 3824 354 3881 bus
382 3829 600 3882 dantur.
643 3830 755 3884 Non
783 3834 924 3886 enim
953 3835 1286 3892 solummodo
1312 3849 1530 3894 aeterna
1555 3853 1836 3912 perpetuo-

245 3933 354 3987 que
385 3934 757 3988 permansura,
789 3939 973 3977 verum
1003 3927 1162 3980 etiam
1196 3930 1507 3996 temporalia
1545 3941 1599 3984 et
1639 3935 1840 3987 caduca

245 4011 418 4065 certis
471 4012 896 4070 ordinationibus
933 4016 1044 4070 suis
1098 4018 1500 4086 dispensantur,
1544 4023 1597 4077 in
1647 4024 1841 4092 quibus

245 4104 596 4173 pulchritudo
623 4116 674 4179 ct
701 4117 1041 4162 aeternorum
1073 4119 1126 4163 et
1159 4113 1530 4181 temporalium
1568 4116 1843 4170 constitui-

247 4203 362 4248 tur.
407 4195 607 4250 Deinde
640 4213 745 4250 non
770 4199 791 4230 ⁸
824 4201 1195 4265 considerant,
1233 4203 1500 4271 quomodo
1543 4204 1564 4235 ⁹
1604 4206 1841 4276 justissi-

243 4299 374 4338 nius
430 4285 672 4340 omnium
719 4289 992 4354 conditor,
1041 4292 1476 4360 sapientissimus
1537 4297 1839 4364 ortlinator,

247 4379 547 4446 unicuique
586 4382 880 4435 secundum
924 4385 1294 4451 providentiae
1318 4402 1446 4441 suae
1472 4387 1616 4457 leges
1644 4391 1842 4459 imper-

1939 3213 2036 3278 dit,
2062 3213 2151 3282 qui
2183 3213 2586 3268 universitatem
2609 3223 2890 3268 creaturae
2917 3213 3073 3268 simul
3103 3211 3516 3281 contemplatur,

1940 3318 1994 3360 et
2019 3307 2307 3371 discernit,
2334 3315 2389 3361 et
2417 3305 2701 3375 dijudicat;
2737 3323 2910 3377 neque
2952 3305 3067 3374 ejus
3093 3303 3355 3373 judicium
3383 3304 3522 3357 falli-

1941 3405 2048 3463 tur,
2078 3398 2328 3466 quouiam
2370 3397 2423 3450 in
2471 3397 2584 3466 ipsa
2624 3397 2882 3461 veritate,
2931 3411 3068 3465 quae
3101 3411 3200 3452 nec
3246 3395 3380 3450 fallit
3424 3410 3522 3449 nec

1941 3488 2141 3542 fallitur
2168 3488 2246 3553 ¹⁸,
2279 3488 2401 3557 quia
2430 3496 2538 3550 est,
2572 3488 2714 3555 quod
2765 3488 2879 3557 ipsa
2916 3485 2960 3519 “*
2981 3495 3094 3551 est,
3137 3486 3314 3540 omnia
3355 3485 3523 3540 videt.

1947 3581 2152 3635 Virtute
2201 3581 2462 3649 siquidem
2522 3580 2746 3634 intimae
2800 3579 3182 3648 speculationis
3228 3575 3523 3648 spiritualis

1940 3674 2102 3728 homo
2151 3674 2205 3728 in
2252 3688 2445 3728 causas
2480 3686 2684 3734 rerum,
2724 3671 2790 3725 de
2831 3672 3026 3740 quibus
3064 3671 3294 3741 judicat,
3333 3670 3518 3724 intrat.

1942 3763 2058 3817 Non
2087 3763 2228 3816 enim
2255 3761 2410 3830 juxta
2439 3763 2736 3816 exteriores
2756 3762 3088 3816 sensibilium
3109 3775 3287 3815 rerum
3315 3760 3522 3828 species

1943 3854 2200 3908 discernit
2227 3853 2439 3915 omnia,
2482 3867 2666 3904 verum
2699 3851 2852 3919 juxta
2891 3851 3182 3903 interiores
3215 3863 3398 3903 carum
3439 3864 3525 3900 ra-

1944 3945 2148 4008 tiones,
2179 3952 2233 3997 et
2260 3939 2724 3996 iucommutabiles
2747 3939 3079 4002 occasiones,
3103 3936 3523 4006 principaliaun

1943 4031 2206 4100 exetnpla,
2233 4031 2284 4084 in
2315 4030 2508 4097 quibus
2536 4027 2714 4082 omnia
2743 4025 2899 4081 simul
2930 4034 3072 4088 sunt,
3103 4033 3158 4080 et
3185 4041 3351 4079 unum
3372 4034 3516 4080 sunt.

1942 4121 2018 4176 lbi
2059 4137 2186 4192 ergo
2217 4118 2508 4188 spiritualis
2531 4117 2919 4184 homojudicat
2950 4117 3129 4171 omnia
3154 4157 3169 4183 ,
3211 4117 3302 4171 ubi
3340 4117 3520 4171 omnia

1943 4229 2108 4268 unum
2149 4221 2292 4276 sunt,
2322 4220 2531 4265 etvere
2563 4218 2616 4263 et
2657 4210 3067 4264 immutabiliter
3090 4209 3278 4264 vivunt
3308 4218 3361 4264 et
3395 4208 3520 4264 sub-

1945 4303 2158 4365 sistunt,
2185 4308 2239 4354 et
2266 4315 2372 4370 quo
2395 4299 2599 4364 omnia,
2623 4313 2760 4367 quae
2790 4315 2856 4352 ex
2880 4299 2923 4330 ¹⁸
2945 4297 3380 4368 primordialibus
3409 4299 3520 4354 suis

1946 4394 2122 4462 causis
2160 4391 2394 4463 profecta
2415 4401 2558 4456 sunt,
2586 4406 2866 4447 reversura
2889 4401 3032 4456 sunt,
3057 4402 3110 4446 et
3132 4409 3358 4462 quorum
3387 4393 3522 4447 nihil

245 4473 383 4524 titur
409 4472 748 4540 largissimae
769 4491 898 4529 suae
921 4476 1174 4531 bonitatis
1199 4480 1441 4536 dationes
1462 4480 1575 4535 et”
1599 4483 1843 4536 doxratio-
1872 4460 1920 4518 Ῑ)
1946 4460 2100 4538 extra
2128 4460 2458 4554 relinquetur
2489 4483 2872 4552 temporalibus
2911 4483 3355 4538 mutabilitatibus
3393 4483 3521 4548 sub-

248 4576 367 4620 nes.
401 4569 458 4613 et
488 4562 540 4614 in
572 4563 716 4616 turllo
741 4563 976 4630 fallitur;
1009 4567 1318 4623 mortalium
1367 4586 1496 4624 vero
1544 4570 1676 4625 falsa
1720 4579 1848 4626 sunt
1939 4577 2161 4645 jcctum,
2193 4590 2286 4628 seu
2320 4573 2579 4628 localibus
2609 4574 3199 4644 circumscriptionibus
3231 4575 3516 4641 inclusum,

240 4649 450 4718 judicia
502 4650 569 4706 de
615 4653 792 4707 divina
842 4655 1178 4723 providentia
1226 4667 1280 4713 et
1335 4662 1842 4727 administratione,

247 4742 403 4803 dum,
436 4743 564 4809 quid
595 4744 646 4796 in
683 4745 785 4816 hac
819 4747 1090 4816 republica
1133 4751 1506 4807 univcrsitatis
1553 4755 1842 4808 visibilium

246 4841 304 4887 et
333 4821 689 4888 invisibilinm'
715 4847 922 4907 agatur,
963 4841 1228 4894 nesciunt.
1269 4842 1494 4913 Insuper
1521 4845 1686 4900 etiam
1716 4846 1846 4900 iusi-

245 4925 625 4992 pientissitnos
650 4943 834 4983 eorum
862 4930 1071 4985 animos
1105 4930 1260 5001 fugit,
1306 4936 1445 5002 quod
1478 4935 1838 5004 aequissimus

247 5015 523 5070 bonorum
548 5021 786 5073 omnium
819 5021 1044 5092 largitor
1078 5025 1342 5078 naturalia
1377 5025 1513 5080 bona
1545 5027 1842 5096 aequaliter

250 5107 800 5176 omnibuspartitur;
833 5113 1100 5168 naturalia
1133 5115 1274 5169 enim
1297 5115 1434 5170 bona
1458 5116 1644 5170 eodem
1682 5117 1841 5172 modo

250 5205 310 5251 ct
337 5197 496 5251 bonis
522 5207 577 5251 et
605 5199 758 5254 malis
782 5203 1108 5268 tribuuntur,
1137 5220 1274 5274 quae
1305 5207 1357 5258 in
1389 5206 1472 5260 his
1499 5206 1839 5261 sensibilibus

252 5288 695 5360 transitoriisque
720 5296 881 5348 rebus
923 5293 1066 5350 nullo
1091 5296 1252 5351 modo
1289 5306 1512 5365 possunt
1551 5312 1825 5370 apparere.

1943 4668 2158 4739 quando
2187 4665 2508 4720 universitas
2534 4664 2578 4697 ⁸⁸
2612 4675 2837 4719 naturae
2864 4679 3024 4734 super
3045 4667 3224 4719 omnia
3253 4665 3439 4719 localia
3465 4673 3522 4719 et

1946 4755 2257 4826 temporalia
2294 4757 2464 4824 spatia
2507 4757 2560 4810 in
2594 4772 2786 4811 causas
2829 4771 2988 4820 suas,
3019 4757 3072 4810 in
3103 4757 3297 4826 quibus
3334 4759 3516 4812 omnia

1945 4863 2106 4899 unum
2136 4853 2293 4910 sunt,
2328 4844 2478 4898 linito
2519 4844 2757 4898 sensibili
2797 4844 3002 4898 mundo
3027 4853 3344 4899 revertetur.
3382 4844 3516 4900 Nam

1943 4938 2142 5006 etipsa
2171 4935 2287 4990 loca
2318 4943 2373 4990 et
2411 4944 2650 5004 tempora
2689 4950 2808 4989 cum
2853 4937 3132 4999 omnibus,
3176 4953 3314 5008 quae
3355 4938 3405 4992 in
3439 4939 3518 4992 eis

1945 5027 2119 5081 adhuc
2148 5026 2202 5080 in
2229 5027 2330 5080 hac
2350 5025 2459 5078 vita
2487 5025 2807 5079 ordinantur
2831 5037 2881 5079 et
2906 5036 3188 5081 moventur
3211 5036 3263 5082 et
3289 5027 3520 5080 circum-
3579 5077 3583 5082 ,

1947 5119 2284 5179 scribuntur,
2317 5115 2368 5167 in
2399 5129 2526 5168 suas
2552 5124 2802 5169 aeternas
2831 5116 3068 5171 rationes
3094 5117 3268 5171 redire
3297 5129 3520 5170 necesse

1946 5217 2059 5272 est,
2086 5222 2220 5276 quas
2252 5204 2488 5259 rationes
2520 5217 2760 5274 tempora
2791 5215 3008 5260 aeterna
3031 5208 3206 5261 divina
3236 5212 3393 5260 vocat
3430 5205 3515 5260 hi-

1953 5299 2136 5354 storia.
2177 5295 2453 5364 Quomodo
2482 5295 2625 5350 enim
2656 5301 3007 5353 remanebunt
3045 5307 3280 5365 tempora
3315 5295 3522 5350 secula:

1589 5439 1844 5495 VARIAE
1882 5439 2278 5496 LECTIONES.

531 5591 544 5606 .
621 5555 642 5585 '
672 5558 717 5608 A
750 5558 1114 5614 immutabiles.

251 5616 414 5693 1539
451 5621 576 5693 QE;
615 5623 660 5678 Α
711 5628 940 5693 confuse.
1046 5630 1067 5660 ⁸
1117 5647 1220 5684 non
1267 5647 1375 5686 om.
1430 5635 1494 5686 A.

1193 5561 1212 5593 ³
1247 5561 1292 5615 Α
1321 5563 1582 5616 ascribunt
1651 5561 1673 5594 δ
1703 5563 1938 5630 omnibus
1967 5578 2076 5617 om.
2118 5563 2176 5619 Α.

1585 5635 1616 5702 ⁹ν
1646 5633 1685 5686 Α
1728 5635 1994 5702 quoniam.

253 5686 302 5718 “
330 5688 424 5743 δίε
449 5686 568 5758 CF;
599 5693 641 5747 Α
673 5711 762 5749 nec
792 5686 1001 5765 fallitur
1031 5717 1121 5754 nec
1146 5700 1304 5769 fallit.
1383 5702 1424 5734 "’
1466 5703 1558 5758 Sic
1590 5701 1672 5758 CF
1699 5721 1712 5768 ;
1739 5686 1788 5757 ’Δ
1823 5705 1946 5773 ipse.

3057 5565 3077 5596 ⁸
3117 5567 3288 5611 tamen
3318 5572 3426 5611 om.
3450 5559 3498 5614 Α

2251 5563 2274 5598 ⁸
2313 5561 2404 5618 Sic
2436 5561 2553 5627 CF;
2580 5564 2623 5616 A
2649 5562 2978 5630 auferuntur.
3057 5565 3077 5596 ⁸
3117 5567 3288 5611 tamen
3318 5572 3426 5611 om.
3450 5561 3494 5614 Α

2251 5633 2389 5684 ἱοηεε
2425 5642 2472 5684 ct
2506 5648 2615 5684 om.
2655 5631 2719 5684 A.
2806 5631 2846 5661 “
2886 5630 2931 5682 Λ
2965 5637 3204 5682 naturae.
3285 5629 3326 5659 ¹²
3358 5627 3409 5684 Α
3433 5641 3494 5683 σε

2072 5632 2115 5664 ¹⁰
2155 5633 2389 5687 daliones
2425 5642 2472 5686 ct
2506 5648 2615 5686 om.
2655 5631 2719 5684 A.
2806 5631 2846 5661 “
2886 5630 2931 5682 Α
2965 5637 3204 5682 naturae.

2038 5705 2076 5736 "
2099 5721 2161 5757 ex
2189 5718 2296 5756 om.
2330 5703 2394 5757 A.
2495 5703 2540 5733 ¹⁶
2569 5702 2657 5756 Sic
2686 5699 2805 5767 CF;
2836 5699 2878 5752 Α
2917 5700 3262 5754 universitati.
