3952 6162
339 214 436 272 9η

1703 218 1981 277 JOANNIS
2020 221 2215 279 SCOT!

3471 241 3576 295 973

339 308 684 402 ria,.quando
711 331 845 386 nihil
872 334 975 388 erit
998 322 1324 404 temporale?
1349 330 1626 401 Quomodo
1655 335 1793 400 loca,
1819 337 1907 391 ubi
1938 337 1986 396 Α
2015 338 2098 392 nis
2143 354 2237 393 seu
2286 340 2645 399 inhonestatis
2691 345 3072 415 pulchritudini
3101 349 3235 405 lucis
3265 351 3576 408 inferentes.

343 418 475 475 nihil
500 420 708 477 locale?
738 421 805 477 Et
840 423 972 479 haec
1000 432 1082 478 est
1120 424 1259 479 ratio
1280 465 1295 489 ,
1326 442 1466 497 quae
1501 425 1703 481 nullum
1735 426 1910 483 locum

343 509 650 566 sensibilem
687 519 743 566 et
785 512 1114 582 corporalem
1163 514 1217 569 in
1254 524 1444 571 natura
1488 533 1668 572 rerum
1704 516 1917 573 inferno

286 676 287 679 η
341 600 626 668 permittit,
671 615 941 671 venasque
988 604 1269 674 opiniones
1306 620 1493 661 eorum
1533 608 1783 675 destruit,
1820 609 1911 680 qui

298 728 303 739 .
345 690 614 747 infernum
649 693 736 748 vel
776 696 874 751 sub
910 697 1092 763 terris,
1137 698 1226 754 vel
1263 708 1531 756 terrarum
1580 702 1634 757 in
1683 704 1912 774 gremio,

345 787 427 842 vel
460 784 656 841 alicubi
682 787 827 842 circa
853 796 1051 842 terram
1089 789 1107 819 ¹
1137 789 1414 847 fallacibus
1437 793 1550 848 suis
1578 793 1915 862 cogitationi-

343 877 445 934 bus
488 888 785 943 autnmant,
836 880 1161 949 ignarantes,
1202 881 1341 948 quod
1371 881 1483 950 ipsa
1535 889 1697 944 terra,
1726 884 1914 936 subtus

345 974 522 1040 quam.
557 973 638 1025 vel
672 974 812 1025 intra
836 988 994 1041 quam
1022 970 1290 1027 infernum
1322 975 1672 1035 constituunt,
1703 976 1916 1042 penitus

348 1068 408 1114 sit
442 1064 699 1131 peritura.
746 1062 801 1116 Si
836 1075 1012 1115 autem
1053 1071 1192 1117 terra
1236 1064 1464 1133 peribit,
1507 1064 1745 1132 profecto
1783 1065 1915 1118 nihil

348 1163 444 1209 snt.
474 1158 581 1223 ipsa
620 1162 674 1207 et
711 1155 760 1206 in
810 1153 957 1222 ipsa,
990 1154 1131 1221 quod
1172 1153 1367 1206 inferni
1401 1153 1657 1206 vocabulo
1696 1154 1914 1225 (lignum

346 1251 436 1305 sit,
473 1248 819 1313 relinquetur,
849 1261 909 1297 at:
938 1259 1032 1312 per
1069 1244 1168 1298 hoc
1199 1243 1373 1296 nullus
1408 1242 1556 1297 locus
1586 1244 1721 1298 intra
1749 1246 1918 1298 sensi-

347 1341 377 1391 ιι
403 1341 500 1391 lem
524 1338 962 1407 corpumlrtnquc
984 1346 1286 1389 creaturam
1312 1334 1524 1389 inferno
1544 1335 1718 1399 datur,
1743 1350 1917 1405 neque

345 1439 567 1483 aeterno
595 1429 723 1497 igni.
750 1427 802 1480 in
826 1443 931 1496 quo
961 1427 1105 1495 impii
1135 1427 1417 1491 ardebunt,
1445 1442 1618 1496 neque
1646 1427 1918 1482 vermibus

344 1534 614 1587 nunquam
644 1516 938 1571 morituris.
969 1514 1113 1570 Haec
1140 1517 1282 1569 enim
1313 1519 1492 1570 omnia
1526 1524 1915 1587 tormentorum

343 1611 560 1663 nomina
589 1608 814 1679 figurate
856 1608 907 1661 in
938 1621 1088 1661 sacra
1118 1605 1394 1677 Scriptura
1424 1607 1596 1676 posita
1627 1615 1769 1671 sunt,
1795 1622 1918 1661 san-

344 1712 431 1757 cto
452 1675 735 1755 Ambrosio
760 1706 1066 1763 attestante,
1106 1675 1735 1769 graecisqueivocabulis,
1757 1712 1914 1767 quae,
1948 1675 1990 1733 Β

343 1799 404 1846 ut
432 1792 816 1861 praediximus,
847 1792 1157 1860 expressius
1202 1791 1515 1857 informant,
1543 1791 1670 1862 quid
1692 1793 1713 1824 ¹
1738 1790 1916 1847 divina

345 1882 625 1956 Scriptura
662 1883 857 1939 inferni
886 1884 1103 1938 nomine
1143 1883 1397 1939 insinuat.
1424 1883 1578 1946 Ἀδης
1614 1884 1810 1954 quippe
1838 1883 1920 1938 di-

345 1977 505 2041 citur,
534 1978 637 2032 hoc
665 1984 779 2040 est,
808 1985 867 2030 ut
895 1975 1054 2045 paulo
1081 1975 1330 2044 superius
1363 1976 1688 2043 expositum,
1716 1974 1921 2045 absque

345 2065 572 2128 deliciis,
601 2063 685 2119 vel
713 2065 915 2133 absque
940 2063 1324 2132 voluptatibus,
1348 2065 1431 2118 vel
1450 2063 1761 2117 insuavitas.
1786 2063 1917 2117 Item

342 2155 479 2217 λύπη
512 2162 754 2221 vocatur,
802 2153 953 2225 cujus
1003 2156 1376 2226 interpretatio
1425 2166 1509 2212 est
1547 2156 1797 2220 tristitia,
1836 2154 1921 2210 vel

343 2261 580 2308 mceror,
604 2246 689 2301 vel
710 2246 901 2301 luctus.
934 2243 1098 2319 ’Δχος
1119 2262 1333 2318 quoque
1357 2246 1493 2303 solet
1520 2246 1796 2316 appellari,
1818 2248 1921 2303 hoc

346 2345 431 2393 est
468 2337 856 2407 desperationis
895 2341 1159 2408 gravitas,
1210 2354 1351 2409 quae
1388 2339 1664 2395 demersas
1700 2354 1922 2409 oppres-

345 2443 539 2497 sasque
584 2429 755 2484 malas
796 2429 1149 2499 cupiditates,
1185 2437 1426 2501 egestate
1477 2430 1499 2462 ³
1547 2429 1920 2499 temporalium

276 2583 282 2588 ε
345 2535 553 2584 rerum,
585 2536 718 2589 quas
755 2520 809 2574 in
853 2520 956 2574 hac
988 2520 1097 2575 vita
1146 2519 1568 2589 intemperanter
1601 2520 1925 2590 concupive-

347 2621 497 2677 rant,
525 2610 747 2667 aﬂlictas
768 2612 931 2665 ve.uti
965 2611 1016 2665 in
1039 2610 1511 2680 profundissimam
1538 2612 1806 2681 quandam
1828 2625 1924 2666 vo-

347 2705 623 2772 raginem,
662 2704 823 2772 inque
859 2718 1119 2757 vanarum
1150 2703 1555 2773 pbantasiarum
1586 2717 1766 2756 rerum
1802 2717 1923 2756 sen-

349 2793 586 2847 sibilium
643 2793 931 2862 caligines,
984 2792 1037 2846 in
1089 2793 1283 2861 quibus
1328 2794 1665 2857 cruciantur,
1707 2792 1920 2858 obruit,

350 2881 668 2949 divinaeque
693 2883 993 2937 Sententiae
1020 2881 1444 2936 incommutabili
1471 2881 1611 2937 mole
1635 2891 1921 2953 perpetua-

348 2972 474 3029 liter
516 2972 749 3028 ealcatas
794 2982 849 3028 et
892 2974 1314 3030 irrevocabiliter
1360 2983 1714 3044 contemptas.
1775 2974 1924 3042 Quae

349 3076 577 3123 cunctae
613 3066 1031 3138 significationes
1067 3067 1206 3136 apud
1234 3065 1468 3122 Graecos
1496 3064 1765 3131 infernum
1800 3081 1922 3121 cum

350 3158 598 3212 omnibus
626 3158 738 3213 suis
765 3158 1041 3228 suppliciis
1067 3172 1170 3211 non
1203 3171 1324 3212 esse
1348 3156 1570 3213 localem
1603 3156 1686 3211 vel
1717 3165 1923 3226 tempo-

351 3250 520 3304 ralem
557 3250 645 3304 vel
684 3250 991 3304 sensibilem
1014 3290 1028 3315 ,
1061 3263 1154 3304 seu
1193 3250 1244 3303 in
1275 3248 1447 3318 aliqua
1488 3256 1641 3317 parte
1672 3254 1927 3316 quattuor

351 3338 738 3394 elementorum
766 3379 780 3404 ,
828 3339 1024 3407 quibus
1066 3338 1298 3393 mundus
1344 3339 1447 3394 iste
1496 3336 1518 3369 ⁸
1561 3337 1923 3401 constituitur,

349 3448 525 3502 neque
552 3433 606 3486 in
642 3441 754 3486 toto
776 3432 942 3500 ipsius
968 3433 1344 3497 constitutum,
1377 3431 1469 3487 sed
1496 3430 1748 3499 quiddam
1766 3420 1927 3500 lugu-

351 3524 451 3579 bre
491 3521 943 3589 lacrimabileqne,
973 3536 1297 3591 gravemque
1323 3522 1364 3586 ⁸,
1397 3519 1787 3589 desperationis
1815 3520 1927 3589 ple-

302 3672 307 3679 ,
348 3608 481 3668 num
529 3612 996 3681 inevitalzilemque
1017 3625 1308 3671 carcerem,
1341 3612 1687 3680 omniumque
1709 3609 1730 3641 °
1757 3610 1927 3665 bono-

353 3719 474 3759 rum
503 3710 790 3773 egestatem
834 3703 887 3756 in
921 3702 1274 3772 phantasticis
1310 3703 1729 3772 vanissimisque
1765 3701 1927 3757 visio-

351 3793 510 3848 nibus
552 3792 928 3846 incunctanter
974 3790 1348 3860 pronnnciant.
1390 3791 1538 3846 Dtsc.
1577 3791 1662 3846 De
1691 3789 1922 3857 inferno,

351 3882 526 3952 deque
558 3880 674 3951 ejus
697 3887 720 3920 ν
765 3882 1046 3936 tormentis
1076 3880 1207 3936 satis
1244 3892 1328 3936 est
1366 3890 1566 3936 actum.
1604 3880 1737 3935 Nam
1776 3880 1926 3935 lucu-

351 3972 649 4029 lentissime
689 3987 905 4028 suasum
925 3982 1026 4035 est,
1046 3987 1151 4026 non
1174 3986 1294 4026 esse
1314 3987 1435 4028 eum
1456 3972 1882 4028 substantialiter
1903 3969 1928 4005 '

352 4065 407 4118 in
444 4074 635 4118 natura
674 4063 962 4117 visibilium
991 4075 1044 4118 et
1072 4063 1442 4126 invisibilium,
1469 4062 1723 4132 quoniam
1752 4075 1927 4131 neque

352 4172 548 4226 corpus
572 4164 685 4219 est,
724 4170 900 4224 neque
937 4155 1178 4225 spiritus,
1210 4156 1302 4210 sed
1323 4155 1625 4224 justissima
1650 4153 1925 4209 damnatio

351 4260 548 4315 pravae
595 4253 652 4300 et
693 4246 914 4302 illicitae
961 4245 1272 4315 cupiditatis
1317 4246 1650 4300 abutentium
1701 4253 1925 4298 naturae

2014 428 2146 485 Vide
2169 442 2426 502 quantum
2451 437 2753 491 ornamenti
2779 435 3057 509 laudisque
3078 439 3436 510 perfectarutu
3463 444 3580 497 aui-

2012 536 2222 576 marum
2269 523 2557 580 virtutibus
2589 536 2951 596 comparatur,
2999 530 3124 584 dum
3165 531 3307 585 intra
3348 544 3406 586 se
3450 532 3580 586 vitia

2013 613 2321 668 coambiunt
2357 624 2519 684 atque
2558 625 2839 684 coartant,
2869 633 3072 689 suoque
3101 620 3395 675 dozninatui
3432 623 3581 677 subi-

2014 718 2148 777 gunt
2188 723 2254 763 ac
2273 710 2295 744 ⁸
2318 708 2646 777 refraenant,
2672 711 2983 782 legibusque
3003 713 3199 770 divinis
3217 714 3489 781 ordinant,
3511 730 3581 770 ne

2016 797 2067 851 in
2098 796 2421 868 profundum
2459 800 2694 857 malitiae
2730 801 2971 867 animas,
3003 817 3137 873 quas
3164 813 3429 859 conantur
3466 819 3581 859 eor-

2015 906 2287 959 rumpere,
2327 901 2590 964 mergant.
2638 892 2811 965 Saepe
2857 895 3021 950 etiam
3067 895 3280 966 penitus
3322 910 3406 961 ea,
3454 896 3583 950 vitia

2015 982 2135 1036 dico
2163 981 2226 1047 ιο,
2255 970 2594 1054 extinguunt,
2639 1001 2799 1056 saepe
2846 987 2899 1041 in
2950 987 3266 1056 semetipsas
3312 986 3587 1041 transfun-

2016 1076 2168 1141 dunt,
2196 1077 2271 1131 ita
2295 1086 2353 1131 ut
2379 1086 2432 1132 et
2455 1079 2586 1133 vitia
2613 1078 2667 1133 in
2695 1080 2920 1135 virtutes
2946 1088 3246 1135 vertantur.
3270 1080 3420 1147 Quae
3446 1080 3586 1135 ratio

2018 1170 2205 1236 docet,
2236 1186 2341 1226 non
2378 1172 2599 1227 omnino
2626 1172 2754 1227 vitia
2791 1171 2927 1226 mala
2960 1187 3112 1238 esse,
3153 1172 3246 1227 sed
3280 1172 3483 1227 illicita.
3524 1170 3585 1226 Si

2015 1258 2158 1313 enim
2188 1259 2328 1313 mala
2357 1269 2568 1327 essent,
2597 1276 2937 1331 nequaquam
2965 1261 3021 1316 in
3049 1261 3275 1317 virtutes
3302 1260 3498 1315 mutari
3542 1261 3583 1291 “

2017 1362 2253 1424 possent,
2274 1364 2560 1424 ceteraque
2581 1355 2795 1420 similia,
2820 1370 2961 1426 quae
2982 1369 3102 1410 cum
3125 1364 3310 1409 contra
3334 1363 3585 1408 naturam

2017 1463 2082 1503 ex
2110 1448 2379 1518 perversis
2408 1449 2641 1505 motibus
2682 1451 2956 1506 abusionis
2993 1450 3159 1505 libera
3192 1449 3465 1505 voluntate
3504 1465 3591 1502 ra-

2020 1536 2292 1593 tionabilis
2342 1547 2569 1594 naturae
2614 1538 2846 1609 seipsatn
2896 1548 3085 1609 sponte
3127 1554 3220 1593 sua
3266 1537 3591 1608 captivantis

2020 1628 2269 1681 videntur
2306 1629 2350 1661 ι’
2395 1629 2673 1700 insurgere
2697 1669 2712 1695 ,
2751 1629 3115 1685 universitatis
3151 1638 3330 1684 tamen
3373 1628 3592 1683 ordina-

2021 1720 2255 1775 tionibus
2294 1736 2401 1776 non
2442 1723 2692 1777 sinuntur
2726 1738 2950 1788 nocere,
2982 1723 3152 1793 magis
3180 1729 3357 1776 autem
3392 1735 3593 1776 ornare
3682 1738 3687 1743 ε

2019 1824 2112 1867 eas
2138 1819 2401 1881 coguntur
2445 1812 2680 1868 aeternis
2717 1811 2924 1883 legibus
2963 1810 3176 1866 divinae
3219 1809 3591 1881 providentiae

2019 1909 2180 1970 atque
2205 1899 2393 1971 judicii
2427 1901 2652 1957 ambita.
2684 1900 2827 1956 Haec
2852 1900 2897 1934 ³³
2942 1900 3068 1955 dum
3111 1900 3186 1954 ita
3213 1898 3343 1962 sint,
3385 1904 3593 1951 remota

2019 1992 2165 2047 omni
2193 1990 2418 2061 ambage
2453 2006 2516 2047 ac
2553 1977 2941 2047 deliberatione
2981 1991 3099 2046 luce
3136 1990 3336 2046 clarius
3378 1988 3593 2057 conspi-

2006 2096 2116 2137 -cor
2129 2081 2194 2149 ¹⁸,
2211 2082 2644 2139 etuniversitatis
2662 2083 2910 2138 conditae
2925 2082 3306 2153 plenitudinem
3325 2080 3378 2135 in
3400 2093 3595 2135 causas

2020 2184 2166 2233 suas,
2212 2171 2375 2242 inque
2416 2171 2591 2242 ipsum
2612 2172 2800 2237 Deum,
2832 2173 2887 2227 in
2926 2187 3032 2242 quo
3058 2172 3237 2230 omnia
3267 2170 3589 2234 subsistunt,

2021 2277 2360 2319 reversuram
2377 2263 2443 2331 ¹⁸,
2465 2261 2858 2332 etjustissimas
2877 2263 3133 2335 poenas“
3146 2262 3593 2318 irrationabilium

2020 2353 2374 2424 cupiditatum
2416 2355 2727 2425 aequissimi
2764 2354 2959 2425 iudicis
2986 2354 3267 2411 sententiis
3296 2352 3471 2408 illatas
3497 2367 3595 2406 seu

2024 2442 2213 2499 inferri
2234 2445 2524 2515 permissas
2544 2445 2967 2515 inconcusseque
2989 2444 3236 2500 definitas
3261 2443 3400 2499 intra
3423 2442 3595 2511 ipsam

2022 2534 2409 2605 plenitudinem
2435 2547 2695 2606 perpetuo
2738 2549 3138 2606 permansuras,
3185 2534 3439 2605 quoniam
3485 2546 3597 2585 non

2025 2624 2200 2681 solum
2241 2626 2296 2680 in
2338 2624 2519 2696 aliquo
2548 2642 2654 2680 non
2684 2626 2977 2692 nocebunt,
3006 2640 3191 2680 verum
3221 2623 3382 2678 etiam
3420 2620 3600 2682 laudis

2025 2714 2191 2784 ipsius
2218 2726 2273 2770 et
2310 2715 2723 2786 pulchritudinis
2757 2715 3053 2772 ineffabiles
3075 2716 3117 2747 ¹⁷
3142 2711 3603 2769 administrabant

2024 2805 2356 2860 occasiones.
2406 2805 2484 2861 Ac
2535 2821 2633 2874 per
2677 2806 2777 2871 hoc
2827 2821 2931 2861 non
2982 2814 3183 2861 temere
3218 2802 3342 2873 quis
3373 2800 3600 2862 dixerit.

2025 2908 2226 2964 poenas
2253 2909 2318 2948 ac
2347 2893 2390 2926 ⁸⁸
2429 2895 2665 2965 praemia
2695 2909 2802 2948 non
2841 2893 3101 2949 localibus
3142 2891 3350 2961 spatiis,
3396 2887 3489 2943 sed
3517 2887 3603 2940 di-

2026 2987 2372 3041 versitatibus
2393 2986 2709 3055 qualitatum
2740 2987 3054 3058 disgregari,
3086 2985 3159 3039 ita
3192 2992 3251 3038 ut
3284 2991 3341 3038 et
3366 2980 3412 3013 η
3438 2981 3604 3036 simu-

2029 3080 2160 3144 sint,
2212 3068 2467 3150 quoniam
2514 3096 2580 3135 ex
2641 3080 2772 3151 ipsis
2826 3081 3031 3135 duobus
3076 3077 3376 3148 respublica
3432 3075 3606 3131 totius

2029 3177 2311 3223 creaturae
2336 3170 2640 3235 ordinatur,
2684 3178 2738 3226 et
2778 3170 2935 3223 simul
2976 3183 3078 3222 non
3112 3170 3220 3223 sint
3261 3175 3479 3236 propter
3517 3164 3605 3218 di-

2026 3273 2216 3329 versos
2248 3273 2434 3313 eorum
2458 3258 2693 3314 effectus.
2739 3258 3091 3313 Peccatorum
3134 3257 3331 3326 quippe
3371 3253 3607 3309 effectus

2028 3357 2154 3404 sunt
2212 3349 2410 3415 luctus,
2471 3350 2725 3420 gemitus,
2781 3350 3017 3412 tristitia,
3078 3364 3199 3403 sera
3247 3344 3604 3417 poenitentia,

2028 3440 2192 3494 ardor
2225 3439 2545 3495 insatiabilis
2564 3439 2890 3509 cupiditatis,
2933 3454 3073 3507 quae
3102 3437 3155 3491 in
3181 3436 3360 3505 aliquo
3396 3432 3606 3488 nullam

2027 3530 2263 3585 inveniet
2311 3530 2568 3601 quietem,
2616 3539 2829 3585 scatens
2880 3529 3190 3584 delictorum
3252 3525 3481 3599 putredo
3539 3540 3609 3580 ac

2026 3618 2437 3687 vermiculatio,
2495 3619 2796 3689 profundae
2868 3619 3204 3690 ignorantiae
3276 3614 3607 3671 densissima

2026 3710 2345 3776 obscuritas,
2372 3709 2425 3764 in
2447 3725 2549 3779 qua
2585 3708 2728 3764 nulla
2767 3723 3017 3764 verorum
3046 3707 3129 3763 vel
3160 3705 3329 3775 ipsius
3353 3702 3609 3758 veritatis

2025 3801 2284 3871 cognitio,
2331 3800 2384 3855 id
2421 3807 2523 3865 est,
2555 3814 2618 3854 ea
2660 3798 2889 3853 veritate
2941 3797 2989 3830 '°
3042 3795 3253 3851 fruendi
3298 3793 3606 3848 beatitudo.

2023 3891 2228 3963 Ligatis
2256 3892 2451 3962 quippe
2472 3891 2518 3926 ¹¹
2556 3889 2780 3962 pedibus
2823 3888 3105 3945 difficultas
3141 3888 3195 3942 in
3233 3885 3429 3941 divinis
3468 3884 3614 3955 legi-

2023 3984 2126 4039 bus
2152 3981 2482 4047 ambulandi,
2527 3980 2708 4051 ligatis
2748 3969 3000 4035 manibus
3026 3976 3309 4033 difficultas
3332 3975 3611 4030 bonorum

2025 4082 2262 4137 actuum,
2299 4071 2391 4141 qui
2428 4069 2721 4126 secundum
2759 4068 2989 4124 virtutes
3012 4075 3140 4123 sunt
3162 4063 3471 4137 peragendi,
3510 4071 3612 4133 ty-

2024 4165 2145 4235 pice
2174 4163 2478 4218 insinuatur
2501 4165 2545 4195 ²¹
2568 4204 2584 4229 ,
2626 4162 2820 4232 bisque
2840 4161 3079 4225 similia,
3114 4173 3254 4231 quae
3278 4170 3614 4212 enumerare

2025 4266 2079 4312 et
2107 4256 2324 4327 longum
2366 4265 2452 4310 est
2496 4263 2550 4309 et
2586 4253 2933 4325 impossibile.
2966 4251 3274 4307 Meritorum
3306 4262 3433 4302 vero
3463 4244 3610 4300 effe-

353 4336 513 4399 bono,
544 4337 647 4392 hoc
683 4346 766 4392 est
803 4337 1005 4392 liberae
1044 4330 1335 4391 voluntatis
1373 4336 1615 4401 arbitrio,
1647 4337 1925 4406 ipsamque
1950 4367 2003 4426 Β
2029 4355 2149 4402 ειυς
2176 4356 2301 4400 sum
2345 4346 2618 4417 gaudium
2647 4345 2876 4411 ιηειίιίη,
2924 4359 3050 4414 pax,
3082 4340 3379 4402 beatitudo.
3426 4337 3614 4393 felici-

353 4426 750 4482 damnationem
801 4429 997 4483 bonam
1044 4442 1187 4493 esse,
1239 4443 1344 4482 non
1395 4428 1565 4482 solum
1615 4428 1739 4496 quia
1780 4427 1925 4495 justa

352 4524 463 4577 est,
526 4532 686 4571 omne
725 4519 991 4587 siquidem
1027 4518 1232 4588 justum
1282 4518 1520 4581 bonum,
1548 4530 1733 4570 verum
1761 4516 1925 4570 etiam

353 4608 477 4676 quia
514 4610 653 4662 intra
686 4609 894 4664 divinas
932 4610 1076 4681 leges
1108 4618 1164 4664 et
1199 4610 1674 4678 comprehenditur
1702 4617 1756 4662 et
1781 4606 1927 4661 ordi-

354 4708 534 4762 natur,
585 4699 723 4753 intra
772 4714 907 4769 quas
951 4699 1202 4770 quicquid
1244 4707 1344 4764 est,
1391 4700 1588 4753 bonum
1636 4707 1689 4753 et
1718 4698 1923 4769 justum

352 4806 472 4845 esse
493 4799 546 4845 et
568 4791 850 4863 honestum
873 4807 1096 4846 necesse
1119 4800 1219 4846 est.
1247 4790 1397 4861 Ipsae
1425 4791 1584 4845 etiam
1612 4787 1928 4859 phantasiae

354 4879 406 4933 in
428 4880 624 4949 quibus
648 4881 770 4943 erit,
787 4881 960 4936 bonae
984 4891 1129 4938 sunt.
1149 4881 1281 4936 Nam
1304 4891 1358 4937 et
1380 4881 1597 4935 umbras
1615 4896 1921 4949 corporum,

352 4982 487 5037 quas
526 4985 692 5027 vanas
734 4986 852 5026 esse
895 4987 1053 5027 nemo
1090 4973 1341 5040 ambigit,
1383 4972 1665 5041 splendore
1709 4971 1925 5026 luminis

354 5057 591 5129 undique
629 5063 861 5151 coartari
894 5072 948 5119 et
992 5063 1125 5120 oriri
1173 5064 1450 5129 videmus,
1511 5061 1584 5116 nil
1639 5061 1925 5130 turpitudi-

2031 4446 2131 4498 tas,
2154 4436 2347 4506 gloria,
2370 4436 2697 4491 beatissimis
2715 4436 2921 4505 angelis
2940 4434 3335 4505 aequalitas,ac
3359 4430 3615 4485 breviter

2028 4525 2333 4588 dicendmn,
2371 4525 2591 4592 lhcosis,
2638 4525 2691 4581 id
2736 4534 2822 4581 est
2869 4524 3159 4587 deificatio,
3205 4524 3255 4578 in
3304 4535 3405 4592 qua
3456 4519 3615 4574 Deus

2027 4615 2361 4686 diligentibus
2413 4634 2467 4672 se
2501 4617 2854 4687 praeparavit,
2909 4633 3042 4686 quae
3089 4632 3179 4670 nec
3224 4612 3401 4669 oculus
3444 4612 3612 4677 vidit,

2028 4721 2119 4759 nec
2155 4705 2300 4760 auris
2325 4707 2546 4773 audivit,
2592 4723 2683 4761 nec
2725 4707 2779 4759 in
2814 4723 2905 4761 cor
2941 4706 3166 4759 hominis
3212 4701 3462 4758 ascendit.
3493 4699 3613 4756 Ubi

2027 4805 2206 4851 autem
2233 4812 2520 4852 causarum
2558 4796 2780 4853 effectus
2820 4798 2961 4852 inter
2987 4813 3046 4852 se
3088 4796 3311 4850 invicem
3339 4792 3613 4847 contrarii

2031 4895 2176 4952 sunt,
2220 4887 2292 4941 ibi
2320 4901 2542 4943 necesse
2569 4895 2674 4954 est,
2703 4896 2757 4942 et
2796 4889 2941 4958 ipsas
2979 4902 3170 4942 causas
3214 4883 3497 4955 disparari.
3530 4881 3615 4937 Et

2030 4976 2075 5030 si
2107 4976 2228 5047 quis
2250 4977 2465 5044 dixerit,
2509 4978 2777 5046 quomodo
2804 4994 2833 5032 a
2862 4994 2922 5034 se
2963 4978 3192 5033 invicem
3221 4976 3371 5046 longe
3392 4974 3613 5029 distan-

2031 5066 2105 5120 tia
2136 5067 2371 5124 simulet
2400 5069 2453 5123 in
2480 5083 2585 5125 uno
2613 5069 2903 5124 coadunari
2926 5078 3171 5138 possunt,
3196 5068 3298 5123 hoc
3317 5074 3418 5130 est,
3450 5064 3609 5120 intra

1663 5195 1920 5262 VARIAE
1956 5196 2359 5254 LECTlONES.

424 5308 445 5344 ι
478 5307 560 5363 vel
613 5309 808 5382 alicubi
848 5312 989 5365 circa
1029 5320 1221 5365 terram
1248 5328 1354 5366 om.
1387 5313 1453 5367 A.
1530 5311 1554 5343 ¹
1592 5311 1634 5365 Α
1656 5312 1815 5382 quod.
1849 5380 1854 5382 _
1893 5310 1916 5343 ⁸
1943 5310 2031 5365 Sic
2069 5312 2188 5373 CF;
2223 5312 2263 5365 Α
2299 5323 2572 5382 egestates.
2644 5313 2670 5346 δ
2702 5314 2746 5369 Α
2783 5317 2879 5369 iste
2903 5316 3151 5367 mundus.
3227 5313 3249 5345 '
3274 5311 3370 5366 Sir.
3394 5310 3467 5369 F;
3509 5310 3614 5382 AC

350 5394 625 5449 graveque.
721 5379 743 5411 ⁶
773 5379 819 5433 A
846 5390 891 5434 et
919 5382 1169 5449 omnium.
1263 5383 1283 5412 "
1315 5383 1424 5434 eius
1468 5396 1578 5436 om.
1608 5382 1670 5434 Α.

354 5532 461 5588 out.
506 5516 581 5569 Α(
671 5518 777 5571 ¹⁷Α
812 5519 1114 5588 ineffabilis.
1216 5518 1258 5551 ¹⁸
1287 5518 1460 5574 CF91.

355 5585 655 5640 insinuatur
705 5601 814 5640 om.
862 5585 907 5642 Α

1783 5381 1807 5412 ⁸
1835 5380 1873 5434 Α
1906 5380 2339 5436 διιὺδιηηιὶιιιὶιεν’
2361 5399 2496 5439 eum.

351 5448 544 5501 moveri
568 5457 836 5517 posssent.
914 5452 957 5482 "
980 5448 1027 5503 A
1053 5449 1270 5504 videtur.
1345 5451 1390 5481 ¹³
1412 5450 1503 5507 Sic
1544 5450 1661 5517 (2F;
1702 5450 1745 5504 Α
1777 5450 1941 5517 Quae.

1561 5521 1604 5554 ¹⁹
1650 5531 1698 5574 et
1745 5537 1853 5577 om.
1885 5522 1947 5576 A.

3440 5381 3480 5412 ιι

3335 5450 3379 5528 ‘_‘
3401 5465 3573 5528 poena
3584 5468 3613 5503 s

3345 5520 3389 5550 "
3424 5520 3615 5586 typirc

2613 5385 2636 5418 ⁹
2664 5385 2708 5438 Α
2735 5397 2804 5440 et.
2904 5383 2949 5414 ¹⁶
2977 5384 3093 5437 dico
3117 5400 3226 5437 om.
3254 5381 3318 5435 Α.

2040 5449 2151 5521 ΨΑ
2220 5453 2487 5521 conspicor
2506 5452 2717 5507 clarius.
2795 5453 2903 5506 "A
2953 5469 3241 5507 reversuro.

2046 5520 2092 5554 ¹⁰
2150 5520 2363 5575 veritate
2418 5537 2527 5576 om.
2581 5524 2647 5577 Δ.
2745 5525 2995 5605 “quippe
3042 5539 3149 5577 om.
3176 5522 3241 5576 Α.
