3952 6162
437 247 543 306 973

1258 218 1371 289 ’δε
1411 230 1747 287 Dll’lSlONE
1789 226 2139 286 NATURAE.
2176 261 2249 271 —
2284 233 2484 291 LIBER
2523 236 2845 304 QUINTUS.

3586 232 3688 288 974

437 355 703 413 terminos
730 359 955 405 naturae
993 354 1046 401 et
1070 346 1296 402 virtutes
1337 354 1391 400 et
1427 345 1578 411 vitia,
1607 344 1786 400 videat
1816 344 1868 398 in
1897 357 2013 397 ma-
2035 344 2086 405 Α
2113 349 2237 420 quia
2263 353 2285 386 ⁸
2310 353 2644 409 naturalibus
2696 351 3069 409 aﬂ‘ectiouibus
3105 349 3437 407 reluctantur
3460 378 3535 390 —
3566 358 3690 417 pro-

436 463 541 518 gna
591 446 751 500 domo
806 430 1049 509 1'atque
1121 436 1288 508 regali
1347 435 1682 504 diversisque
1736 433 2017 489 ornatibus

434 542 745 590 constructa
767 545 953 586 sanum
975 536 1030 582 et
1055 525 1399 589 imbecillem,
1428 524 1622 581 orbum
1645 531 1700 580 et
1724 523 2013 587 videntem,

435 626 639 681 laetum
686 632 741 678 et
790 622 1023 685 tristem,
1072 633 1324 675 securum
1367 626 1424 673 et
1459 618 1755 681 curiosum,
1796 616 2017 670 divitem

435 722 491 769 et
518 727 765 784 egenum,
797 709 1113 765 verberibus
1153 722 1392 773 caesum,
1442 713 1503 760 ut
1549 720 1760 770 servus,
1799 703 2018 759 honori-

434 805 539 859 bus
583 802 901 864 exaltatum,
939 808 996 853 ut
1041 798 1312 862 dominus,
1350 812 1573 852 carcere
1611 796 1904 860 inclusum,
1957 801 2017 849 ut

436 908 603 958 reus,
660 891 911 947 omnibus
958 888 1189 944 vinculis
1238 888 1582 953 absolutum,
1639 896 1700 942 ut
1755 887 2018 942 innocuus

436 983 692 1051 omnique
756 981 984 1036 crimine
1046 978 1342 1044 absolutus,
1399 988 1712 1050 ceterosque
1768 977 2017 1033 similiter

436 1089 546 1128 uno
574 1073 873 1141 eodemque
919 1071 1038 1125 loco
1086 1087 1151 1125 ac
1180 1080 1419 1139 tempore
1451 1069 1612 1125 simul
1658 1083 1818 1138 posse
1843 1066 2016 1121 conti-

433 1163 575 1219 neri.
626 1161 777 1229 Quod
818 1162 863 1216 si
902 1163 974 1216 ita
1005 1169 1105 1224 est,
1148 1161 1509 1229 omnibusque
1562 1157 1676 1213 fere
1721 1155 2017 1226 aequaliter

434 1252 764 1321 patefactum
799 1269 812 1304 :
850 1251 979 1321 quid
1017 1251 1233 1315 mirum,
1263 1249 1309 1304 si
1343 1249 1627 1304 credamus
1649 1257 1702 1302 et
1749 1246 2014 1317 intelliga-
2039 1275 2051 1284 ο

435 1360 580 1408 Inus,
642 1345 695 1399 in
749 1360 853 1398 una
916 1342 1202 1397 harmonia
1250 1342 1620 1396 universitatis
1679 1348 2013 1395 restauratae

437 1436 600 1506 inque
620 1444 809 1490 catisas
837 1449 963 1488 suas
985 1441 1005 1472 ί
1046 1447 1365 1488 reversurae
1395 1433 1416 1464 ³
1446 1442 1613 1488 totam
1636 1432 2013 1488 rationabilem

433 1533 739 1579 creaturam
771 1523 942 1592 gratia
982 1521 1360 1593 Redemptoris
1400 1523 1503 1587 sui,
1543 1522 1635 1594 qui
1675 1536 1795 1576 eam
1843 1530 2010 1577 totam

436 1617 666 1686 accepit,
693 1631 881 1670 sanam
914 1614 1149 1668 futuram
1193 1612 1240 1679 δ,
1290 1613 1597 1683 languidam
1621 1628 1752 1668 vero
1787 1628 2007 1683 perver-

436 1723 534 1763 sae
570 1676 867 1762 voluntatis
907 1676 1357 1769 imbecillitatem,
1384 1676 1546 1775 'quae
1595 1704 1721 1774 ipsi,
1762 1676 2013 1759 videlicet
2041 1676 2087 1736 Β

436 1809 689 1863 naturae,
713 1797 1053 1852 extrinsecus
1075 1795 1418 1861 adhaeserat,
1441 1793 1555 1850 suis
1591 1795 1843 1865 congruis
1863 1794 2014 1850 ordi-

432 1889 597 1944 nibus
651 1886 1061 1957 disponendam,
1125 1883 1531 1953 condignasque
1596 1884 1708 1939 suis
1763 1883 2016 1953 cperibus

436 1978 824 2033 retributiones
867 1973 1187 2048 passuram?
1223 1974 1361 2040 Quid
1416 1974 1460 2029 si
1502 1973 1619 2043 ipsa
1663 1982 1857 2029 natura
1907 1989 2016 2029 non

437 2069 615 2125 solum
650 2078 862 2133 sanata,
911 2081 1101 2121 verum
1143 2066 1164 2098 ⁸
1200 2066 1365 2120 etiam
1411 2063 1727 2127 illuminata,
1779 2065 2016 2120 caecitas

436 2162 702 2217 malarum
734 2160 1067 2213 voluntatum
1096 2158 1369 2229 perpetuis
1397 2156 1673 2213 absentiae
1700 2165 2015 2233 naturarum

437 2250 822 2308 restauratoris
876 2248 1199 2304 obstruatur
1224 2247 1500 2302 tenebris?
1533 2245 1672 2313 Quid
1726 2246 1773 2301 si
1819 2256 2015 2301 natura

435 2346 507 2400 ad
539 2344 819 2414 imaginem
854 2341 948 2395 Dei
991 2340 1207 2395 condita
1244 2355 1351 2396 non
1383 2339 1554 2394 solum
1596 2348 1783 2395 sanata
1810 2347 1864 2395 et
1898 2329 2030 2394 illu—'

436 2439 668 2502 minata,
706 2450 894 2490 verum
951 2432 1117 2488 etiam
1158 2432 1213 2513 in
1259 2432 1606 2502 paradisum,
1653 2447 1810 2502 quem
1858 2431 2018 2502 spiri-

439 2527 665 2582 tualium
693 2526 1010 2581 deliciarum
1037 2524 1213 2579 locum
1253 2524 1526 2593 sapientes
1565 2524 2014 2594 interpretantur,

437 2619 686 2683 reducta,
739 2616 1044 2686 leprositas,
1089 2630 1227 2685 quae
1279 2614 1473 2669 merito
1518 2615 1721 2685 peccati
1766 2630 1885 2670 eam
1924 2616 2017 2672 deo

438 2708 789 2773 formaverat,
827 2706 1076 2762 omnibus
1102 2706 1311 2761 deliciis
1348 2706 1580 2775 privata,
1622 2706 1857 2761 aeternis
1889 2721 2015 2776 pru-

439 2798 638 2853 ritibus
663 2797 940 2861 exardeat,
967 2804 1023 2851 et
1060 2805 1261 2861 cetera,
1310 2796 1507 2865 quibus
1550 2795 1875 2851 discernitur
1920 2813 2016 2851 na-

440 2903 564 2944 tura
588 2889 609 2920 ⁶
632 2898 684 2943 et
705 2889 881 2958 culpa,
911 2888 1209 2958 praemium
1238 2895 1293 2942 et
1322 2901 1519 2959 poena,
1546 2887 1671 2942 dum
1701 2888 1930 2942 mirabili
1960 2895 2016 2945 et

2090 444 2342 511 ’ﬂuxere,
2393 455 2447 501 et
2472 446 2540 501 ab
2561 444 2808 516 originali
2843 450 3088 515 peccato,
3117 441 3171 497 in
3195 454 3302 511 quo
3345 436 3708 511 generaliter,’

2117 546 2342 610 excepto
2396 538 2747 593 humanitatis
2785 537 3165 605 Redemptore,
3210 544 3399 587 omnes
3446 527 3692 583 homines

2116 638 2519 700 peccaverunt,
2577 628 2721 699 quod
2797 627 2960 681 etiam
3035 631 3259 679 naturae
3335 619 3689 683 attribuitur,

2117 719 2339 790 ejusque
2372 727 2650 790 peccatum
2699 717 2989 780 vocitatur,
3041 729 3150 769 non
3182 711 3323 781 quod
3351 711 3463 782 ipsa
3496 717 3689 765 natura

2117 812 2185 868 ad
2211 813 2495 882 imaginem
2521 810 2617 865 Dei
2654 808 2794 865 facta
2840 808 2968 863 illud
3008 804 3362 865 commiserit.
3411 802 3504 858 sed
3546 801 3690 872 quod

2118 901 2319 958 liberae
2361 900 2672 964 voluntatis,
2700 912 2838 969 quae
2869 912 2900 953 a
2945 897 3053 953 Deo
3092 896 3216 951 data
3255 901 3358 959 est,
3384 888 3689 947 rationabili

2116 994 2259 1050 bono
2288 991 2674 1047 irrationabilis
2698 989 2906 1054 abusio,
2930 996 2986 1043 et
3011 988 3065 1042 in
3087 1001 3325 1041 amorem
3353 982 3683 1065 sensibilium

2117 1084 2400 1140 conversio
2427 1083 2597 1153 ipsam
2625 1089 2851 1135 naturae
2874 1077 3350 1150 pulchritudinem,
3383 1075 3437 1129 in
3479 1088 3584 1143 qua
3618 1088 3685 1128 ex

2115 1174 2384 1246 principio
2432 1171 2760 1227 conditionis
2814 1184 2948 1225 suae
3011 1167 3302 1235 substituta
3365 1171 3449 1221 cst
3477 1205 3493 1231 ,
3534 1163 3691 1220 dissi-

2116 1264 2380 1328 mulavit,
2423 1261 2807 1334 propriamque
2847 1258 3160 1331 dignitatem
3204 1256 3503 1312 abscondit.
3549 1253 3684 1309 Nam

2116 1353 2161 1409 si
2209 1352 2421 1422 culpam
2484 1350 2690 1406 referas
2746 1350 2800 1406 in
2848 1358 3138 1413 naturam,
3195 1347 3250 1402 in
3306 1346 3479 1416 ipsum
3531 1350 3687 1397 natu-

2115 1457 2214 1497 rae
2276 1440 2612 1497 conditorem
2690 1439 2917 1495 eandem
2986 1435 3192 1493 referre
3263 1433 3550 1493 videberis.
3625 1429 3682 1486 Si

2114 1535 2260 1590 enim
2325 1533 2517 1603 culpae
2580 1547 2745 1589 causa
2809 1530 3125 1586 attribuitur
3194 1534 3460 1591 naturae,
3526 1523 3692 1595 ipsius

2115 1632 2339 1680 naturae
2379 1636 2594 1688 causae,
2626 1637 2764 1693 quae
2794 1623 2931 1677 Deus
2957 1628 3041 1676 est
3070 1618 3117 1686 ’,
3148 1628 3425 1689 peccatum
3468 1622 3690 1670 naturae

2117 1716 2424 1772 necessario
2468 1714 2809 1770 attribuetur.
2840 1711 3041 1767 Natura
3080 1710 3343 1781 siquidem
3388 1707 3456 1762 ad
3494 1705 3687 1775 imagi-

2116 1822 2239 1863 nem
2269 1806 2363 1862 Dei
2395 1806 2536 1863 facta
2579 1821 2685 1862 non
2726 1804 2946 1861 omnino
2976 1801 3257 1875 principali
3301 1798 3548 1868 exemplo
3593 1812 3691 1852 suo

2116 1896 2308 1952 similis
2335 1904 2438 1962 est,
2485 1896 2530 1951 si
2565 1910 2783 1951 causam
2816 1890 3076 1964 peccandi
3118 1893 3171 1948 in
3214 1891 3443 1962 seipsam
3474 1888 3687 1960 recipit.

2116 1984 2189 2042 Ut
2233 1986 2377 2041 enim
2429 1984 2727 2056 principale
2768 1982 3074 2054 exemplum
3115 1981 3313 2036 nullius
3352 1980 3558 2051 peccati
3605 1977 3688 2035 vel

2115 2078 2355 2134 malitiae
2378 2093 2541 2133 causa
2570 2076 2835 2142 subsistit,
2876 2075 2949 2130 ita
2975 2084 3032 2132 et
3072 2083 3263 2130 natura
3301 2074 3366 2127 ad
3400 2072 3686 2142 imaginem

2115 2179 2171 2225 et
2191 2169 2597 2225 similitudinem
2625 2168 2742 2239 ejus
2770 2166 2932 2223 facta.
2955 2163 3474 2222 Ridiculosissimum
3496 2162 3690 2231 quippe

2115 2269 2197 2317 est
2221 2260 2266 2293 ¹⁰
2287 2260 2488 2325 dicere,
2519 2261 2807 2315 humanam
2839 2265 3086 2312 naturam
3127 2254 3416 2324 imaginem
3456 2261 3511 2307 et
3535 2249 3688 2306 simi-

2114 2351 2395 2407 litudinem
2423 2349 2698 2407 Creatoris
2734 2349 2816 2405 sui
2859 2348 3007 2418 prius
3047 2343 3362 2416 perdidisse,
3399 2356 3464 2397 ac
3500 2340 3691 2397 deinde

2114 2458 2310 2500 causas
2336 2442 2634 2515 peccativin
2666 2455 2725 2496 se
2762 2438 3083 2508 suscepisse.
3118 2435 3374 2504 Quisquis
3409 2432 3551 2486 enim
3587 2432 3689 2487 hoc

2115 2538 2331 2602 dixerit,
2358 2543 2578 2606 cogetur
2603 2547 2888 2604 quaerere,
2919 2545 3027 2601 quo
3059 2537 3279 2600 peccato
3323 2532 3513 2579 natura
3555 2522 3687 2577 ima-

2115 2629 2293 2700 ginem
2348 2636 2404 2684 et
2456 2625 2857 2697 similitudinem
2904 2620 3180 2679 Creatoris
3236 2616 3317 2673 sui
3369 2614 3682 2687 perdiderit,

2114 2722 2382 2791 siquidem
2410 2736 2517 2775 non
2547 2734 2671 2775 eam
2710 2717 2984 2788 perderet,
3023 2713 3070 2769 si
3106 2713 3161 2766 in
3200 2709 3380 2780 aliquo
3421 2723 3526 2761 non
3564 2720 3692 2775 pec-

2114 2818 2284 2866 caret.
2320 2808 2511 2873 Porro,
2537 2809 2579 2863 si
2612 2808 2844 2862 humana
2882 2815 3070 2859 natura
3092 2813 3366 2871 nunquam
3395 2797 3683 2867 imaginem

2113 2910 2170 2957 et
2218 2899 2620 2957 similitudinem
2671 2896 2965 2953 conditoris
2996 2896 3038 2928 “
3066 2894 3148 2949 sui
3196 2889 3457 2961 perdidit;
3511 2890 3687 2961 imago

439 2977 697 3032 ineffabili
723 2978 877 3031 modo
898 2984 1090 3030 natura
1132 2975 1351 3030 omnino
1380 2976 1549 3031 libera
1579 2977 1892 3045 pbantasias
1919 2993 2013 3032 su-

2119 2991 2316 3061 quippe
2351 2997 2407 3044 et
2445 2987 2737 3044 similitudo
2778 2985 2919 3041 inter
2964 2981 3233 3038 naturalia
3278 2979 3416 3034 bona
3467 2986 3521 3033 et
3565 2978 3688 3032 data
3772 3018 3785 3025 .

438 3069 657 3130 stiueat,
706 3068 759 3121 ia
807 3068 1004 3137 quibus
1058 3065 1234 3137 culpa,
1288 3069 1430 3137 quod
1494 3067 1827 3138 deliquerat,
1880 3067 2015 3123 luat.

440 3158 581 3213 MAG.
606 3157 749 3213 Haec
781 3160 960 3214 omnia
986 3160 1319 3225 verisimilia,
1352 3161 1824 3231 probabilibusque
1862 3176 2021 3231 argu-

441 3249 858 3304 mentationibus
898 3261 1211 3319 comparata
1254 3251 1522 3306 videntur.
1572 3251 1678 3306 Sed
1718 3260 2014 3307 occurrunt

442 3336 599 3392 nobis
625 3338 675 3392 in
706 3339 809 3394 hoc
838 3337 955 3394 loco
985 3339 1075 3408 qui
1103 3339 1395 3394 carnaliter
1430 3340 1728 3411 spiritualia
1760 3348 2018 3408 tractant,

441 3430 724 3485 dicentes:
756 3428 895 3496 Quid
941 3445 1069 3501 ergo
1116 3430 1291 3485 oberit
1334 3432 1558 3502 paganis
1606 3446 1702 3487 sua
1750 3433 2017 3501 impietas,

439 3539 550 3593 qua
614 3522 752 3577 idola
795 3523 996 3587 colunt,
1028 3539 1214 3577 verum
1263 3525 1429 3579 Deum
1484 3525 1830 3595 ignorantes?
1881 3525 2021 3594 Quid

438 3611 660 3666 Iudaeis
708 3627 802 3667 sua
846 3611 1089 3681 perfidia,
1129 3628 1232 3682 qua
1263 3613 1357 3667 Dei
1383 3613 1615 3668 Verbum
1654 3614 2016 3682 incarnatum,

442 3706 729 3761 Dominum
760 3713 1005 3761 nostrum
1042 3703 1226 3760 Jesum
1250 3705 1552 3772 Christum,
1581 3708 2017 3763 consubstantia-

441 3796 550 3852 lem
583 3805 635 3850 et
663 3804 1004 3852 coaeternum
1051 3797 1186 3851 etin
1230 3798 1480 3853 omnibus
1520 3797 1814 3852 secundum
1862 3813 2016 3853 suam

441 3886 780 3941 divinitatem
819 3886 968 3942 Patri
1007 3888 1409 3963 suo-aequalem
1452 3902 1573 3943 esse
1611 3887 1850 3958 negant?
1880 3888 2018 3956 Quid

442 3981 642 4037 ceteris
670 3980 975 4035 nationibus
996 3980 1278 4043 veritatem
1306 3981 1681 4051 respuentibus
1704 3996 1799 4035 sua
1829 3995 2021 4052 super-

441 4072 653 4128 stitiosa
676 4071 699 4104 ¹
733 4070 1125 4140 falsissimaque
1171 4070 1599 4126 machinamenta
1650 4073 1938 4136 nocebunt,
1971 4071 2017 4128 si

442 4166 499 4222 in
543 4154 721 4219 futura
744 4163 856 4217 vita
890 4171 1000 4217 tcta
1039 4177 1225 4217 eorum
1263 4171 1455 4216 natura
1504 4162 1819 4230 salvabitur,
1852 4164 1926 4218 ita
1957 4172 2019 4219 ut

443 4269 620 4324 neque
649 4268 866 4323 corpus,
911 4267 1084 4322 neque
1113 4251 1315 4318 anima,
1358 4266 1534 4321 neque
1570 4250 1674 4304 ulla
1701 4266 1828 4322 pars
1865 4261 2020 4306 natu-

2117 3089 2513 3152 computantur,
2553 3077 2814 3133 naturalia
2855 3086 3034 3131 autem
3073 3074 3194 3128 data
3238 3080 3293 3126 et
3328 3069 3371 3101 ¹¹
3400 3069 3550 3141 bona
3581 3084 3685 3123 non

2118 3170 2288 3225 solum
2317 3169 2385 3224 ab
2416 3168 2650 3223 humana
2680 3173 2891 3227 natura,
2927 3178 3114 3219 verum
3137 3162 3301 3217 etiam
3326 3161 3394 3217 ab
3418 3159 3688 3221 omnilms,

2118 3274 2256 3330 quae
2305 3258 2561 3329 largitore
2614 3265 2669 3311 et
2732 3255 3084 3311 substitutore
3132 3254 3371 3310 omnium
3421 3254 3689 3309 bonorum

2118 3351 2261 3406 facta
2290 3358 2438 3415 sunt,
2462 3347 2607 3403 nullo
2631 3347 2789 3403 modo
2813 3346 3149 3410 auferuntur,
3178 3345 3233 3399 in
3264 3343 3406 3399 nullo
3440 3343 3692 3398 minuun-

2121 3449 2209 3496 tur
2235 3440 2318 3496 vel
2345 3447 2610 3510 augentur
2639 3455 2653 3491 :
2686 3437 2805 3506 quis
2832 3436 2933 3491 nisi
2964 3451 3151 3492 amens
3172 3434 3389 3499 dixerit,
3427 3431 3693 3488 naturalia

2117 3533 2257 3589 bona
2282 3545 2565 3586 causarum
2593 3528 2852 3599 peccandi
2872 3528 3146 3598 acccptiva
3170 3542 3290 3582 esse
3318 3540 3495 3596 posse,
3522 3523 3604 3581 vel
3625 3524 3691 3578 ah

2117 3624 2197 3680 eis
2217 3629 2495 3692 peccatum
2512 3620 2641 3675 oriri
2655 3620 2678 3674 ἲ
2692 3618 2747 3675 Si
2764 3618 2906 3674 enim
2928 3616 3250 3688 aceepliva"
3265 3614 3460 3680 sunt",
3479 3623 3692 3669 natura-

2118 3713 2186 3769 lis
2205 3714 2258 3768 in
2281 3713 2360 3768 eis
2387 3710 2731 3782 pulchritudo
2749 3710 3133 3779 corrumpitur,
3156 3708 3388 3778 dignitas
3410 3706 3691 3772 minuitur,

2119 3803 2530 3859 immutabilitas
2550 3802 2784 3867 vacillat,
2827 3802 2959 3858 ordo
2984 3799 3197 3855 titubat.
3226 3798 3367 3854 llinc
3384 3798 3692 3864 coniicitur,

2116 3891 2321 3948 nullam
2386 3892 2763 3948 rationabilem
2827 3899 3079 3944 naturam
3148 3903 3434 3943 causarum
3505 3888 3692 3957 culpae

2117 3997 2370 4053 capacem
2408 3997 2551 4047 esse,
2585 3996 2655 4038 ne
2684 3979 2930 4036 Creatori
2962 3994 3060 4034 suo
3089 3978 3366 4033 dissimilis
3396 3975 3687 4051 redargua-

2118 4079 2222 4130 tur.
2278 4073 2385 4131 Sed
2431 4071 2625 4129 merito
2675 4068 2956 4140 quaeritur
2992 4082 3008 4122 :
3049 4067 3095 4123 si
3136 4075 3418 4138 propterea
3482 4063 3688 4135 peccati

2116 4183 2275 4226 causa
2304 4169 2360 4223 in
2392 4172 2644 4219 naturam
2675 4176 2781 4216 non
2819 4158 3081 4222 refertur,
3119 4174 3185 4213 ne
3212 4159 3407 4215 iterum
3445 4172 3539 4229 per
3572 4170 3689 4212 eam

2116 4261 2172 4317 in
2218 4259 2530 4316 Creatorem
2583 4254 2870 4319 referatur,
2916 4252 3170 4323 quoniam
3214 4267 3391 4315 omne,
3434 4252 3575 4321 quod
3622 4252 3688 4309 ab

444 4347 579 4404 ralis
626 4348 861 4401 aeternis
901 4345 1088 4413 poenis
1123 4345 1417 4413 torquenda
1466 4342 1843 4412 relinquatur?
1881 4343 2016 4411 Qui-

2121 4353 2235 4426 ipso
2263 4359 2368 4415 est,
2412 4347 2609 4403 nullius
2639 4345 2846 4417 peccati
2879 4344 2962 4399 vel
2994 4342 3248 4416 peccandi
3299 4358 3496 4398 causae
3543 4357 3690 4397 rece-

441 4439 548 4492 bus
575 4436 787 4490 suaderi
819 4443 911 4488 aut
934 4433 1299 4489 difﬁcillimum
1333 4442 1415 4488 est
1444 4440 1538 4487 aut
1577 4434 1919 4505 impossibile,
1944 4435 2012 4490 ad

436 4528 707 4599 justitiam
735 4526 831 4582 Dei
869 4525 1017 4581 nullo
1044 4524 1201 4581 modo
1238 4527 1529 4595 pertinere,
1569 4527 1662 4582 sed
1699 4527 1918 4582 omnino
1945 4528 2013 4583 ab

441 4635 508 4675 ea
531 4619 763 4673 alienum
788 4634 928 4684 esse,
957 4620 1149 4688 punire
1172 4618 1224 4672 in
1248 4619 1520 4684 omnibus,
1538 4635 1677 4691 quae
1701 4618 1848 4684 fecit,
1872 4620 2016 4689 quod

444 4708 599 4773 fecit,
625 4724 780 4764 suum
804 4724 931 4764 vero
943 4723 1062 4763 esse
1082 4710 1274 4778 punire
1294 4710 1435 4779 quod
1458 4723 1561 4764 non
1589 4709 1734 4774 fecit,
1758 4711 2015 4781 quoniam

447 4799 651 4864 omnia,
677 4814 816 4869 quae
853 4798 907 4852 in
939 4798 1095 4854 malis
1116 4799 1366 4855 omnibus
1401 4799 1812 4870 redarguuntur,
1840 4808 2017 4857 aeter-

446 4895 640 4964 nisque
661 4892 942 4964 suppliciis
985 4894 1147 4965 digna
1184 4882 1516 4962 judicantur,
1555 4909 1659 4949 non
1706 4910 1773 4950 ex
1800 4904 2011 4965 natura,

448 4985 547 5042 sed
571 4999 638 5038 ex
678 4984 924 5053 propriae
957 4983 1249 5039 voluntatis
1297 4983 1716 5053 uniuscujusque
1750 4985 2013 5042 malorum

448 5072 787 5146 pravissimis
820 5072 1242 5143 motibus,.quos
1280 5072 1565 5128 discretiva
1607 5089 1786 5130 rerum
1828 5092 2016 5146 specu-

450 5165 583 5221 latio
621 5174 847 5219 naturae
882 5163 1012 5219 vitia
1053 5161 1190 5218 solet
1221 5162 1699 5233 appellare—nec
1722 5164 2012 5233 immerito,

2117 4445 2322 4517 ptivum
2342 4448 2557 4508 est,cur
2578 4453 2681 4493 non
2704 4437 2826 4507 quis
2846 4436 3062 4498 dixerit,
3078 4435 3263 4489 eadem
3287 4434 3493 4489 ratione
3517 4448 3690 4503 neque

2119 4535 2173 4590 in
2223 4534 2453 4588 liberum
2499 4527 2781 4583 arbitrium
2837 4525 3094 4597 peccandi
3141 4525 3358 4580 occasio
3405 4522 3685 4580 referenda

2120 4631 2222 4688 est,
2258 4636 2327 4677 ne
2353 4622 2406 4675 in
2436 4634 2581 4685 eum,
2614 4617 2707 4690 qui
2752 4616 2881 4672 illud
2914 4624 3138 4672 naturae
3176 4616 3463 4679 concessit,
3499 4616 3686 4686 culpa.

2122 4727 2241 4767 rum
2270 4723 2431 4765 causa
2467 4707 2752 4763 referatur.
2792 4705 2893 4778 Qui
2921 4705 3065 4760 enim
3109 4713 3355 4760 naturam
3385 4706 3548 4769 dedit,
3579 4708 3690 4777 ipse

2121 4810 2179 4858 et
2206 4799 2434 4856 liberum
2475 4796 2757 4854 arbitrium
2786 4796 2840 4852 in
2879 4811 2941 4852 ea
2972 4797 3213 4863 creavit;
3244 4806 3299 4852 et
3336 4799 3687 4866 quemadmo-

2122 4891 2248 4947 dum
2287 4896 2480 4945 natura
2518 4889 2716 4943 bonum
2751 4896 2832 4943 est
2865 4888 2909 4920 ¹⁸
2936 4896 2991 4941 et
3024 4886 3427 4957 incorruptibile
3456 4889 3653 4944 bonum
3673 4931 3688 4955 ,

2124 4983 2196 5037 ita
2224 4990 2278 5036 et
2304 4979 2533 5035 liberum
2564 4976 2857 5033 voluntatis
2882 4977 3182 5033 arbitrium.
3217 4978 3297 5033 Ac
3324 4996 3419 5051 per
3457 4981 3559 5036 hoc
3595 4998 3688 5035 nc-

2125 5073 2362 5129 cessario
2391 5071 2651 5142 sequitur,
2683 5078 2760 5136 ut,
2795 5071 2936 5125 sicut
2960 5070 3238 5142 culparum
3266 5088 3460 5129 causae
3500 5076 3553 5128 in
3593 5092 3687 5127 ιω-

2126 5170 2247 5218 tura
2273 5177 2380 5219 non
2406 5161 2451 5195 “
2472 5161 2894 5228 constituuntur,
2923 5161 2998 5218 ita
3024 5177 3124 5219 nec
3150 5163 3206 5218 in
3239 5163 3410 5220 libero
3434 5165 3690 5232 arbitrio;

1760 5320 2006 5377 VARIAE
2042 5319 2442 5378 LECTIONES.

525 5470 543 5499 ¹
575 5462 661 5520 CF
683 5464 862 5517 domu.
936 5463 956 5491 ²
987 5460 1032 5515 Α
1056 5476 1183 5514 suas
1211 5475 1418 5513 causas.
1495 5458 1517 5489 ³
1558 5457 1649 5512 Sic
1692 5457 1807 5522 CF;
1860 5458 1907 5513 Α
1953 5476 2208 5513 reversae.

527 5535 767 5582 meritum
800 5539 854 5582 et
894 5529 1069 5582 cuina.
1167 5531 1187 5561 '
1239 5526 1325 5582 CF
1373 5529 1688 5582 sunerslitia.
1790 5531 1812 5562 ⁸
1844 5529 1884 5582 Α
1912 5531 2179 5582 quoniam.

1912 5546 2179 5599 quamam.

2020 5600 2063 5640 ¹ι
2087 5610 2158 5655 est
2188 5615 2297 5654 om.
2330 5603 2392 5653 Λ.
2468 5599 2513 5631 ¹⁸
2537 5615 2637 5653 non
2666 5612 2771 5651 om.
2795 5596 2860 5651 Α.

455 5538 496 5592 Α
527 5535 767 5588 meritum
800 5539 854 5585 et
894 5529 1069 5598 culpa.
1167 5531 1187 5561 '
1239 5526 1325 5582 CF
1373 5529 1688 5598 superstitia.

458 5608 502 5638 “
527 5615 718 5659 ρει-οη).
748 5600 853 5657 CF.
948 5600 992 5632 ”
1023 5598 1129 5653 Cet
1157 5598 1450 5666 acceptiva.
1528 5597 1571 5629 "
1604 5608 1723 5651 sunt
1747 5614 1853 5653 om.
1880 5597 1942 5654 AV.

2294 5456 2316 5491 ⁸
2345 5457 2437 5530 Sic
2465 5459 2580 5530 CF;
2629 5457 2668 5513 A
2719 5459 2932 5530 factam.
3026 5458 3050 5491 ⁸
3092 5458 3286 5530 ᾼᾉεεά.

3389 5467 3412 5499 ⁸
3442 5458 3532 5515 Sic
3573 5462 3683 5531 CF;

2286 5532 2309 5563 '
2362 5528 2408 5584 Α
2440 5539 2514 5583 est
2539 5526 2729 5583 Παιδί
2773 5529 2815 5560 ³⁸
2846 5539 2920 5582 est
2950 5542 3058 5583 om.
3083 5526 3188 5585 CF.

3288 5528 3327 5559 “
3354 5529 3396 5585 Α
3421 5528 3677 5588 ενεαιονὶιῖ
