3952 6162
320 168 422 225 975

1692 178 1973 236 JOANNIS
2012 180 2205 238 SCOTI

3469 190 3572 245 976

322 283 376 337 in
428 281 573 336 nullo
602 282 799 353 quippe
836 284 980 339 bono
1023 298 1183 339 causa
1210 286 1331 339 mali
1377 269 1770 344 constituenda‘
1789 300 1891 347 est.
1924 300 1971 357 Α
2001 292 2164 349 totius
2195 296 2462 351 sensibilis
2491 268 2771 351 creaturae
2790 296 3199 355 formositatem.
3234 302 3372 370 Quid
3402 304 3571 360 dicam

324 371 576 435 Proinde,
617 371 664 425 si
703 372 906 426 nullum
944 382 1222 442 peccatum
1249 391 1315 428 ex
1363 377 1696 433 naturalibus
1722 380 1897 434 oritur

322 460 521 525 causis,
568 461 952 531 quaerendum,
998 462 1138 515 unde
1181 464 1388 532 accepit
1422 467 1780 521 occasionem.
1830 468 1897 522 Et

323 555 369 608 si
413 554 535 623 quis
571 552 924 623 responderit,
969 555 1110 623 quod
1144 570 1324 609 verum
1363 564 1417 610 et
1456 558 1752 613 verisimile
1790 567 1893 623 est,

324 645 795 717 probabilibusque
830 646 1387 715 argumentationibus
1414 651 1756 719 approbatur,
1788 666 1895 705 non

324 737 539 791 aliunde
578 736 843 805 originem
889 736 1088 793 ducere
1116 740 1131 769 ³
1172 749 1474 808 peccatum,
1514 743 1616 797 nisi
1651 756 1715 797 ex
1759 744 1896 797 irra-

324 825 671 879 tionahilibus
699 826 933 880 motibus
966 828 1303 881 rationabilis
1341 838 1584 895 naturae,
1614 830 1900 885 abusione-

322 929 426 985 que
472 913 625 971 liberi
676 914 885 969 arbitrii
929 915 1092 980 bono,
1140 918 1397 972 continuo
1437 918 1705 973 videbitur
1760 921 1897 973 irra-

322 1002 596 1059 tionahilis
633 1012 811 1058 motus
859 1005 1200 1059 occasionem
1256 1006 1308 1058 in
1354 1016 1545 1060 natura
1591 1007 1895 1063 rationabili

321 1097 650 1152 constituere
678 1097 718 1147 ³.
741 1094 988 1150 Relativo
1013 1096 1274 1165 siquidem
1303 1097 1460 1152 modo
1516 1097 1537 1128 ³
1589 1098 1896 1153 aestimabi-

324 1200 409 1244 tur
445 1188 826 1259 pronunciare,
865 1188 1292 1243 irrationabilem
1320 1200 1521 1243 motum
1565 1190 1899 1247 rationabilis

318 1291 545 1336 naturae
589 1294 729 1345 esse,
766 1271 999 1349 ideoque
1042 1294 1108 1335 ex
1154 1279 1267 1347 ipsa
1302 1280 1643 1336 occasionem
1678 1281 1893 1339 ducere.

322 1370 474 1437 Quod
505 1370 549 1424 si
575 1370 647 1424 ita
684 1378 785 1429 est,
816 1377 1036 1440 cogetur
1061 1370 1221 1423 etiam
1245 1369 1420 1435 fateri,
1450 1371 1896 1427 irrationabilium

328 1470 570 1516 motuum
634 1476 826 1517 causas
879 1463 929 1516 in
986 1463 1094 1517 Deo
1151 1455 1507 1533 praecessisse
1561 1465 1606 1519 ⁸.
1646 1465 1777 1521 Nam
1852 1467 1896 1521 si

321 1558 498 1612 omnis
533 1556 794 1611 naturalis
830 1571 990 1611 causa
1043 1556 1381 1612 rationabilis
1422 1568 1650 1613 naturae
1696 1559 1750 1614 in
1789 1559 1897 1615 Deo

1998 386 2066 441 de
2092 385 2349 440 extremis
2382 386 2539 440 bonis
2583 387 2962 443 sensibilibus?
3007 388 3192 446 Nonne
3232 392 3350 448 luce
3379 393 3576 449 clarius

1996 483 2115 539 est,
2175 475 2316 546 quod
2356 475 2435 530 eis
2487 476 2609 530 honi
2661 477 2838 543 bene,
2893 479 3019 533 mali
3069 494 3196 535 vero
3236 480 3371 538 male
3412 493 3576 537 utun-

1998 565 2125 619 tur?
2169 564 2300 619 Boni
2339 566 2554 635 quidem
2592 566 2657 619 ad
2701 566 2906 621 laudem
2955 578 3010 623 et
3053 571 3364 625 servitutem
3404 573 3575 628 bono-

1996 670 2117 708 rum
2167 655 2408 709 omnium
2451 655 2736 725 largitoris,
2770 658 2894 711 mali
2945 675 3071 715 vero
3115 662 3182 716 ad
3224 661 3580 732 perﬁciendos

1996 743 2227 814 impetus
2253 759 2381 800 suae
2402 759 2687 814 perversae
2710 747 3033 817 cupiditatis.
3051 748 3255 805 Causas
3278 762 3453 806 autem
3476 752 3576 807 illi-

1995 831 2135 886 citae
2146 832 2421 887 abusionis
2434 841 2590 902 atque
2606 848 2892 902 perversae
2907 838 3081 906 cupidi
3089 839 3260 893 tatis"
3275 841 3317 895 si
3333 841 3454 909 quis
3469 840 3581 894 vult

1997 923 2257 990 invenire,
2282 925 2541 981 sollicitus
2569 936 2812 994 quaerat.
2846 928 2958 999 Ego
2978 937 3156 984 autem
3186 946 3411 986 securus
3437 947 3581 996 sum,

1996 1014 2373 1070 incunctanter
2382 1016 2713 1089 perspiciens
2728 1016 2948 1087 “(quod
2967 1035 3121 1073 nemo
3137 1035 3229 1074 eas
3249 1030 3428 1090 potest
3444 1036 3587 1090 repe-

1997 1106 2124 1160 rire.
2142 1104 2365 1160 Utenim
2388 1105 2585 1160 malum
2608 1106 2881 1161 incausale
2896 1117 2997 1170 est,
3021 1118 3073 1162 et
3089 1109 3231 1163 nullo
3257 1109 3416 1164 modo
3436 1110 3586 1164 inve-

1996 1197 2161 1261 nitur,
2177 1197 2315 1251 unde
2334 1204 2439 1262 est,
2456 1197 2597 1267 itaet
2611 1195 2655 1228 "'
2671 1198 3009 1254 naturalibus
3026 1199 3179 1254 bonis
3192 1201 3236 1232 "
3252 1200 3435 1254 illicita
3450 1200 3588 1252 abu-

1996 1284 2078 1339 sio
2105 1300 2169 1339 ex
2201 1285 2342 1339 nulla
2376 1286 2603 1341 naturali
2632 1287 2870 1342 nascitur
2897 1304 3075 1343 causa.
3095 1289 3208 1346 lloc
3229 1300 3410 1344 autem
3440 1291 3584 1353 dico,

1996 1377 2212 1431 beatum
2254 1376 2565 1449 Dionysium
2607 1377 2987 1449 Areopagitam
3015 1381 3065 1433 in
3095 1380 3231 1433 libro
3273 1382 3339 1435 de
3385 1380 3588 1435 divinis

1996 1463 2332 1532 Nominibus,
2380 1475 2435 1521 et
2481 1467 2539 1521 S.
2587 1467 2862 1524 Aurelium
2912 1468 3264 1540 Augustinum
3330 1470 3382 1524 in
3431 1469 3588 1524 libris

1998 1554 2064 1609 de
2110 1555 2282 1610 libero
2331 1556 2573 1611 Arbitrio
2627 1572 2878 1627 sequens.
2947 1552 3182 1614 Stultum
3239 1559 3434 1630 quippe
3480 1568 3586 1619 est,

320 1648 605 1702 substituta
621 1643 1415 1715 est,nccessario,quicquidad
1441 1647 1902 1713 eamrefertur,ad
1935 1644 1979 1703 Β
2006 1649 2191 1698 co'rum
2232 1660 2425 1701 causas
2476 1660 2760 1716 quaerere,
2815 1662 2955 1716 quae
2991 1647 3134 1704 nullo
3178 1663 3393 1719 genere,
3440 1648 3588 1702 nulla

320 1752 540 1791 causam
570 1734 683 1802 ejus
705 1733 991 1789 referetur.
1020 1734 1114 1787 Sin
1155 1744 1330 1789 autem
1364 1750 1489 1789 vera
1519 1737 1658 1790 ratio
1684 1736 1898 1791 irratio-

321 1828 552 1884 nabilem
586 1835 785 1879 motum
819 1840 922 1878 non
954 1824 1178 1879 relativo
1224 1826 1381 1880 modo
1415 1825 1482 1881 ad
1522 1827 1898 1883 rationabilem

321 1930 570 1975 naturam
593 1918 805 1981 referri,
834 1919 925 1971 sed
947 1904 1166 1971 omnino
1192 1932 1222 1971 e
1252 1920 1526 1973 contrario
1552 1921 1745 1990 opponi
1775 1935 1900 1990 pro-

323 2012 565 2074 tendit",
596 2007 1048 2079 quemadmodum
1094 2006 1462 2063 irrationabile
1503 2010 1776 2076 rationali,
1815 2027 1901 2065 re-

322 2100 581 2169 linquitur
610 2099 676 2151 ad
717 2097 1139 2168 inquisitionem,
1182 2098 1325 2152 unde
1363 2098 1525 2168 igitur
1566 2099 1653 2153 ille
1689 2100 1904 2155 irratio-

326 2192 518 2246 nabilis
564 2198 763 2252 motus,
815 2189 869 2243 in
918 2203 1025 2258 quo
1066 2203 1229 2243 causa
1276 2191 1486 2258 peccati
1532 2193 1901 2260 constituitur,

321 2282 585 2353 originem
627 2279 813 2334 ducit?
847 2279 962 2347 Quo
1012 2279 1065 2333 in
1108 2278 1226 2334 loco
1272 2279 1407 2333 nihil
1446 2280 1590 2335 aliud
1630 2283 1901 2338 verisimi-

322 2371 427 2426 lius
453 2369 705 2436 occurrit,
726 2371 780 2426 in
809 2384 913 2438 quo
937 2384 1100 2424 causa
1133 2370 1519 2425 irrationabilis
1544 2381 1719 2427 motus
1742 2374 1902 2428 intel-

323 2462 549 2534 ligatur,
621 2470 836 2531 praeter
896 2460 1234 2516 naturalibus
1290 2462 1446 2516 bonis
1501 2462 1522 2493 ‘
1584 2464 1900 2520 abusionem

324 2554 518 2608 divinis
550 2552 758 2624 legibus
790 2552 1142 2621 prohibitam,
1175 2553 1316 2621 quod
1347 2554 1622 2624 proprium
1654 2564 1738 2610 est
1779 2571 1904 2624 per-

321 2648 512 2699 versae
567 2652 623 2698 et
657 2642 874 2698 illicitae
920 2642 1229 2712 cupiditatis
1274 2642 1695 2713 uniuscujusque
1748 2645 1904 2701 liberi

325 2736 556 2799 arbitrii,
588 2736 730 2790 bono
762 2734 903 2789 male
947 2735 1165 2804 utentis.
1197 2734 1363 2805 Cujus
1398 2734 1675 2791 abusionis
1720 2753 1903 2792 exem-

324 2828 409 2897 pla
461 2836 568 2880 tam
613 2826 722 2881 late
770 2823 974 2896 patent,
1013 2836 1070 2881 ut
1101 2827 1279 2882 nullus
1317 2826 1487 2883 ferme
1529 2830 1619 2893 sit,
1668 2832 1757 2899 qui
1800 2820 1907 2885 non

325 2918 450 2988 ipsa,
480 2917 532 2970 in
565 2916 742 2986 seipse
768 2917 1038 2972 uberrime
1076 2918 1307 2986 probare
1348 2919 1534 2987 possit.
1569 2918 1676 2974 Sed
1708 2929 1904 2974 notan-

2001 1736 2173 1791 l‘orma
2218 1737 2303 1792 vel
2333 1739 2531 1808 specie,
2573 1739 2718 1793 nullo
2765 1755 2989 1796 numero
3037 1741 3325 1803 bonorum,
3372 1755 3510 1810 quae
3556 1760 3588 1796 a

2000 1843 2212 1883 summo
2256 1827 2399 1883 bono
2427 1837 2480 1884 et
2501 1829 2779 1885 conditore
2823 1831 3062 1884 omnium
3087 1838 3142 1884 et
3176 1829 3317 1885 facta
3344 1839 3400 1884 et
3435 1831 3588 1884 ordi-

2001 1928 2130 1973 nata
2157 1927 2306 1985 sunt,
2345 1920 2715 1985 continentur,
2759 1920 3011 1991 quoniam
3050 1922 3263 1989 penitus
3308 1920 3588 1975 iucausale

2000 2019 2055 2065 et
2086 2009 2497 2065 insubstantiale
2526 2019 2611 2065 est
2644 2024 2820 2073 omne,
2854 2010 2997 2080 quod
3035 2011 3103 2065 ab
3136 2024 3201 2065 eo
3238 2009 3439 2065 factum
3481 2024 3589 2063 non

2002 2107 2105 2153 est.
2137 2097 2276 2154 Hinc
2315 2098 2446 2154 mihi
2484 2100 2734 2153 videntur
2776 2099 2976 2155 rectius
3020 2114 3196 2153 rerum
3232 2098 3592 2168 proprietates

2002 2190 2370 2255 considerare,
2397 2190 2488 2260 qui
2525 2191 2730 2257 dicunt,
2758 2190 3100 2246 libidinosum
3136 2192 3449 2271 appetitum,
3480 2204 3592 2245 non

2004 2295 2182 2339 autem
2209 2284 2403 2338 malam
2431 2282 2760 2337 voluntatem
2791 2277 3171 2353 suppliciorum
3201 2298 3418 2337 causam
3447 2296 3589 2346 esse,

2005 2390 2072 2430 ne
2099 2375 2221 2444 quis
2241 2375 2517 2430 existimet
2547 2374 2683 2430 duas
2710 2373 3016 2429 voluntates
3057 2375 3110 2428 in
3147 2389 3252 2427 una
3291 2374 3593 2442 eademque

2005 2476 2197 2523 natura
2227 2466 2640 2538 comprehendi,
2675 2481 2780 2520 una
2806 2466 3024 2538 quidem
3061 2466 3225 2528 bona,
3256 2465 3430 2520 altera
3459 2479 3595 2519 vero

2005 2558 2145 2613 mala
2165 2600 2180 2620 ,
2213 2559 2340 2612 dum
2368 2572 2474 2611 una
2497 2556 2745 2612 voluntas
2772 2556 3093 2610 humanitati
3138 2556 3293 2615 inest,
3341 2554 3598 2624 quamvis

2007 2663 2167 2717 saepe
2224 2647 2275 2701 in
2326 2648 2490 2712 bono,
2539 2660 2700 2716 saepe
2743 2646 2795 2699 in
2844 2644 2985 2699 malo
3028 2645 3325 2714 accipiatur
3364 2658 3380 2696 :
3424 2642 3597 2697 libido

2007 2747 2185 2793 autem
2210 2754 2313 2793 non
2341 2737 2513 2792 solum
2543 2736 2878 2792 naturalibus
2908 2736 3063 2790 bonis
3100 2735 3323 2788 omnino
3347 2732 3597 2788 excludi-

2009 2838 2116 2893 tur,
2142 2842 2331 2883 verum
2371 2827 2535 2882 etiam
2568 2835 2661 2881 aut
2686 2824 2775 2879 vix
2802 2833 2895 2880 aut
2921 2840 3196 2894 nunquam
3229 2824 3281 2878 in
3319 2820 3600 2895 signiﬁcar-

2010 2918 2155 2970 tione
2201 2915 2327 2970 boui
2376 2915 2431 2969 in
2466 2914 2646 2969 divina
2701 2911 2982 2983 Scriptura
3029 2912 3315 2981 reperitur.
3359 2909 3495 2964 Nam
3537 2917 3602 2964 et

325 2990 474 3074 dum,
504 3008 774 3062 neminem
814 3007 1037 3061 summis
1071 3017 1298 3064 naturae
1328 3018 1548 3064 nostrae
1580 3009 1735 3065 bonis
1762 3009 1903 3065 male
1931 2994 1976 3055 C
2009 3007 2216 3077 primus
2255 3006 2438 3071 homo,
2469 3006 2523 3059 in
2568 3020 2676 3075 quo
2716 3020 2905 3060 omnes
2946 3010 3329 3074 peccaverunt,
3371 3000 3601 3055 libidine

324 3102 403 3156 uti
443 3101 639 3155 valere.
683 3099 951 3154 Naturalis
994 3100 1257 3168 siquidem
1302 3101 1475 3155 virtus
1509 3101 1765 3166 essentia,
1796 3102 1906 3155 vir-

324 3204 438 3251 tute
478 3204 533 3249 et
573 3194 885 3264 operatione
931 3192 1131 3247 nullum
1178 3193 1306 3248 sinit
1352 3195 1519 3259 abuti,
1548 3194 1690 3249 sicut
1731 3206 1906 3264 neque

324 3285 588 3356 sapientia
614 3294 667 3339 et
687 3284 956 3339 intellectu
986 3291 1041 3339 et
1060 3283 1291 3349 ratione,
1318 3285 1570 3353 quoniam
1593 3284 1729 3339 haec
1758 3292 1901 3350 sunt,

324 3390 466 3444 quae
496 3373 843 3443 principalem
880 3381 1106 3427 naturae
1138 3384 1355 3428 nostrae
1387 3375 1666 3443 possident
1698 3375 1902 3429 sedem.

328 3466 518 3525 Mediis
543 3474 722 3519 autem
754 3472 980 3519 naturae
1008 3465 1184 3529 bonis,
1211 3474 1269 3519 ut
1295 3474 1377 3520 est
1404 3466 1674 3537 ingenium
1705 3475 1759 3521 et
1788 3481 1910 3521 sen-

330 3573 423 3612 sus
451 3556 713 3626 corporis,
738 3564 793 3610 et
833 3554 951 3624 ipso
986 3568 1209 3623 corpore
1250 3555 1615 3625 extremisque
1645 3557 1820 3627 bonis,
1848 3564 1910 3611 ut

328 3656 455 3703 sunt
494 3662 578 3711 ea,
604 3660 743 3717 quae
770 3654 923 3700 extra
966 3661 1062 3700 nos
1091 3654 1215 3699 sunt
1259 3645 1310 3698 in
1362 3660 1540 3700 rerum
1570 3646 1908 3702 sensibilium

326 3739 612 3793 ordinibus
653 3738 966 3800 constituta,
1017 3747 1071 3791 et
1099 3736 1234 3792 bene
1280 3738 1357 3791 uti
1401 3746 1455 3792 et
1494 3739 1631 3793 male
1669 3748 1909 3810 potestas

331 3828 510 3885 datur.
544 3827 817 3898 Ingenium
856 3827 1052 3898 quippe
1088 3828 1333 3883 naturale
1369 3830 1566 3883 bonum
1602 3839 1705 3895 est,
1736 3832 1911 3885 homi-

331 3921 597 3990 nibusque
623 3936 651 3974 a
694 3920 803 3982 Deo
825 3921 1005 3975 datum
1031 3921 1098 3977 ad
1144 3923 1423 3992 cogitanda
1450 3924 1471 3954 "
1495 3931 1549 3977 et
1588 3924 1908 3978 invenienda

328 4011 481 4069 utilia
510 4021 565 4065 et
594 4011 840 4067 honesta.
876 4011 941 4088 Et
967 4010 988 4043 ⁸
1028 4020 1203 4066 tamen
1232 4028 1486 4083 perversa
1515 4014 1762 4069 voluntas
1792 4030 1856 4069 eo
1886 4015 1907 4046 ⁹

328 4104 589 4168 abutitur,
611 4118 876 4174 quaerens
903 4105 1122 4159 nocivas
1146 4113 1199 4159 et
1224 4106 1555 4171 perniciosas
1575 4107 1908 4172 occasiones,

326 4194 521 4262 quibus
564 4192 794 4262 decipiat
834 4200 887 4246 et
916 4194 1102 4261 perdat
1140 4208 1275 4262 quos
1317 4194 1564 4264 decipere
1605 4203 1659 4250 et
1686 4196 1909 4264 perdere

326 4286 492 4355 cupit.
517 4283 807 4341 Oculorum
839 4298 1047 4348 sensus,
1074 4292 1131 4336 ut
1160 4286 1225 4338 de
1253 4285 1448 4338 ceteris
1487 4294 1717 4350 taceam,
1749 4294 1906 4339 natu-

326 4377 438 4430 rale
477 4376 677 4431 bonum
704 4383 809 4441 est,
833 4383 887 4429 et
916 4390 946 4429 a
985 4375 1095 4429 Deo
1125 4375 1307 4429 datum
1341 4375 1406 4429 ad
1433 4376 1727 4445 corporalis
1772 4377 1907 4432 lucis
1938 4365 1983 4424 D

325 4468 712 4539 receptionem,
756 4475 815 4521 ut
844 4482 941 4536 per
968 4482 1086 4520 eam
1121 4474 1176 4521 et
1218 4467 1272 4520 in
1316 4482 1377 4522 ea
1410 4467 1687 4523 rationalis
1726 4468 1904 4521 anima

326 4558 532 4614 formas
570 4567 625 4613 et.
677 4559 885 4627 species
935 4573 1294 4628 numerosque
1342 4558 1671 4630 sensibilium
1725 4574 1903 4613 rerum

327 4649 680 4712 discerneret,
699 4650 856 4718 inque
878 4650 1053 4705 licitos
1079 4666 1204 4705 suos
1230 4666 1359 4706 usus
1387 4665 1451 4705 ex
1479 4651 1557 4705 eis
1579 4650 1905 4722 acciperet“

329 4755 516 4796 verum
546 4749 638 4795 :ct
664 4740 778 4810 ipso
808 4740 946 4796 male
974 4743 1285 4805 abutuntur,
1318 4742 1406 4812 qui
1433 4742 1715 4798 libidinoso
1749 4757 1908 4812 appe-

330 4832 431 4886 titu
482 4830 771 4886 visibilium
812 4830 1105 4886 formarum
1134 4832 1587 4902 pulchritudinem
1619 4842 1901 4904 appetunt,

329 4925 471 4980 sicut
501 4925 576 4978 ait
604 4923 863 4979 Dominus
894 4925 945 4978 in
990 4924 1279 4995 Evangelio
1312 4944 1326 4980 :
1368 4924 1471 4992 Qui
1508 4927 1691 4981 viderit
1715 4925 1904 4981 mulie-

329 5030 435 5068 rem
471 5015 540 5068 ad
570 5014 1037 5083 concupiscendum
1080 5033 1217 5079 eam,
1251 5015 1370 5086 jam
1411 5017 1710 5071 moechatus
1750 5026 1825 5070 est
1853 5017 1906 5071 in

329 5106 484 5159 corde
523 5122 642 5171 suo,
690 5105 968 5165 mulierem
998 5105 1245 5165 videlicet
1285 5107 1557 5183 appellans
1585 5108 1907 5181 generaliter

2009 3098 2319 3155 dominandi
2347 3097 2460 3152 et“
2486 3113 2649 3167 super
2689 3096 2870 3151 omnia
2901 3095 3174 3151 exaltandi
3203 3094 3457 3163 deceptus
3482 3102 3597 3157 est,

2010 3202 2170 3260 atque
2194 3189 2437 3260 peccavit
2458 3191 2718 3244 suadente
2740 3187 2950 3265 diabolo
2986 3202 3050 3242 ac
3075 3188 3287 3242 dicente
3316 3204 3330 3239 :
3368 3184 3434 3238 In
3459 3200 3599 3256 quo-

2009 3299 2208 3353 cunque
2253 3283 2340 3337 die
2383 3282 2708 3337 comederitis
2769 3297 2834 3336 ex
2876 3297 2976 3345 eo,
3021 3280 3294 3350 prohibito
3339 3277 3603 3334 videlicet

2009 3376 2174 3446 ligno,
2203 3374 2505 3446 aperientur
2537 3373 2676 3428 oculi
2698 3371 2875 3438 uestri,
2906 3382 2953 3426 et
2980 3373 3124 3425 eritis
3151 3371 3282 3423 sicut
3304 3370 3401 3433 dii,
3423 3370 3599 3423 scienc

2011 3476 2083 3521 tes
2111 3467 2299 3520 bonum
2336 3475 2384 3520 et
2427 3463 2645 3519 malum.
2689 3462 2733 3517 Ο
2777 3474 2976 3533 quanta
3007 3461 3174 3516 libido
3212 3459 3499 3530 superbiae
3534 3458 3599 3512 in

2011 3560 2103 3614 illo
2136 3568 2276 3624 erat,
2316 3558 2406 3627 qui
2437 3573 2531 3611 sua
2575 3557 2776 3611 virtute
2819 3556 2960 3610 Deus
2999 3568 3118 3609 esse
3160 3551 3437 3622 cupiebat!
3474 3548 3598 3604 Non

2011 3664 2138 3721 ergo
2179 3663 2508 3719 paganorum
2553 3647 2825 3717 impietas,
2852 3645 2934 3699 vel
2976 3643 3300 3700 Iudaeorum
3339 3640 3592 3711 perﬁdia,

2011 3743 2093 3797 vel
2121 3742 2344 3796 aliarum
2376 3741 2649 3794 nationum
2683 3737 2921 3793 fabulosa
2956 3736 3305 3791 deliramenta
3331 3748 3398 3788 ex
3430 3740 3594 3786 natu-

2012 3838 2213 3893 ralibus
2240 3836 2441 3899 causis,
2470 3833 2561 3888 sed
2592 3849 2656 3888 ex
2687 3831 2985 3889 libidinosis
3007 3829 3391 3901 cupiditatibus
3416 3840 3594 3880 vana-

2015 3946 2130 3985 rum
2194 3928 2576 3998 cogitationum
2644 3924 2984 3995 produxere,
3035 3923 3265 3991 ideoque
3327 3921 3380 3974 in
3437 3915 3596 3972 nullo

2010 4036 2199 4077 eorum
2246 4028 2435 4073 natura
2481 4016 2758 4088 punietur,
2793 4015 2884 4070 sed
2930 4014 3113 4069 libido.
3158 4011 3350 4078 Omnia
3387 4009 3595 4079 quippe

2011 4113 2163 4175 vitia,
2208 4126 2344 4180 quae
2380 4108 2671 4163 virtutibus
2710 4106 2981 4163 contraria
3029 4113 3177 4167 sunt,
3227 4110 3596 4168 naturamque

2010 4215 2355 4269 corrumpere
2400 4206 2673 4268 appetunt,
2698 4195 2935 4267 generali
2969 4196 3009 4226 "
3044 4193 3283 4247 libidinis
3320 4188 3593 4244 vocabulo

2012 4291 2187 4346 solent
2220 4289 2498 4360 appellari.
2525 4288 2858 4357 Turpissima
2889 4285 3068 4355 itaque
3098 4283 3262 4340 libido
3297 4280 3593 4352 impiorum

2010 4360 2067 4436 in
2120 4380 2373 4434 falsorum
2431 4378 2662 4432 Deorum
2725 4376 2906 4438 cultu,
2948 4372 3380 4442 perbdorumque
3415 4368 3461 4401 “
3483 4366 3589 4421 Ju-

2012 4473 2267 4527 daeorum
2297 4460 2342 4501 ¹⁹
2374 4470 2426 4523 in
2476 4468 2758 4538 negatione
2779 4465 3044 4529 veritatis,
3081 4464 3411 4531 aliarumque
3447 4475 3592 4530 gen—

2015 4564 2145 4619 tium
2200 4563 2254 4615 in
2309 4560 2609 4615 fabularum
2658 4556 3020 4614 ludibrium”
3071 4553 3468 4613 deliramentis,
3531 4552 3591 4605 in

2013 4652 2319 4707 vanissimis
2360 4651 2659 4721 phantasiis
2705 4664 2910 4712 eorum,
2943 4662 3081 4718 quae
3126 4648 3229 4702 sibi
3268 4647 3439 4700 futura
3478 4646 3589 4699 litt-

2014 4754 2168 4815 gunt,
2196 4745 2319 4799 dhm
2361 4741 2490 4796 nihil
2519 4743 2569 4796 in
2608 4741 2687 4795 eis
2717 4740 2989 4794 invenient
3021 4747 3236 4808 praeter
3276 4737 3590 4806 incompre-

2015 4834 2302 4889 hensibiles
2330 4833 2563 4893 umbras,
2590 4830 2866 4901 suppliciis
2906 4828 3225 4897 relinquitur
3262 4832 3583 4896 torquenda,

2014 4925 2365 4981 universitate
2386 4933 2699 4976 naturarum
2716 4922 2758 4955 ἰ
2776 4922 3037 4975 bonorum
3064 4917 3332 4988 totiusque
3356 4925 3589 4971 naturae

2013 5033 2043 5071 a
2069 5017 2179 5073 Deo
2206 5024 2420 5071 creatae
2449 5014 2682 5083 integra,
2707 5012 3039 5081 plenissima,
3068 5009 3434 5078 impunitaque
3456 5019 3586 5074 per-

2013 5114 2282 5161 manente.
2354 5105 2603 5160 Ceterum
2665 5100 2927 5171 generalis
2994 5100 3232 5154 omninm
3298 5095 3593 5163 impiorum

1628 5198 1884 5252 VARIAE
1922 5194 2324 5252 LECTIONES.

405 5291 416 5320 ¹
444 5288 533 5340 Sic
565 5288 681 5347 CF:
708 5288 749 5342 Α
780 5305 1000 5344 sumere.

327 5375 559 5413 (⁵85κῖὃὲιῆ

1078 5288 1099 5319 ⁸
1128 5287 1218 5343 Sic
1246 5288 1360 5351 CF;
1390 5290 1431 5343 Α
1468 5299 1781 5344 construere.

636 5360 659 5393 ⁵
688 5358 778 5414 Sic
825 5358 943 5423 Cl“;
988 5359 1027 5412 A
1062 5360 1344 5412 contendit.

1859 5287 1880 5320 ³
1902 5286 1992 5343 Sic
2019 5286 2126 5351 CF;
2159 5287 2199 5339 Λ
2239 5283 2467 5338 Relative
2495 5283 2773 5352 siquidem.

1423 5358 1443 5389 ⁶
1474 5357 1562 5411 Sic
1603 5357 1719 5422 CF;
1768 5360 1806 5411 A
1852 5357 2109 5412 naturalis
2151 5356 2288 5409 boni.

2848 5280 2867 5311 ⁸
2904 5280 2995 5333 Sic
3015 5279 3131 5340 CF;
3157 5278 3195 5331 Α
3242 5296 3273 5328 lt
3309 5276 3415 5329 Deo
3454 5292 3584 5340 pro-

2365 5354 2386 5386 '
2423 5353 2513 5405 Sic.
2556 5345 2674 5415 CF;
2701 5355 2756 5424 ᾼ
2788 5360 2834 5424 et
2858 5349 3159 5424 cogitanda.
3373 5361 3484 5400 om.

2482 5424 2523 5454 ¹¹
2556 5422 2854 5485 cupiditatis
2901 5416 3009 5474 om.
3053 5418 3154 5473 CF.
3233 5417 3277 5449 ⁵³
3305 5416 3342 5467 Α
3376 5416 3582 5481 prospi-

2612 5493 2654 5524 ¹⁸
2695 5493 2733 5543 Α
2758 5490 3096 5559 perﬁdorum.
3176 5490 3214 5525 ‘9
3254 5485 3588 5538 Iudaeorum

2048 5428 2086 5459 ¹¹
2118 5428 2162 5482 Α
2208 5425 2262 5479 in
2306 5425 2401 5478 eis.

2031 5497 2071 5529 "
2106 5497 2149 5549 A
2206 5493 2532 5564 generaliter.

328 5432 352 5463 ο
379 5429 416 5483 Α
448 5447 509 5496 eo
535 5438 712 5499 tamen
762 5445 815 5499 p.
866 5445 917 5482 v.
970 5429 1228 5483 abutitur.
1304 5428 1347 5461 ¹⁰
1392 5426 1482 5483 Sic
1510 5428 1624 5491 CF;
1654 5428 1692 5481 A
1733 5431 1968 5499 accipiet.

331 5499 491 5553 ciens.
592 5498 633 5530 ν’
665 5511 712 5551 et
743 5498 849 5553 em.
892 5500 951 5552 Α.
1032 5499 1077 5531 ³⁸
1109 5498 1147 5551 Α
1179 5499 1435 5552 naturalis
1475 5499 1611 5551 lieni.
1692 5500 1734 5529 ¹⁶
1757 5498 1839 5551 CF
1872 5516 1952 5551 ac.

333 5582 441 5622 (tot.
475 5569 513 5622 Δ
624 5569 667 5599 ²⁶
691 5569 778 5623 Sic
799 5568 915 5633 CF;
950 5571 987 5621 Α
1026 5568 1276 5637 falsarum
1310 5569 1601 5622 libidinum.
1678 5568 1717 5599 ³⁵
1751 5567 1794 5622 Α
1822 5568 2159 5623 naturalium.
