3952 6162
303 256 366 309 77
1117 259 1206 313 DE
1247 258 1584 316 DlV'lSiONE
1624 261 1971 319 NATUllAE.
2014 296 2073 305 -—
2120 266 2323 322 LIBER
2363 268 2683 336 QUINTUS.

3412 278 3513 333 978

265 380 433 438 poena
463 365 589 431 erit,
620 370 682 420 ut
713 378 871 436 saepe
907 366 1161 435 diximus,
1204 369 1379 424 luctus
1415 378 1469 424 et
1506 371 1722 424 tristitia
1771 372 1837 425 de
1865 378 1914 437 Α
1942 376 2046 430 niis
2069 376 2372 432 divinarum
2395 378 2653 433 \‘irlulttm
2681 380 2879 435 laboris
2905 382 2985 435 sui
3015 385 3336 449 mercedem,
3369 387 3520 443 insu—

269 460 507 514 absentia
556 467 610 513 et
655 457 956 527 perditione
1002 474 1203 523 rerum,
1248 461 1443 529 quibus
1481 461 1534 514 in
1584 462 1687 516 hac
1732 461 1842 514 vita

271 546 705 612 delectabantur,
769 562 996 616 quarum
1048 550 1361 618 phantasias
1412 565 1624 618 semper
1679 550 1843 604 veluti

270 649 392 702 prae
436 635 609 688 oculis
647 636 955 701 habebunt,
993 653 1131 707 quas
1165 639 1620 706 comprehendere
1654 640 1849 693 arden-

270 737 349 781 ter
374 725 651 793 cupientes
669 725 985 793 nequibunt,
1014 728 1266 795 quoniam
1294 726 1423 780 nihil
1454 735 1598 789 sunt,
1627 727 1846 795 cupien-

271 825 350 870 tes
380 814 801 869 consolationem
847 815 1045 868 hahere
1078 814 1131 869 in
1167 813 1184 846 ί
1217 816 1319 880 his,
1347 830 1485 883 quae
1519 816 1852 884 desperatio-

270 918 389 958 nem
436 905 685 972 ingerunt
729 910 785 956 et
829 903 1271 972 inquietudinem.
1328 902 1465 957 llinc
1506 904 1678 957 Oritur
1726 918 1845 957 sera

270 993 638 1062 poenitentia.
704 993 1016 1061 inutilisque
1075 993 1461 1047 consolationis
1515 993 1847 1063 postulatio,

271 1085 410 1155 quod
439 1100 534 1155 per
572 1085 806 1155 linguam
837 1085 1019 1139 divitis
1045 1085 1308 1155 guttulam
1338 1100 1512 1154 aquae
1537 1086 1603 1140 de
1636 1099 1848 1139 summo

272 1177 435 1246 digito
481 1177 735 1246 pauperis
784 1174 975 1230 Lazari
1018 1177 1250 1244 petentis
1293 1183 1349 1229 et
1404 1175 1660 1235 dicentis,
1721 1174 1847 1245 quia

270 1270 474 1322 crucior
496 1268 553 1320 in
591 1268 691 1320 hac
718 1268 955 1336 ﬂamma,
1002 1264 1359 1337 significatur.
1403 1265 1607 1335 Lingua
1653 1264 1850 1333 quippe

270 1358 643 1430 postulationis
670 1358 857 1412 auxilii
898 1358 1113 1411 ﬂamma
1164 1359 1350 1412 tardae
1386 1357 1453 1410 dc
1481 1356 1692 1410 delictis
1724 1369 1853 1421 poe-

273 1454 531 1507 nitentiae
558 1493 571 1519 ,
633 1468 774 1523 aqua
827 1452 1138 1520 refrigerii,
1193 1452 1415 1522 digitus,
1453 1434 1850 1506 distributionis

278 1548 616 1610 meritorum,
648 1561 754 1615 qua
794 1546 1088 1600 creduntur
1136 1545 1313 1599 sancti
1355 1544 1645 1613 posthch
1685 1542 1851 1595 vitam

274 1645 432 1700 posse
482 1642 756 1701 praestare
806 1631 1063 1685 auxilium
1112 1631 1215 1693 his,
1247 1630 1338 1699 qui
1379 1630 1431 1682 in
1468 1625 1656 1698 poenis
1701 1636 1849 1693 sunt,

1943 480 2040 535 per
2063 450 2225 520 etiam
2254 467 2610 522 deificationis
2635 470 2863 537 gratiam
2901 472 3187 540 accipient.
3238 473 3396 528 Aliud
3434 485 3518 531 est

1943 560 2086 613 enim
2105 560 2240 613 intra
2259 570 2482 613 naturae
2500 561 2635 613 bona
2651 576 2885 621 manere,
2905 562 3043 630 quod
3067 556 3392 633 generaliter
3403 580 3517 619 om-

1944 650 2105 703 nibus
2129 651 2306 704 divina
2332 650 2577 719 largitate
2599 652 2977 719 praestabitur,
3000 652 3138 705 aliud
3154 657 3401 709 ’omnem
3427 671 3517 709 na—

1949 746 2119 793 turam
2138 739 2360 809 ejusque
2374 741 2513 795 bona
2538 756 2813 809 superare,
2830 751 2884 795 et
2910 743 2976 796 ad
3017 743 3188 811 ipsum
3214 747 3378 798 Deum
3405 761 3519 814 per-

1947 831 2150 893 venire,
2168 831 2307 899 quod
2332 831 2605 900 proprium
2633 840 2717 885 est
2742 832 2960 885 divinae
2989 835 3210 903 gratiae.
3248 834 3346 889 Ubi
3373 838 3517 893 enim

1949 918 2105 987 fuerit
2155 935 2363 989 corpus,
2405 919 2509 974 hoc
2545 928 2627 975 est
2656 921 2874 985 veritas,
2917 921 3042 975 illuc
3072 926 3521 993 congregabantur

1948 1006 2178 1078 aquilae,
2208 1008 2311 1063 hoc
2333 1018 2414 1062 est
2440 1009 2626 1075 animi,
2660 1011 2749 1079 qui
2781 1025 2901 1064 eam
2931 1013 3345 1082 contemplaturi
3371 1025 3519 1072 sunt.

1949 1099 2015 1152 Et
2045 1099 2235 1152 iterum
2262 1113 2469 1161 eorum,
2500 1101 2591 1168 qui
2616 1101 2873 1156 terminos
2903 1104 3227 1159 naturalium
3256 1107 3522 1162 honorum

1949 1205 2054 1243 non
2077 1190 2350 1245 excessuri
2374 1199 2519 1254 sunt,
2536 1191 2586 1243 in
2610 1189 2798 1246 formis
2819 1193 2861 1225 ¹⁰
2883 1193 3259 1262 imaginalibus
3281 1197 3321 1227 “
3340 1212 3527 1266 specu-

1949 1279 2079 1334 latio
2107 1288 2208 1333 est.
2241 1280 2413 1334 Aliter
2440 1279 2587 1333 enim
2628 1280 3038 1335 considerantur
3074 1282 3125 1335 in
3159 1284 3265 1349 his,
3298 1286 3386 1354 qui
3422 1301 3527 1342 me-

1953 1374 2055 1425 rito
2103 1369 2277 1426 bonae
2315 1371 2739 1426 conversationis
2781 1372 3145 1443 simplicisque
3185 1376 3525 1433 innocentiae

1951 1476 2055 1514 non
2079 1461 2251 1515 solum
2274 1475 2461 1515 omnes
2480 1476 2681 1529 poenas
2704 1463 2937 1525 evasuri,
2965 1479 3153 1519 verum
3179 1466 3338 1520 etiam
3363 1484 3523 1538 prae-

1952 1552 2058 1605 mia
2090 1550 2192 1605 sibi
2214 1550 2478 1620 condigna
2511 1566 2576 1605 ac
2610 1551 2710 1605 soli
2744 1552 2851 1607 Deo
2879 1554 3093 1624 cognita
3136 1559 3422 1625 recepturi,
3451 1559 3524 1612 ita

1952 1653 2086 1697 utet
2112 1643 2155 1673 ¹¹
2186 1642 2447 1696 naturalia
2478 1644 2615 1696 bona
2644 1644 2972 1713 possideant,
3001 1653 3055 1699 et
3099 1645 3526 1716 superafllncntis

277 1732 461 1801 typum
491 1723 649 1791 gerit.
681 1721 759 1775 Ex
796 1721 899 1776 hoc
936 1720 1082 1776 enim
1122 1720 1240 1775 loco
1267 1720 1428 1774 datur
1463 1720 1707 1790 intelligi,
1740 1733 1847 1773 non

1955 1734 2165 1788 divinae
2193 1732 2458 1803 largitatis
2485 1711 2881 1800 quodammodo
2901 1711 3191 1804 participes
3230 1736 3376 1797 fiant,
3418 1751 3525 1789 non

272 1813 442 1868 solum
466 1814 707 1867 viventes
734 1812 910 1867 adhuc
937 1813 989 1867 in
1012 1827 1174 1868 carne
1189 1812 1232 1875 ',
1250 1827 1434 1866 verum
1455 1811 1619 1866 etiam
1649 1809 1848 1880 spolia-

276 1911 352 1955 tas
381 1914 548 1955 carne
582 1901 793 1955 animas
817 1900 1076 1955 auxilium
1109 1912 1416 1955 sanctorum
1449 1908 1634 1969 petere
1672 1913 1848 1969 posse,

270 1991 383 2047 sive
410 1998 469 2043 ut
496 1990 708 2059 penitus
738 1989 1033 2045 liberentur
1060 2005 1091 2044 a
1126 1991 1331 2059 poenis,
1374 1991 1487 2044 sive
1516 2000 1575 2044 ut
1619 1990 1800 2045 minus
1829 1990 1852 2022 ⁸

274 2080 583 2137 crucientur
615 2080 669 2134 in
701 2080 813 2146 eis;
863 2079 1131 2135 incassum
1163 2089 1340 2134 tamen
1368 2088 1573 2148 petere,
1602 2079 1646 2133 si
1672 2078 1725 2132 in
1754 2079 1854 2133 hac

273 2171 458 2225 vitain
481 2169 807 2240 profundum
833 2170 1071 2224 malitiae
1097 2170 1366 2234 cecidere,
1399 2171 1500 2224 hoc
1522 2179 1626 2235 est,
1651 2169 1695 2223 si
1724 2168 1842 2223 nul-

276 2261 380 2316 lum
409 2262 608 2317 bonum
633 2262 687 2317 in
732 2263 834 2317 hac
882 2262 991 2317 vita
1026 2270 1367 2332 peregerunt,
1408 2278 1514 2333 quo
1545 2270 1855 2317 mereantur

271 2351 698 2407 misericordiam
728 2350 781 2404 in
812 2348 1015 2409 futura.
1047 2352 1142 2406 Est
1178 2351 1338 2406 etiam
1368 2351 1472 2406 alia
1502 2351 1675 2419 forma
1728 2364 1855 2418 poe-

273 2456 466 2495 narum
489 2440 739 2497 omnibus
767 2441 945 2511 impiis
980 2442 1312 2507 communis,
1339 2456 1479 2511 quae
1510 2440 1692 2494 omnia
1726 2440 1855 2494 vitia

274 2531 325 2587 in
368 2532 473 2586 hac
501 2532 608 2585 vita
654 2540 983 2601 perpetrata,
1016 2542 1071 2586 et
1098 2533 1151 2585 in
1183 2533 1379 2601 quibus
1401 2546 1576 2600 usque
1604 2531 1672 2584 ad
1699 2544 1854 2598 sepa-

276 2622 542 2676 rationern
571 2622 813 2691 corporis
856 2632 912 2677 et
959 2623 1173 2675 animae
1221 2623 1424 2691 absque
1447 2621 1551 2675 ulla
1578 2621 1856 2689 poeniten-

278 2714 346 2767 tia
399 2722 495 2768 aut
546 2712 725 2782 aliqua
775 2712 1062 2767 occasione
1123 2713 1454 2782 purgationis
1503 2719 1623 2781 post
1661 2724 1856 2778 corpus

276 2813 674 2872 perseveratur,
700 2804 755 2859 in
788 2804 1024 2859 trucibus
1053 2803 1505 2872 horribilibusque
1527 2801 1690 2856 veluti
1715 2801 1858 2855 fero-

277 2897 419 2949 cium
458 2896 753 2950 bestiarum
781 2896 1064 2966 speciebus
1117 2896 1183 2950 ad
1232 2896 1505 2950 cumulum
1555 2902 1854 2950 tormento-

278 3004 393 3042 rum
437 2989 794 3052 administrat,
818 2997 895 3053 ut,
919 3003 1057 3057 quae
1086 2989 1174 3043 hic
1200 2987 1589 3042 delectabiliter
1619 2984 1643 3017 δ
1692 2985 1856 3053 impie

1951 1834 2128 1879 tamen
2157 1821 2391 1878 deiﬁcati
2424 1841 2435 1875 :
2468 1822 2625 1878 aliter
2649 1823 2703 1877 in
2737 1824 2843 1889 his,
2877 1825 2930 1878 in
2970 1826 3165 1894 quibus
3195 1826 3530 1882 solummodo

1950 1924 2177 1969 naturae
2200 1914 2486 1984 integritas
2513 1914 2926 1979 restanrabitur,
2958 1915 3197 1971 malefica
3233 1915 3279 1948 ¹³
3320 1931 3447 1971 vero
3473 1924 3529 1971 et

1951 2007 2239 2062 libidinosa
2260 2005 2494 2060 carnalis
2517 2020 2703 2059 eorum
2736 2006 2881 2060 vitae
2912 2006 3322 2076 intemperantia
3354 2016 3528 2063 aeter-

1953 2096 2036 2150 nis
2058 2095 2312 2164 punietur
2332 2093 2628 2163 suppliciis.
2676 2092 2826 2160 Quae
2870 2095 3118 2150 videlicet
3160 2097 3417 2165 supplicia
3448 2097 3529 2151 di-

1951 2186 2091 2242 vinis
2120 2186 2327 2257 legibus
2356 2186 2628 2249 ordinata,
2654 2194 2897 2249 naturae,
2927 2186 3068 2239 intra
3095 2184 3249 2254 cujus
3274 2187 3529 2242 virtutem

1952 2288 2005 2334 et
2033 2279 2370 2334 sustinentur
2420 2287 2476 2331 et
2518 2277 3070 2346 comprehenduntur,
3100 2294 3365 2348 nusquam
3394 2297 3529 2334 nun~

1953 2386 2114 2440 quam
2160 2378 2284 2423 sunt
2329 2369 2596 2432 nocitura,
2624 2368 2810 2437 ejusve
2842 2369 3295 2439 pulchritudinem
3332 2386 3432 2426 nec
3473 2371 3529 2425 in

1957 2470 2087 2525 toto,
2113 2474 2214 2515 nec
2252 2461 2304 2513 in
2328 2469 2482 2530 parte
2526 2459 2807 2515 infectura.
2843 2459 3215 2531 Unusquisque
3257 2461 3437 2530 itaque
3477 2461 3528 2514 in

1953 2572 2048 2612 sua
2081 2555 2409 2610 conscientia
2441 2554 2580 2606 intra
2611 2551 2955 2621 semetipsum
2999 2561 3088 2605 aut
3129 2551 3366 2621 praemia
3403 2551 3534 2606 rcci-

1956 2648 2088 2717 piet,
2120 2655 2211 2701 aut
2240 2661 2439 2716 poenas
2467 2644 2606 2709 luet;
2634 2643 2746 2712 ipsa
2768 2657 2894 2698 vero
2925 2643 2962 2674 ¹’¹
2992 2628 3262 2696 naturain
3284 2641 3533 2699 omnibus

1955 2737 2124 2791 libera
2158 2734 2514 2805 permanebit.
2543 2733 2812 2788 llactenus
2839 2732 3012 2788 dehis
3044 2747 3057 2784 :
3097 2748 3237 2786 nunc
3276 2733 3341 2786 ad
3387 2731 3531 2786 redi-

1958 2836 2071 2881 tum
2096 2834 2379 2882 creaturae
2406 2825 2457 2878 in
2491 2824 2777 2893 pristinum
2807 2831 3032 2888 statum,
3056 2823 3122 2877 de
3142 2836 3248 2892 quo
3270 2821 3535 2892 principa-

1958 2916 2085 2970 liter
2123 2913 2506 2969 sermocinatio
2553 2921 2657 2977 est,
2696 2911 3050 2966 redeundum.
3098 2913 3243 2965 Dtsc.
3286 2910 3536 2965 Redeun-

1958 3012 2083 3062 dum
2112 3022 2260 3073 sane,
2287 3021 2351 3059 ac
2383 3014 2591 3074 tempus
2613 3003 2779 3072 exigit
2809 3002 3194 3072 prolixitasque
3218 3002 3536 3071 disputatio-

279 3078 587 3132 viventibus
608 3078 993 3143 arrident,illic
1023 3079 1333 3133 terribiliter
1360 3077 1854 3148 appareantjustis-

1960 3098 2060 3151 nis.
2091 3096 2160 3150 Et
2192 3069 2402 3159 vereor,
2425 3069 2509 3148 ne
2532 3092 2669 3147 forte
2698 3069 2923 3160 his,_qui
2962 3069 3150 3147 lecturi
3179 3069 3322 3155 sunt,
3358 3091 3537 3146 multi-

279 3169 417 3224 simo
447 3167 703 3239 puniendi
733 3169 908 3222 modo.
935 3167 1072 3234 Quid
1118 3169 1261 3223 enim
1313 3169 1540 3238 aequius
1582 3176 1666 3223 est
1715 3168 1852 3222 divi~

279 3274 489 3329 uaeque
526 3259 846 3314 ordinationi
884 3261 1281 3329 congruentius,
1305 3277 1464 3329 quam
1491 3270 1550 3315 ut
1588 3275 1683 3325 ea,
1718 3276 1879 3329 quae,

279 3350 331 3403 in
362 3350 469 3402 hac
497 3349 605 3402 vita
629 3348 820 3403 illicito
842 3364 1024 3407 amore
1055 3350 1303 3403 ardentes
1327 3358 1623 3419 sequuntur
1650 3347 1855 3417 injusti,

278 3440 332 3494 in
362 3441 471 3495 alia
500 3439 630 3505 vita,
657 3455 797 3509 quae
826 3442 1028 3495 rectius
1065 3450 1317 3496 aeternae
1360 3441 1548 3496 mortis
1596 3440 1857 3496 vocabulo

277 3532 632 3605 significatur,
654 3533 856 3603 ingenti
880 3549 1080 3604 pavore
1102 3535 1273 3589 territi
1306 3534 1509 3604 fugiant
1533 3534 1727 3603 puniti,
1756 3548 1858 3589 nec

278 3632 461 3679 tamen
476 3624 707 3679 evadere
735 3625 946 3678 valituri
970 3626 994 3678 ?
1028 3625 1168 3680 llaec
1199 3634 1378 3680 autem
1404 3640 1593 3681 omnes
1616 3634 1857 3681 ceterae-

275 3729 381 3782 que
422 3713 718 3769 inelfabiles
746 3723 798 3770 et
826 3713 1247 3770 innumerabiles
1280 3731 1574 3784 poenarum
1613 3722 1635 3755 ⁸
1681 3716 1861 3772 varie-

276 3811 416 3858 tates
440 3803 495 3856 in
523 3803 826 3872 phantasiis
859 3819 1036 3858 rerum
1078 3806 1411 3860 sensibilium
1447 3805 1660 3859 futurae
1708 3812 1854 3859 sunt.

278 3893 605 3949 Phantasiae
650 3902 830 3948 autem
863 3896 915 3949 in
969 3895 1246 3949 latissimis
1276 3896 1569 3949 memoriae
1603 3894 1811 3963 campis
1838 3893 1859 3926 °

275 3985 391 4040 sive
439 3986 525 4040 hic
559 3987 670 4041 sive
701 3986 810 4041 illic
838 3987 1239 4041 ordinatissime
1267 3992 1288 4024 "
1312 3987 1688 4055 disponuntur.
1718 3985 1860 4051 Quo-

273 4093 395 4131 rum
453 4079 660 4147 primus
706 4088 788 4134 est
843 4094 1050 4144 earum,
1075 4094 1213 4149 quae
1250 4095 1346 4148 per
1372 4080 1567 4144 visum,
1594 4078 1861 4133 secundus

274 4182 492 4232 earum,
513 4183 650 4238 quae
676 4184 775 4239 per
796 4170 1057 4234 auditum,
1093 4170 1284 4224 tertius
1333 4185 1518 4223 earum
1537 4207 1552 4233 ,
1579 4183 1719 4238 quae
1764 4183 1864 4238 per

275 4256 564 4322 olfactum,
586 4267 809 4327 quartus
841 4275 1050 4323 earum,
1075 4274 1215 4328 quae
1239 4274 1336 4329 per
1373 4271 1611 4329 gustum,
1642 4258 1862 4327 quintus

270 4360 488 4411 earum,
511 4362 647 4416 quae
677 4362 772 4416 per
792 4358 1014 4412 tactum,
1048 4349 1212 4404 veluti
1253 4364 1348 4418 per
1394 4351 1630 4418 quinque
1675 4358 1860 4418 portas

1957 3188 2081 3258 plex
2110 3187 2471 3257 perplexaque
2518 3184 2811 3237 earundem
2862 3198 3039 3236 rerum
3092 3182 3341 3251 repetitio
3382 3182 3535 3237 fasti-

1958 3274 2104 3328 dium
2134 3272 2338 3343 gignat.
2365 3271 2502 3326 MAG.
2539 3269 2799 3339 Perplexa
2830 3269 3052 3323 materia
3081 3268 3538 3323 difiicillimarum-

1957 3376 2063 3432 que
2092 3375 2270 3415 rerum
2302 3358 2577 3412 anfractus
2602 3356 2948 3426 multiplicem
2986 3357 3404 3426 perplexamque
3446 3372 3535 3410 ra-

1959 3450 2357 3507 tiocinationem
2389 3448 2627 3517 exigunt,
2663 3455 2718 3500 et
2745 3446 2988 3500 fortassis
3012 3460 3117 3499 non
3145 3446 3389 3507 deerunt,
3417 3445 3535 3513 qni-

1958 3545 2060 3600 bus
2080 3543 2251 3615 magis
2274 3541 2508 3612 placebit
2547 3538 2800 3608 frequens
2843 3539 3135 3594 earundem
3166 3554 3345 3594 rerum
3382 3553 3536 3608 repe-

1959 3632 2096 3698 titio,
2150 3646 2310 3701 quam
2358 3630 2538 3686 brevis
2583 3630 2892 3698 cursimque
2953 3629 3258 3700 ingrediens
3311 3629 3377 3683 de
3429 3629 3534 3694 his,

1958 3739 2099 3795 quae
2138 3738 2298 3792 saepe
2342 3722 2539 3777 mentis
2577 3722 2749 3776 aciem
2799 3720 3027 3791 fugiunt,
3074 3719 3360 3788 iutitnatio,
3397 3734 3537 3790 quae

1957 3815 2094 3871 solet
2115 3813 2325 3869 facilius
2351 3813 2568 3868 cludere
2601 3814 2819 3867 obtrusa
2836 3828 2996 3881 quam
3040 3812 3271 3880 aperire,
3320 3820 3375 3867 et
3416 3827 3535 3866 am-

1959 3904 2252 3975 phiboliam
2282 3902 2482 3957 inferre
2506 3917 2666 3971 quam
2695 3900 2996 3969 “expellere.
3045 3901 3192 3955 Dtsc.
3234 3901 3536 3970 Ingredere,

1959 4008 2067 4063 quo
2090 4003 2144 4048 et
2172 3991 2317 4061 quali
2349 3991 2505 4044 modo
2535 3989 2648 4052 vis;
2681 3996 2890 4041 tantum
2920 3995 2977 4040 ut
3003 3988 3351 4056 principalem
3378 4003 3539 4057 quae-

1960 4083 2213 4147 stionem,
2243 4095 2382 4151 quac
2409 4080 2475 4133 de
2516 4077 2691 4131 reditu
2715 4083 2817 4142 est,
2857 4076 3057 4145 absque
3095 4076 3217 4131 ullis
3252 4076 3536 4131 incidenti-

1958 4174 2059 4229 bus
2085 4168 2488 4242 quaestionibus
2513 4166 2790 4222 discutias.
2819 4166 3120 4221 lneidentes
3147 4166 3339 4235 quippe
3369 4179 3536 4234 quac-

1962 4265 2165 4321 stiones
2184 4262 2345 4316 ﬁnem
2370 4257 2715 4328 disputationi
2747 4257 3045 4327 impediunt
3072 4256 3366 4326 imponere.
3396 4254 3535 4310 MAG.

1964 4357 2040 4411 De
2061 4351 2294 4426 generali
2325 4351 2485 4405 totius
2511 4347 2781 4403 sensibilis
2802 4355 3080 4401 creaturae
3102 4346 3154 4400 in
3189 4359 3381 4400 causas
3408 4360 3537 4399 suas

272 4436 553 4488 civitatem
600 4436 813 4491 animae
873 4436 1094 4491 intrant.
1154 4416 1389 4504 Οιιείιοιιιιι
1414 4416 1424 4418 ἡ
1450 4416 1857 4507 phantasiarum
1890 4416 1937 4474 D
1966 4416 2140 4506 reda“
2156 4448 2307 4503 ﬁnito
2328 4446 2526 4500 mundo
2539 4444 2843 4508 docuimus‘
2859 4451 2913 4496 et
2929 4444 3275 4497 ηυηοίιθῃηη
3294 4441 3539 4511 specia“-

268 4525 416 4579 duae
457 4521 664 4578 formae
689 4532 835 4578 sunt.
862 4523 981 4579 Una
1007 4540 1214 4590 earum,
1246 4524 1296 4578 in
1324 4525 1518 4594 quibus
1547 4524 1651 4590 his,
1685 4524 1779 4592 qui
1804 4526 1855 4580 in

268 4618 378 4673 hac
407 4619 522 4672 vita
551 4619 706 4682 bene,
729 4620 822 4674 sed
846 4636 950 4675 non
974 4636 1181 4677 summe
1210 4624 1479 4688 vixerunt,
1527 4639 1858 4693 praeparan-

269 4720 360 4763 tur
390 4710 670 4779 praemia;
703 4710 829 4774 alia,
858 4712 911 4765 in
937 4712 1131 4781 quibus
1161 4700 1264 4779 his,
1312 4713 1405 4782 qui
1460 4713 1599 4768 male
1646 4716 1854 4779 vivunt,

268 4799 662 4867 dispensentur
682 4801 958 4871 supplicia.
1000 4801 1274 4871 Siquidem
1317 4805 1519 4868 sancti,
1549 4804 1639 4873 qui
1680 4806 1856 4860 adhuc

269 4890 327 4945 in
359 4906 532 4947 carne
553 4894 1063 4959 constituti,virtute
1085 4896 1312 4950 actionis
1335 4906 1390 4950 et
1428 4896 1687 4951 scientiae
1735 4912 1859 4952 car—

270 4994 403 5036 nem
436 4992 491 5036 et
514 4985 768 5039 mundum
798 4986 820 5018 ⁸
847 5000 1011 5055 seque
1059 4987 1204 5056 ipsos
1241 4994 1557 5056 superantes
1582 5002 1750 5055 usque
1792 4987 1860 5041 ad

201 5146 215 5156 .
270 5070 458 5140 ipsum
485 5072 648 5127 Deum
677 5074 957 5131 altitudine
981 5077 1449 5146 contemplationis
1475 5079 1857 5143 ascenderunt,

274 5176 384 5216 non
408 5162 466 5216 in
492 5163 787 5231 phantasiis
814 5181 990 5220 rerum
1022 5167 1378 5232 sensibilium,
1396 5168 1488 5223 sed
1521 5167 1574 5221 in
1600 5168 1862 5237 theopha-

1965 4550 2045 4596 ter
2059 4542 2125 4595 de
2144 4539 2316 4593 reditu
2339 4538 2605 4591 humanae
2631 4545 2854 4589 naturae
2882 4537 3075 4588 docere
3096 4520 3369 4591 debemus.
3401 4532 3538 4589 Tota

1964 4632 2145 4699 itaque
2165 4627 2472 4681 humanitas
2499 4628 2550 4681 in
2570 4627 2706 4695 ipso,
2731 4626 2821 4696 qui
2837 4641 2955 4680 eam
2976 4634 3136 4679 totam
3161 4625 3466 4694 assumpsit,
3484 4625 3537 4679 in

1964 4719 2248 4789 pristinum
2278 4731 2563 4771 reversura
2591 4724 2674 4770 est
2713 4725 2933 4779 statum,
2966 4714 3016 4768 in
3058 4714 3236 4770 Verbo
3264 4714 3354 4769 Dei
3388 4715 3538 4768 vidc-

1966 4810 2089 4865 licet
2119 4810 2417 4863 incarnato.
2450 4805 2551 4873 Qui
2581 4806 2786 4861 reditus
2828 4806 3035 4860 duobus
3074 4805 3249 4860 modis
3294 4805 3541 4860 conside-

1964 4912 2137 4966 ratur,
2170 4914 2398 4968 quorum
2434 4913 2573 4952 unus
2593 4907 2695 4961 est,
2725 4897 2815 4966 qui
2843 4894 3004 4950 lotius
3028 4896 3292 4951 humanae
3315 4903 3540 4950 naturae

1967 4994 2124 5048 docet
2172 4991 2225 5044 in
2283 4990 2499 5045 Christo
2571 4988 3042 5052 restaurationem,
3084 4988 3221 5042 alter
3267 5003 3416 5050 vero,
3447 4986 3540 5056 qui

1972 5097 2075 5135 non
2101 5080 2267 5135 solam
2301 5079 2469 5146 ipsam
2495 5078 2941 5131 restaurationem
2975 5077 3297 5145 generaliter
3332 5076 3541 5146 perspi-

1972 5172 2065 5237 cit,
2096 5186 2285 5229 verum
2308 5170 2466 5223 etiam
2494 5182 2707 5231 eorum,
2738 5169 2827 5242 qui
2858 5168 2911 5222 in
2948 5168 3118 5238 ipsum
3150 5171 3316 5223 Deum
3351 5181 3550 5247 ascen:

1562 5298 1817 5354 VARIAE
1856 5297 2254 5355 LECTIONES.

352 5433 367 5462 ³
404 5431 449 5484 Α
475 5448 536 5486 ex
562 5434 664 5487 his.
742 5437 763 5466 ³
790 5435 828 5487 Α
860 5435 913 5488 in
950 5453 1105 5490 carne
1135 5437 1327 5490 adhuc.

272 5517 392 5554 om.
442 5503 506 5554 A.
597 5504 735 5559 “Sic
782 5503 906 5567 CF;
962 5507 1002 5558 Α
1037 5508 1194 5561 nivis.

274 5583 816 5645 iungetnAnaturam.
894 5575 936 5608 ¹⁰
977 5576 1014 5627 Α
1048 5576 1282 5643 biformis
1314 5574 1627 5645 speculatio.

281 5639 328 5675 λδ
369 5640 467 5695 Sic
497 5641 681 5708 CF;A
734 5645 1009 5715 maleﬁcia.
1090 5639 1131 5677 ""
1172 5663 1285 5698 vero
1313 5639 1421 5701 om.
1450 5644 1552 5703 (LF.

1405 5436 1425 5467 ³
1454 5434 1545 5490 Sic
1575 5434 1648 5497 A;
1684 5432 1767 5487 CF
1791 5434 1967 5487 utilius
1998 5435 2327 5489 crucientur.

1292 5508 1311 5537 ⁷
1348 5505 1439 5560 Sic
1658 5506 1697 5556 Α
1740 5504 2137 5579 ot‘dittatissimi.

1738 5576 1774 5604 ¹¹
1819 5574 1908 5628 Sic
1950 5574 2023 5639 l";
2060 5575 2425 5649 imaginalibus
2450 5590 2555 5630 om.
2591 5574 2629 5625 Α
2660 5589 2673 5637 ;
2703 5572 2742 5626 C
2774 5570 3099 5639 imaginibus.

2405 5435 2425 5467 ⁸
2453 5434 2542 5490 Sic
2563 5433 2647 5489 CF
2669 5450 2683 5499 ;
2713 5434 2755 5486 A
2789 5430 3132 5486 delectabilia.
3208 5432 3231 5463 ⁸
3256 5447 3541 5499 poenarum

3078 5501 3099 5533 ⁹
3128 5502 3170 5554 Α
3205 5499 3345 5553 aliud
3369 5510 3540 5554 autem

3078 5590 3099 5623 :.
3182 5571 3223 5600 "
3263 5580 3308 5623 et
3338 5584 3443 5623 om.
3478 5572 3540 5623 Α.

3263 5584 3308 5623 ει
3338 5584 3443 5624 om.
3478 5584 3543 5626 Α.

2242 5505 2263 5536 ⁸
2287 5505 2331 5557 Α
2366 5520 2582 5560 carnem
2624 5505 2991 5568 mundumque.
