3952 6162
358 189 461 247 9'79

1739 198 2022 255 JOAXNIS
2057 200 2249 259 SCOTf

3506 215 3605 271 980

335 300 466 357 .suri
493 308 635 365 sunt,
673 300 1054 355 beatitudinem
1081 310 1132 356 et
1162 302 1569 357 tlcilicazioncm.
1595 305 1752 359 Aliud
1780 306 1920 361 cnim
1950 313 1998 372 Α
2028 312 2124 368 sed
2173 328 2278 369 non
2317 328 2501 370 omnes
2553 316 2971 371 immutabimur.
3023 316 3157 371 Nam
3203 318 3292 386 qui
3339 319 3408 373 ab
3458 320 3608 376 initio

356 400 440 443 est
465 390 516 442 in
547 389 851 458 paradisum
882 390 1075 453 redire,
1117 390 1257 444 aliud
1292 392 1355 446 de
1405 393 1546 463 ligno
1578 395 1719 449 vitae
1758 411 1941 452 come-

355 480 501 533 dere.
527 480 772 547 Legimus
792 480 1006 548 quippe,
1023 481 1252 550 primum
1278 483 1549 538 hominem
1565 486 1630 539 ad
1653 487 1937 558 imaginem

354 576 407 622 et
449 568 849 622 similitudinem
894 570 985 623 Dei
1035 569 1254 636 factum,
1302 571 1355 625 in
1405 574 1656 641 paradiso
1705 578 1936 646 positum

354 655 539 721 fuisse,
555 657 647 710 sed
671 674 774 712 non
799 658 1043 729 legimus,
1067 675 1188 715 eum
1207 661 1273 715 de
1300 662 1441 731 ligno
1458 664 1600 718 vitae
1619 669 1933 723 comedisse.

356 748 491 800 Esus
515 748 779 816 siquidem
813 751 1064 818 prohibiti
1107 752 1236 823 ligni
1260 754 1276 784 ¹
1302 755 1730 826 praeoccupatus
1755 760 1940 815 dulce-

352 836 477 890 dine
501 837 624 905 ligni
656 840 798 893 vitae
825 843 844 872 ²
875 851 957 894 est
986 844 1239 911 expulsus
1268 863 1279 897 :
1310 844 1553 901 futurum
1587 850 1782 920 quippe
1820 861 1939 906 erat

351 931 400 982 ei
434 931 497 983 de
534 931 673 1001 ligno
706 934 846 986 vitae
877 936 1059 999 edere,
1085 937 1127 989 si
1160 937 1356 992 divinis
1396 942 1700 1010 praeceptis
1737 942 1938 997 voluis-

351 1032 431 1073 set
458 1037 682 1089 parere;
715 1022 944 1078 feliciter
967 1034 1144 1079 tamen
1174 1027 1413 1093 vixisset,
1437 1030 1599 1083 etiam
1622 1031 1934 1100 priusquam

351 1112 414 1164 de
464 1112 606 1182 ligno
647 1115 787 1167 vitae
830 1118 1135 1170 eomederct
1165 1117 1206 1182 ³,
1237 1118 1283 1170 si
1340 1120 1544 1188 absque
1591 1136 1765 1186 mora,
1790 1133 1938 1191 post-

348 1217 509 1270 quant
542 1216 758 1257 creatus
784 1216 884 1268 cst,
919 1223 1025 1259 non
1068 1215 1336 1276 peccaret.
1370 1207 1471 1262 Ubi
1505 1210 1662 1263 datur
1691 1211 1932 1282 intelligi,

352 1294 490 1361 quo!
525 1302 631 1347 tota
679 1307 863 1348 nostra
898 1306 1109 1359 natura,
1144 1312 1283 1365 quae
1322 1299 1647 1365 generaliter
1670 1301 1935 1357 vocabulo

347 1384 580 1438 hominis
602 1386 665 1437 ad
704 1386 990 1454 imaginem
1025 1395 1079 1441 et
1108 1387 1513 1443 similitudinem
1547 1390 1639 1446 Dei
1683 1391 1810 1447 facti
1854 1394 1931 1449 si-

347 1473 648 1543 gnificatur.
677 1475 726 1529 iu
751 1477 1079 1545 paradisum,
1113 1478 1214 1534 hoc
1236 1488 1337 1546 cst,
1364 1480 1414 1534 in
1438 1482 1721 1550 pristinam
1749 1484 1937 1539 condi-

350 1569 511 1621 tionis
547 1583 677 1622 suae
716 1568 1030 1639 dignitatem
1071 1584 1351 1626 reversura
1401 1572 1494 1638 sit,
1536 1573 1589 1628 in
1635 1574 1721 1628 his
1754 1583 1932 1632 autem

2038 402 2218 456 mundi
2252 418 2422 473 usque
2466 405 2533 458 ad
2585 405 2876 460 secundum
2916 406 3125 461 Domini
3170 406 3478 473 adventum,
3510 411 3609 466 hoc

2036 499 2139 553 est,
2164 506 2333 559 usque
2361 492 2427 545 ad
2456 490 2614 547 flncm
2639 492 2803 548 seculi
2831 495 3186 561 mortuisunt,
3209 504 3264 550 et
3293 498 3605 565 moriuntur,

2035 591 2089 635 et
2117 584 2363 638 morituri
2407 596 2533 639 sunt
2556 587 2599 618 "
2617 626 2631 653 ,
2660 601 2767 642 non
2793 588 3048 643 continuo
3073 589 3275 658 absque
3303 589 3410 644 ulla
3437 606 3604 658 mora,

2036 687 2222 748 verum
2258 674 2589 745 interpositis
2628 676 3014 747 temporalibus
3041 679 3232 748 spatiis
3261 683 3610 736 resurrectio-

2037 746 2158 816 nem
2187 778 2472 834 corporum
2501 764 2545 797 “
2564 746 2899 821 communem
2926 776 3231 836 expectant,
3258 779 3473 839 praeter
3497 785 3611 837 eos,

2036 852 2125 920 qui
2171 867 2293 907 cum
2338 852 2556 908 Christo
2591 868 3001 911 resurrexerunt
3031 875 3045 910 :
3086 856 3159 911 illi
3189 873 3348 923 vero,
3393 875 3529 928 quos
3557 861 3612 915 in

2036 955 2199 997 carne
2222 942 2460 999 viventes
2490 943 2612 998 ﬁnis
2641 946 2824 1000 mundi
2853 955 2908 1000 et
2935 948 3196 1002 adventus
3225 948 3433 1004 Domini
3467 951 3617 1005 inve-

2035 1034 2164 1097 niet,
2194 1051 2299 1090 non
2326 1036 2497 1092 solum
2525 1038 2812 1105 dormient,
2844 1054 3031 1093 verum
3058 1040 3221 1095 etiam
3250 1040 3615 1096 immutabun-

2037 1131 2157 1187 tur;
2193 1123 2339 1179 nullo
2367 1126 2563 1197 quippe
2593 1129 2874 1199 temporali
2905 1129 3078 1199 spatio
3106 1130 3425 1200 interposito
3452 1132 3615 1187 simul

2036 1212 2302 1267 dormient
2324 1223 2378 1267 et
2403 1211 2751 1286 evigilabunt,
2778 1219 2883 1273 hoc
2902 1227 3006 1285 est,
3028 1219 3327 1276 morientur
3350 1230 3404 1276 et
3434 1237 3615 1276 resur-

2035 1309 2180 1367 gent,
2209 1302 2349 1357 sicut
2375 1303 2487 1373 ipse
2512 1305 2785 1374 apostolus
2813 1307 2962 1373 dicit,
3001 1308 3056 1362 in
3095 1317 3383 1374 momento,
3417 1310 3470 1364 in
3503 1312 3614 1366 ictu

2034 1389 2197 1455 oculi,
2226 1391 2301 1446 ita
2327 1400 2384 1446 ut
2408 1393 2527 1464 plus
2552 1394 2851 1451 immutatio
2876 1397 2930 1451 in
2960 1396 3059 1462 eis,
3090 1412 3252 1468 quam
3279 1414 3426 1454 mors
3451 1400 3617 1470 perti-

2034 1482 2228 1537 ciatur.
2260 1482 2541 1551 Quomodo
2566 1487 2709 1542 enim
2738 1503 2886 1543 mors
2912 1487 3246 1561 intelligitur,
3284 1491 3373 1544 ubi
3403 1491 3612 1546 nullum

2034 1572 2264 1641 spatium
2293 1573 2436 1629 inter
2462 1575 2663 1629 exitum
2696 1575 2765 1631 de
2804 1577 2908 1632 hac
2928 1577 3040 1632 vita
3067 1618 3084 1643 ,
3133 1585 3189 1633 et
3236 1580 3520 1633 transitum
3556 1581 3612 1634 in

346 1659 700 1726 solummodo,
741 1661 833 1730 qui
873 1663 894 1692 ⁸
936 1662 1273 1719 deiﬁcatione
1313 1666 1456 1737 digni
1502 1676 1647 1730 sunt,
1678 1667 1808 1739 ligni
1851 1669 1932 1724 vi-
1963 1654 2005 1713 Β
2034 1663 2258 1719 alteram
2315 1666 2724 1738 interponetur?
2789 1667 2892 1734 Qui
2945 1676 3128 1722 autem
3194 1670 3611 1736 transtulerunt.

348 1757 432 1802 tac
459 1748 685 1806 fructum
735 1752 1095 1823 participabit.
1142 1754 1298 1824 Ligni
1348 1768 1529 1811 autem
1571 1759 1735 1823 vitae,
1785 1760 1928 1829 quod

344 1850 427 1895 est
457 1841 725 1907 Christus,
757 1843 966 1902 fructus
994 1855 1075 1901 est
1123 1849 1282 1903 beata
1330 1849 1458 1915 vita,
1489 1866 1593 1921 pax
1624 1861 1841 1908 aeterna
1873 1856 1929 1910 in

344 1935 795 2005 contemplatione
834 1937 1101 2002 veritatis,
1133 1954 1271 2008 quae
1299 1941 1519 2011 proprie
1546 1940 1745 1996 dicitur
1770 1943 1894 1997 deiﬂ
1912 1974 1926 1985 -

348 2026 508 2079 cutio.
544 2026 637 2080 Est
666 2030 804 2080 enim
846 2027 995 2080 beata
1037 2028 1164 2093 vita,
1192 2038 1253 2083 ut
1296 2030 1373 2085 ait
1410 2032 1760 2102 Augustinus,
1798 2050 1930 2103 gau-

346 2117 490 2169 dium
521 2117 584 2170 de
609 2119 835 2180 veritate,
867 2135 1000 2188 quae
1025 2129 1098 2173 est
1136 2119 1393 2176 Christus.
1439 2123 1503 2177 Et
1544 2123 1791 2179 fortassis
1826 2126 1928 2182 hoc

344 2215 427 2257 cst
455 2205 595 2274 quod
635 2206 713 2259 ait
751 2206 1076 2275 Apostolus:
1109 2208 1302 2265 Omnes
1328 2213 1537 2282 quidem
1568 2231 1927 2285 resurgemus,

342 2293 432 2346 sed
457 2311 556 2348 non
580 2312 755 2349 omnes
775 2297 1185 2353 immutabimur.
1207 2300 1299 2355 Sic
1326 2302 1473 2356 enim
1496 2303 1648 2358 multi
1675 2320 1736 2359 ac
1756 2304 1927 2375 l'pene

342 2397 530 2437 omnes
554 2385 695 2439 lmnc
742 2385 916 2440 locum
958 2387 1197 2456 Apostoli
1244 2389 1311 2444 de
1339 2388 1545 2447 Graeco
1575 2392 1627 2446 in
1675 2391 1925 2448 Latinum

345 2473 753 2528 transtulerunt.
787 2476 862 2529 Ac
893 2475 935 2529 si
967 2484 1149 2545 aperte
1180 2477 1385 2534 diceret
1416 2498 1428 2533 :
1461 2480 1662 2537 Omnes
1689 2498 1808 2548 nos,
1833 2485 1926 2554 qui

343 2562 587 2617 homines
639 2580 845 2630 sumus,
893 2567 1106 2622 nemine
1154 2577 1401 2638 excepto,
1455 2571 1511 2625 in
1556 2572 1927 2641 spiritualibus

342 2656 656 2723 corporibus
692 2668 747 2710 et
792 2658 1101 2728 integritate
1154 2662 1477 2715 naturalium
1527 2662 1789 2718 bonorum
1840 2682 1928 2721 rc-

343 2760 643 2815 surgemus,
670 2757 723 2801 et
753 2748 804 2801 in
834 2750 1206 2819 antiquitatem
1237 2752 1446 2821 primae
1476 2755 1803 2811 conditionis
1832 2772 1926 2812 no-

343 2845 489 2889 strae
526 2848 880 2905 revertemur,
928 2843 1020 2896 sed
1066 2859 1172 2897 non
1204 2858 1393 2900 omnes
1436 2846 1843 2901 immutabimur
1872 2850 1924 2904 in

348 2926 705 2981 dciticationis
736 2928 982 3000 gloriam,
1015 2946 1153 3001 quae
1190 2943 1410 3002 superat
1436 2949 1650 2990 omnem
1680 2947 1925 2992 naturam

2032 1768 2210 1809 omnes
2247 1756 2455 1825 quidem
2486 1756 2894 1823 immutabimur,
2923 1758 3015 1813 sed
3047 1775 3152 1814 non
3185 1775 3360 1814 omnes
3384 1760 3615 1815 domic-

2029 1860 2165 1909 mus,
2188 1845 2324 1900 nihil
2347 1845 2490 1900 aliud
2513 1847 2765 1902 videntur
2794 1846 2949 1910 velle,
2982 1848 3082 1904 nisi
3116 1849 3258 1918 quod
3291 1864 3480 1906 omnes
3515 1850 3615 1905 bo-

2029 1931 2205 1987 mines
2251 1933 2306 1987 in
2338 1935 2735 1989 resurrectione
2778 1934 2957 1990 futura
3003 1936 3072 1992 de
3101 1938 3372 2007 praesenti
3414 1939 3525 1993 vita
3554 1938 3611 1994 in

2029 2024 2299 2091 futuram,
2337 2027 2429 2082 alii
2478 2037 2650 2083 morte
2686 2029 2929 2099 corporis
2972 2030 3318 2101 interposita,
3366 2032 3457 2088 alii
3501 2048 3610 2089 non

2028 2114 2343 2185 interposita
2366 2157 2380 2182 ,
2432 2116 2878 2186 immutabuntur,
2906 2121 3117 2190 quando
3140 2162 3155 2186 ,
3188 2130 3248 2176 ut
3286 2121 3427 2177 idem
3461 2123 3607 2192 Apo-

2027 2207 2198 2263 stolus
2228 2208 2320 2272 ait,
2349 2208 2682 2279 corruptibile
2702 2210 2822 2276 hoc,
2850 2224 3044 2280 corpus
3060 2210 3305 2266 videlicet
3323 2211 3393 2277 “,
3425 2213 3612 2267 indue-

2026 2302 2115 2348 tur
2140 2296 2182 2329 ¹³
2204 2296 2661 2367 incorruptionem,
2696 2306 2746 2351 et
2782 2295 3002 2351 mortale
3025 2298 3122 2351 hoc
3150 2298 3399 2352 induetur
3425 2298 3470 2331 ³⁸
3508 2301 3613 2352 im-

2026 2382 2399 2438 mortalitatem
2424 2424 2439 2449 ,
2478 2393 2528 2439 et
2562 2384 2917 2439 absorbebitur
2947 2401 3089 2440 mers
3130 2386 3186 2439 in
3227 2386 3515 2450 uictoriam,
3555 2397 3607 2441 et

2026 2474 2334 2528 novissimus
2355 2474 2645 2528 inimicus"
2668 2474 2965 2528 destruetur
2989 2491 3148 2539 mors,
3172 2476 3265 2530 sed
3291 2491 3398 2530 non
3421 2491 3613 2532 omnes

2026 2561 2377 2629 dormiemus,
2417 2564 2523 2618 hoc
2546 2573 2651 2629 est,
2690 2578 2794 2618 non
2824 2578 3013 2618 omnes
3047 2573 3275 2620 mortem
3304 2567 3483 2621 carnis
3508 2580 3612 2636 pa-

2027 2652 2244 2718 tientur,
2267 2654 2580 2725 priusquam
2604 2655 2670 2710 de
2693 2655 2803 2710 vita
2833 2655 3111 2724 temporali
3138 2656 3190 2709 in
3213 2656 3379 2710 vitam
3406 2658 3609 2712 immit-

2026 2751 2207 2799 tentur
2235 2753 2529 2799 aeternam.
2578 2743 2712 2799 Nam
2754 2761 2890 2814 quos
2931 2746 3193 2801 adventus
3222 2746 3339 2801 Filii
3373 2749 3612 2804 hominis

2024 2836 2174 2891 vivos
2206 2835 2322 2907 jam
2362 2836 2416 2891 in
2441 2850 2606 2891 carne
2638 2837 2892 2906 reperiet,
2923 2852 3073 2894 mors
3100 2839 3344 2908 corporis
3369 2853 3473 2893 non
3497 2838 3616 2895 dis-

2026 2924 2216 2989 solvet,
2247 2940 2349 2980 nec
2372 2925 2765 2993 separationem
2804 2927 3049 2996 corporis
3073 2936 3128 2981 et
3160 2927 3373 2981 animae
3400 2930 3617 2998 patien-

341 3026 394 3069 ct
425 3019 751 3085 paradisum.
790 3020 972 3090 Itaque
1013 3023 1151 3077 sicut
1177 3022 1319 3077 aliud
1360 3034 1445 3079 est
1478 3027 1801 3095 generaliter
1836 3042 1924 3082 re-

2032 3023 2139 3079 tur,
2172 3014 2265 3070 sed
2299 3014 2634 3071 solummodo
2663 3015 3049 3081 inmomento,
3096 3017 3149 3070 in
3188 3017 3294 3071 ictu
3332 3018 3475 3073 oculi
3507 3019 3617 3072 im-

343 3122 586 3176 surgere,
618 3108 757 3162 aliud
794 3110 814 3141 ⁸
843 3112 1148 3179 specialiter
1187 3113 1459 3167 immutari
1497 3134 1510 3168 :
1564 3117 1634 3169 ita
1664 3116 1806 3170 aliud
1846 3127 1926 3172 est

342 3194 393 3246 in
426 3197 728 3263 paradisum
760 3200 958 3264 redire,
991 3201 1135 3255 aliud
1182 3200 1249 3255 de
1285 3202 1430 3273 ligno
1452 3204 1593 3258 vitae
1617 3206 1920 3261 comedere.

339 3284 395 3338 lu
436 3302 543 3341 uno
572 3288 834 3356 siquidem
863 3292 884 3323 "
918 3302 1143 3345 naturae
1197 3294 1534 3362 signiﬁcatur
1583 3296 1922 3363 restauratio,

342 3374 397 3428 in
450 3376 620 3430 altero
663 3377 954 3432 electorum
990 3383 1395 3435 commendatur
1423 3381 1446 3414 ⁸
1479 3383 1765 3439 ιιθὶίίοειιίο.
1814 3385 1927 3441 Hoc

340 3477 520 3521 autem
551 3469 691 3535 dico,
722 3484 827 3523 non
858 3471 1111 3540 ignorans
1156 3472 1300 3527 lmuc
1347 3472 1519 3526 locum
1564 3474 1917 3543 apostolicum

342 3559 499 3613 aliter
526 3560 593 3613 ab
618 3560 737 3614 aliis
774 3575 895 3616 esse
941 3562 1279 3616 translatum.
1317 3562 1546 3629 Quidam
1591 3565 1732 3619 enim
1762 3566 1927 3620 inter-

340 3650 531 3717 pretati
561 3660 895 3713 suut,omnes
909 3654 1119 3722 quidem
1143 3654 1484 3718 dormiamus,
1509 3654 1597 3708 sed
1621 3672 1725 3709 non
1748 3672 1924 3712 omnes

341 3738 1005 3810 immutabimur,quidam,
1031 3758 1097 3797 ex
1121 3744 1315 3812 quibus
1335 3754 1416 3798 est
1435 3743 1669 3801 Joannes
1686 3745 1924 3817 Chryso-

341 3839 567 3894 stomus,
599 3847 774 3885 omnes
803 3832 1011 3902 quidem
1045 3833 1460 3899 immutabimur,
1492 3836 1582 3889 sed
1603 3853 1708 3890 non
1748 3853 1924 3892 omnes

339 3921 675 3975 dormiemus.
725 3920 964 3989 Quorum
1012 3923 1487 3992 interpretationes
1516 3924 1584 3978 ad
1623 3927 1925 3995 praesentis

339 4014 517 4083 operis
553 4014 822 4082 negoti‘um
858 4030 961 4069 non
991 4017 1284 4085 pertinent,
1312 4017 1602 4086 utopinor.
1649 4017 1793 4073 Dtsc.
1816 4019 1926 4074 Cur

342 4122 444 4158 non
468 4110 822 4173 pertinuerint
838 4110 859 4142 θ
877 4108 1083 4176 ignoro.
1109 4108 1206 4174 Qui
1234 4110 1377 4163 enim
1407 4110 1474 4165 de
1494 4119 1775 4167 creaturae
1797 4126 1922 4171 seu.-

343 4195 513 4249 sihilis
549 4197 720 4250 reditu
757 4198 1015 4267 disputat,
1042 4199 1281 4267 nunquid
1305 4214 1408 4253 non
1441 4199 1505 4254 de
1531 4202 1924 4259 resurrectione

341 4301 625 4355 corporum
659 4289 896 4342 tractat?
933 4287 1202 4343 Profecto.
1232 4287 1346 4343 Non
1375 4289 1518 4343 enim
1554 4288 1697 4344 aliud
1731 4301 1817 4347 est
1840 4308 1925 4347 re-

341 4389 582 4444 Surgere,
618 4377 758 4430 aliud
807 4378 1000 4432 redire.
1049 4378 1180 4431 Nam
1218 4393 1282 4432 ex
1330 4379 1558 4433 mortuis
1596 4382 1922 4435 resurrectio

342 4466 465 4531 quid
496 4466 639 4519 aliud
672 4474 775 4531 est,
808 4483 969 4536 quam
998 4467 1051 4521 in
1091 4475 1289 4521 statum
1320 4467 1616 4522 naturalem
1647 4469 1922 4524 recursio?

349 4554 567 4623 Expone
628 4557 806 4623 itaque
862 4557 1099 4611 breviter
1146 4559 1489 4628 cursimque,
1545 4560 1673 4629 quid
1734 4560 1922 4615 volunt

344 4647 648 4713 praedii-tae
699 4648 1192 4719 interpretationes,
1249 4666 1384 4720 quas
1426 4652 1640 4721 penitus
1689 4653 1919 4710 intactas

343 4737 636 4804 praeterire
704 4739 943 4796 voluisti.
1005 4742 1144 4797 Mtc.
1207 4740 1308 4808 Qui
1365 4743 1703 4811 interpretati
1756 4752 1915 4810 sunt,

342 4830 518 4881 omnes
545 4829 754 4898 quidem
784 4832 1121 4899 dormiamus,
1170 4834 1262 4887 sed
1305 4850 1408 4888 non
1457 4851 1631 4889 omnes
1677 4836 1925 4890 immuta-

342 4916 536 4981 binmr,
606 4919 853 4973 videntur
915 4923 1046 4975 mihi
1098 4920 1556 4993 Apostoliverba
1627 4925 1703 4980 ita
1766 4925 1922 4982 intel-

339 5005 555 5070 lexisse,
587 5023 651 5062 ac
675 5010 718 5063 si
750 5010 950 5071 diceret
980 5027 994 5065 :
1039 5012 1239 5068 Omnes
1266 5012 1481 5085 quidem
1514 5013 1557 5047 ¹⁰
1585 5015 1917 5082 moriemur;

340 5098 461 5167 quis
488 5100 632 5154 enim
654 5109 739 5155 est
761 5100 823 5164 υ,
861 5102 950 5171 qui
1002 5103 1155 5168 vivit,
1186 5114 1243 5158 et
1271 5121 1376 5160 non
1406 5106 1607 5161 videbit
1636 5115 1862 5161 mortem
1892 5124 1908 5161 :

2026 3104 2383 3160 mutationem
2430 3106 2738 3169 habebunt,
2782 3104 3011 3174 ideoque
3047 3121 3152 3161 non
3191 3107 3479 3172 dormient,
3511 3109 3616 3163 sed

2027 3210 2258 3265 semper,
2292 3198 2433 3251 nulla
2465 3207 2641 3253 morte
2670 3199 2852 3254 carnis
2891 3198 3229 3269 interposita,
3256 3200 3459 3252 vivent.
3505 3197 3611 3253 Cui

2025 3291 2205 3345 sensui
2235 3291 2455 3345 omnino
2498 3290 2641 3345 favet
2670 3300 2889 3345 sanctus
2933 3289 3260 3361 Augustinus
3284 3298 3339 3343 et
3370 3288 3614 3345 Joannes

2022 3377 2463 3448 Chrysostomus.
2513 3379 2673 3433 Fides
2718 3380 2879 3435 etiam
2930 3377 3190 3433 catholica
3241 3378 3454 3431 videtur
3504 3379 3617 3434 hoc

2027 3469 2348 3539 approbare,
2370 3484 2509 3539 quae
2548 3470 2927 3525 incunctanter
2958 3469 3151 3535 credit,
3184 3467 3470 3523 Dominum
3506 3486 3615 3523 no-

2026 3565 2196 3611 strum
2244 3556 2427 3611 Jesum
2475 3558 2750 3613 Christum
2792 3558 3039 3628 judicare
3083 3558 3232 3612 vivos
3277 3566 3329 3611 et
3365 3567 3617 3612 mortuos

2024 3654 2333 3711 venturum,
2366 3648 2518 3703 vivos
2545 3649 2784 3718 quidem,
2816 3664 2952 3719 quos
2983 3649 3246 3703 adventus
3267 3646 3465 3715 iudicis
3492 3663 3615 3703 ma-

2026 3744 2215 3791 nentes
2248 3737 2425 3792 adhuc
2449 3737 2502 3791 in
2532 3753 2697 3792 carne
2733 3738 2985 3807 reperiet,
3022 3746 3262 3792 mortuos
3291 3752 3418 3791 vero
3441 3778 3457 3802 ,
3509 3737 3615 3806 qui

2020 3825 2131 3893 jam
2184 3826 2504 3882 solutionem
2552 3828 2796 3897 corporis
2840 3836 2895 3883 et
2944 3827 3154 3882 animae
3189 3827 3425 3896 perpessi
3455 3837 3612 3881 sunt.

2025 3915 2170 3971 Dtsc.
2203 3915 2318 3970 Non
2349 3916 2393 3950 "
2419 3932 2549 3987 ergo
2578 3931 2799 3981 omnes,
2833 3917 2925 3986 qui
2951 3918 3006 3971 iu
3041 3917 3345 3985 paradisum
3376 3917 3615 3973 redituri

2026 4013 2169 4070 sunt,
2212 4005 2315 4061 hoc
2341 4013 2425 4060 est
2472 4006 2525 4059 in
2557 4006 2838 4076 pristinam
2870 4016 3096 4061 naturae
3126 4007 3389 4060 humanae
3412 4006 3619 4061 condi-

2026 4097 2246 4163 tionem,
2273 4096 2399 4167 ligni
2425 4098 2566 4153 vitae
2595 4097 2828 4153 fructum
2858 4098 3289 4169 participabunt‘!
3317 4097 3455 4152 hinc.
3482 4096 3618 4154 Non

2025 4203 2214 4244 omnes
2238 4189 2414 4259 plane,
2448 4191 2540 4245 sed
2572 4189 2691 4254 soli,
2727 4190 2820 4260 qui
2851 4191 3104 4244 mundum
3132 4198 3187 4243 et
3213 4203 3429 4243 carnem
3459 4189 3622 4244 vice.

2027 4278 2309 4344 rint,sicut
2338 4279 2388 4333 in
2417 4279 2737 4349 Apocalypsi
2762 4280 3020 4348 scriptum
3043 4288 3127 4334 est
3156 4294 3171 4332 :
3207 4276 3444 4333 Vincenti
3464 4279 3620 4334 dabo

2026 4369 2176 4424 edere
2214 4369 2279 4422 de
2322 4368 2462 4440 ligno
2488 4370 2620 4423 vitae
2642 4410 2659 4437 ,
2706 4370 2845 4440 quod
2878 4379 2952 4424 est
2990 4370 3044 4423 in
3069 4369 3313 4441 paradiso
3349 4368 3448 4423 Dei
3476 4371 3617 4423 mei.

2026 4460 2103 4514 Ex
2131 4458 2174 4491 ¹¹
2199 4459 2372 4530 gratia
2423 4460 2685 4529 siquidem
2711 4467 2768 4514 et
2794 4469 3007 4525 natura,
3047 4468 3107 4514 ut
3134 4460 3188 4513 in
3231 4458 3621 4528 superioribus

2025 4560 2315 4606 tractatum
2376 4559 2502 4617 est,
2561 4552 2811 4608 omnibus
2874 4552 3181 4607 hominibus
3241 4551 3625 4607 communiter

2023 4650 2333 4711 praestatur
2359 4641 2412 4695 in
2441 4642 2750 4713 paradisum
2778 4642 2977 4708 redire,
3002 4642 3115 4697 sola
3139 4656 3270 4697 vero
3303 4640 3474 4713 gratia
3503 4656 3620 4697 so-

2023 4733 2089 4787 lis
2114 4731 2377 4787 dedicatis
2400 4733 2469 4787 de
2514 4732 2656 4802 ligno
2683 4731 2823 4787 vitae
2861 4732 3043 4788 edere.
3085 4731 3231 4786 Dtso.
3277 4730 3385 4786 Cur
3413 4730 3625 4800 itaque

2026 4823 2079 4877 in
2110 4822 2287 4877 medio
2313 4821 2553 4890 paradisi
2584 4821 2784 4893 lignum
2814 4822 2957 4877 vitae
2980 4836 3101 4877 esse
3130 4819 3405 4891 Scriptura
3432 4826 3626 4873 testa-

2024 4925 2129 4978 tur,
2158 4916 2204 4970 si
2234 4931 2340 4970 non
2367 4915 2638 4981 omnibus,
2659 4914 2750 4984 qui
2780 4913 2832 4967 in
2863 4914 3172 4983 paradisum
3201 4910 3422 4967 redituri
3447 4922 3621 4976 sunt.

2020 5009 2088 5063 de
2113 5007 2290 5061 fructu
2317 5007 2434 5076 ejus
2456 5005 2615 5062 edere
2637 5004 2966 5074 permittitur
2988 5013 3043 5059 et
3064 5001 3422 5072 perdonalur‘l
3453 4999 3619 5059 huc.

2019 5098 2274 5163 Attende,
2307 5097 2449 5166 quod
2499 5096 2680 5151 divina
2726 5093 3008 5164 Scriptura
3048 5108 3155 5148 non
3189 5092 3502 5161 simpliciter
3544 5092 3623 5148 Ii-

1624 5216 1881 5272 VARIAE
1919 5195 2319 5268 moriones.

414 5303 427 5331 ¹
470 5299 557 5352 S'c
587 5300 703 5368 CF;
736 5302 777 5354 A
810 5301 938 5371 ligni
962 5304 1095 5359 vitae
1127 5305 1392 5371 prohibiti.

338 5369 686 5424 S'tllttt'modo.
764 5373 786 5403 ⁸
824 5369 867 5425 Ᾱ
892 5384 959 5427 et.
1036 5373 1057 5404 °
1092 5369 1134 5427 Ᾱ
1164 5375 1303 5427 aliud
1331 5385 1426 5428 est.

324 5456 455 5513 'rmn
487 5441 773 5513 deilicatio.
848 5442 868 5473 ⁹
899 5443 982 5499 CF
1004 5445 1332 5513 pertinuerit.

342 5509 502 5606 ςιενὶδ.
615 5512 658 5541 ³³⁵
694 5512 739 5566 Δ
779 5509 1013 5567 videlicet
1060 5531 1267 5579 corpus.

372 5575 390 5603 κ
433 5578 520 5606 ειη
549 5577 662 5606 l‘D.
721 5581 743 5606 Δ
809 5581 985 5606 ω-...--
1098 5584 1139 5606 ιη
1186 5585 1205 5606 Α
1257 5584 1267 5606 l

372 5575 390 5603 ‘
433 5578 521 5631 Sic
549 5577 665 5645 CF;
710 5581 754 5634 Α
798 5581 1005 5637 Nonne.
1098 5575 1215 5639 "VA
1251 5584 1333 5637 Et.

1427 5443 1468 5475 ¹⁰
1493 5446 1699 5511 quidem
1727 5460 1835 5498 om.
1867 5443 1931 5497 A7.

1382 5515 1424 5547 ¹³
1465 5514 1555 5568 Sic
1590 5514 1704 5580 CF;
1751 5516 1791 5567 Δ
1834 5514 2032 5567 induet.

1471 5306 1492 5335 ³
1532 5304 1659 5373 tigni
1692 5306 1825 5359 t'itne
1858 5319 1967 5358 om.
2000 5304 2066 5355 A.
2144 5300 2166 5333 ³
2206 5301 2344 5373 fisus
2384 5299 2650 5373 siquidem
2677 5328 2751 5373 —_-
2777 5296 3061 5351 comederet
3096 5309 3202 5348 om.
3371 5291 3392 5323 ⁸
3506 5298 3625 5363 qui

1511 5375 1531 5406 "
1573 5377 1663 5429 Sic
1688 5374 1802 5439 Cl";
1832 5376 1873 5426 A
1894 5373 2125 5444 quidem.

2200 5371 2224 5405 ⁸
2261 5370 2352 5424 Sic
2373 5369 2456 5423 CF
2458 5362 2489 5435 ’ς
2517 5369 2560 5421 A
2586 5370 2637 5422 in
2662 5369 2829 5424 altero
2858 5381 2976 5435 vero
2999 5366 3381 5435 εοιριπιςηάρέω
3404 5362 3625 5435 electos

2026 5444 2065 5474 “
2103 5452 2175 5495 est
2205 5456 2313 5494 om.
2348 5440 2415 5493 A.
2476 5432 2533 5471 ’³³
2568 5448 2688 5492 sunt
2711 5454 2818 5493 om.
2847 5434 2954 5492 CF.
3048 5434 3092 5465 ⁸³
3129 5434 3219 5487 Sic
3246 5432 3365 5493 CF;
3405 5434 3458 5487 Α
3485 5450 3625 5487 cor-

2147 5512 2191 5543 ¹⁶
2227 5511 2317 5566 Sic
2360 5509 2477 5576 CF;
2518 5508 2558 5563 A
2592 5508 2793 5563 induet.
2903 5508 2945 5540 "
2980 5504 3024 5560 A
3053 5504 3329 5557 nouissima
3354 5502 3617 5559 inimica.
