3952 6162
333 254 434 308 933

1206 246 1292 301 DE
1334 246 1667 301 DlVlSlUNl".
1706 242 2051 298 NATURAE.
2095 276 2157 283 —
2199 244 2396 300 ωηιξη
2436 200 2754 315 QlTlNTUS.

3479 256 3585 316 926

330 348 548 422 omnino
581 363 758 427 modo,
786 378 891 431 quo
923 362 974 415 iu
1012 361 1112 415 hac
1149 363 1255 414 vita
1288 362 1490 421 vixere,
1530 361 1707 414 futura
1746 374 1900 429 prae-
1934 365 1975 417 Α
2008 358 2144 412 sicut
2172 361 2466 429 aequaliter
2484 362 2624 417 dedit
2645 365 2895 418 otnnilus
2918 365 3221 422 hmninibus
3239 371 3463 434 e.:se,ita
3486 388 3585 429 ag-

331 457 528 516 dicant,
554 469 618 508 eo
637 462 875 521 excepto,
902 451 1043 519 quoi
1067 451 1131 505 de
1159 451 1473 504 mortalibus
1502 449 1911 519 temporalibus-

329 561 429 616 que
453 546 512 600 in
542 541 860 598 inmortalia
890 539 1237 593 mutabantur
1258 550 1319 594 et
1344 549 1587 603 aeterna,
1613 539 1680 593 de
1704 537 1914 591 anima-

228 637 248 653 '
330 636 466 689 libus
494 634 544 687 in
575 629 871 702 spiritualia
900 647 913 683 :
945 644 1117 698 neque
1156 630 1256 683 hoc
1287 628 1352 682 ad
1392 628 1642 682 virtutem
1688 635 1912 680 naturae

329 726 649 792 divinaeque
671 720 927 775 bonitatis
957 720 1186 774 refertur
1206 720 1529 790 largitatem,
1556 719 1647 773 sed
1680 719 1743 771 ad
1771 726 1909 772 stre-

328 816 419 869 nui
441 812 640 884 judicis
664 810 1006 864 durissitnam
1053 822 1106 864 et
1146 810 1637 865 incommutabilem
1686 808 1917 863 austeri-

329 915 511 969 tatem,
544 904 665 957 data
702 910 925 955 naturae
947 909 1000 954 et
1023 901 1160 954 dona
1192 900 1399 970 gr‘atiae
1444 902 1494 954 iu
1543 900 1912 955 crudelitatem

326 994 598 1047 vindictae
666 987 1123 1043 transfundentes.
1181 989 1349 1042 Aiunt
1416 990 1581 1054 enim,
1628 988 1911 1056 impiorum

325 1096 548 1150 corpora
581 1094 684 1133 non
711 1078 872 1132 aliam
914 1077 984 1132 ob
1020 1092 1237 1132 causam
1282 1079 1621 1141 immortalia,
1673 1089 1909 1142 aeterna,

326 1171 733 1242 spiritualiaque
768 1177 1155 1231 resurrectura,
1201 1169 1304 1223 nisi
1350 1176 1407 1223 ut
1454 1177 1707 1239 perpetua
1755 1170 1913 1223 susti-

326 1273 489 1320 neant
533 1263 811 1333 supplicia.
871 1261 1051 1332 Ignem
1106 1276 1339 1330 quoque,
1374 1262 1426 1314 in
1481 1277 1588 1330 quo
1628 1259 1907 1321 ardebant,

326 1369 641 1425 corporeum
662 1351 1076 1422 sensibilemque
1096 1367 1215 1406 esse
1237 1368 1343 1406 non
1367 1351 1631 1406 dubitant.
1657 1350 1915 1405 Similiter

325 1447 390 1501 de
419 1444 691 1500 vermibus
725 1459 830 1498 non
856 1443 1152 1508 morituris,
1192 1443 1364 1510 deque
1392 1453 1582 1511 stagno
1623 1442 1913 1510 sulphureo

323 1535 510 1592 nescio
531 1533 657 1604 quid
679 1532 965 1589 somniant.
1004 1531 1318 1601 Corporalia
1341 1539 1518 1584 tamen
1541 1540 1703 1599 atque
1725 1530 1911 1584 localia

326 1629 459 1681 haec
488 1625 668 1680 omnia
702 1637 821 1679 esse
864 1624 1237 1677 incunctanter
1279 1620 1547 1675 allirmant
1584 1640 1596 1675 :
1644 1621 1911 1675 masculos

2013 448 2242 518 qualiter
2267 450 2488 506 daturus
2520 463 2601 506 est
2635 471 2933 524 resurgere,
2971 467 3021 509 et
3052 459 3323 529 angelicae
3361 470 3582 516 naturae

2011 538 2411 594 similitudinem
2445 543 2737 610 possidere.
2771 544 3057 612 Superiora
3094 562 3219 601 vero
3249 549 3428 601 mundi
3456 564 3580 602 sen-

2011 630 2180 683 sibilis
2211 632 2404 699 spalia,
2428 648 2565 700 quae
2590 634 2839 687 dicuntur
2866 636 3117 690 aetherea
3136 678 3150 701 ,
3180 654 3207 689 a
3245 639 3367 691 luna
3402 640 3584 693 videl-

2010 727 2099 771 cet
2138 734 2352 772 sursum
2397 735 2789 804 versusgtsqnc
2830 723 2894 776 ad
2940 735 3238 778 extremum
3283 727 3585 797 stelligerae

2010 808 2273 877 sphaerae
2306 810 2587 875 ambitum,
2622 813 2936 881 corporibus
2962 822 3267 868 sanctorum
3296 816 3347 869 in
3376 832 3586 885 puSsCS—

2011 898 2218 952 sionem
2257 912 2564 970 segregant,
2602 902 2927 965 rationabili,
2958 913 3012 955 ttt
3038 905 3114 958 eis
3142 906 3370 969 videtur,
3402 908 3582 961 distri-

1970 1054 1973 1057 λ
2010 987 2246 1050 butione,
2273 988 2729 1058 inlimas‘qnidem
2756 990 3180 1060 caliginosasque
3204 995 3381 1047 mundi
3408 1005 3585 1062 partes

2011 1078 2185 1149 dignis
2226 1078 2518 1148 supplicio,
2557 1096 2795 1135 summas
2833 1097 2961 1136 vero
3003 1082 3309 1152 lnc'ttlasque
3350 1088 3585 1153 praemio

2012 1167 2435 1221 boum-ilicaudis
2460 1168 2729 1222 ordinare.
2765 1170 2879 1238 Ipsa
2917 1172 3079 1223 etiam
3119 1183 3425 1227 sanctorum
3463 1190 3583 1229 cor-

2011 1272 2138 1326 pora
2156 1257 2368 1321 localia,
2386 1257 2603 1325 suisque
2625 1259 3010 1326 quantitatibus
3034 1262 3385 1328 corporalium
3418 1279 3589 1317 mem-

2010 1347 2260 1413 brorum,
2306 1348 2645 1418 propriisque
2690 1350 2910 1402 staturis
2958 1350 3397 1419 circumscripta,
3450 1366 3582 1407 sexu

2012 1455 2226 1509 quoque
2255 1439 2761 1509 virilLfentineomte
2789 1440 3021 1493 discreta
3069 1440 3245 1495 futura
3288 1458 3406 1496 esse
3433 1459 3587 1510 prae-

2014 1532 2193 1584 dicare
2229 1546 2332 1583 nnn
2373 1531 2671 1598 trepidant;
2711 1539 2912 1583 mutata
2952 1539 3129 1583 tamen
3176 1532 3227 1584 in
3277 1533 3586 1600 spiritualet

2014 1624 2299 1691 qualitates
2328 1623 2814 1692 subtilissimasqne
2841 1620 3187 1685 substantias,
3212 1625 3585 1678 aethereornnt

326 1720 377 1774 in
432 1733 564 1774 sexu
618 1715 913 1772 masculino
941 1756 957 1781 ,
1013 1714 1241 1770 feminas
1288 1714 1340 1768 itt
1406 1729 1536 1768 sexu
1578 1712 1811 1768 femineo
1858 1714 1873 1744 ¹
1894 1731 1909 1757 ν
1944 1704 1986 1762 Β
2016 1730 2300 1783 corporum
2332 1715 2525 1780 instar,
2553 1716 2622 1769 ita
2650 1723 2729 1780 ιιι,
2754 1730 2893 1784 quae
2923 1716 3009 1769 hic
3041 1726 3253 1770 terrena
3282 1725 3336 1770 et
3362 1718 3587 1779 caduca,

322 1815 674 1886 propriosque
694 1810 1023 1883 singulorum
1045 1809 1260 1863 habitus
1284 1815 1680 1862 resurrecturus
1697 1806 1908 1876 publice

323 1906 578 1969 clamant,
612 1917 712 1957 nec
745 1916 848 1955 non
878 1910 932 1954 et
961 1898 1291 1969 singulorum
1326 1895 1685 1951 membrorum
1710 1893 1904 1957 cilicia,

323 1995 415 2050 sed
453 2008 556 2047 non
593 1989 919 2054 necessaria,
967 2004 1073 2042 non
1129 1986 1403 2050 defutura,
1453 1995 1738 2054 ceteraque
1783 1984 1910 2038 deli-

323 2092 565 2139 ramenta
611 2082 668 2147 ‘,
717 2095 854 2150 quae
916 2093 1042 2133 vera
1090 2078 1211 2148 plus
1258 2077 1462 2132 deridet
1508 2091 1667 2146 quam
1715 2074 1910 2129 astruit

321 2178 481 2232 ratio.
548 2174 766 2229 Duobus
829 2172 972 2227 enim
1044 2169 1405 2224 commatihus
1472 2166 1745 2222 concludit
1814 2181 1908 2221 eos

318 2267 612 2338 Apostolus
645 2306 660 2331 ,
703 2264 767 2318 de
804 2261 1038 2333 generali
1084 2260 1323 2314 omnium
1375 2260 1730 2313 humanorum
1784 2271 1907 2312 cor-

320 2372 513 2426 porum
588 2352 983 2409 resurrectione
1054 2348 1374 2419 praedicans
1428 2364 1442 2400 :
1493 2343 1793 2401 Sentinatur
1852 2345 1909 2398 in

320 2444 657 2508 contumelia,
685 2451 855 2512 surget
884 2441 938 2493 in
964 2438 1131 2509 gloria
1158 2453 1177 2491 :
1201 2439 1487 2492 seminatur
1509 2439 1562 2490 in
1585 2437 1906 2505 inﬁrmitate,

318 2547 496 2608 surget
539 2536 592 2590 in
630 2536 837 2588 virtute.
882 2530 938 2585 Si
969 2544 1099 2597 ergo
1125 2528 1305 2583 omnia
1334 2541 1558 2597 corpora
1587 2534 1807 2596 surgent
1855 2525 1908 2579 in

319 2626 492 2697 gloria
515 2634 571 2681 et
597 2624 794 2677 virtute
818 2662 832 2687 ,
865 2619 1038 2673 ablata
1068 2617 1212 2673 omni
1241 2616 1566 2671 contumelia
1597 2623 1652 2669 et
1691 2614 1911 2669 infirmi-

323 2729 467 2774 tate:
494 2714 668 2786 qualis
688 2713 857 2791 gloria
878 2712 984 2766 erit
1005 2710 1113 2775 his,
1140 2709 1228 2778 qui
1254 2709 1489 2762 aeternis
1510 2708 1910 2762 damnabuntur

320 2809 618 2881 suppliciis,
650 2806 733 2861 vel
772 2802 944 2875 qualis
989 2800 1202 2857 virtus?
1236 2798 1343 2853 Nec
1382 2798 1560 2853 obstat
1594 2799 1735 2867 quod
1781 2796 1907 2851 alibi

320 2901 467 2954 idem
498 2896 783 2967 Apostolus
810 2896 889 2948 ait
921 2911 933 2947 :
974 2893 1055 2946 An
1082 2909 1185 2945 non
1210 2888 1358 2943 habet
1388 2896 1689 2958 potestatem
1714 2884 1908 2958 ﬁgulus

321 2991 440 3056 luti,
483 2989 629 3042 aliud
666 3004 754 3041 vas
792 2986 962 3055 facere
995 2985 1052 3037 in
1089 2983 1375 3046 honorent,
1423 2979 1569 3034 aliud
1621 2981 1675 3033 in
1722 2987 1905 3033 contu-

319 3078 583 3133 utetiam?
636 3075 751 3131 Non
794 3076 935 3130 enim
972 3075 1036 3129 de
1080 3071 1478 3127 resurrectione
1516 3074 1799 3139 corporum
1838 3084 1903 3125 eo
1932 3050 1978 3113 (ἶ

322 3170 421 3225 1οοὶ
463 3167 485 3199 ³
520 3167 757 3237 disputat
787 3205 802 3229 ,
842 3163 935 3219 sed
993 3163 1251 3218 adversus
1300 3175 1397 3216 eos
1444 3161 1563 3224 ait,
1605 3160 1697 3229 qui
1737 3159 1906 3215 Deum

321 3266 592 3315 conantur
625 3255 1017 3327 reprehendere
1072 3254 1234 3310 veluti
1295 3253 1537 3323 iniquum
1564 3294 1579 3318 ,
1620 3252 1753 3309 alios
1789 3254 1910 3324 qui-

320 3351 441 3404 dem
468 3347 774 3418 eligentem,
802 3346 936 3401 alios
956 3360 1085 3400 vero
1116 3344 1484 3415 repellentem,
1532 3352 1587 3397 et
1630 3343 1749 3399 illos
1788 3344 1907 3413 qui-

318 3440 442 3494 dem
470 3446 600 3493 Vasa
638 3422 1037 3491 misericordiae
1072 3433 1379 3499 facientem,
1419 3433 1538 3487 illos
1576 3441 1754 3487 autem
1780 3449 1904 3487 vasa

316 3529 433 3583 irae
454 3528 791 3582 desercnmm
822 3524 865 3579 ⁸.
890 3524 945 3579 Si
974 3532 1154 3578 autem
1182 3522 1304 3592 quis
1342 3521 1560 3588 dixerit,
1588 3520 1904 3592 Apostolnm

317 3637 425 3677 non
454 3621 477 3653 '
523 3620 591 3674 de
627 3618 864 3689 generali
910 3617 1148 3673 omnium
1194 3618 1548 3691 humanorum
1585 3630 1902 3684 corporum,

315 3711 411 3767 sed
463 3710 532 3764 de
577 3708 790 3779 speciali
824 3708 1094 3777 iustorum
1134 3706 1217 3761 his
1271 3706 1447 3761 verbis
1484 3707 1822 3775 praedicasse
1861 3706 1899 3771 ⁸,

314 3804 522 3868 videat,
556 3801 686 3872 quid
720 3802 832 3870 ipse
857 3799 1138 3864 Dominus,
1163 3800 1289 3853 dum
1314 3796 1579 3850 Lazarum
1611 3796 1901 3850 resuscita-

316 3902 496 3959 verat,
527 3894 594 3949 de
629 3893 806 3961 seipso
834 3891 1051 3946 dicebat
1101 3907 1113 3943 :
1160 3887 1273 3959 Ego
1303 3904 1416 3942 sum
1438 3928 1454 3953 ,
1495 3887 1691 3956 inquit,
1729 3903 1901 3940 resur-

316 3987 501 4038 rectio.
548 3982 665 4039 Non
714 3982 852 4037 dixit
899 3980 1238 4051 specialiter,
1275 3994 1375 4050 ego
1410 3995 1527 4034 sum
1577 3977 1903 4033 resurrectio

306 4074 621 4143 jttstorum,
653 4071 747 4127 sed
776 4069 1181 4135 universaliter,
1212 4086 1305 4139 ego
1334 4086 1449 4123 sum
1480 4068 1809 4123 resurrectio.
1844 4066 1901 4122 Si

312 4184 445 4240 ergo
482 4169 599 4237 ipse
633 4164 1083 4221 est'rcsurreetio
1103 4203 1117 4229 ,
1148 4162 1391 4232 profecto
1423 4161 1765 4216 uniformiter
1794 4160 1898 4224 his,

310 4274 455 4326 quos
493 4256 809 4320 resuscitat,
855 4254 1091 4324 seipsum
1132 4259 1409 4321 praestat,
1448 4249 1899 4319 quemadmodum

313 4350 453 4419 ipse,
490 4356 548 4401 ut
576 4345 735 4401 Pater
763 4361 924 4410 suus,
953 4345 1112 4398 solem
1163 4359 1316 4396 suum
1350 4346 1371 4378 ⁷
1411 4342 1541 4395 oriri
1581 4341 1706 4411 facit
1747 4357 1902 4410 super

312 4438 479 4491 bonos
519 4446 565 4491 et
610 4437 807 4500 ntalos,
850 4447 895 4490 et
927 4435 1056 4506 pluit
1098 4450 1253 4503 super
1275 4433 1450 4503 justas
1475 4442 1521 4487 et
1556 4434 1798 4513 injustas.
1835 4433 1899 4487 Et

310 4530 570 4585 fortassis
610 4531 721 4599 ipse
756 4538 841 4584 est
871 4528 982 4593 soi,
1017 4528 1109 4597 qui
1140 4527 1389 4581 omnibus
1426 4526 1673 4582 similiter
1701 4528 1896 4592 oritur,

309 4629 365 4674 et
392 4621 599 4690 pluvia,
631 4636 768 4689 quae
794 4620 1039 4675 similiter
1064 4633 1225 4687 super
1251 4633 1441 4674 omnes
1468 4619 1635 4688 pluit;
1669 4635 1895 4690 genera-

309 4713 442 4768 liter
461 4712 681 4781 quidem
708 4713 957 4768 ontnibus
980 4709 1394 4765 resurrectionis
1419 4717 1474 4764 et
1498 4710 1638 4763 vitae
1667 4716 1893 4781 gratiam

310 4815 635 4877 praestans,
686 4805 991 4875 specialiter
1029 4820 1159 4860 vero
1207 4805 1260 4857 in
1305 4819 1364 4859 se
1407 4804 1747 4860 credentibus
1787 4823 1892 4861 non

309 4902 494 4957 solum
524 4912 750 4957 mortem
776 4902 975 4967 carnis,
998 4903 1092 4957 sed
1114 4902 1274 4955 etiam
1299 4910 1523 4953 mortem
1550 4899 1765 4964 mentis,
1787 4915 1890 4969 qua

311 4991 465 5047 Deus
514 4992 791 5063 ignoratur
835 5002 890 5048 et
933 5008 1072 5062 quae
1114 4993 1349 5047 maxima
1392 4991 1674 5060 impiorum
1722 5007 1890 5061 poena

309 5092 398 5137 est
423 5122 440 5148 ,
498 5083 660 5137 veluti
697 5083 966 5153 quandam
1004 5083 1249 5137 umbram
1286 5080 1309 5114 ⁸
1350 5079 1619 5136 auferens.
1651 5080 1834 5150 itaque
1869 5088 1890 5118 ν

1930 4389 1977 4446 ι)

2010 1805 2119 1859 illic
2150 1805 2401 1858 caelestia
2431 1814 2483 1858 et
2511 1814 2728 1859 aeterna
2753 1846 2767 1869 ,
2801 1821 2936 1875 quae
2971 1806 3060 1859 hic
3096 1806 3277 1875 gravia
3317 1816 3369 1860 et
3399 1824 3590 1862 corru-

2008 1897 2251 1968 ptibilia,
2293 1897 2401 1951 illic
2440 1898 2583 1951 omni
2628 1899 2864 1966 pondere
2904 1898 3175 1962 carentia,
3217 1898 3361 1952 omni
3403 1915 3590 1953 corru-

2008 1988 2189 2058 ptione
2220 1987 2406 2051 libera,
2438 1999 2496 2040 ttt
2533 1988 2759 2041 mirabili
2788 1987 3084 2053 celeritate,
3115 2004 3587 2059 quorsuntcunqne

2010 2078 2195 2144 velint,
2221 2086 2424 2132 motum
2453 2094 2606 2131 suunt
2632 2078 2906 2131 oculorum
2940 2078 3106 2131 radiis
3132 2078 3403 2131 simillima
3434 2094 3588 2132 exer-

2009 2179 2196 2235 ceant;
2227 2169 2406 2224 omnia
2439 2179 2616 2222 tamen
2653 2168 2950 2237 corporalia
2992 2184 3214 2239 organa,
3249 2169 3298 2222 id
3331 2180 3432 2232 est,
3464 2186 3587 2224 cor-

2008 2261 2211 2330 poralia
2243 2262 2480 2314 membra
2519 2260 2631 2315 suis
2660 2261 2886 2314 discreta
2927 2259 3060 2314 locis
3092 2260 3337 2313 habitura
3367 2258 3431 2322 ¹⁰,
3462 2276 3590 2312 ocu-

2010 2348 2090 2403 los
2117 2350 2341 2412 scilicet,
2374 2358 2659 2417 ceteraque
2700 2364 2953 2402 sensuum
2995 2349 3350 2403 instrumenta
3373 2391 3386 2414 ,
3428 2359 3587 2420 eaput

2010 2442 2353 2495 humerorum
2378 2449 2550 2501 tenus,
2579 2439 2819 2503 brachia,
2849 2441 3146 2500 thoracem,
3171 2440 3353 2508 pedes,
3384 2449 3589 2493 cetera-

2010 2547 2113 2601 que
2141 2531 2378 2585 ntembra
2408 2531 2519 2585 suis
2540 2531 2756 2584 sedibus
2784 2531 3061 2598 disposita.
3088 2529 3192 2583 Sed
3222 2530 3345 2581 dum
3376 2529 3498 2583 talia
3533 2532 3585 2585 itt

2009 2622 2161 2677 libris
2196 2632 2505 2677 sanctorum
2548 2621 2767 2675 Patrum
2798 2621 2944 2687 lego,
2979 2620 3308 2689 stupefactus
3350 2621 3587 2685 haesito,

2010 2712 2351 2781 maximoque
2391 2711 2614 2766 horrore
2649 2726 2943 2766 concussus
2973 2712 3162 2772 titubo,
3189 2721 3257 2773 et,
3293 2713 3415 2763 dttnt
3448 2712 3585 2764 intra

2009 2817 2096 2856 tne
2126 2804 2295 2871 ipsum
2324 2802 2520 2871 cogito,
2545 2816 2641 2855 cur
2667 2802 3081 2871 SPil‘iltlvltSSiltli
3106 2803 3144 2831 “
3176 2801 3272 2853 viri
3306 2801 3444 2855 uitta
3469 2818 3586 2856 ont-

2010 2908 2106 2947 nes
2140 2891 2477 2961 operatioues
2521 2890 2769 2945 localiam
2806 2890 3283 2959 tctnporalimuque
3309 2891 3590 2962 cogitatio-

2010 3001 2136 3039 num
2190 2984 2580 3045 ascendentes,
2638 2992 2914 3052 tutuntqnc
2969 2982 3275 3037 sensibilem
3330 2983 3585 3036 mundum

2009 3078 2207 3132 virtute
2224 3075 2689 3144 contemplationis
2708 3087 3040 3144 superantes,
3061 3072 3358 3141 huiussrodi
3384 3074 3523 3129 dicta
3547 3075 3589 3105 ¹¹

2010 3166 2121 3222 suis
2144 3166 2360 3235 scriptis
2382 3164 2895 3219 commendaverunt
2918 3165 3321 3234 posteritatique
3351 3165 3585 3219 tradideo

2010 3266 2156 3321 runt,
2184 3256 2395 3311 facilius
2416 3256 2581 3310 ducor
2606 3256 2942 3320 existimare,
2968 3271 3070 3308 non
3094 3255 3252 3309 aliam
3281 3256 3349 3309 ob
3370 3270 3587 3309 causam

2009 3351 2077 3405 ad
2116 3350 2251 3404 haec
2282 3348 2633 3419 excogitanda
2678 3355 2732 3401 et
2768 3346 3050 3402 scribenda
3093 3356 3350 3401 attractus
3398 3345 3587 3410 fuisse,

2007 3439 2108 3494 nisi
2134 3448 2193 3492 ut
2231 3438 2421 3493 saltem
2459 3437 2542 3491 vel
2573 3437 2651 3491 sic
2683 3436 2912 3491 terrenis
2942 3435 3357 3503 carnalibusqne
3385 3437 3589 3506 cogita-

2007 3532 2242 3587 tionibus
2270 3530 2499 3594 deditos,
2529 3528 2892 3598 simplicisque
2925 3526 3045 3581 fidei
3076 3527 3392 3582 rudimentis
3422 3527 3589 3580 nutri-

2005 3632 2090 3678 tos
2130 3622 2198 3677 ad
2233 3620 2530 3691 spiritualia
2577 3619 2863 3689 cogitanda
2906 3618 3273 3673 sublevarent.
3318 3616 3449 3671 Nam
3495 3618 3585 3687 qni

2004 3713 2145 3766 ultra
2188 3712 2330 3767 hunc
2377 3711 2633 3765 mundum
2676 3707 2983 3763 sensibilem
3034 3708 3167 3762 nihil
3204 3721 3324 3761 esse
3370 3707 3586 3773 excogi-

2005 3811 2142 3867 tant,
2172 3801 2530 3872 promptiores
2569 3808 2691 3853 suut
2715 3799 2779 3851 ad
2816 3798 3111 3867 negandam
3138 3812 3297 3865 quam
3329 3796 3391 3849 ad
3424 3797 3589 3850 conli-

2003 3894 2219 3949 tendam
2268 3891 2557 3946 veridicam
2606 3897 2919 3941 naturarum
2974 3886 3416 3955 speculationem.
3480 3886 3589 3938 Att—

2001 3984 2212 4039 dientes
2242 3980 2526 4052 siquidem,
2555 3989 2727 4045 neque
2753 3975 2894 4038 loca,
2916 3988 3093 4042 neque
3124 3984 3382 4041 tempora,
3415 3988 3588 4040 neque

2001 4088 2261 4144 corpora,
2297 4086 2469 4141 neque
2509 4066 2806 4137 corporalia
2844 4074 2966 4137 post
3008 4065 3167 4120 finem
3205 4064 3364 4132 hujus
3400 4065 3589 4119 mundi

2001 4178 2122 4219 esse
2149 4162 2325 4216 futura
2346 4200 2361 4224 ,
2393 4157 2677 4214 confestim
2704 4154 3019 4211 inﬂammati
3055 4162 3343 4225 erumpunt
3371 4165 3424 4208 et
3455 4169 3585 4222 pro—

2000 4255 2255 4317 clamant,
2286 4252 2526 4306 dicentes
2556 4263 2570 4302 :
2598 4245 2740 4302 Nihil
2782 4248 2943 4319 igitur
2972 4247 3112 4310 erit,
3149 4230 3193 4300 si
3236 4244 3369 4299 nihil
3399 4245 3582 4300 talium

2003 4346 2358 4411 remanserit;
2414 4352 2470 4398 et
2519 4342 2777 4397 insultant
2822 4340 2927 4403 his,
2978 4338 3070 4406 qui
3124 4336 3235 4392 sola
3284 4336 3583 4406 spiritualia

2001 4442 2347 4513 promittunt,
2391 4448 2680 4505 rerumque
2730 4430 3064 4488 sensibilium
3115 4429 3393 4499 opiniones
3436 4428 3581 4483 aufe~

2000 4541 2144 4586 runt.
2209 4530 2350 4584 Haec
2425 4528 2640 4596 itaque,
2688 4532 2747 4577 ut
2798 4523 3017 4591 opinor,
3071 4520 3247 4591 magni
3309 4521 3583 4589 divinique

2000 4622 2404 4679 considerantes
2432 4617 2497 4681 i’,
2532 4616 2837 4682 timidisque
2881 4611 3112 4665 fidelium
3144 4609 3462 4679 simplicium
3494 4625 3584 4663 eo-

2002 4712 2351 4787 gitation‘ibus
2394 4707 2739 4764 consulentes
2765 4707 2829 4769 ’⁸,
2864 4703 3048 4757 utilius
3093 4703 3264 4756 visum
3301 4710 3384 4756 est
3419 4702 3495 4755 eis
3539 4704 3583 4740 ’⁸

2002 4782 2315 4878 praedicare
2389 4811 2722 4855 terrenorum
2792 4795 3234 4863 sensibiliumqne
3297 4810 3582 4864 corporum

2002 4894 2508 4954 transmutationetn
2542 4891 2593 4943 in
2626 4887 2875 4943 caelestia
2905 4885 3310 4953 spiritualiaqne
3355 4900 3580 4951 corpora

2002 4984 2362 5065 [praedicare]
2385 4985 2449 5050 ³⁸,
2474 4997 2631 5052 quam
2658 4979 2871 5050 penitus
2891 4993 3113 5047 corpora
3139 4985 3189 5032 cl
3210 4975 3505 5044 corporalia
3529 4984 3584 5028 et

1999 5080 2274 5140 sensibilia
2304 5076 2486 5133 omnia
2527 5087 2796 5140 nunquam
2835 5085 2954 5125 esse
2989 5069 3185 5123 futura.
3233 5065 3582 5122 Toleraltilior

1595 5245 1847 5301 VARIAE
1884 5240 2291 5300 LECTIONES.

387 5364 404 5395 ⁸
450 5361 541 5417 Sic
566 5361 688 5426 CF;
716 5362 756 5414 A
786 5360 1088 5429 foentinino.
1171 5360 1191 5390 '
1223 5358 1563 5413 deliramenta
1590 5375 1696 5429 om.
1725 5360 1786 5412 A.

311 5431 919 5501 ~[aciens—deserens.

313 5497 445 5557 dant
475 5502 710 5555 umbram
738 5517 846 5555 ont.
877 5499 943 5553 Α.
1043 5502 1064 5533 ⁹
1092 5497 1137 5555 Α
1172 5497 1277 5553 Ita.

305 5645 352 5679 η
394 5636 703 5709 praedicare
736 5636 842 5697 om.
878 5636 943 5691 Δ.

1864 5359 1886 5390 ³
1916 5358 2008 5415 Sic
2043 5358 2160 5421 CF;
2187 5357 2227 5409 A
2262 5372 2321 5409 eo
2347 5355 2481 5408 loco.

1014 5430 1034 5463 ⁸
1056 5430 1097 5483 Δ
1118 5430 1256 5498 quod
1287 5444 1389 5483 non
1420 5428 1739 5498 (Apostolum
1769 5443 1876 5482 om.
1896 5428 1986 5498 A.)

1043 5502 1064 5533 ’
1092 5499 1135 5552 Α
1172 5497 1277 5552 lla.
1380 5498 1425 5530 ⁸⁸
1458 5499 1546 5552 Sic
1581 5496 1696 5552 CF:
1737 5495 1783 5551 Α
1823 5499 2020 5551 habitat

315 5513 445 5557 dam
475 5513 710 5555 umerum
738 5517 846 5555 ont.
877 5513 943 5553 Α.
1043 5513 1064 5533 ³
1092 5513 1135 5555 Α
1172 5513 1277 5553 ua.
1380 5513 1425 5530 ιν
1458 5513 1546 5552 Sic
1581 5513 1654 5551 ur
1681 5514 1696 5562 ;
1737 5513 1783 5551 Α
1823 5513 2142 5551 uamtatura.
2222 5513 2261 5528 ι·
2295 5513 2385 5550 mc
2412 5513 2486 5547 ιιι·
2511 5513 2524 5557 ;
2554 5513 2598 5545 ει
2627 5513 3005 5557 spectatissimi.

315 5570 428 5625 "A
463 5571 706 5639 auferunt
741 5568 1028 5640 opiniones.
1106 5569 1150 5601 “
1182 5570 1271 5624 Sic
1297 5567 1410 5633 CF;
1441 5568 1484 5621 A
1515 5568 1715 5639 magnis
1758 5567 2052 5639 divinisque
2090 5563 2541 5622 considerantibus
2566 5571 2667 5616 cet.
2695 5555 3096 5611 consulentibus.

2555 5352 2576 5383 ⁸
2606 5352 2696 5406 Sic
2741 5352 2779 5403 Α
2815 5367 2828 5410 ;
2881 5348 2964 5403 CF
3031 5346 3220 5412 eligens
3243 5373 3308 5385 ——
3333 5337 3578 5407 repellens

2082 5411 2575 5497 ‘A'praedicaverit.
2682 5430 2703 5462 τ
2726 5432 3001 5497 statutum.
3032 5411 3143 5497 A.“
3186 5411 3380 5497 {relati
3408 5427 3576 5497 aug:-

2221 5478 2267 5528 “7
2295 5494 2385 5550 Sic
2412 5493 2496 5547 CF
2511 5510 2524 5557 ;
2554 5492 2598 5545 Α
2627 5487 3005 5557 specialissimi.
3103 5484 3144 5513 "
3177 5483 3312 5534 diem
3336 5496 3443 5534 om.
3469 5478 3575 5535 Cli'.

2221 5563 2541 5605 ῑΛρι-ηηιὶιηιι
2566 5571 2667 5605 mt-
2695 5555 3096 5605 consulentibus.
3193 5553 3238 5585 ¹⁸
3262 5554 3335 5605 eis
3373 5567 3479 5605 om.
3508 5550 3575 5603 Α.

3468 5578 3576 5603 ,ηε
