  <div class='ocr_page' id='page_1' title='image "/cluster/home/n/w/nwhite01/storage/ocr_20150623/122/hvd.32044054759840/531.png"; bbox 0 0 3952 6162; ppageno 0'>
   <div class='ocr_carea' id='block_1_1' title="bbox 437 314 537 373">
    <p class='ocr_par' dir='ltr' id='par_1_1' title="bbox 437 314 537 373">
     <span class='ocr_line' id='line_1_1' title="bbox 437 314 537 373; baseline -0.06 1"><span class='ocrx_word' id='word_1_1' title='bbox 437 314 537 373; x_wconf 81' lang='lat'><strong>987</strong></span> 
     </span>
    </p>
   </div>
   <div class='ocr_carea' id='block_1_2' title="bbox 1846 303 3602 368">
    <p class='ocr_par' dir='ltr' id='par_1_2' title="bbox 1846 303 3602 368">
     <span class='ocr_line' id='line_1_2' title="bbox 1846 303 3602 368; baseline 0.003 -5"><span class='ocrx_word' id='word_1_2' title='bbox 1846 303 2128 363; x_wconf 70' lang='lat' dir='ltr'><strong>JOANMS</strong></span> <span class='ocrx_word' id='word_1_3' title='bbox 2165 305 2359 363; x_wconf 82' lang='lat' dir='ltr'><strong>SCOTI</strong></span> <span class='ocrx_word' id='word_1_4' title='bbox 3522 313 3602 368; x_wconf 71' lang='lat'><strong>98$</strong></span> 
     </span>
    </p>
   </div>
   <div class='ocr_carea' id='block_1_3' title="bbox 432 413 3607 494">
    <p class='ocr_par' dir='ltr' id='par_1_3' title="bbox 432 413 3607 494">
     <span class='ocr_line' id='line_1_3' title="bbox 432 413 3607 494; baseline 0.001 -18"><span class='ocrx_word' id='word_1_5' title='bbox 432 420 631 493; x_wconf 80' lang='lat' dir='ltr'><strong>quippe</strong></span> <span class='ocrx_word' id='word_1_6' title='bbox 659 417 950 474; x_wconf 78' lang='lat' dir='ltr'><strong>carnaliter</strong></span> <span class='ocrx_word' id='word_1_7' title='bbox 984 416 1338 494; x_wconf 86' lang='lat' dir='ltr'><strong>cogitantibus</strong></span> <span class='ocrx_word' id='word_1_8' title='bbox 1357 415 1565 470; x_wconf 86' lang='lat' dir='ltr'><strong>videtur</strong></span> <span class='ocrx_word' id='word_1_9' title='bbox 1586 415 1651 468; x_wconf 87' lang='lat' dir='ltr'><strong>ad</strong></span> <span class='ocrx_word' id='word_1_10' title='bbox 1678 413 2002 469; x_wconf 89' lang='lat' dir='ltr'><strong>credendum</strong></span> <span class='ocrx_word' id='word_1_11' title='bbox 2035 416 2079 473; x_wconf 88' lang='lat' dir='ltr'><strong>A</strong></span> <span class='ocrx_word' id='word_1_12' title='bbox 2109 415 2480 487; x_wconf 79' lang='lat' dir='ltr'><strong>infinitamque</strong></span> <span class='ocrx_word' id='word_1_13' title='bbox 2507 415 2935 480; x_wconf 87' lang='lat' dir='ltr'><strong>retributionem,</strong></span> <span class='ocrx_word' id='word_1_14' title='bbox 2963 417 3243 473; x_wconf 85' lang='lat' dir='ltr'><strong>secundum</strong></span> <span class='ocrx_word' id='word_1_15' title='bbox 3289 435 3429 491; x_wconf 85' lang='lat' dir='ltr'><strong>quam</strong></span> <span class='ocrx_word' id='word_1_16' title='bbox 3452 422 3607 492; x_wconf 82' lang='lat' dir='ltr'><strong>justis-</strong></span> 
     </span>
    </p>
   </div>
   <div class='ocr_carea' id='block_1_4' title="bbox 434 503 2004 577">
    <p class='ocr_par' dir='ltr' id='par_1_4' title="bbox 434 503 2004 577">
     <span class='ocr_line' id='line_1_4' title="bbox 434 503 2004 577; baseline -0.01 -8"><span class='ocrx_word' id='word_1_17' title='bbox 434 521 771 569; x_wconf 86' lang='lat' dir='ltr'><strong>terrenorum</strong></span> <span class='ocrx_word' id='word_1_18' title='bbox 806 523 1089 577; x_wconf 77' lang='lat' dir='ltr'><strong>corporum</strong></span> <span class='ocrx_word' id='word_1_19' title='bbox 1142 506 1194 559; x_wconf 93' lang='lat' dir='ltr'><strong>in</strong></span> <span class='ocrx_word' id='word_1_20' title='bbox 1246 505 1496 560; x_wconf 86' lang='lat' dir='ltr'><strong>caelestia</strong></span> <span class='ocrx_word' id='word_1_21' title='bbox 1544 503 1808 567; x_wconf 81' lang='lat' dir='ltr'><strong>transitio,</strong></span> <span class='ocrx_word' id='word_1_22' title='bbox 1845 517 2004 571; x_wconf 91' lang='lat' dir='ltr'><strong>quam</strong></span> 
     </span>
    </p>
   </div>
   <div class='ocr_carea' id='block_1_5' title="bbox 434 592 2007 669">
    <p class='ocr_par' dir='ltr' id='par_1_5' title="bbox 434 592 2007 669">
     <span class='ocr_line' id='line_1_5' title="bbox 434 592 2007 669; baseline -0.006 -12"><span class='ocrx_word' id='word_1_23' title='bbox 434 602 597 657; x_wconf 78' lang='lat' dir='ltr'><strong>totius</strong></span> <span class='ocrx_word' id='word_1_24' title='bbox 622 597 1011 669; x_wconf 86' lang='lat' dir='ltr'><strong>eorporalitatis</strong></span> <span class='ocrx_word' id='word_1_25' title='bbox 1043 595 1272 666; x_wconf 88' lang='lat' dir='ltr'><strong>negatio.</strong></span> <span class='ocrx_word' id='word_1_26' title='bbox 1306 595 1503 649; x_wconf 88' lang='lat' dir='ltr'><strong>Eodem</strong></span> <span class='ocrx_word' id='word_1_27' title='bbox 1540 592 2007 648; x_wconf 88' lang='lat' dir='ltr'><strong>condcscensionis</strong></span> 
     </span>
    </p>
   </div>
   <div class='ocr_carea' id='block_1_6' title="bbox 432 684 2006 755">
    <p class='ocr_par' dir='ltr' id='par_1_6' title="bbox 432 684 2006 755">
     <span class='ocr_line' id='line_1_6' title="bbox 432 684 2006 755; baseline -0.008 -8"><span class='ocrx_word' id='word_1_28' title='bbox 432 692 593 747; x_wconf 90' lang='lat' dir='ltr'><strong>modo</strong></span> <span class='ocrx_word' id='word_1_29' title='bbox 623 690 827 744; x_wconf 90' lang='lat' dir='ltr'><strong>locutus</strong></span> <span class='ocrx_word' id='word_1_30' title='bbox 856 697 939 741; x_wconf 90' lang='lat' dir='ltr'><strong>est</strong></span> <span class='ocrx_word' id='word_1_31' title='bbox 964 686 1252 755; x_wconf 80' lang='lat' dir='ltr'><strong>Apostolus</strong></span> <span class='ocrx_word' id='word_1_32' title='bbox 1271 726 1285 750; x_wconf 92' lang='lat'><strong>,</strong></span> <span class='ocrx_word' id='word_1_33' title='bbox 1326 693 1382 738; x_wconf 91' lang='lat' dir='ltr'><strong>ut</strong></span> <span class='ocrx_word' id='word_1_34' title='bbox 1410 686 1690 748; x_wconf 80' lang='lat' dir='ltr'><strong>existimo,</strong></span> <span class='ocrx_word' id='word_1_35' title='bbox 1724 684 1789 738; x_wconf 92' lang='lat' dir='ltr'><strong>de</strong></span> <span class='ocrx_word' id='word_1_36' title='bbox 1828 698 2006 737; x_wconf 89' lang='lat' dir='ltr'><strong>resur-</strong></span> 
     </span>
    </p>
   </div>
   <div class='ocr_carea' id='block_1_7' title="bbox 432 775 2007 847">
    <p class='ocr_par' dir='ltr' id='par_1_7' title="bbox 432 775 2007 847">
     <span class='ocr_line' id='line_1_7' title="bbox 432 775 2007 847; baseline -0.004 -13"><span class='ocrx_word' id='word_1_37' title='bbox 432 783 668 836; x_wconf 86' lang='lat' dir='ltr'><strong>rectione</strong></span> <span class='ocrx_word' id='word_1_38' title='bbox 695 780 890 834; x_wconf 89' lang='lat' dir='ltr'><strong>terreni</strong></span> <span class='ocrx_word' id='word_1_39' title='bbox 915 779 1157 847; x_wconf 87' lang='lat' dir='ltr'><strong>corporis</strong></span> <span class='ocrx_word' id='word_1_40' title='bbox 1194 778 1474 846; x_wconf 85' lang='lat' dir='ltr'><strong>disputans</strong></span> <span class='ocrx_word' id='word_1_41' title='bbox 1510 792 1524 830; x_wconf 89' lang='lat'><strong>:</strong></span> <span class='ocrx_word' id='word_1_42' title='bbox 1568 775 1886 839; x_wconf 68' lang='lat' dir='ltr'><strong>Sentinatur,</strong></span> <span class='ocrx_word' id='word_1_43' title='bbox 1926 775 2007 828; x_wconf 92' lang='lat' dir='ltr'><strong>in-</strong></span> 
     </span>
    </p>
   </div>
   <div class='ocr_carea' id='block_1_8' title="bbox 431 864 2005 941">
    <p class='ocr_par' dir='ltr' id='par_1_8' title="bbox 431 864 2005 941">
     <span class='ocr_line' id='line_1_8' title="bbox 431 864 2005 941; baseline -0.004 -17"><span class='ocrx_word' id='word_1_44' title='bbox 431 874 562 941; x_wconf 89' lang='lat' dir='ltr'><strong>quit,</strong></span> <span class='ocrx_word' id='word_1_45' title='bbox 588 887 774 941; x_wconf 79' lang='lat' dir='ltr'><strong>corpus</strong></span> <span class='ocrx_word' id='word_1_46' title='bbox 805 868 1062 932; x_wconf 81' lang='lat' dir='ltr'><strong>animale,</strong></span> <span class='ocrx_word' id='word_1_47' title='bbox 1099 877 1272 936; x_wconf 81' lang='lat' dir='ltr'><strong>surget</strong></span> <span class='ocrx_word' id='word_1_48' title='bbox 1318 883 1503 937; x_wconf 80' lang='lat' dir='ltr'><strong>corpus</strong></span> <span class='ocrx_word' id='word_1_49' title='bbox 1534 865 1822 935; x_wconf 86' lang='lat' dir='ltr'><strong>spirituale.</strong></span> <span class='ocrx_word' id='word_1_50' title='bbox 1852 865 1928 919; x_wconf 88' lang='lat' dir='ltr'><strong>Ac</strong></span> <span class='ocrx_word' id='word_1_51' title='bbox 1960 864 2005 920; x_wconf 85' lang='lat' dir='ltr'><strong>si</strong></span> 
     </span>
    </p>
   </div>
   <div class='ocr_carea' id='block_1_9' title="bbox 431 957 2006 1028">
    <p class='ocr_par' dir='ltr' id='par_1_9' title="bbox 431 957 2006 1028">
     <span class='ocr_line' id='line_1_9' title="bbox 431 957 2006 1028; baseline -0.004 -12"><span class='ocrx_word' id='word_1_52' title='bbox 431 962 653 1016; x_wconf 75' lang='lat' dir='ltr'><strong>dixisset</strong></span> <span class='ocrx_word' id='word_1_53' title='bbox 686 978 698 1013; x_wconf 91' lang='lat'>:</span> <span class='ocrx_word' id='word_1_54' title='bbox 730 959 937 1028; x_wconf 89' lang='lat' dir='ltr'><strong>Corpus</strong></span> <span class='ocrx_word' id='word_1_55' title='bbox 969 968 1242 1013; x_wconf 90' lang='lat' dir='ltr'><strong>terrenum</strong></span> <span class='ocrx_word' id='word_1_56' title='bbox 1291 966 1347 1011; x_wconf 91' lang='lat' dir='ltr'><strong>et</strong></span> <span class='ocrx_word' id='word_1_57' title='bbox 1382 957 1633 1022; x_wconf 89' lang='lat' dir='ltr'><strong>animale,</strong></span> <span class='ocrx_word' id='word_1_58' title='bbox 1666 958 1805 1026; x_wconf 88' lang='lat' dir='ltr'><strong>quod</strong></span> <span class='ocrx_word' id='word_1_59' title='bbox 1845 957 2006 1011; x_wconf 91' lang='lat' dir='ltr'><strong>semi-</strong></span> 
     </span>
    </p>
   </div>
   <div class='ocr_carea' id='block_1_10' title="bbox 430 1046 2005 1115">
    <p class='ocr_par' dir='ltr' id='par_1_10' title="bbox 430 1046 2005 1115">
     <span class='ocr_line' id='line_1_10' title="bbox 430 1046 2005 1115; baseline -0.003 -11"><span class='ocrx_word' id='word_1_60' title='bbox 430 1060 589 1104; x_wconf 85' lang='lat' dir='ltr'><strong>natur</strong></span> <span class='ocrx_word' id='word_1_61' title='bbox 615 1050 666 1103; x_wconf 93' lang='lat' dir='ltr'><strong>in</strong></span> <span class='ocrx_word' id='word_1_62' title='bbox 692 1049 882 1103; x_wconf 90' lang='lat' dir='ltr'><strong>mortis</strong></span> <span class='ocrx_word' id='word_1_63' title='bbox 904 1056 960 1102; x_wconf 90' lang='lat' dir='ltr'><strong>et</strong></span> <span class='ocrx_word' id='word_1_64' title='bbox 988 1047 1348 1115; x_wconf 72' lang='lat' dir='ltr'><strong>corruptionis</strong></span> <span class='ocrx_word' id='word_1_65' title='bbox 1372 1046 1658 1109; x_wconf 79' lang='lat' dir='ltr'><strong>solutione,</strong></span> <span class='ocrx_word' id='word_1_66' title='bbox 1687 1056 1870 1114; x_wconf 78' lang='lat' dir='ltr'><strong>surget</strong></span> <span class='ocrx_word' id='word_1_67' title='bbox 1892 1062 2005 1099; x_wconf 90' lang='lat' dir='ltr'><strong>cor-</strong></span> 
     </span>
    </p>
   </div>
   <div class='ocr_carea' id='block_1_11' title="bbox 424 1137 2005 1211">
    <p class='ocr_par' dir='ltr' id='par_1_11' title="bbox 424 1137 2005 1211">
     <span class='ocr_line' id='line_1_11' title="bbox 424 1137 2005 1211; baseline -0.003 -17"><span class='ocrx_word' id='word_1_68' title='bbox 424 1156 527 1211; x_wconf 85' lang='lat' dir='ltr'><strong>pus</strong></span> <span class='ocrx_word' id='word_1_69' title='bbox 556 1138 834 1210; x_wconf 80' lang='lat' dir='ltr'><strong>spirituale</strong></span> <span class='ocrx_word' id='word_1_70' title='bbox 856 1147 911 1193; x_wconf 89' lang='lat' dir='ltr'><strong>et</strong></span> <span class='ocrx_word' id='word_1_71' title='bbox 931 1137 1181 1202; x_wconf 83' lang='lat' dir='ltr'><strong>caeleste,</strong></span> <span class='ocrx_word' id='word_1_72' title='bbox 1210 1146 1419 1192; x_wconf 90' lang='lat' dir='ltr'><strong>terrena</strong></span> <span class='ocrx_word' id='word_1_73' title='bbox 1435 1137 1681 1191; x_wconf 89' lang='lat' dir='ltr'><strong>videlicet</strong></span> <span class='ocrx_word' id='word_1_74' title='bbox 1707 1137 2005 1206; x_wconf 83' lang='lat' dir='ltr'><strong>quantitate</strong></span> 
     </span>
    </p>
   </div>
   <div class='ocr_carea' id='block_1_12' title="bbox 428 1229 2003 1300">
    <p class='ocr_par' dir='ltr' id='par_1_12' title="bbox 428 1229 2003 1300">
     <span class='ocr_line' id='line_1_12' title="bbox 428 1229 2003 1300; baseline -0.001 -15"><span class='ocrx_word' id='word_1_75' title='bbox 428 1242 481 1285; x_wconf 92' lang='lat' dir='ltr'><strong>et</strong></span> <span class='ocrx_word' id='word_1_76' title='bbox 506 1230 764 1300; x_wconf 79' lang='lat' dir='ltr'><strong>qualitate</strong></span> <span class='ocrx_word' id='word_1_77' title='bbox 804 1230 855 1283; x_wconf 91' lang='lat' dir='ltr'><strong>in</strong></span> <span class='ocrx_word' id='word_1_78' title='bbox 889 1229 1172 1283; x_wconf 74' lang='lat' dir='ltr'><strong>caelestem</strong></span> <span class='ocrx_word' id='word_1_79' title='bbox 1208 1229 1605 1298; x_wconf 84' lang='lat' dir='ltr'><strong>qualitatem-et</strong></span> <span class='ocrx_word' id='word_1_80' title='bbox 1649 1231 2003 1297; x_wconf 83' lang='lat' dir='ltr'><strong>quantitatem</strong></span> 
     </span>
    </p>
   </div>
   <div class='ocr_carea' id='block_1_13' title="bbox 429 1316 2006 1382">
    <p class='ocr_par' dir='ltr' id='par_1_13' title="bbox 429 1316 2006 1382">
     <span class='ocr_line' id='line_1_13' title="bbox 429 1316 2006 1382; baseline 0.001 -12"><span class='ocrx_word' id='word_1_81' title='bbox 429 1327 815 1382; x_wconf 82' lang='lat' dir='ltr'><strong>transmutata;</strong></span> <span class='ocrx_word' id='word_1_82' title='bbox 857 1325 929 1381; x_wconf 86' lang='lat' dir='ltr'><strong>et,</strong></span> <span class='ocrx_word' id='word_1_83' title='bbox 966 1325 1025 1369; x_wconf 90' lang='lat' dir='ltr'><strong>ut</strong></span> <span class='ocrx_word' id='word_1_84' title='bbox 1058 1317 1293 1370; x_wconf 79' lang='lat' dir='ltr'><strong>breviter</strong></span> <span class='ocrx_word' id='word_1_85' title='bbox 1322 1316 1517 1377; x_wconf 90' lang='lat' dir='ltr'><strong>dicam,</strong></span> <span class='ocrx_word' id='word_1_86' title='bbox 1542 1316 1900 1370; x_wconf 64' lang='lat' dir='ltr'><strong>sicuti‘multi</strong></span> <span class='ocrx_word' id='word_1_87' title='bbox 1941 1332 2006 1373; x_wconf 86' lang='lat' dir='ltr'><strong>ac</strong></span> 
     </span>
    </p>
   </div>
   <div class='ocr_carea' id='block_1_14' title="bbox 426 1408 2001 1481">
    <p class='ocr_par' dir='ltr' id='par_1_14' title="bbox 426 1408 2001 1481">
     <span class='ocr_line' id='line_1_14' title="bbox 426 1408 2001 1481; baseline 0 -18"><span class='ocrx_word' id='word_1_88' title='bbox 426 1425 565 1481; x_wconf 92' lang='lat' dir='ltr'><strong>pene</strong></span> <span class='ocrx_word' id='word_1_89' title='bbox 602 1424 788 1464; x_wconf 91' lang='lat' dir='ltr'><strong>omnes</strong></span> <span class='ocrx_word' id='word_1_90' title='bbox 825 1410 960 1463; x_wconf 89' lang='lat' dir='ltr'><strong>haec</strong></span> <span class='ocrx_word' id='word_1_91' title='bbox 988 1409 1147 1463; x_wconf 91' lang='lat' dir='ltr'><strong>verba</strong></span> <span class='ocrx_word' id='word_1_92' title='bbox 1190 1408 1427 1476; x_wconf 87' lang='lat' dir='ltr'><strong>Apostoli</strong></span> <span class='ocrx_word' id='word_1_93' title='bbox 1458 1408 1645 1461; x_wconf 89' lang='lat' dir='ltr'><strong>volunt</strong></span> <span class='ocrx_word' id='word_1_94' title='bbox 1684 1409 2001 1479; x_wconf 84' lang='lat' dir='ltr'><strong>intelligere,</strong></span> 
     </span>
    </p>
   </div>
   <div class='ocr_carea' id='block_1_15' title="bbox 427 1498 1999 1567">
    <p class='ocr_par' dir='ltr' id='par_1_15' title="bbox 427 1498 1999 1567">
     <span class='ocr_line' id='line_1_15' title="bbox 427 1498 1999 1567; baseline -0.001 -13"><span class='ocrx_word' id='word_1_95' title='bbox 427 1501 493 1554; x_wconf 89' lang='lat' dir='ltr'><strong>de</strong></span> <span class='ocrx_word' id='word_1_96' title='bbox 524 1508 736 1553; x_wconf 89' lang='lat' dir='ltr'><strong>terreno</strong></span> <span class='ocrx_word' id='word_1_97' title='bbox 765 1500 868 1553; x_wconf 91' lang='lat' dir='ltr'><strong>erit</strong></span> <span class='ocrx_word' id='word_1_98' title='bbox 905 1498 1168 1561; x_wconf 77' lang='lat' dir='ltr'><strong>caeleste,</strong></span> <span class='ocrx_word' id='word_1_99' title='bbox 1200 1501 1265 1553; x_wconf 87' lang='lat' dir='ltr'><strong>de</strong></span> <span class='ocrx_word' id='word_1_100' title='bbox 1290 1498 1555 1567; x_wconf 84' lang='lat' dir='ltr'><strong>corporali</strong></span> <span class='ocrx_word' id='word_1_101' title='bbox 1587 1498 1999 1567; x_wconf 88' lang='lat' dir='ltr'><strong>eritspirituale,</strong></span> 
     </span>
    </p>
   </div>
   <div class='ocr_carea' id='block_1_16' title="bbox 426 1589 2004 1657">
    <p class='ocr_par' dir='ltr' id='par_1_16' title="bbox 426 1589 2004 1657">
     <span class='ocr_line' id='line_1_16' title="bbox 426 1589 2004 1657; baseline 0 -13"><span class='ocrx_word' id='word_1_102' title='bbox 426 1604 637 1657; x_wconf 84' lang='lat' dir='ltr'><strong>semper</strong></span> <span class='ocrx_word' id='word_1_103' title='bbox 672 1598 848 1642; x_wconf 84' lang='lat' dir='ltr'><strong>tamen</strong></span> <span class='ocrx_word' id='word_1_104' title='bbox 882 1604 1078 1657; x_wconf 90' lang='lat' dir='ltr'><strong>corpus</strong></span> <span class='ocrx_word' id='word_1_105' title='bbox 1116 1589 1248 1654; x_wconf 87' lang='lat' dir='ltr'><strong>erit;</strong></span> <span class='ocrx_word' id='word_1_106' title='bbox 1283 1590 1347 1642; x_wconf 92' lang='lat' dir='ltr'><strong>de</strong></span> <span class='ocrx_word' id='word_1_107' title='bbox 1376 1589 1679 1657; x_wconf 78' lang='lat' dir='ltr'><strong>ponderosa</strong></span> <span class='ocrx_word' id='word_1_108' title='bbox 1723 1589 1774 1641; x_wconf 91' lang='lat' dir='ltr'><strong>in</strong></span> <span class='ocrx_word' id='word_1_109' title='bbox 1812 1589 2004 1645; x_wconf 84' lang='lat' dir='ltr'><strong>subtile</strong></span> 
     </span>
    </p>
   </div>
   <div class='ocr_carea' id='block_1_17' title="bbox 424 1679 2005 1748">
    <p class='ocr_par' dir='ltr' id='par_1_17' title="bbox 424 1679 2005 1748">
     <span class='ocr_line' id='line_1_17' title="bbox 424 1679 2005 1748; baseline 0.001 -15"><span class='ocrx_word' id='word_1_110' title='bbox 424 1680 748 1743; x_wconf 85' lang='lat' dir='ltr'><strong>mutabitur;</strong></span> <span class='ocrx_word' id='word_1_111' title='bbox 770 1694 1042 1747; x_wconf 82' lang='lat' dir='ltr'><strong>nunquam</strong></span> <span class='ocrx_word' id='word_1_112' title='bbox 1074 1688 1251 1731; x_wconf 89' lang='lat' dir='ltr'><strong>tamen</strong></span> <span class='ocrx_word' id='word_1_113' title='bbox 1291 1679 1541 1732; x_wconf 87' lang='lat' dir='ltr'><strong>aetherea</strong></span> <span class='ocrx_word' id='word_1_114' title='bbox 1568 1694 1792 1748; x_wconf 88' lang='lat' dir='ltr'><strong>corpora</strong></span> <span class='ocrx_word' id='word_1_115' title='bbox 1832 1689 2005 1734; x_wconf 83' lang='lat' dir='ltr'><strong>trans-</strong></span> 
     </span>
    </p>
   </div>
   <div class='ocr_carea' id='block_1_18' title="bbox 2110 504 3607 581">
    <p class='ocr_par' dir='ltr' id='par_1_18' title="bbox 2110 504 3607 581">
     <span class='ocr_line' id='line_1_18' title="bbox 2110 504 3607 581; baseline 0.005 -22"><span class='ocrx_word' id='word_1_116' title='bbox 2110 505 2278 560; x_wconf 86' lang='lat' dir='ltr'><strong>simus</strong></span> <span class='ocrx_word' id='word_1_117' title='bbox 2305 504 2469 574; x_wconf 77' lang='lat' dir='ltr'><strong>judex</strong></span> <span class='ocrx_word' id='word_1_118' title='bbox 2510 507 2696 561; x_wconf 88' lang='lat' dir='ltr'><strong>reddet</strong></span> <span class='ocrx_word' id='word_1_119' title='bbox 2744 507 3031 576; x_wconf 88' lang='lat' dir='ltr'><strong>unicuique</strong></span> <span class='ocrx_word' id='word_1_120' title='bbox 3079 509 3356 563; x_wconf 88' lang='lat' dir='ltr'><strong>secumlum</strong></span> <span class='ocrx_word' id='word_1_121' title='bbox 3397 510 3436 542; x_wconf 79' lang='lat'>&quot;</span> <span class='ocrx_word' id='word_1_122' title='bbox 3475 527 3607 581; x_wconf 76' lang='lat' dir='ltr'><strong>Opera</strong></span> 
     </span>
    </p>
   </div>
   <div class='ocr_carea' id='block_1_19' title="bbox 2108 595 3607 668">
    <p class='ocr_par' dir='ltr' id='par_1_19' title="bbox 2108 595 3607 668">
     <span class='ocr_line' id='line_1_19' title="bbox 2108 595 3607 668; baseline 0.005 -18"><span class='ocrx_word' id='word_1_123' title='bbox 2108 611 2226 660; x_wconf 89' lang='lat' dir='ltr'><strong>sua,</strong></span> <span class='ocrx_word' id='word_1_124' title='bbox 2282 597 2529 668; x_wconf 81' lang='lat' dir='ltr'><strong>egregius</strong></span> <span class='ocrx_word' id='word_1_125' title='bbox 2556 598 2751 651; x_wconf 90' lang='lat' dir='ltr'><strong>Doctor</strong></span> <span class='ocrx_word' id='word_1_126' title='bbox 2781 597 3075 653; x_wconf 82' lang='lat' dir='ltr'><strong>insinuans.</strong></span> <span class='ocrx_word' id='word_1_127' title='bbox 3112 595 3223 652; x_wconf 80' lang='lat' dir='ltr'><strong>Non</strong></span> <span class='ocrx_word' id='word_1_128' title='bbox 3250 600 3379 652; x_wconf 90' lang='lat' dir='ltr'><strong>cnim</strong></span> <span class='ocrx_word' id='word_1_129' title='bbox 3405 600 3607 657; x_wconf 79' lang='lat' dir='ltr'><strong>audiendi</strong></span> 
     </span>
    </p>
   </div>
   <div class='ocr_carea' id='block_1_20' title="bbox 2108 686 3606 756">
    <p class='ocr_par' dir='ltr' id='par_1_20' title="bbox 2108 686 3606 756">
     <span class='ocr_line' id='line_1_20' title="bbox 2108 686 3606 756; baseline 0.004 -19"><span class='ocrx_word' id='word_1_130' title='bbox 2108 693 2254 750; x_wconf 89' lang='lat' dir='ltr'><strong>sunt,</strong></span> <span class='ocrx_word' id='word_1_131' title='bbox 2287 688 2378 755; x_wconf 89' lang='lat' dir='ltr'><strong>qui</strong></span> <span class='ocrx_word' id='word_1_132' title='bbox 2415 694 2716 751; x_wconf 81' lang='lat' dir='ltr'><strong>autumant,</strong></span> <span class='ocrx_word' id='word_1_133' title='bbox 2766 686 2996 740; x_wconf 82' lang='lat' dir='ltr'><strong>humana</strong></span> <span class='ocrx_word' id='word_1_134' title='bbox 3035 702 3254 756; x_wconf 89' lang='lat' dir='ltr'><strong>corpora</strong></span> <span class='ocrx_word' id='word_1_135' title='bbox 3281 696 3390 756; x_wconf 88' lang='lat' dir='ltr'><strong>post</strong></span> <span class='ocrx_word' id='word_1_136' title='bbox 3419 688 3606 743; x_wconf 85' lang='lat' dir='ltr'><strong>futuram</strong></span> 
     </span>
    </p>
   </div>
   <div class='ocr_carea' id='block_1_21' title="bbox 2108 774 3612 846">
    <p class='ocr_par' dir='ltr' id='par_1_21' title="bbox 2108 774 3612 846">
     <span class='ocr_line' id='line_1_21' title="bbox 2108 774 3612 846; baseline 0.006 -20"><span class='ocrx_word' id='word_1_137' title='bbox 2108 776 2552 829; x_wconf 87' lang='lat' dir='ltr'><strong>resurrectionem</strong></span> <span class='ocrx_word' id='word_1_138' title='bbox 2586 776 2626 806; x_wconf 81' lang='lat'>“</span> <span class='ocrx_word' id='word_1_139' title='bbox 2659 775 2730 829; x_wconf 92' lang='lat' dir='ltr'><strong>ita</strong></span> <span class='ocrx_word' id='word_1_140' title='bbox 2765 774 2816 827; x_wconf 91' lang='lat' dir='ltr'><strong>in</strong></span> <span class='ocrx_word' id='word_1_141' title='bbox 2860 775 3122 829; x_wconf 89' lang='lat' dir='ltr'><strong>aethereis</strong></span> <span class='ocrx_word' id='word_1_142' title='bbox 3149 778 3324 846; x_wconf 72' lang='lat' dir='ltr'><strong>spatiis</strong></span> <span class='ocrx_word' id='word_1_143' title='bbox 3352 776 3612 842; x_wconf 76' lang='lat' dir='ltr'><strong>tulsur.i,ut</strong></span> 
     </span>
    </p>
   </div>
   <div class='ocr_carea' id='block_1_22' title="bbox 2107 863 3611 936">
    <p class='ocr_par' dir='ltr' id='par_1_22' title="bbox 2107 863 3611 936">
     <span class='ocr_line' id='line_1_22' title="bbox 2107 863 3611 936; baseline 0.004 -20"><span class='ocrx_word' id='word_1_144' title='bbox 2107 866 2523 934; x_wconf 80' lang='lat' dir='ltr'><strong>unumquodque</strong></span> <span class='ocrx_word' id='word_1_145' title='bbox 2578 873 2784 917; x_wconf 91' lang='lat' dir='ltr'><strong>tantum</strong></span> <span class='ocrx_word' id='word_1_146' title='bbox 2817 863 3075 918; x_wconf 87' lang='lat' dir='ltr'><strong>claritatis</strong></span> <span class='ocrx_word' id='word_1_147' title='bbox 3126 865 3361 933; x_wconf 76' lang='lat' dir='ltr'><strong>accipiat,</strong></span> <span class='ocrx_word' id='word_1_148' title='bbox 3398 879 3611 936; x_wconf 89' lang='lat' dir='ltr'><strong>quantum</strong></span> 
     </span>
    </p>
   </div>
   <div class='ocr_carea' id='block_1_23' title="bbox 2108 954 3612 1025">
    <p class='ocr_par' dir='ltr' id='par_1_23' title="bbox 2108 954 3612 1025">
     <span class='ocr_line' id='line_1_23' title="bbox 2108 954 3612 1025; baseline 0.003 -16"><span class='ocrx_word' id='word_1_149' title='bbox 2108 955 2159 1009; x_wconf 90' lang='lat' dir='ltr'><strong>in</strong></span> <span class='ocrx_word' id='word_1_150' title='bbox 2206 955 2307 1008; x_wconf 89' lang='lat' dir='ltr'><strong>hac</strong></span> <span class='ocrx_word' id='word_1_151' title='bbox 2330 955 2438 1009; x_wconf 84' lang='lat' dir='ltr'><strong>vita</strong></span> <span class='ocrx_word' id='word_1_152' title='bbox 2472 954 2900 1010; x_wconf 88' lang='lat' dir='ltr'><strong>conversationis</strong></span> <span class='ocrx_word' id='word_1_153' title='bbox 2940 955 3130 1010; x_wconf 90' lang='lat' dir='ltr'><strong>merito</strong></span> <span class='ocrx_word' id='word_1_154' title='bbox 3171 958 3342 1025; x_wconf 85' lang='lat' dir='ltr'><strong>gessit,</strong></span> <span class='ocrx_word' id='word_1_155' title='bbox 3376 956 3475 1012; x_wconf 85' lang='lat' dir='ltr'><strong>sive</strong></span> <span class='ocrx_word' id='word_1_156' title='bbox 3507 957 3612 1013; x_wconf 81' lang='lat' dir='ltr'><strong>bene</strong></span> 
     </span>
    </p>
   </div>
   <div class='ocr_carea' id='block_1_24' title="bbox 2106 1044 3612 1114">
    <p class='ocr_par' dir='ltr' id='par_1_24' title="bbox 2106 1044 3612 1114">
     <span class='ocr_line' id='line_1_24' title="bbox 2106 1044 3612 1114; baseline 0.004 -16"><span class='ocrx_word' id='word_1_157' title='bbox 2106 1044 2219 1099; x_wconf 87' lang='lat' dir='ltr'><strong>sive</strong></span> <span class='ocrx_word' id='word_1_158' title='bbox 2241 1044 2405 1109; x_wconf 87' lang='lat' dir='ltr'><strong>male;</strong></span> <span class='ocrx_word' id='word_1_159' title='bbox 2432 1054 2486 1098; x_wconf 90' lang='lat' dir='ltr'><strong>et</strong></span> <span class='ocrx_word' id='word_1_160' title='bbox 2508 1045 2898 1114; x_wconf 78' lang='lat' dir='ltr'><strong>ut&quot;justorum</strong></span> <span class='ocrx_word' id='word_1_161' title='bbox 2921 1045 3209 1114; x_wconf 83' lang='lat' dir='ltr'><strong>corporalis</strong></span> <span class='ocrx_word' id='word_1_162' title='bbox 3228 1048 3428 1101; x_wconf 87' lang='lat' dir='ltr'><strong>claritas</strong></span> <span class='ocrx_word' id='word_1_163' title='bbox 3451 1049 3531 1103; x_wconf 86' lang='lat' dir='ltr'><strong>soli</strong></span> <span class='ocrx_word' id='word_1_164' title='bbox 3552 1050 3612 1103; x_wconf 89' lang='lat' dir='ltr'><strong>lu-</strong></span> 
     </span>
    </p>
   </div>
   <div class='ocr_carea' id='block_1_25' title="bbox 2106 1136 3616 1207">
    <p class='ocr_par' dir='ltr' id='par_1_25' title="bbox 2106 1136 3616 1207">
     <span class='ocr_line' id='line_1_25' title="bbox 2106 1136 3616 1207; baseline 0.003 -20"><span class='ocrx_word' id='word_1_165' title='bbox 2106 1150 2314 1205; x_wconf 84' lang='lat' dir='ltr'><strong>uaeque</strong></span> <span class='ocrx_word' id='word_1_166' title='bbox 2351 1136 2781 1207; x_wconf 82' lang='lat' dir='ltr'><strong>fulgentibusqne</strong></span> <span class='ocrx_word' id='word_1_167' title='bbox 2809 1137 2997 1202; x_wconf 87' lang='lat' dir='ltr'><strong>stellis,</strong></span> <span class='ocrx_word' id='word_1_168' title='bbox 3034 1138 3304 1207; x_wconf 88' lang='lat' dir='ltr'><strong>impiorum</strong></span> <span class='ocrx_word' id='word_1_169' title='bbox 3333 1154 3444 1192; x_wconf 89' lang='lat' dir='ltr'><strong>vero</strong></span> <span class='ocrx_word' id='word_1_170' title='bbox 3461 1142 3616 1194; x_wconf 82' lang='lat' dir='ltr'><strong>obscu-</strong></span> 
     </span>
    </p>
   </div>
   <div class='ocr_carea' id='block_1_26' title="bbox 2105 1226 3614 1298">
    <p class='ocr_par' dir='ltr' id='par_1_26' title="bbox 2105 1226 3614 1298">
     <span class='ocr_line' id='line_1_26' title="bbox 2105 1226 3614 1298; baseline 0.004 -20"><span class='ocrx_word' id='word_1_171' title='bbox 2105 1227 2237 1279; x_wconf 91' lang='lat' dir='ltr'><strong>ritas</strong></span> <span class='ocrx_word' id='word_1_172' title='bbox 2266 1226 2442 1280; x_wconf 91' lang='lat' dir='ltr'><strong>minus</strong></span> <span class='ocrx_word' id='word_1_173' title='bbox 2486 1226 2891 1296; x_wconf 78' lang='lat' dir='ltr'><strong>splendentibus</strong></span> <span class='ocrx_word' id='word_1_174' title='bbox 2916 1238 3279 1297; x_wconf 85' lang='lat' dir='ltr'><strong>comparetur;</strong></span> <span class='ocrx_word' id='word_1_175' title='bbox 3313 1240 3477 1283; x_wconf 86' lang='lat' dir='ltr'><strong>contra</strong></span> <span class='ocrx_word' id='word_1_176' title='bbox 3508 1245 3614 1298; x_wconf 83' lang='lat' dir='ltr'><strong>quos</strong></span> 
     </span>
    </p>
   </div>
   <div class='ocr_carea' id='block_1_27' title="bbox 2105 1316 3613 1388">
    <p class='ocr_par' dir='ltr' id='par_1_27' title="bbox 2105 1316 3613 1388">
     <span class='ocr_line' id='line_1_27' title="bbox 2105 1316 3613 1388; baseline 0.005 -20"><span class='ocrx_word' id='word_1_177' title='bbox 2105 1331 2230 1370; x_wconf 85' lang='lat' dir='ltr'><strong>vera</strong></span> <span class='ocrx_word' id='word_1_178' title='bbox 2272 1316 2410 1370; x_wconf 88' lang='lat' dir='ltr'><strong>ratio</strong></span> <span class='ocrx_word' id='word_1_179' title='bbox 2457 1318 2555 1380; x_wconf 86' lang='lat' dir='ltr'><strong>ait,</strong></span> <span class='ocrx_word' id='word_1_180' title='bbox 2596 1317 2790 1371; x_wconf 88' lang='lat' dir='ltr'><strong>divinis</strong></span> <span class='ocrx_word' id='word_1_181' title='bbox 2826 1318 3345 1388; x_wconf 79' lang='lat' dir='ltr'><strong>adjuta-Scripturis,</strong></span> <span class='ocrx_word' id='word_1_182' title='bbox 3382 1324 3613 1376; x_wconf 83' lang='lat' dir='ltr'><strong>manileste</strong></span> 
     </span>
    </p>
   </div>
   <div class='ocr_carea' id='block_1_28' title="bbox 2107 1403 3613 1476">
    <p class='ocr_par' dir='ltr' id='par_1_28' title="bbox 2107 1403 3613 1476">
     <span class='ocr_line' id='line_1_28' title="bbox 2107 1403 3613 1476; baseline 0.003 -19"><span class='ocrx_word' id='word_1_183' title='bbox 2107 1403 2305 1458; x_wconf 87' lang='lat' dir='ltr'><strong>docens</strong></span> <span class='ocrx_word' id='word_1_184' title='bbox 2353 1405 2594 1459; x_wconf 90' lang='lat' dir='ltr'><strong>omnium</strong></span> <span class='ocrx_word' id='word_1_185' title='bbox 2635 1405 2989 1460; x_wconf 88' lang='lat' dir='ltr'><strong>humanorum</strong></span> <span class='ocrx_word' id='word_1_186' title='bbox 3026 1422 3303 1476; x_wconf 86' lang='lat' dir='ltr'><strong>cerporum</strong></span> <span class='ocrx_word' id='word_1_187' title='bbox 3330 1424 3613 1462; x_wconf 87' lang='lat' dir='ltr'><strong>communem</strong></span> 
     </span>
    </p>
   </div>
   <div class='ocr_carea' id='block_1_29' title="bbox 2104 1497 3616 1569">
    <p class='ocr_par' dir='ltr' id='par_1_29' title="bbox 2104 1497 3616 1569">
     <span class='ocr_line' id='line_1_29' title="bbox 2104 1497 3616 1569; baseline 0.003 -19"><span class='ocrx_word' id='word_1_188' title='bbox 2104 1510 2205 1550; x_wconf 88' lang='lat' dir='ltr'><strong>ean</strong></span> <span class='ocrx_word' id='word_1_189' title='bbox 2230 1498 2439 1566; x_wconf 64' lang='lat' dir='ltr'><strong>temque</strong></span> <span class='ocrx_word' id='word_1_190' title='bbox 2469 1497 2693 1566; x_wconf 82' lang='lat' dir='ltr'><strong>gloriam</strong></span> <span class='ocrx_word' id='word_1_191' title='bbox 2730 1507 2784 1553; x_wconf 88' lang='lat' dir='ltr'><strong>et</strong></span> <span class='ocrx_word' id='word_1_192' title='bbox 2805 1499 3058 1553; x_wconf 87' lang='lat' dir='ltr'><strong>virtutem</strong></span> <span class='ocrx_word' id='word_1_193' title='bbox 3095 1503 3146 1553; x_wconf 91' lang='lat' dir='ltr'><strong>in</strong></span> <span class='ocrx_word' id='word_1_194' title='bbox 3176 1501 3352 1554; x_wconf 88' lang='lat' dir='ltr'><strong>eadem</strong></span> <span class='ocrx_word' id='word_1_195' title='bbox 3377 1500 3616 1569; x_wconf 79' lang='lat' dir='ltr'><strong>spirituali-</strong></span> 
     </span>
    </p>
   </div>
   <div class='ocr_carea' id='block_1_30' title="bbox 2107 1588 3614 1653">
    <p class='ocr_par' dir='ltr' id='par_1_30' title="bbox 2107 1588 3614 1653">
     <span class='ocr_line' id='line_1_30' title="bbox 2107 1588 3614 1653; baseline 0.001 -12"><span class='ocrx_word' id='word_1_196' title='bbox 2107 1597 2237 1652; x_wconf 89' lang='lat' dir='ltr'><strong>tate,</strong></span> <span class='ocrx_word' id='word_1_197' title='bbox 2262 1588 2685 1653; x_wconf 85' lang='lat' dir='ltr'><strong>immortalitate,</strong></span> <span class='ocrx_word' id='word_1_198' title='bbox 2723 1589 3046 1644; x_wconf 85' lang='lat' dir='ltr'><strong>aeternitate</strong></span> <span class='ocrx_word' id='word_1_199' title='bbox 3078 1589 3329 1644; x_wconf 85' lang='lat' dir='ltr'><strong>futuram.</strong></span> <span class='ocrx_word' id='word_1_200' title='bbox 3353 1590 3477 1644; x_wconf 84' lang='lat' dir='ltr'><strong>Haec</strong></span> <span class='ocrx_word' id='word_1_201' title='bbox 3501 1592 3614 1643; x_wconf 89' lang='lat' dir='ltr'><strong>enim</strong></span> 
     </span>
    </p>
   </div>
   <div class='ocr_carea' id='block_1_31' title="bbox 2105 1676 3613 1747">
    <p class='ocr_par' dir='ltr' id='par_1_31' title="bbox 2105 1676 3613 1747">
     <span class='ocr_line' id='line_1_31' title="bbox 2105 1676 3613 1747; baseline 0 -16"><span class='ocrx_word' id='word_1_202' title='bbox 2105 1677 2284 1731; x_wconf 88' lang='lat' dir='ltr'><strong>omnia</strong></span> <span class='ocrx_word' id='word_1_203' title='bbox 2308 1676 2634 1747; x_wconf 83' lang='lat' dir='ltr'><strong>generaliter</strong></span> <span class='ocrx_word' id='word_1_204' title='bbox 2661 1679 2909 1733; x_wconf 88' lang='lat' dir='ltr'><strong>omnibus</strong></span> <span class='ocrx_word' id='word_1_205' title='bbox 2934 1688 2988 1732; x_wconf 89' lang='lat' dir='ltr'><strong>et</strong></span> <span class='ocrx_word' id='word_1_206' title='bbox 3015 1677 3369 1732; x_wconf 67' lang='lat' dir='ltr'><strong>indifferenter</strong></span> <span class='ocrx_word' id='word_1_207' title='bbox 3386 1695 3441 1732; x_wconf 77' lang='lat' dir='ltr'><strong>ex</strong></span> <span class='ocrx_word' id='word_1_208' title='bbox 3466 1689 3613 1731; x_wconf 84' lang='lat' dir='ltr'><strong>natura</strong></span> 
     </span>
    </p>
   </div>
   <div class='ocr_carea' id='block_1_32' title="bbox 424 1753 3615 1838">
    <p class='ocr_par' dir='ltr' id='par_1_32' title="bbox 424 1753 3615 1838">
     <span class='ocr_line' id='line_1_32' title="bbox 424 1753 3615 1838; baseline 0 -17"><span class='ocrx_word' id='word_1_209' title='bbox 424 1782 730 1832; x_wconf 88' lang='lat' dir='ltr'><strong>ceusurum,</strong></span> <span class='ocrx_word' id='word_1_210' title='bbox 773 1782 946 1836; x_wconf 86' lang='lat' dir='ltr'><strong>neque</strong></span> <span class='ocrx_word' id='word_1_211' title='bbox 975 1783 1261 1837; x_wconf 91' lang='lat' dir='ltr'><strong>corporeas</strong></span> <span class='ocrx_word' id='word_1_212' title='bbox 1291 1770 1310 1798; x_wconf 81' lang='lat'><strong><em>‘</em></strong></span> <span class='ocrx_word' id='word_1_213' title='bbox 1340 1768 1628 1838; x_wconf 89' lang='lat' dir='ltr'><strong>qualitates</strong></span> <span class='ocrx_word' id='word_1_214' title='bbox 1650 1770 1997 1835; x_wconf 90' lang='lat' dir='ltr'><strong>amissurum,</strong></span> <span class='ocrx_word' id='word_1_215' title='bbox 2029 1753 2074 1812; x_wconf 83' lang='grc' dir='ltr'><strong><em>Β</em></strong></span> <span class='ocrx_word' id='word_1_216' title='bbox 2104 1767 2522 1835; x_wconf 81' lang='lat' dir='ltr'><strong>praestabantur</strong></span> <span class='ocrx_word' id='word_1_217' title='bbox 2572 1777 2626 1822; x_wconf 90' lang='lat' dir='ltr'><strong>et</strong></span> <span class='ocrx_word' id='word_1_218' title='bbox 2677 1768 2870 1837; x_wconf 85' lang='lat' dir='ltr'><strong>gratia.</strong></span> <span class='ocrx_word' id='word_1_219' title='bbox 2921 1767 2984 1821; x_wconf 86' lang='lat' dir='ltr'><strong>Et</strong></span> <span class='ocrx_word' id='word_1_220' title='bbox 3027 1769 3157 1838; x_wconf 87' lang='lat' dir='ltr'><strong>quid</strong></span> <span class='ocrx_word' id='word_1_221' title='bbox 3204 1768 3329 1822; x_wconf 90' lang='lat' dir='ltr'><strong>lucri</strong></span> <span class='ocrx_word' id='word_1_222' title='bbox 3381 1769 3421 1800; x_wconf 77' lang='grc'>⁸³</span> <span class='ocrx_word' id='word_1_223' title='bbox 3453 1774 3615 1822; x_wconf 77' lang='lat' dir='ltr'><strong>confert</strong></span> 
     </span>
    </p>
   </div>
   <div class='ocr_carea' id='block_1_33' title="bbox 424 1856 1996 1926">
    <p class='ocr_par' dir='ltr' id='par_1_33' title="bbox 424 1856 1996 1926">
     <span class='ocr_line' id='line_1_33' title="bbox 424 1856 1996 1926; baseline 0.001 -16"><span class='ocrx_word' id='word_1_224' title='bbox 424 1856 516 1910; x_wconf 87' lang='lat' dir='ltr'><strong>sed</strong></span> <span class='ocrx_word' id='word_1_225' title='bbox 546 1872 573 1908; x_wconf 91' lang='lat' dir='ltr'><strong>a</strong></span> <span class='ocrx_word' id='word_1_226' title='bbox 591 1856 611 1887; x_wconf 85' lang='grc'>⁸</span> <span class='ocrx_word' id='word_1_227' title='bbox 636 1857 862 1911; x_wconf 82' lang='lat' dir='ltr'><strong>terrenis</strong></span> <span class='ocrx_word' id='word_1_228' title='bbox 883 1857 1230 1926; x_wconf 88' lang='lat' dir='ltr'><strong>qualitatibus</strong></span> <span class='ocrx_word' id='word_1_229' title='bbox 1254 1857 1305 1910; x_wconf 92' lang='lat' dir='ltr'><strong>in</strong></span> <span class='ocrx_word' id='word_1_230' title='bbox 1333 1858 1594 1912; x_wconf 86' lang='lat' dir='ltr'><strong>caelestes</strong></span> <span class='ocrx_word' id='word_1_231' title='bbox 1626 1858 1996 1924; x_wconf 89' lang='lat' dir='ltr'><strong>transiturum,</strong></span> 
     </span>
    </p>
   </div>
   <div class='ocr_carea' id='block_1_34' title="bbox 423 1945 1997 2015">
    <p class='ocr_par' dir='ltr' id='par_1_34' title="bbox 423 1945 1997 2015">
     <span class='ocr_line' id='line_1_34' title="bbox 423 1945 1997 2015; baseline 0.001 -16"><span class='ocrx_word' id='word_1_232' title='bbox 423 1946 562 1999; x_wconf 86' lang='lat' dir='ltr'><strong>sicut</strong></span> <span class='ocrx_word' id='word_1_233' title='bbox 606 1945 784 1999; x_wconf 88' lang='lat' dir='ltr'><strong>funms</strong></span> <span class='ocrx_word' id='word_1_234' title='bbox 829 1946 1055 2000; x_wconf 80' lang='lat' dir='ltr'><strong>vertitur</strong></span> <span class='ocrx_word' id='word_1_235' title='bbox 1090 1945 1143 1999; x_wconf 93' lang='lat' dir='ltr'><strong>in</strong></span> <span class='ocrx_word' id='word_1_236' title='bbox 1195 1946 1486 1998; x_wconf 82' lang='lat' dir='ltr'><strong>flammam.</strong></span> <span class='ocrx_word' id='word_1_237' title='bbox 1532 1947 1785 2015; x_wconf 82' lang='lat' dir='ltr'><strong>Quisquis</strong></span> <span class='ocrx_word' id='word_1_238' title='bbox 1820 1957 1997 2002; x_wconf 84' lang='lat' dir='ltr'><strong>autem</strong></span> 
     </span>
    </p>
   </div>
   <div class='ocr_carea' id='block_1_35' title="bbox 423 2033 2001 2104">
    <p class='ocr_par' dir='ltr' id='par_1_35' title="bbox 423 2033 2001 2104">
     <span class='ocr_line' id='line_1_35' title="bbox 423 2033 2001 2104; baseline 0.003 -17"><span class='ocrx_word' id='word_1_239' title='bbox 423 2034 593 2087; x_wconf 91' lang='lat' dir='ltr'><strong>sancti</strong></span> <span class='ocrx_word' id='word_1_240' title='bbox 622 2035 888 2088; x_wconf 87' lang='lat' dir='ltr'><strong>Ambrosii</strong></span> <span class='ocrx_word' id='word_1_241' title='bbox 915 2033 1266 2104; x_wconf 81' lang='lat' dir='ltr'><strong>Gregoriique</strong></span> <span class='ocrx_word' id='word_1_242' title='bbox 1297 2034 1577 2104; x_wconf 88' lang='lat' dir='ltr'><strong>Theologi,</strong></span> <span class='ocrx_word' id='word_1_243' title='bbox 1605 2051 1704 2090; x_wconf 89' lang='lat' dir='ltr'><strong>nec</strong></span> <span class='ocrx_word' id='word_1_244' title='bbox 1755 2052 1859 2091; x_wconf 92' lang='lat' dir='ltr'><strong>non</strong></span> <span class='ocrx_word' id='word_1_245' title='bbox 1896 2047 1951 2091; x_wconf 90' lang='lat' dir='ltr'><strong>et</strong></span> <span class='ocrx_word' id='word_1_246' title='bbox 1979 2036 2001 2069; x_wconf 77' lang='grc'><strong>’⁵</strong></span> 
     </span>
    </p>
   </div>
   <div class='ocr_carea' id='block_1_36' title="bbox 378 2123 2001 2195">
    <p class='ocr_par' dir='ltr' id='par_1_36' title="bbox 378 2123 2001 2195">
     <span class='ocr_line' id='line_1_36' title="bbox 378 2123 2001 2195; baseline 0.002 -18"><span class='ocrx_word' id='word_1_247' title='bbox 378 2144 389 2153; x_wconf 85' lang='grc'><strong>·</strong></span> <span class='ocrx_word' id='word_1_248' title='bbox 420 2125 743 2193; x_wconf 79' lang='lat' dir='ltr'><strong>expositoris</strong></span> <span class='ocrx_word' id='word_1_249' title='bbox 777 2124 927 2193; x_wconf 84' lang='lat' dir='ltr'><strong>ejus,</strong></span> <span class='ocrx_word' id='word_1_250' title='bbox 961 2123 1177 2177; x_wconf 81' lang='lat' dir='ltr'><strong>Maximi</strong></span> <span class='ocrx_word' id='word_1_251' title='bbox 1208 2124 1362 2190; x_wconf 87' lang='lat' dir='ltr'><strong>dico,</strong></span> <span class='ocrx_word' id='word_1_252' title='bbox 1390 2125 1695 2195; x_wconf 86' lang='lat' dir='ltr'><strong>diligentius</strong></span> <span class='ocrx_word' id='word_1_253' title='bbox 1735 2126 1876 2182; x_wconf 87' lang='lat' dir='ltr'><strong>dicta</strong></span> <span class='ocrx_word' id='word_1_254' title='bbox 1920 2128 2001 2181; x_wconf 83' lang='lat' dir='ltr'><strong>in-</strong></span> 
     </span>
    </p>
   </div>
   <div class='ocr_carea' id='block_1_37' title="bbox 421 2213 2001 2287">
    <p class='ocr_par' dir='ltr' id='par_1_37' title="bbox 421 2213 2001 2287">
     <span class='ocr_line' id='line_1_37' title="bbox 421 2213 2001 2287; baseline 0.006 -22"><span class='ocrx_word' id='word_1_255' title='bbox 421 2214 653 2281; x_wconf 81' lang='lat' dir='ltr'><strong>spexerit</strong></span> <span class='ocrx_word' id='word_1_256' title='bbox 670 2255 684 2275; x_wconf 89' lang='lat'><strong>,</strong></span> <span class='ocrx_word' id='word_1_257' title='bbox 711 2214 946 2268; x_wconf 80' lang='lat' dir='ltr'><strong>inveniet</strong></span> <span class='ocrx_word' id='word_1_258' title='bbox 969 2213 1231 2284; x_wconf 89' lang='lat' dir='ltr'><strong>profecto,</strong></span> <span class='ocrx_word' id='word_1_259' title='bbox 1258 2229 1362 2268; x_wconf 89' lang='lat' dir='ltr'><strong>non</strong></span> <span class='ocrx_word' id='word_1_260' title='bbox 1386 2215 1733 2270; x_wconf 88' lang='lat' dir='ltr'><strong>mutationem</strong></span> <span class='ocrx_word' id='word_1_261' title='bbox 1758 2218 2001 2287; x_wconf 88' lang='lat' dir='ltr'><strong>corporis</strong></span> 
     </span>
    </p>
   </div>
   <div class='ocr_carea' id='block_1_38' title="bbox 423 2306 1999 2381">
    <p class='ocr_par' dir='ltr' id='par_1_38' title="bbox 423 2306 1999 2381">
     <span class='ocr_line' id='line_1_38' title="bbox 423 2306 1999 2381; baseline 0.003 -22"><span class='ocrx_word' id='word_1_262' title='bbox 423 2306 617 2360; x_wconf 87' lang='lat' dir='ltr'><strong>terreni</strong></span> <span class='ocrx_word' id='word_1_263' title='bbox 639 2306 689 2359; x_wconf 92' lang='lat' dir='ltr'><strong>in</strong></span> <span class='ocrx_word' id='word_1_264' title='bbox 720 2306 948 2360; x_wconf 87' lang='lat' dir='ltr'><strong>caeleste</strong></span> <span class='ocrx_word' id='word_1_265' title='bbox 962 2322 1176 2376; x_wconf 90' lang='lat' dir='ltr'><strong>corpus,</strong></span> <span class='ocrx_word' id='word_1_266' title='bbox 1194 2306 1285 2360; x_wconf 87' lang='lat' dir='ltr'><strong>sed</strong></span> <span class='ocrx_word' id='word_1_267' title='bbox 1302 2307 1826 2371; x_wconf 42' lang='lat' dir='ltr'><strong>omninoitransitum</strong></span> <span class='ocrx_word' id='word_1_268' title='bbox 1844 2310 1895 2363; x_wconf 93' lang='lat' dir='ltr'><strong>in</strong></span> <span class='ocrx_word' id='word_1_269' title='bbox 1922 2310 1999 2381; x_wconf 65' lang='lat' dir='ltr'><strong>ip«</strong></span> 
     </span>
    </p>
   </div>
   <div class='ocr_carea' id='block_1_39' title="bbox 419 2401 1999 2472">
    <p class='ocr_par' dir='ltr' id='par_1_39' title="bbox 419 2401 1999 2472">
     <span class='ocr_line' id='line_1_39' title="bbox 419 2401 1999 2472; baseline 0.001 -15"><span class='ocrx_word' id='word_1_270' title='bbox 419 2417 536 2457; x_wconf 87' lang='lat' dir='ltr'><strong>sum</strong></span> <span class='ocrx_word' id='word_1_271' title='bbox 551 2417 743 2471; x_wconf 89' lang='lat' dir='ltr'><strong>purum</strong></span> <span class='ocrx_word' id='word_1_272' title='bbox 768 2407 788 2438; x_wconf 83' lang='grc'>⁸</span> <span class='ocrx_word' id='word_1_273' title='bbox 816 2402 1082 2471; x_wconf 83' lang='lat' dir='ltr'><strong>spiritum,</strong></span> <span class='ocrx_word' id='word_1_274' title='bbox 1106 2417 1212 2456; x_wconf 90' lang='lat' dir='ltr'><strong>non</strong></span> <span class='ocrx_word' id='word_1_275' title='bbox 1232 2402 1284 2454; x_wconf 92' lang='lat' dir='ltr'><strong>in</strong></span> <span class='ocrx_word' id='word_1_276' title='bbox 1310 2401 1331 2432; x_wconf 81' lang='grc'>⁸</span> <span class='ocrx_word' id='word_1_277' title='bbox 1371 2402 1544 2466; x_wconf 88' lang='lat' dir='ltr'><strong>illum,</strong></span> <span class='ocrx_word' id='word_1_278' title='bbox 1566 2403 1655 2472; x_wconf 89' lang='lat' dir='ltr'><strong>qui</strong></span> <span class='ocrx_word' id='word_1_279' title='bbox 1675 2403 1881 2471; x_wconf 88' lang='lat' dir='ltr'><strong>aether,</strong></span> <span class='ocrx_word' id='word_1_280' title='bbox 1905 2404 1999 2459; x_wconf 85' lang='lat' dir='ltr'><strong>sed</strong></span> 
     </span>
    </p>
   </div>
   <div class='ocr_carea' id='block_1_40' title="bbox 416 2482 1999 2565">
    <p class='ocr_par' dir='ltr' id='par_1_40' title="bbox 416 2482 1999 2565">
     <span class='ocr_line' id='line_1_40' title="bbox 416 2482 1999 2565; baseline 0.001 -18"><span class='ocrx_word' id='word_1_281' title='bbox 416 2493 471 2547; x_wconf 90' lang='lat' dir='ltr'><strong>in</strong></span> <span class='ocrx_word' id='word_1_282' title='bbox 505 2491 670 2556; x_wconf 91' lang='lat' dir='ltr'><strong>illum,</strong></span> <span class='ocrx_word' id='word_1_283' title='bbox 698 2492 787 2562; x_wconf 88' lang='lat' dir='ltr'><strong>qui</strong></span> <span class='ocrx_word' id='word_1_284' title='bbox 823 2482 1124 2547; x_wconf 85' lang='lat' dir='ltr'><strong>intellectus</strong></span> <span class='ocrx_word' id='word_1_285' title='bbox 1161 2493 1447 2546; x_wconf 82' lang='lat' dir='ltr'><strong>vocitatur.</strong></span> <span class='ocrx_word' id='word_1_286' title='bbox 1480 2492 1798 2548; x_wconf 85' lang='lat' dir='ltr'><strong>Ambrosius</strong></span> <span class='ocrx_word' id='word_1_287' title='bbox 1831 2494 1999 2565; x_wconf 89' lang='lat' dir='ltr'><strong>siqui-</strong></span> 
     </span>
    </p>
   </div>
   <div class='ocr_carea' id='block_1_41' title="bbox 417 2582 1997 2654">
    <p class='ocr_par' dir='ltr' id='par_1_41' title="bbox 417 2582 1997 2654">
     <span class='ocr_line' id='line_1_41' title="bbox 417 2582 1997 2654; baseline 0.001 -16"><span class='ocrx_word' id='word_1_288' title='bbox 417 2584 536 2639; x_wconf 89' lang='lat' dir='ltr'><strong>dem</strong></span> <span class='ocrx_word' id='word_1_289' title='bbox 563 2599 774 2637; x_wconf 91' lang='lat' dir='ltr'><strong>omnem</strong></span> <span class='ocrx_word' id='word_1_290' title='bbox 806 2583 1246 2653; x_wconf 88' lang='lat' dir='ltr'><strong>compositionem</strong></span> <span class='ocrx_word' id='word_1_291' title='bbox 1276 2582 1473 2647; x_wconf 89' lang='lat' dir='ltr'><strong>aufert,</strong></span> <span class='ocrx_word' id='word_1_292' title='bbox 1502 2584 1572 2637; x_wconf 89' lang='lat' dir='ltr'><strong>ita</strong></span> <span class='ocrx_word' id='word_1_293' title='bbox 1599 2595 1655 2638; x_wconf 90' lang='lat' dir='ltr'><strong>ut</strong></span> <span class='ocrx_word' id='word_1_294' title='bbox 1676 2593 1798 2654; x_wconf 90' lang='lat' dir='ltr'><strong>post</strong></span> <span class='ocrx_word' id='word_1_295' title='bbox 1819 2600 1997 2640; x_wconf 86' lang='lat' dir='ltr'><strong>resur-</strong></span> 
     </span>
    </p>
   </div>
   <div class='ocr_carea' id='block_1_42' title="bbox 417 2673 1991 2741">
    <p class='ocr_par' dir='ltr' id='par_1_42' title="bbox 417 2673 1991 2741">
     <span class='ocr_line' id='line_1_42' title="bbox 417 2673 1991 2741; baseline 0.001 -15"><span class='ocrx_word' id='word_1_296' title='bbox 417 2675 707 2728; x_wconf 87' lang='lat' dir='ltr'><strong>rectionem</strong></span> <span class='ocrx_word' id='word_1_297' title='bbox 737 2689 930 2741; x_wconf 85' lang='lat' dir='ltr'><strong>corpus</strong></span> <span class='ocrx_word' id='word_1_298' title='bbox 961 2682 1014 2727; x_wconf 90' lang='lat' dir='ltr'><strong>et</strong></span> <span class='ocrx_word' id='word_1_299' title='bbox 1048 2673 1226 2727; x_wconf 88' lang='lat' dir='ltr'><strong>anima</strong></span> <span class='ocrx_word' id='word_1_300' title='bbox 1251 2683 1304 2728; x_wconf 84' lang='lat' dir='ltr'><strong>et</strong></span> <span class='ocrx_word' id='word_1_301' title='bbox 1335 2673 1635 2728; x_wconf 86' lang='lat' dir='ltr'><strong>intellectus</strong></span> <span class='ocrx_word' id='word_1_302' title='bbox 1669 2690 1834 2728; x_wconf 89' lang='lat' dir='ltr'><strong>unum</strong></span> <span class='ocrx_word' id='word_1_303' title='bbox 1863 2675 1991 2740; x_wconf 92' lang='lat' dir='ltr'><strong>sint,</strong></span> 
     </span>
    </p>
   </div>
   <div class='ocr_carea' id='block_1_43' title="bbox 415 2762 1993 2834">
    <p class='ocr_par' dir='ltr' id='par_1_43' title="bbox 415 2762 1993 2834">
     <span class='ocr_line' id='line_1_43' title="bbox 415 2762 1993 2834; baseline 0.003 -19"><span class='ocrx_word' id='word_1_304' title='bbox 415 2772 469 2815; x_wconf 90' lang='lat' dir='ltr'><strong>et</strong></span> <span class='ocrx_word' id='word_1_305' title='bbox 495 2777 659 2814; x_wconf 90' lang='lat' dir='ltr'><strong>unum</strong></span> <span class='ocrx_word' id='word_1_306' title='bbox 696 2762 943 2829; x_wconf 80' lang='lat' dir='ltr'><strong>simplex,</strong></span> <span class='ocrx_word' id='word_1_307' title='bbox 985 2776 1158 2831; x_wconf 88' lang='lat' dir='ltr'><strong>neque</strong></span> <span class='ocrx_word' id='word_1_308' title='bbox 1187 2777 1252 2815; x_wconf 86' lang='lat' dir='ltr'><strong>ex</strong></span> <span class='ocrx_word' id='word_1_309' title='bbox 1293 2763 1465 2818; x_wconf 88' lang='lat' dir='ltr'><strong>tribus</strong></span> <span class='ocrx_word' id='word_1_310' title='bbox 1492 2765 1857 2834; x_wconf 87' lang='lat' dir='ltr'><strong>conjunctum,</strong></span> <span class='ocrx_word' id='word_1_311' title='bbox 1898 2765 1993 2819; x_wconf 91' lang='lat' dir='ltr'><strong>sed</strong></span> 
     </span>
    </p>
   </div>
   <div class='ocr_carea' id='block_1_44' title="bbox 418 2850 1996 2924">
    <p class='ocr_par' dir='ltr' id='par_1_44' title="bbox 418 2850 1996 2924">
     <span class='ocr_line' id='line_1_44' title="bbox 418 2850 1996 2924; baseline 0.003 -21"><span class='ocrx_word' id='word_1_312' title='bbox 418 2851 470 2903; x_wconf 90' lang='lat' dir='ltr'><strong>in</strong></span> <span class='ocrx_word' id='word_1_313' title='bbox 527 2866 685 2903; x_wconf 90' lang='lat' dir='ltr'><strong>unam</strong></span> <span class='ocrx_word' id='word_1_314' title='bbox 741 2850 1063 2905; x_wconf 84' lang='lat' dir='ltr'><strong>inell‘abilem</strong></span> <span class='ocrx_word' id='word_1_315' title='bbox 1120 2852 1455 2907; x_wconf 89' lang='lat' dir='ltr'><strong>harmoniam</strong></span> <span class='ocrx_word' id='word_1_316' title='bbox 1508 2863 1886 2924; x_wconf 90' lang='lat' dir='ltr'><strong>compactum,</strong></span> <span class='ocrx_word' id='word_1_317' title='bbox 1939 2863 1996 2911; x_wconf 87' lang='lat' dir='ltr'><strong>et</strong></span> 
     </span>
    </p>
   </div>
   <div class='ocr_carea' id='block_1_45' title="bbox 415 2942 1994 3010">
    <p class='ocr_par' dir='ltr' id='par_1_45' title="bbox 415 2942 1994 3010">
     <span class='ocr_line' id='line_1_45' title="bbox 415 2942 1994 3010; baseline 0.008 -18"><span class='ocrx_word' id='word_1_318' title='bbox 415 2956 556 3010; x_wconf 88' lang='lat' dir='ltr'><strong>quae</strong></span> <span class='ocrx_word' id='word_1_319' title='bbox 587 2943 673 2996; x_wconf 92' lang='lat' dir='ltr'><strong>hic</strong></span> <span class='ocrx_word' id='word_1_320' title='bbox 711 2943 814 2997; x_wconf 86' lang='lat' dir='ltr'><strong>tria</strong></span> <span class='ocrx_word' id='word_1_321' title='bbox 845 2942 1128 3009; x_wconf 88' lang='lat' dir='ltr'><strong>videntur,</strong></span> <span class='ocrx_word' id='word_1_322' title='bbox 1158 2944 1266 3000; x_wconf 90' lang='lat' dir='ltr'><strong>illic</strong></span> <span class='ocrx_word' id='word_1_323' title='bbox 1298 2961 1436 3001; x_wconf 91' lang='lat' dir='ltr'><strong>unus</strong></span> <span class='ocrx_word' id='word_1_324' title='bbox 1466 2946 1768 3003; x_wconf 90' lang='lat' dir='ltr'><strong>intellectus</strong></span> <span class='ocrx_word' id='word_1_325' title='bbox 1795 2949 1994 3004; x_wconf 83' lang='lat' dir='ltr'><strong>elhcie-</strong></span> 
     </span>
    </p>
   </div>
   <div class='ocr_carea' id='block_1_46' title="bbox 418 3023 1992 3100">
    <p class='ocr_par' dir='ltr' id='par_1_46' title="bbox 418 3023 1992 3100">
     <span class='ocr_line' id='line_1_46' title="bbox 418 3023 1992 3100; baseline 0.005 -17"><span class='ocrx_word' id='word_1_326' title='bbox 418 3037 502 3083; x_wconf 90' lang='lat' dir='ltr'><strong>tur</strong></span> <span class='ocrx_word' id='word_1_327' title='bbox 542 3029 583 3082; x_wconf 80' lang='grc'><strong>⁷.</strong></span> <span class='ocrx_word' id='word_1_328' title='bbox 628 3030 915 3100; x_wconf 76' lang='lat' dir='ltr'><strong>Gregorius</strong></span> <span class='ocrx_word' id='word_1_329' title='bbox 966 3033 1214 3088; x_wconf 90' lang='lat' dir='ltr'><strong>similiter</strong></span> <span class='ocrx_word' id='word_1_330' title='bbox 1256 3042 1310 3088; x_wconf 91' lang='lat' dir='ltr'><strong>et</strong></span> <span class='ocrx_word' id='word_1_331' title='bbox 1357 3034 1731 3090; x_wconf 85' lang='lat' dir='ltr'><strong>incunctanter</strong></span> <span class='ocrx_word' id='word_1_332' title='bbox 1795 3023 1992 3091; x_wconf 82' lang='lat' dir='ltr'><strong>astruit</strong></span> 
     </span>
    </p>
   </div>
   <div class='ocr_carea' id='block_1_47' title="bbox 415 3119 1993 3191">
    <p class='ocr_par' dir='ltr' id='par_1_47' title="bbox 415 3119 1993 3191">
     <span class='ocr_line' id='line_1_47' title="bbox 415 3119 1993 3191; baseline 0.005 -20"><span class='ocrx_word' id='word_1_333' title='bbox 415 3119 763 3173; x_wconf 84' lang='lat' dir='ltr'><strong>mutationem</strong></span> <span class='ocrx_word' id='word_1_334' title='bbox 804 3122 1047 3191; x_wconf 91' lang='lat' dir='ltr'><strong>corporis</strong></span> <span class='ocrx_word' id='word_1_335' title='bbox 1086 3132 1326 3191; x_wconf 89' lang='lat' dir='ltr'><strong>tempore</strong></span> <span class='ocrx_word' id='word_1_336' title='bbox 1353 3124 1767 3179; x_wconf 88' lang='lat' dir='ltr'><strong>resurrectionis</strong></span> <span class='ocrx_word' id='word_1_337' title='bbox 1799 3124 1850 3177; x_wconf 90' lang='lat' dir='ltr'><strong>in</strong></span> <span class='ocrx_word' id='word_1_338' title='bbox 1879 3126 1993 3179; x_wconf 89' lang='lat' dir='ltr'><strong>aui-</strong></span> 
     </span>
    </p>
   </div>
   <div class='ocr_carea' id='block_1_48' title="bbox 414 3210 1989 3282">
    <p class='ocr_par' dir='ltr' id='par_1_48' title="bbox 414 3210 1989 3282">
     <span class='ocr_line' id='line_1_48' title="bbox 414 3210 1989 3282; baseline 0.003 -19"><span class='ocrx_word' id='word_1_339' title='bbox 414 3223 557 3263; x_wconf 90' lang='lat' dir='ltr'><strong>mam</strong></span> <span class='ocrx_word' id='word_1_340' title='bbox 578 3249 593 3273; x_wconf 90' lang='lat'><strong>,</strong></span> <span class='ocrx_word' id='word_1_341' title='bbox 624 3210 834 3265; x_wconf 88' lang='lat' dir='ltr'><strong>animae</strong></span> <span class='ocrx_word' id='word_1_342' title='bbox 874 3210 926 3265; x_wconf 91' lang='lat' dir='ltr'><strong>in</strong></span> <span class='ocrx_word' id='word_1_343' title='bbox 970 3212 1331 3278; x_wconf 89' lang='lat' dir='ltr'><strong>intellectum,</strong></span> <span class='ocrx_word' id='word_1_344' title='bbox 1370 3213 1672 3270; x_wconf 89' lang='lat' dir='ltr'><strong>intellectus</strong></span> <span class='ocrx_word' id='word_1_345' title='bbox 1710 3215 1761 3269; x_wconf 92' lang='lat' dir='ltr'><strong>in</strong></span> <span class='ocrx_word' id='word_1_346' title='bbox 1790 3217 1989 3282; x_wconf 89' lang='lat' dir='ltr'><strong>Deum;</strong></span> 
     </span>
    </p>
   </div>
   <div class='ocr_carea' id='block_1_49' title="bbox 412 3298 1993 3368">
    <p class='ocr_par' dir='ltr' id='par_1_49' title="bbox 412 3298 1993 3368">
     <span class='ocr_line' id='line_1_49' title="bbox 412 3298 1993 3368; baseline 0.006 -18"><span class='ocrx_word' id='word_1_347' title='bbox 412 3310 477 3351; x_wconf 85' lang='lat' dir='ltr'><strong>ac</strong></span> <span class='ocrx_word' id='word_1_348' title='bbox 506 3298 585 3350; x_wconf 91' lang='lat' dir='ltr'><strong>sic</strong></span> <span class='ocrx_word' id='word_1_349' title='bbox 608 3298 785 3352; x_wconf 89' lang='lat' dir='ltr'><strong>omnia</strong></span> <span class='ocrx_word' id='word_1_350' title='bbox 826 3299 876 3352; x_wconf 91' lang='lat' dir='ltr'><strong>in</strong></span> <span class='ocrx_word' id='word_1_351' title='bbox 904 3301 1151 3355; x_wconf 89' lang='lat' dir='ltr'><strong>omnibus</strong></span> <span class='ocrx_word' id='word_1_352' title='bbox 1180 3302 1319 3356; x_wconf 89' lang='lat' dir='ltr'><strong>Deus</strong></span> <span class='ocrx_word' id='word_1_353' title='bbox 1356 3303 1493 3368; x_wconf 83' lang='lat' dir='ltr'><strong>erit,</strong></span> <span class='ocrx_word' id='word_1_354' title='bbox 1533 3304 1676 3359; x_wconf 84' lang='lat' dir='ltr'><strong>sicut</strong></span> <span class='ocrx_word' id='word_1_355' title='bbox 1706 3319 1800 3358; x_wconf 90' lang='lat' dir='ltr'><strong>aer</strong></span> <span class='ocrx_word' id='word_1_356' title='bbox 1829 3306 1993 3360; x_wconf 82' lang='lat' dir='ltr'><strong>verti-</strong></span> 
     </span>
    </p>
   </div>
   <div class='ocr_carea' id='block_1_50' title="bbox 412 3386 1995 3463">
    <p class='ocr_par' dir='ltr' id='par_1_50' title="bbox 412 3386 1995 3463">
     <span class='ocr_line' id='line_1_50' title="bbox 412 3386 1995 3463; baseline 0.006 -22"><span class='ocrx_word' id='word_1_357' title='bbox 412 3395 501 3441; x_wconf 88' lang='lat' dir='ltr'><strong>tur</strong></span> <span class='ocrx_word' id='word_1_358' title='bbox 542 3388 596 3441; x_wconf 91' lang='lat' dir='ltr'><strong>in</strong></span> <span class='ocrx_word' id='word_1_359' title='bbox 641 3386 835 3443; x_wconf 90' lang='lat' dir='ltr'><strong>lucem.</strong></span> <span class='ocrx_word' id='word_1_360' title='bbox 882 3389 942 3443; x_wconf 81' lang='lat' dir='ltr'><strong>Et</strong></span> <span class='ocrx_word' id='word_1_361' title='bbox 990 3391 1092 3445; x_wconf 87' lang='lat' dir='ltr'><strong>hoc</strong></span> <span class='ocrx_word' id='word_1_362' title='bbox 1140 3391 1532 3460; x_wconf 89' lang='lat' dir='ltr'><strong>Apostolus,si</strong></span> <span class='ocrx_word' id='word_1_363' title='bbox 1560 3395 1681 3463; x_wconf 91' lang='lat' dir='ltr'><strong>quis</strong></span> <span class='ocrx_word' id='word_1_364' title='bbox 1727 3394 1995 3450; x_wconf 88' lang='lat' dir='ltr'><strong>subtiliter</strong></span> 
     </span>
    </p>
   </div>
   <div class='ocr_carea' id='block_1_51' title="bbox 411 3476 1994 3547">
    <p class='ocr_par' dir='ltr' id='par_1_51' title="bbox 411 3476 1994 3547">
     <span class='ocr_line' id='line_1_51' title="bbox 411 3476 1994 3547; baseline 0.006 -18"><span class='ocrx_word' id='word_1_365' title='bbox 411 3478 577 3531; x_wconf 85' lang='lat' dir='ltr'><strong>verba</strong></span> <span class='ocrx_word' id='word_1_366' title='bbox 602 3476 768 3546; x_wconf 86' lang='lat' dir='ltr'><strong>ipsius</strong></span> <span class='ocrx_word' id='word_1_367' title='bbox 789 3484 812 3517; x_wconf 78' lang='grc'><strong><em>⁸</em></strong></span> <span class='ocrx_word' id='word_1_368' title='bbox 846 3477 1195 3544; x_wconf 89' lang='lat' dir='ltr'><strong>iutimaverit,</strong></span> <span class='ocrx_word' id='word_1_369' title='bbox 1218 3495 1323 3534; x_wconf 91' lang='lat' dir='ltr'><strong>non</strong></span> <span class='ocrx_word' id='word_1_370' title='bbox 1346 3481 1496 3547; x_wconf 90' lang='lat' dir='ltr'><strong>silet;</strong></span> <span class='ocrx_word' id='word_1_371' title='bbox 1522 3482 1598 3536; x_wconf 88' lang='lat' dir='ltr'><strong>ait</strong></span> <span class='ocrx_word' id='word_1_372' title='bbox 1616 3483 1760 3537; x_wconf 90' lang='lat' dir='ltr'><strong>enim</strong></span> <span class='ocrx_word' id='word_1_373' title='bbox 1787 3502 1799 3536; x_wconf 89' lang='lat'><strong>:</strong></span> <span class='ocrx_word' id='word_1_374' title='bbox 1825 3482 1994 3539; x_wconf 87' lang='lat' dir='ltr'><strong>Semi-</strong></span> 
     </span>
    </p>
   </div>
   <div class='ocr_carea' id='block_1_52' title="bbox 411 3566 1992 3641">
    <p class='ocr_par' dir='ltr' id='par_1_52' title="bbox 411 3566 1992 3641">
     <span class='ocr_line' id='line_1_52' title="bbox 411 3566 1992 3641; baseline 0.005 -21"><span class='ocrx_word' id='word_1_375' title='bbox 411 3576 570 3620; x_wconf 84' lang='lat' dir='ltr'><strong>uatur</strong></span> <span class='ocrx_word' id='word_1_376' title='bbox 593 3582 777 3636; x_wconf 84' lang='lat' dir='ltr'><strong>corpus</strong></span> <span class='ocrx_word' id='word_1_377' title='bbox 806 3566 1054 3632; x_wconf 77' lang='lat' dir='ltr'><strong>animale,</strong></span> <span class='ocrx_word' id='word_1_378' title='bbox 1103 3577 1280 3638; x_wconf 81' lang='lat' dir='ltr'><strong>surget</strong></span> <span class='ocrx_word' id='word_1_379' title='bbox 1305 3586 1492 3640; x_wconf 83' lang='lat' dir='ltr'><strong>corpus</strong></span> <span class='ocrx_word' id='word_1_380' title='bbox 1538 3571 1826 3639; x_wconf 85' lang='lat' dir='ltr'><strong>spirituale,</strong></span> <span class='ocrx_word' id='word_1_381' title='bbox 1888 3574 1992 3641; x_wconf 77' lang='lat' dir='ltr'><strong>hoc</strong></span> 
     </span>
    </p>
   </div>
   <div class='ocr_carea' id='block_1_53' title="bbox 330 3655 1990 3731">
    <p class='ocr_par' dir='ltr' id='par_1_53' title="bbox 330 3655 1990 3731">
     <span class='ocr_line' id='line_1_53' title="bbox 330 3655 1990 3731; baseline 0.005 -22"><span class='ocrx_word' id='word_1_382' title='bbox 330 3702 340 3719; x_wconf 84' lang='lat'><strong>,</strong></span> <span class='ocrx_word' id='word_1_383' title='bbox 413 3663 517 3719; x_wconf 89' lang='lat' dir='ltr'><strong>est,</strong></span> <span class='ocrx_word' id='word_1_384' title='bbox 540 3671 757 3724; x_wconf 88' lang='lat' dir='ltr'><strong>corpus,</strong></span> <span class='ocrx_word' id='word_1_385' title='bbox 791 3655 930 3723; x_wconf 88' lang='lat' dir='ltr'><strong>quod</strong></span> <span class='ocrx_word' id='word_1_386' title='bbox 960 3656 1192 3711; x_wconf 88' lang='lat' dir='ltr'><strong>animale</strong></span> <span class='ocrx_word' id='word_1_387' title='bbox 1218 3658 1538 3724; x_wconf 83' lang='lat' dir='ltr'><strong>seminatur,</strong></span> <span class='ocrx_word' id='word_1_388' title='bbox 1570 3660 1621 3715; x_wconf 94' lang='lat' dir='ltr'><strong>id</strong></span> <span class='ocrx_word' id='word_1_389' title='bbox 1671 3662 1844 3731; x_wconf 91' lang='lat' dir='ltr'><strong>ipsum</strong></span> <span class='ocrx_word' id='word_1_390' title='bbox 1869 3677 1990 3718; x_wconf 87' lang='lat' dir='ltr'><strong>cor-</strong></span> 
     </span>
    </p>
   </div>
   <div class='ocr_carea' id='block_1_54' title="bbox 411 3747 1988 3825">
    <p class='ocr_par' dir='ltr' id='par_1_54' title="bbox 411 3747 1988 3825">
     <span class='ocr_line' id='line_1_54' title="bbox 411 3747 1988 3825; baseline 0.006 -24"><span class='ocrx_word' id='word_1_391' title='bbox 411 3765 512 3819; x_wconf 90' lang='lat' dir='ltr'><strong>pus</strong></span> <span class='ocrx_word' id='word_1_392' title='bbox 537 3747 834 3816; x_wconf 85' lang='lat' dir='ltr'><strong>spirituale,</strong></span> <span class='ocrx_word' id='word_1_393' title='bbox 859 3748 958 3802; x_wconf 88' lang='lat' dir='ltr'><strong>hoc</strong></span> <span class='ocrx_word' id='word_1_394' title='bbox 988 3757 1070 3803; x_wconf 90' lang='lat' dir='ltr'><strong>est</strong></span> <span class='ocrx_word' id='word_1_395' title='bbox 1113 3757 1405 3817; x_wconf 90' lang='lat' dir='ltr'><strong>mutatum,</strong></span> <span class='ocrx_word' id='word_1_396' title='bbox 1428 3763 1610 3822; x_wconf 83' lang='lat' dir='ltr'><strong>surget</strong></span> <span class='ocrx_word' id='word_1_397' title='bbox 1634 3752 1686 3807; x_wconf 93' lang='lat' dir='ltr'><strong>in</strong></span> <span class='ocrx_word' id='word_1_398' title='bbox 1719 3755 1988 3825; x_wconf 89' lang='lat' dir='ltr'><strong>spiritum,</strong></span> 
     </span>
    </p>
   </div>
   <div class='ocr_carea' id='block_1_55' title="bbox 412 3837 1991 3915">
    <p class='ocr_par' dir='ltr' id='par_1_55' title="bbox 412 3837 1991 3915">
     <span class='ocr_line' id='line_1_55' title="bbox 412 3837 1991 3915; baseline 0.006 -21"><span class='ocrx_word' id='word_1_399' title='bbox 412 3847 489 3899; x_wconf 90' lang='lat' dir='ltr'><strong>et,</strong></span> <span class='ocrx_word' id='word_1_400' title='bbox 521 3846 579 3891; x_wconf 93' lang='lat' dir='ltr'><strong>ut</strong></span> <span class='ocrx_word' id='word_1_401' title='bbox 608 3837 844 3907; x_wconf 85' lang='lat' dir='ltr'><strong>apertius</strong></span> <span class='ocrx_word' id='word_1_402' title='bbox 869 3839 1068 3905; x_wconf 91' lang='lat' dir='ltr'><strong>dicam,</strong></span> <span class='ocrx_word' id='word_1_403' title='bbox 1095 3838 1163 3894; x_wconf 87' lang='lat' dir='ltr'><strong>de</strong></span> <span class='ocrx_word' id='word_1_404' title='bbox 1187 3855 1415 3910; x_wconf 90' lang='lat' dir='ltr'><strong>corpore</strong></span> <span class='ocrx_word' id='word_1_405' title='bbox 1444 3844 1546 3897; x_wconf 86' lang='lat' dir='ltr'><strong>erit</strong></span> <span class='ocrx_word' id='word_1_406' title='bbox 1567 3845 1808 3914; x_wconf 89' lang='lat' dir='ltr'><strong>spiritus.</strong></span> <span class='ocrx_word' id='word_1_407' title='bbox 1837 3846 1991 3915; x_wconf 87' lang='lat' dir='ltr'><strong>Quod</strong></span> 
     </span>
    </p>
   </div>
   <div class='ocr_carea' id='block_1_56' title="bbox 412 3920 1994 3999">
    <p class='ocr_par' dir='ltr' id='par_1_56' title="bbox 412 3920 1994 3999">
     <span class='ocr_line' id='line_1_56' title="bbox 412 3920 1994 3999; baseline 0.005 -15"><span class='ocrx_word' id='word_1_408' title='bbox 412 3929 573 3984; x_wconf 88' lang='lat' dir='ltr'><strong>etiam</strong></span> <span class='ocrx_word' id='word_1_409' title='bbox 604 3936 787 3999; x_wconf 88' lang='lat' dir='ltr'><strong>aperte</strong></span> <span class='ocrx_word' id='word_1_410' title='bbox 808 3920 1067 3995; x_wconf 86' lang='lat' dir='ltr'><strong>declarat,</strong></span> <span class='ocrx_word' id='word_1_411' title='bbox 1111 3929 1298 3986; x_wconf 88' lang='lat' dir='ltr'><strong>dicens</strong></span> <span class='ocrx_word' id='word_1_412' title='bbox 1325 3949 1340 3985; x_wconf 89' lang='lat'><strong>:</strong></span> <span class='ocrx_word' id='word_1_413' title='bbox 1370 3931 1677 3987; x_wconf 86' lang='lat' dir='ltr'><strong>Seminatur</strong></span> <span class='ocrx_word' id='word_1_414' title='bbox 1702 3936 1757 3989; x_wconf 87' lang='lat' dir='ltr'><strong>in</strong></span> <span class='ocrx_word' id='word_1_415' title='bbox 1807 3949 1994 3992; x_wconf 84' lang='lat' dir='ltr'><strong>contu-</strong></span> 
     </span>
    </p>
   </div>
   <div class='ocr_carea' id='block_1_57' title="bbox 412 4018 1987 4096">
    <p class='ocr_par' dir='ltr' id='par_1_57' title="bbox 412 4018 1987 4096">
     <span class='ocr_line' id='line_1_57' title="bbox 412 4018 1987 4096; baseline 0.006 -24"><span class='ocrx_word' id='word_1_416' title='bbox 412 4018 586 4083; x_wconf 87' lang='lat' dir='ltr'><strong>melia,</strong></span> <span class='ocrx_word' id='word_1_417' title='bbox 645 4028 818 4089; x_wconf 89' lang='lat' dir='ltr'><strong>surget</strong></span> <span class='ocrx_word' id='word_1_418' title='bbox 870 4019 927 4073; x_wconf 84' lang='lat' dir='ltr'><strong>in</strong></span> <span class='ocrx_word' id='word_1_419' title='bbox 973 4020 1175 4090; x_wconf 79' lang='lat' dir='ltr'><strong>gloria;</strong></span> <span class='ocrx_word' id='word_1_420' title='bbox 1232 4023 1521 4077; x_wconf 80' lang='lat' dir='ltr'><strong>seminatur</strong></span> <span class='ocrx_word' id='word_1_421' title='bbox 1555 4024 1610 4078; x_wconf 85' lang='lat' dir='ltr'><strong>in</strong></span> <span class='ocrx_word' id='word_1_422' title='bbox 1661 4026 1987 4096; x_wconf 77' lang='lat' dir='ltr'><strong>inﬁrmitate,</strong></span> 
     </span>
    </p>
   </div>
   <div class='ocr_carea' id='block_1_58' title="bbox 410 4110 1989 4185">
    <p class='ocr_par' dir='ltr' id='par_1_58' title="bbox 410 4110 1989 4185">
     <span class='ocr_line' id='line_1_58' title="bbox 410 4110 1989 4185; baseline 0.006 -22"><span class='ocrx_word' id='word_1_423' title='bbox 410 4119 585 4181; x_wconf 79' lang='lat' dir='ltr'><strong>surget</strong></span> <span class='ocrx_word' id='word_1_424' title='bbox 635 4110 692 4163; x_wconf 84' lang='lat' dir='ltr'><strong>in</strong></span> <span class='ocrx_word' id='word_1_425' title='bbox 739 4111 945 4165; x_wconf 82' lang='lat' dir='ltr'><strong>virtute.</strong></span> <span class='ocrx_word' id='word_1_426' title='bbox 969 4111 1119 4178; x_wconf 87' lang='lat' dir='ltr'><strong>Quae</strong></span> <span class='ocrx_word' id='word_1_427' title='bbox 1163 4114 1309 4167; x_wconf 90' lang='lat' dir='ltr'><strong>enim</strong></span> <span class='ocrx_word' id='word_1_428' title='bbox 1337 4113 1509 4183; x_wconf 82' lang='lat' dir='ltr'><strong>gloria</strong></span> <span class='ocrx_word' id='word_1_429' title='bbox 1537 4123 1619 4170; x_wconf 88' lang='lat' dir='ltr'><strong>est</strong></span> <span class='ocrx_word' id='word_1_430' title='bbox 1664 4131 1756 4171; x_wconf 89' lang='lat' dir='ltr'><strong>seu</strong></span> <span class='ocrx_word' id='word_1_431' title='bbox 1796 4118 1989 4185; x_wconf 89' lang='lat' dir='ltr'><strong>virtus,</strong></span> 
     </span>
    </p>
   </div>
   <div class='ocr_carea' id='block_1_59' title="bbox 413 4201 1991 4270">
    <p class='ocr_par' dir='ltr' id='par_1_59' title="bbox 413 4201 1991 4270">
     <span class='ocr_line' id='line_1_59' title="bbox 413 4201 1991 4270; baseline 0.007 -18"><span class='ocrx_word' id='word_1_432' title='bbox 413 4210 683 4255; x_wconf 88' lang='lat' dir='ltr'><strong>tcrrenutn</strong></span> <span class='ocrx_word' id='word_1_433' title='bbox 726 4215 923 4270; x_wconf 90' lang='lat' dir='ltr'><strong>corpus</strong></span> <span class='ocrx_word' id='word_1_434' title='bbox 951 4201 1004 4254; x_wconf 91' lang='lat' dir='ltr'><strong>iu</strong></span> <span class='ocrx_word' id='word_1_435' title='bbox 1035 4202 1294 4269; x_wconf 88' lang='lat' dir='ltr'><strong>qualitate</strong></span> <span class='ocrx_word' id='word_1_436' title='bbox 1334 4204 1573 4258; x_wconf 90' lang='lat' dir='ltr'><strong>siderum</strong></span> <span class='ocrx_word' id='word_1_437' title='bbox 1599 4217 1654 4259; x_wconf 91' lang='lat' dir='ltr'><strong>et</strong></span> <span class='ocrx_word' id='word_1_438' title='bbox 1690 4208 1991 4264; x_wconf 90' lang='lat' dir='ltr'><strong>subtilitate</strong></span> 
     </span>
    </p>
   </div>
   <div class='ocr_carea' id='block_1_60' title="bbox 412 4290 1991 4359">
    <p class='ocr_par' dir='ltr' id='par_1_60' title="bbox 412 4290 1991 4359">
     <span class='ocr_line' id='line_1_60' title="bbox 412 4290 1991 4359; baseline 0.006 -17"><span class='ocrx_word' id='word_1_439' title='bbox 412 4290 661 4344; x_wconf 88' lang='lat' dir='ltr'><strong>aetherea</strong></span> <span class='ocrx_word' id='word_1_440' title='bbox 689 4305 930 4359; x_wconf 81' lang='lat' dir='ltr'><strong>surgere,</strong></span> <span class='ocrx_word' id='word_1_441' title='bbox 962 4305 1056 4343; x_wconf 90' lang='lat' dir='ltr'><strong>seu</strong></span> <span class='ocrx_word' id='word_1_442' title='bbox 1084 4292 1360 4346; x_wconf 88' lang='lat' dir='ltr'><strong>celeritate</strong></span> <span class='ocrx_word' id='word_1_443' title='bbox 1391 4295 1641 4349; x_wconf 83' lang='lat' dir='ltr'><strong>moveri?</strong></span> <span class='ocrx_word' id='word_1_444' title='bbox 1670 4294 1783 4351; x_wconf 88' lang='lat' dir='ltr'><strong>Nec</strong></span> <span class='ocrx_word' id='word_1_445' title='bbox 1813 4298 1991 4352; x_wconf 86' lang='lat' dir='ltr'><strong>obstat</strong></span> 
     </span>
    </p>
   </div>
   <div class='ocr_carea' id='block_1_61' title="bbox 409 4377 1988 4451">
    <p class='ocr_par' dir='ltr' id='par_1_61' title="bbox 409 4377 1988 4451">
     <span class='ocr_line' id='line_1_61' title="bbox 409 4377 1988 4451; baseline 0.007 -22"><span class='ocrx_word' id='word_1_446' title='bbox 409 4378 549 4446; x_wconf 87' lang='lat' dir='ltr'><strong>quod</strong></span> <span class='ocrx_word' id='word_1_447' title='bbox 600 4377 737 4431; x_wconf 90' lang='lat' dir='ltr'><strong>idem</strong></span> <span class='ocrx_word' id='word_1_448' title='bbox 791 4378 1078 4447; x_wconf 86' lang='lat' dir='ltr'><strong>Apostolus</strong></span> <span class='ocrx_word' id='word_1_449' title='bbox 1119 4380 1378 4434; x_wconf 77' lang='lat' dir='ltr'><strong>ait:.4lia</strong></span> <span class='ocrx_word' id='word_1_450' title='bbox 1428 4381 1641 4437; x_wconf 80' lang='lat' dir='ltr'><strong>claritas</strong></span> <span class='ocrx_word' id='word_1_451' title='bbox 1676 4385 1825 4451; x_wconf 87' lang='lat' dir='ltr'><strong>solis,</strong></span> <span class='ocrx_word' id='word_1_452' title='bbox 1879 4385 1988 4440; x_wconf 88' lang='lat' dir='ltr'><strong>alia</strong></span> 
     </span>
    </p>
   </div>
   <div class='ocr_carea' id='block_1_62' title="bbox 411 4465 1988 4540">
    <p class='ocr_par' dir='ltr' id='par_1_62' title="bbox 411 4465 1988 4540">
     <span class='ocr_line' id='line_1_62' title="bbox 411 4465 1988 4540; baseline 0.009 -23"><span class='ocrx_word' id='word_1_453' title='bbox 411 4465 624 4520; x_wconf 82' lang='lat' dir='ltr'><strong>claritas</strong></span> <span class='ocrx_word' id='word_1_454' title='bbox 682 4466 857 4531; x_wconf 71' lang='lat' dir='ltr'><strong>lunae,</strong></span> <span class='ocrx_word' id='word_1_455' title='bbox 906 4469 1013 4523; x_wconf 68' lang='lat' dir='ltr'><strong>alia</strong></span> <span class='ocrx_word' id='word_1_456' title='bbox 1044 4468 1257 4524; x_wconf 85' lang='lat' dir='ltr'><strong>claritas</strong></span> <span class='ocrx_word' id='word_1_457' title='bbox 1300 4470 1603 4540; x_wconf 75' lang='lat' dir='ltr'><strong>stellarum,-</strong></span> <span class='ocrx_word' id='word_1_458' title='bbox 1633 4475 1784 4530; x_wconf 87' lang='lat' dir='ltr'><strong>stella</strong></span> <span class='ocrx_word' id='word_1_459' title='bbox 1815 4488 1988 4531; x_wconf 85' lang='lat' dir='ltr'><strong>autem</strong></span> 
     </span>
    </p>
   </div>
   <div class='ocr_carea' id='block_1_63' title="bbox 404 4556 1990 4627">
    <p class='ocr_par' dir='ltr' id='par_1_63' title="bbox 404 4556 1990 4627">
     <span class='ocr_line' id='line_1_63' title="bbox 404 4556 1990 4627; baseline 0.009 -19"><span class='ocrx_word' id='word_1_460' title='bbox 404 4568 442 4609; x_wconf 79' lang='lat' dir='ltr'><strong>‘a</strong></span> <span class='ocrx_word' id='word_1_461' title='bbox 466 4556 615 4609; x_wconf 83' lang='lat' dir='ltr'><strong>stella</strong></span> <span class='ocrx_word' id='word_1_462' title='bbox 644 4559 817 4627; x_wconf 74' lang='lat' dir='ltr'><strong>diﬂ&#39;ert</strong></span> <span class='ocrx_word' id='word_1_463' title='bbox 846 4560 898 4612; x_wconf 86' lang='lat' dir='ltr'><strong>iu</strong></span> <span class='ocrx_word' id='word_1_464' title='bbox 924 4560 1192 4627; x_wconf 86' lang='lat' dir='ltr'><strong>claritate;</strong></span> <span class='ocrx_word' id='word_1_465' title='bbox 1234 4563 1308 4615; x_wconf 88' lang='lat' dir='ltr'><strong>ita</strong></span> <span class='ocrx_word' id='word_1_466' title='bbox 1339 4572 1385 4616; x_wconf 89' lang='lat' dir='ltr'><strong>et</strong></span> <span class='ocrx_word' id='word_1_467' title='bbox 1409 4567 1718 4619; x_wconf 84' lang='lat' dir='ltr'><strong>resurrectio</strong></span> <span class='ocrx_word' id='word_1_468' title='bbox 1758 4578 1990 4622; x_wconf 82' lang='lat' dir='ltr'><strong>mortuo-</strong></span> 
     </span>
    </p>
   </div>
   <div class='ocr_carea' id='block_1_64' title="bbox 411 4645 1988 4725">
    <p class='ocr_par' dir='ltr' id='par_1_64' title="bbox 411 4645 1988 4725">
     <span class='ocr_line' id='line_1_64' title="bbox 411 4645 1988 4725; baseline 0.01 -28"><span class='ocrx_word' id='word_1_469' title='bbox 411 4662 549 4699; x_wconf 86' lang='lat' dir='ltr'><strong>rum.</strong></span> <span class='ocrx_word' id='word_1_470' title='bbox 582 4645 996 4703; x_wconf 88' lang='lat' dir='ltr'><strong>Similitudinem</strong></span> <span class='ocrx_word' id='word_1_471' title='bbox 1024 4651 1218 4720; x_wconf 89' lang='lat' dir='ltr'><strong>quippe</strong></span> <span class='ocrx_word' id='word_1_472' title='bbox 1260 4652 1556 4707; x_wconf 82' lang='lat' dir='ltr'><strong>introduxit</strong></span> <span class='ocrx_word' id='word_1_473' title='bbox 1578 4668 1643 4708; x_wconf 86' lang='lat' dir='ltr'><strong>ex</strong></span> <span class='ocrx_word' id='word_1_474' title='bbox 1673 4658 1988 4725; x_wconf 89' lang='lat' dir='ltr'><strong>corporibus</strong></span> 
     </span>
    </p>
   </div>
   <div class='ocr_carea' id='block_1_65' title="bbox 410 4734 1988 4811">
    <p class='ocr_par' dir='ltr' id='par_1_65' title="bbox 410 4734 1988 4811">
     <span class='ocr_line' id='line_1_65' title="bbox 410 4734 1988 4811; baseline 0.01 -23"><span class='ocrx_word' id='word_1_475' title='bbox 410 4734 793 4791; x_wconf 77' lang='lat' dir='ltr'><strong>excelsissimis</strong></span> <span class='ocrx_word' id='word_1_476' title='bbox 858 4737 1279 4810; x_wconf 85' lang='lat' dir='ltr'><strong>clarissimisque</strong></span> <span class='ocrx_word' id='word_1_477' title='bbox 1345 4743 1615 4798; x_wconf 89' lang='lat' dir='ltr'><strong>sensibilis</strong></span> <span class='ocrx_word' id='word_1_478' title='bbox 1669 4747 1878 4811; x_wconf 90' lang='lat' dir='ltr'><strong>mundi,</strong></span> <span class='ocrx_word' id='word_1_479' title='bbox 1930 4757 1988 4802; x_wconf 90' lang='lat' dir='ltr'><strong>ut</strong></span> 
     </span>
    </p>
   </div>
   <div class='ocr_carea' id='block_1_66' title="bbox 414 4827 1984 4908">
    <p class='ocr_par' dir='ltr' id='par_1_66' title="bbox 414 4827 1984 4908">
     <span class='ocr_line' id='line_1_66' title="bbox 414 4827 1984 4908; baseline 0.008 -28"><span class='ocrx_word' id='word_1_480' title='bbox 414 4827 664 4881; x_wconf 84' lang='lat' dir='ltr'><strong>suaderet</strong></span> <span class='ocrx_word' id='word_1_481' title='bbox 692 4831 1101 4885; x_wconf 88' lang='lat' dir='ltr'><strong>resurrectionis</strong></span> <span class='ocrx_word' id='word_1_482' title='bbox 1140 4832 1392 4902; x_wconf 80' lang='lat' dir='ltr'><strong>gratiam,</strong></span> <span class='ocrx_word' id='word_1_483' title='bbox 1416 4841 1469 4887; x_wconf 90' lang='lat' dir='ltr'><strong>et</strong></span> <span class='ocrx_word' id='word_1_484' title='bbox 1491 4834 1789 4889; x_wconf 85' lang='lat' dir='ltr'><strong>divinarum</strong></span> <span class='ocrx_word' id='word_1_485' title='bbox 1819 4853 1984 4908; x_wconf 86' lang='lat' dir='ltr'><strong>appa-</strong></span> 
     </span>
    </p>
   </div>
   <div class='ocr_carea' id='block_1_67' title="bbox 412 4918 1985 4998">
    <p class='ocr_par' dir='ltr' id='par_1_67' title="bbox 412 4918 1985 4998">
     <span class='ocr_line' id='line_1_67' title="bbox 412 4918 1985 4998; baseline 0.009 -27"><span class='ocrx_word' id='word_1_486' title='bbox 412 4918 668 4973; x_wconf 88' lang='lat' dir='ltr'><strong>ritionum</strong></span> <span class='ocrx_word' id='word_1_487' title='bbox 695 4935 791 4989; x_wconf 89' lang='lat' dir='ltr'><strong>per</strong></span> <span class='ocrx_word' id='word_1_488' title='bbox 825 4922 1062 4993; x_wconf 85' lang='lat' dir='ltr'><strong>singulos</strong></span> <span class='ocrx_word' id='word_1_489' title='bbox 1092 4926 1517 4995; x_wconf 80' lang='lat' dir='ltr'><strong>regenerationis</strong></span> <span class='ocrx_word' id='word_1_490' title='bbox 1562 4929 1850 4998; x_wconf 89' lang='lat' dir='ltr'><strong>participes</strong></span> <span class='ocrx_word' id='word_1_491' title='bbox 1884 4931 1985 4984; x_wconf 85' lang='lat' dir='ltr'><strong>dif-</strong></span> 
     </span>
    </p>
   </div>
   <div class='ocr_carea' id='block_1_68' title="bbox 412 5007 1986 5091">
    <p class='ocr_par' dir='ltr' id='par_1_68' title="bbox 412 5007 1986 5091">
     <span class='ocr_line' id='line_1_68' title="bbox 412 5007 1986 5091; baseline 0.01 -31"><span class='ocrx_word' id='word_1_492' title='bbox 412 5007 715 5076; x_wconf 89' lang='lat' dir='ltr'><strong>ferentiam,</strong></span> <span class='ocrx_word' id='word_1_493' title='bbox 759 5010 862 5065; x_wconf 90' lang='lat' dir='ltr'><strong>hoc</strong></span> <span class='ocrx_word' id='word_1_494' title='bbox 900 5012 1041 5065; x_wconf 87' lang='lat' dir='ltr'><strong>enim</strong></span> <span class='ocrx_word' id='word_1_495' title='bbox 1071 5021 1153 5067; x_wconf 90' lang='lat' dir='ltr'><strong>est</strong></span> <span class='ocrx_word' id='word_1_496' title='bbox 1181 5013 1332 5067; x_wconf 87' lang='lat' dir='ltr'><strong>stella</strong></span> <span class='ocrx_word' id='word_1_497' title='bbox 1381 5026 1553 5069; x_wconf 88' lang='lat' dir='ltr'><strong>autem</strong></span> <span class='ocrx_word' id='word_1_498' title='bbox 1581 5035 1612 5070; x_wconf 93' lang='lat' dir='ltr'><strong>a</strong></span> <span class='ocrx_word' id='word_1_499' title='bbox 1635 5018 1784 5071; x_wconf 86' lang='lat' dir='ltr'><strong>stella</strong></span> <span class='ocrx_word' id='word_1_500' title='bbox 1810 5021 1986 5091; x_wconf 73' lang='lat' dir='ltr'><strong>differt</strong></span> 
     </span>
    </p>
   </div>
   <div class='ocr_carea' id='block_1_69' title="bbox 410 5100 1989 5179">
    <p class='ocr_par' dir='ltr' id='par_1_69' title="bbox 410 5100 1989 5179">
     <span class='ocr_line' id='line_1_69' title="bbox 410 5100 1989 5179; baseline 0.009 -28"><span class='ocrx_word' id='word_1_501' title='bbox 410 5100 463 5153; x_wconf 84' lang='lat' dir='ltr'><strong>in</strong></span> <span class='ocrx_word' id='word_1_502' title='bbox 491 5102 749 5166; x_wconf 85' lang='lat' dir='ltr'><strong>claritate,</strong></span> <span class='ocrx_word' id='word_1_503' title='bbox 784 5101 1006 5171; x_wconf 86' lang='lat' dir='ltr'><strong>pulchre</strong></span> <span class='ocrx_word' id='word_1_504' title='bbox 1047 5112 1101 5157; x_wconf 88' lang='lat' dir='ltr'><strong>et</strong></span> <span class='ocrx_word' id='word_1_505' title='bbox 1153 5105 1540 5161; x_wconf 86' lang='lat' dir='ltr'><strong>convenienter</strong></span> <span class='ocrx_word' id='word_1_506' title='bbox 1590 5123 1655 5161; x_wconf 81' lang='lat' dir='ltr'><strong>ex</strong></span> <span class='ocrx_word' id='word_1_507' title='bbox 1708 5124 1989 5179; x_wconf 80' lang='lat' dir='ltr'><strong>compara-</strong></span> 
     </span>
    </p>
   </div>
   <div class='ocr_carea' id='block_1_70' title="bbox 413 5192 1982 5257">
    <p class='ocr_par' dir='ltr' id='par_1_70' title="bbox 413 5192 1982 5257">
     <span class='ocr_line' id='line_1_70' title="bbox 413 5192 1982 5257; baseline 0.009 -13"><span class='ocrx_word' id='word_1_508' title='bbox 413 5192 557 5245; x_wconf 87' lang='lat' dir='ltr'><strong>tione</strong></span> <span class='ocrx_word' id='word_1_509' title='bbox 586 5193 899 5247; x_wconf 88' lang='lat' dir='ltr'><strong>caelestium</strong></span> <span class='ocrx_word' id='word_1_510' title='bbox 946 5193 1249 5248; x_wconf 77' lang='lat' dir='ltr'><strong>luminum’</strong></span> <span class='ocrx_word' id='word_1_511' title='bbox 1277 5195 1555 5250; x_wconf 87' lang='lat' dir='ltr'><strong>varietatis</strong></span> <span class='ocrx_word' id='word_1_512' title='bbox 1603 5197 1982 5257; x_wconf 89' lang='lat' dir='ltr'><strong>multiformem</strong></span> 
     </span>
    </p>
   </div>
   <div class='ocr_carea' id='block_1_71' title="bbox 2093 1856 3614 1930">
    <p class='ocr_par' dir='ltr' id='par_1_71' title="bbox 2093 1856 3614 1930">
     <span class='ocr_line' id='line_1_71' title="bbox 2093 1856 3614 1930; baseline 0 -21"><span class='ocrx_word' id='word_1_513' title='bbox 2093 1860 2243 1930; x_wconf 86' lang='lat' dir='ltr'><strong>justo</strong></span> <span class='ocrx_word' id='word_1_514' title='bbox 2283 1856 2553 1910; x_wconf 89' lang='lat' dir='ltr'><strong>radiosum</strong></span> <span class='ocrx_word' id='word_1_515' title='bbox 2596 1873 2790 1925; x_wconf 87' lang='lat' dir='ltr'><strong>corpus</strong></span> <span class='ocrx_word' id='word_1_516' title='bbox 2818 1858 2988 1910; x_wconf 84' lang='lat' dir='ltr'><strong>instar</strong></span> <span class='ocrx_word' id='word_1_517' title='bbox 3012 1858 3171 1922; x_wconf 84' lang='lat' dir='ltr'><strong>solis;</strong></span> <span class='ocrx_word' id='word_1_518' title='bbox 3204 1866 3293 1911; x_wconf 90' lang='lat' dir='ltr'><strong>aut</strong></span> <span class='ocrx_word' id='word_1_519' title='bbox 3334 1858 3448 1927; x_wconf 90' lang='lat' dir='ltr'><strong>quid</strong></span> <span class='ocrx_word' id='word_1_520' title='bbox 3472 1858 3614 1911; x_wconf 85' lang='lat' dir='ltr'><strong>damni</strong></span> 
     </span>
    </p>
   </div>
   <div class='ocr_carea' id='block_1_72' title="bbox 2101 1946 3613 2018">
    <p class='ocr_par' dir='ltr' id='par_1_72' title="bbox 2101 1946 3613 2018">
     <span class='ocr_line' id='line_1_72' title="bbox 2101 1946 3613 2018; baseline -0.001 -18"><span class='ocrx_word' id='word_1_521' title='bbox 2101 1946 2264 2017; x_wconf 91' lang='lat' dir='ltr'><strong>impio</strong></span> <span class='ocrx_word' id='word_1_522' title='bbox 2286 1947 2658 2016; x_wconf 89' lang='lat' dir='ltr'><strong>caliginosmn,</strong></span> <span class='ocrx_word' id='word_1_523' title='bbox 2682 1947 2845 2017; x_wconf 80' lang='lat' dir='ltr'><strong>veluti</strong></span> <span class='ocrx_word' id='word_1_524' title='bbox 2868 1949 3151 2018; x_wconf 82' lang='lat' dir='ltr'><strong>quaepiam</strong></span> <span class='ocrx_word' id='word_1_525' title='bbox 3173 1948 3613 2002; x_wconf 86' lang='lat' dir='ltr'><strong>obscurissimarnm</strong></span> 
     </span>
    </p>
   </div>
   <div class='ocr_carea' id='block_1_73' title="bbox 2098 2037 3616 2110">
    <p class='ocr_par' dir='ltr' id='par_1_73' title="bbox 2098 2037 3616 2110">
     <span class='ocr_line' id='line_1_73' title="bbox 2098 2037 3616 2110; baseline -0.001 -17"><span class='ocrx_word' id='word_1_526' title='bbox 2098 2037 2625 2100; x_wconf 69' lang='lat' dir='ltr'><strong>stellarum,‘babere</strong></span> <span class='ocrx_word' id='word_1_527' title='bbox 2647 2080 2661 2104; x_wconf 93' lang='lat'><strong>,</strong></span> <span class='ocrx_word' id='word_1_528' title='bbox 2691 2055 2813 2094; x_wconf 90' lang='lat' dir='ltr'><strong>cum</strong></span> <span class='ocrx_word' id='word_1_529' title='bbox 2866 2056 3043 2108; x_wconf 86' lang='lat' dir='ltr'><strong>neque</strong></span> <span class='ocrx_word' id='word_1_530' title='bbox 3071 2041 3201 2110; x_wconf 86' lang='lat' dir='ltr'><strong>justi</strong></span> <span class='ocrx_word' id='word_1_531' title='bbox 3227 2039 3383 2107; x_wconf 78' lang='lat' dir='ltr'><strong>gloria</strong></span> <span class='ocrx_word' id='word_1_532' title='bbox 3422 2039 3466 2091; x_wconf 92' lang='lat' dir='ltr'><strong>in</strong></span> <span class='ocrx_word' id='word_1_533' title='bbox 3493 2039 3616 2091; x_wconf 86' lang='lat' dir='ltr'><strong>clari-</strong></span> 
     </span>
    </p>
   </div>
   <div class='ocr_carea' id='block_1_74' title="bbox 2101 2129 3611 2200">
    <p class='ocr_par' dir='ltr' id='par_1_74' title="bbox 2101 2129 3611 2200">
     <span class='ocr_line' id='line_1_74' title="bbox 2101 2129 3611 2200; baseline -0.002 -17"><span class='ocrx_word' id='word_1_534' title='bbox 2101 2137 2209 2185; x_wconf 85' lang='lat' dir='ltr'><strong>tate</strong></span> <span class='ocrx_word' id='word_1_535' title='bbox 2237 2130 2498 2199; x_wconf 88' lang='lat' dir='ltr'><strong>corporis,</strong></span> <span class='ocrx_word' id='word_1_536' title='bbox 2544 2131 2639 2184; x_wconf 88' lang='lat' dir='ltr'><strong>sed</strong></span> <span class='ocrx_word' id='word_1_537' title='bbox 2670 2130 2725 2184; x_wconf 88' lang='lat' dir='ltr'><strong>in</strong></span> <span class='ocrx_word' id='word_1_538' title='bbox 2763 2131 2999 2200; x_wconf 90' lang='lat' dir='ltr'><strong>puritate</strong></span> <span class='ocrx_word' id='word_1_539' title='bbox 3035 2129 3506 2200; x_wconf 88' lang='lat' dir='ltr'><strong>contemplationis,</strong></span> <span class='ocrx_word' id='word_1_540' title='bbox 3530 2142 3611 2196; x_wconf 84' lang='lat' dir='ltr'><strong>qua</strong></span> 
     </span>
    </p>
   </div>
   <div class='ocr_carea' id='block_1_75' title="bbox 2100 2219 3617 2292">
    <p class='ocr_par' dir='ltr' id='par_1_75' title="bbox 2100 2219 3617 2292">
     <span class='ocr_line' id='line_1_75' title="bbox 2100 2219 3617 2292; baseline -0.004 -18"><span class='ocrx_word' id='word_1_541' title='bbox 2100 2219 2241 2275; x_wconf 87' lang='lat' dir='ltr'><strong>Deus</strong></span> <span class='ocrx_word' id='word_1_542' title='bbox 2288 2220 2428 2275; x_wconf 85' lang='lat' dir='ltr'><strong>facie</strong></span> <span class='ocrx_word' id='word_1_543' title='bbox 2457 2222 2523 2274; x_wconf 90' lang='lat' dir='ltr'><strong>ad</strong></span> <span class='ocrx_word' id='word_1_544' title='bbox 2552 2220 2741 2275; x_wconf 85' lang='lat' dir='ltr'><strong>faciem</strong></span> <span class='ocrx_word' id='word_1_545' title='bbox 2776 2221 3069 2286; x_wconf 85' lang='lat' dir='ltr'><strong>videbitur,</strong></span> <span class='ocrx_word' id='word_1_546' title='bbox 3095 2237 3264 2292; x_wconf 87' lang='lat' dir='ltr'><strong>neque</strong></span> <span class='ocrx_word' id='word_1_547' title='bbox 3295 2221 3427 2288; x_wconf 81' lang='lat' dir='ltr'><strong>impii</strong></span> <span class='ocrx_word' id='word_1_548' title='bbox 3468 2230 3617 2272; x_wconf 86' lang='lat' dir='ltr'><strong>contu.</strong></span> 
     </span>
    </p>
   </div>
   <div class='ocr_carea' id='block_1_76' title="bbox 2098 2309 3616 2381">
    <p class='ocr_par' dir='ltr' id='par_1_76' title="bbox 2098 2309 3616 2381">
     <span class='ocr_line' id='line_1_76' title="bbox 2098 2309 3616 2381; baseline -0.003 -18"><span class='ocrx_word' id='word_1_549' title='bbox 2098 2309 2259 2365; x_wconf 87' lang='lat' dir='ltr'><strong>melia</strong></span> <span class='ocrx_word' id='word_1_550' title='bbox 2298 2310 2353 2364; x_wconf 91' lang='lat' dir='ltr'><strong>in</strong></span> <span class='ocrx_word' id='word_1_551' title='bbox 2399 2312 2763 2366; x_wconf 87' lang='lat' dir='ltr'><strong>membrorum</strong></span> <span class='ocrx_word' id='word_1_552' title='bbox 2811 2312 3167 2381; x_wconf 79' lang='lat' dir='ltr'><strong>turpitudine,</strong></span> <span class='ocrx_word' id='word_1_553' title='bbox 3224 2311 3312 2365; x_wconf 89' lang='lat' dir='ltr'><strong>sed</strong></span> <span class='ocrx_word' id='word_1_554' title='bbox 3361 2311 3409 2363; x_wconf 90' lang='lat' dir='ltr'><strong>in</strong></span> <span class='ocrx_word' id='word_1_555' title='bbox 3447 2310 3616 2362; x_wconf 84' lang='lat' dir='ltr'><strong>divinae</strong></span> 
     </span>
    </p>
   </div>
   <div class='ocr_carea' id='block_1_77' title="bbox 2059 2396 3618 2469">
    <p class='ocr_par' dir='ltr' id='par_1_77' title="bbox 2059 2396 3618 2469">
     <span class='ocr_line' id='line_1_77' title="bbox 2059 2396 3618 2469; baseline -0.005 -15"><span class='ocrx_word' id='word_1_556' title='bbox 2059 2398 2479 2469; x_wconf 87' lang='lat' dir='ltr'><strong>&#39;speculationis</strong></span> <span class='ocrx_word' id='word_1_557' title='bbox 2536 2400 2836 2469; x_wconf 87' lang='lat' dir='ltr'><strong>privatione</strong></span> <span class='ocrx_word' id='word_1_558' title='bbox 2886 2399 3066 2453; x_wconf 88' lang='lat' dir='ltr'><strong>futura</strong></span> <span class='ocrx_word' id='word_1_559' title='bbox 3121 2400 3224 2454; x_wconf 87' lang='lat' dir='ltr'><strong>sit?</strong></span> <span class='ocrx_word' id='word_1_560' title='bbox 3251 2398 3527 2452; x_wconf 85' lang='lat' dir='ltr'><strong>Praesentia</strong></span> <span class='ocrx_word' id='word_1_561' title='bbox 3563 2396 3618 2447; x_wconf 76' lang='lat' dir='ltr'><strong>si-</strong></span> 
     </span>
    </p>
   </div>
   <div class='ocr_carea' id='block_1_78' title="bbox 2097 2489 3615 2560">
    <p class='ocr_par' dir='ltr' id='par_1_78' title="bbox 2097 2489 3615 2560">
     <span class='ocr_line' id='line_1_78' title="bbox 2097 2489 3615 2560; baseline -0.003 -16"><span class='ocrx_word' id='word_1_562' title='bbox 2097 2492 2311 2560; x_wconf 86' lang='lat' dir='ltr'><strong>quidem</strong></span> <span class='ocrx_word' id='word_1_563' title='bbox 2332 2491 2580 2545; x_wconf 86' lang='lat' dir='ltr'><strong>veritatis</strong></span> <span class='ocrx_word' id='word_1_564' title='bbox 2607 2489 2770 2545; x_wconf 87' lang='lat' dir='ltr'><strong>faciet</strong></span> <span class='ocrx_word' id='word_1_565' title='bbox 2791 2490 2837 2523; x_wconf 75' lang='lat'>“</span> <span class='ocrx_word' id='word_1_566' title='bbox 2863 2490 3106 2557; x_wconf 89' lang='lat' dir='ltr'><strong>beatum,</strong></span> <span class='ocrx_word' id='word_1_567' title='bbox 3134 2490 3365 2544; x_wconf 87' lang='lat' dir='ltr'><strong>absentia</strong></span> <span class='ocrx_word' id='word_1_568' title='bbox 3390 2489 3615 2541; x_wconf 82' lang='lat' dir='ltr'><strong>miserum.</strong></span> 
     </span>
    </p>
   </div>
   <div class='ocr_carea' id='block_1_79' title="bbox 2097 2582 3620 2654">
    <p class='ocr_par' dir='ltr' id='par_1_79' title="bbox 2097 2582 3620 2654">
     <span class='ocr_line' id='line_1_79' title="bbox 2097 2582 3620 2654; baseline -0.005 -18"><span class='ocrx_word' id='word_1_569' title='bbox 2097 2582 2339 2654; x_wconf 78' lang='lat' dir='ltr'><strong>Exempli</strong></span> <span class='ocrx_word' id='word_1_570' title='bbox 2369 2584 2575 2654; x_wconf 86' lang='lat' dir='ltr'><strong>gratia;</strong></span> <span class='ocrx_word' id='word_1_571' title='bbox 2630 2584 2764 2638; x_wconf 88' lang='lat' dir='ltr'><strong>duos</strong></span> <span class='ocrx_word' id='word_1_572' title='bbox 2801 2584 3047 2637; x_wconf 84' lang='lat' dir='ltr'><strong>homines</strong></span> <span class='ocrx_word' id='word_1_573' title='bbox 3092 2597 3363 2653; x_wconf 87' lang='lat' dir='ltr'><strong>ponatnus,</strong></span> <span class='ocrx_word' id='word_1_574' title='bbox 3386 2589 3558 2636; x_wconf 79' lang='lat' dir='ltr'><strong>stuura</strong></span> <span class='ocrx_word' id='word_1_575' title='bbox 3578 2585 3620 2631; x_wconf 87' lang='lat' dir='ltr'><strong>et</strong></span> 
     </span>
    </p>
   </div>
   <div class='ocr_carea' id='block_1_80' title="bbox 2095 2672 3619 2744">
    <p class='ocr_par' dir='ltr' id='par_1_80' title="bbox 2095 2672 3619 2744">
     <span class='ocr_line' id='line_1_80' title="bbox 2095 2672 3619 2744; baseline -0.005 -17"><span class='ocrx_word' id='word_1_576' title='bbox 2095 2682 2290 2740; x_wconf 87' lang='lat' dir='ltr'><strong>actate,</strong></span> <span class='ocrx_word' id='word_1_577' title='bbox 2316 2672 2486 2728; x_wconf 86' lang='lat' dir='ltr'><strong>forma</strong></span> <span class='ocrx_word' id='word_1_578' title='bbox 2509 2682 2558 2729; x_wconf 92' lang='lat' dir='ltr'><strong>et</strong></span> <span class='ocrx_word' id='word_1_579' title='bbox 2583 2673 3004 2744; x_wconf 85' lang='lat' dir='ltr'><strong>pulchritudine,</strong></span> <span class='ocrx_word' id='word_1_580' title='bbox 3032 2676 3263 2731; x_wconf 83' lang='lat' dir='ltr'><strong>sanitate</strong></span> <span class='ocrx_word' id='word_1_581' title='bbox 3291 2688 3438 2729; x_wconf 88' lang='lat' dir='ltr'><strong>cnam</strong></span> <span class='ocrx_word' id='word_1_582' title='bbox 3468 2686 3619 2741; x_wconf 77' lang='lat' dir='ltr'><strong>corpu-</strong></span> 
     </span>
    </p>
   </div>
   <div class='ocr_carea' id='block_1_81' title="bbox 2095 2766 3618 2839">
    <p class='ocr_par' dir='ltr' id='par_1_81' title="bbox 2095 2766 3618 2839">
     <span class='ocr_line' id='line_1_81' title="bbox 2095 2766 3618 2839; baseline -0.003 -20"><span class='ocrx_word' id='word_1_583' title='bbox 2095 2766 2192 2827; x_wconf 86' lang='lat' dir='ltr'><strong>ris,</strong></span> <span class='ocrx_word' id='word_1_584' title='bbox 2224 2766 2505 2822; x_wconf 79' lang='lat' dir='ltr'><strong>uobilitate</strong></span> <span class='ocrx_word' id='word_1_585' title='bbox 2552 2767 2784 2839; x_wconf 85' lang='lat' dir='ltr'><strong>generis,</strong></span> <span class='ocrx_word' id='word_1_586' title='bbox 2824 2782 3082 2823; x_wconf 79' lang='lat' dir='ltr'><strong>seusaum</strong></span> <span class='ocrx_word' id='word_1_587' title='bbox 3111 2768 3422 2839; x_wconf 82' lang='lat' dir='ltr'><strong>integritate,</strong></span> <span class='ocrx_word' id='word_1_588' title='bbox 3463 2767 3618 2819; x_wconf 85' lang='lat' dir='ltr'><strong>virium</strong></span> 
     </span>
    </p>
   </div>
   <div class='ocr_carea' id='block_1_82' title="bbox 2095 2854 3621 2928">
    <p class='ocr_par' dir='ltr' id='par_1_82' title="bbox 2095 2854 3621 2928">
     <span class='ocr_line' id='line_1_82' title="bbox 2095 2854 3621 2928; baseline 0.001 -22"><span class='ocrx_word' id='word_1_589' title='bbox 2095 2855 2421 2921; x_wconf 88' lang='lat' dir='ltr'><strong>valetudine,</strong></span> <span class='ocrx_word' id='word_1_590' title='bbox 2452 2859 2815 2911; x_wconf 86' lang='lat' dir='ltr'><strong>membrorum</strong></span> <span class='ocrx_word' id='word_1_591' title='bbox 2843 2858 3106 2928; x_wconf 82' lang='lat' dir='ltr'><strong>agilitate,</strong></span> <span class='ocrx_word' id='word_1_592' title='bbox 3150 2858 3433 2927; x_wconf 87' lang='lat' dir='ltr'><strong>ceterisque</strong></span> <span class='ocrx_word' id='word_1_593' title='bbox 3465 2854 3501 2886; x_wconf 83' lang='lat'><strong>“</strong></span> <span class='ocrx_word' id='word_1_594' title='bbox 3527 2869 3621 2909; x_wconf 61' lang='lat' dir='ltr'><strong>coro</strong></span> 
     </span>
    </p>
   </div>
   <div class='ocr_carea' id='block_1_83' title="bbox 2095 2947 3619 3021">
    <p class='ocr_par' dir='ltr' id='par_1_83' title="bbox 2095 2947 3619 3021">
     <span class='ocr_line' id='line_1_83' title="bbox 2095 2947 3619 3021; baseline -0.001 -20"><span class='ocrx_word' id='word_1_595' title='bbox 2095 2947 2371 3013; x_wconf 87' lang='lat' dir='ltr'><strong>poralibus</strong></span> <span class='ocrx_word' id='word_1_596' title='bbox 2423 2948 2578 3004; x_wconf 91' lang='lat' dir='ltr'><strong>bonis</strong></span> <span class='ocrx_word' id='word_1_597' title='bbox 2616 2949 2834 3005; x_wconf 89' lang='lat' dir='ltr'><strong>sibimet</strong></span> <span class='ocrx_word' id='word_1_598' title='bbox 2880 2955 3087 3021; x_wconf 84' lang='lat' dir='ltr'><strong>absque</strong></span> <span class='ocrx_word' id='word_1_599' title='bbox 3134 2952 3235 3006; x_wconf 89' lang='lat' dir='ltr'><strong>ulla</strong></span> <span class='ocrx_word' id='word_1_600' title='bbox 3268 2948 3537 3004; x_wconf 78' lang='lat' dir='ltr'><strong>differentia</strong></span> <span class='ocrx_word' id='word_1_601' title='bbox 3559 2948 3619 3001; x_wconf 85' lang='lat' dir='ltr'><strong>si-</strong></span> 
     </span>
    </p>
   </div>
   <div class='ocr_carea' id='block_1_84' title="bbox 2098 3040 3617 3114">
    <p class='ocr_par' dir='ltr' id='par_1_84' title="bbox 2098 3040 3617 3114">
     <span class='ocr_line' id='line_1_84' title="bbox 2098 3040 3617 3114; baseline -0.003 -19"><span class='ocrx_word' id='word_1_602' title='bbox 2098 3040 2380 3105; x_wconf 88' lang='lat' dir='ltr'><strong>millimos;</strong></span> <span class='ocrx_word' id='word_1_603' title='bbox 2410 3055 2638 3110; x_wconf 88' lang='lat' dir='ltr'><strong>quorum</strong></span> <span class='ocrx_word' id='word_1_604' title='bbox 2667 3049 2841 3097; x_wconf 88' lang='lat' dir='ltr'><strong>tamen</strong></span> <span class='ocrx_word' id='word_1_605' title='bbox 2870 3059 3008 3097; x_wconf 91' lang='lat' dir='ltr'><strong>unus</strong></span> <span class='ocrx_word' id='word_1_606' title='bbox 3039 3045 3276 3114; x_wconf 89' lang='lat' dir='ltr'><strong>sapiens,</strong></span> <span class='ocrx_word' id='word_1_607' title='bbox 3310 3043 3521 3097; x_wconf 81' lang='lat' dir='ltr'><strong>moribus</strong></span> <span class='ocrx_word' id='word_1_608' title='bbox 3542 3042 3617 3093; x_wconf 81' lang='lat' dir='ltr'><strong>lio-</strong></span> 
     </span>
    </p>
   </div>
   <div class='ocr_carea' id='block_1_85' title="bbox 2098 3133 3618 3204">
    <p class='ocr_par' dir='ltr' id='par_1_85' title="bbox 2098 3133 3618 3204">
     <span class='ocr_line' id='line_1_85' title="bbox 2098 3133 3618 3204; baseline -0.003 -16"><span class='ocrx_word' id='word_1_609' title='bbox 2098 3141 2300 3195; x_wconf 89' lang='lat' dir='ltr'><strong>nestus,</strong></span> <span class='ocrx_word' id='word_1_610' title='bbox 2332 3134 2580 3188; x_wconf 89' lang='lat' dir='ltr'><strong>omnibus</strong></span> <span class='ocrx_word' id='word_1_611' title='bbox 2610 3133 2919 3199; x_wconf 87' lang='lat' dir='ltr'><strong>virtutibus,</strong></span> <span class='ocrx_word' id='word_1_612' title='bbox 2947 3135 3147 3204; x_wconf 79' lang='lat' dir='ltr'><strong>quibus</strong></span> <span class='ocrx_word' id='word_1_613' title='bbox 3163 3136 3333 3189; x_wconf 87' lang='lat' dir='ltr'><strong>anima</strong></span> <span class='ocrx_word' id='word_1_614' title='bbox 3358 3136 3618 3193; x_wconf 84' lang='lat' dir='ltr'><strong>decoratur,</strong></span> 
     </span>
    </p>
   </div>
   <div class='ocr_carea' id='block_1_86' title="bbox 2093 3222 3622 3295">
    <p class='ocr_par' dir='ltr' id='par_1_86' title="bbox 2093 3222 3622 3295">
     <span class='ocr_line' id='line_1_86' title="bbox 2093 3222 3622 3295; baseline -0.003 -18"><span class='ocrx_word' id='word_1_615' title='bbox 2093 3230 2370 3292; x_wconf 89' lang='lat' dir='ltr'><strong>comptus;</strong></span> <span class='ocrx_word' id='word_1_616' title='bbox 2403 3222 2539 3279; x_wconf 89' lang='lat' dir='ltr'><strong>alter</strong></span> <span class='ocrx_word' id='word_1_617' title='bbox 2561 3238 2688 3278; x_wconf 89' lang='lat' dir='ltr'><strong>vero</strong></span> <span class='ocrx_word' id='word_1_618' title='bbox 2722 3223 3006 3294; x_wconf 88' lang='lat' dir='ltr'><strong>insipiens,</strong></span> <span class='ocrx_word' id='word_1_619' title='bbox 3030 3226 3268 3280; x_wconf 88' lang='lat' dir='ltr'><strong>moribus</strong></span> <span class='ocrx_word' id='word_1_620' title='bbox 3291 3227 3460 3295; x_wconf 87' lang='lat' dir='ltr'><strong>turpis.</strong></span> <span class='ocrx_word' id='word_1_621' title='bbox 3483 3222 3622 3278; x_wconf 85' lang='lat' dir='ltr'><strong>omni-</strong></span> 
     </span>
    </p>
   </div>
   <div class='ocr_carea' id='block_1_87' title="bbox 2093 3312 3620 3383">
    <p class='ocr_par' dir='ltr' id='par_1_87' title="bbox 2093 3312 3620 3383">
     <span class='ocr_line' id='line_1_87' title="bbox 2093 3312 3620 3383; baseline -0.002 -17"><span class='ocrx_word' id='word_1_622' title='bbox 2093 3312 2194 3366; x_wconf 91' lang='lat' dir='ltr'><strong>bus</strong></span> <span class='ocrx_word' id='word_1_623' title='bbox 2229 3312 2389 3373; x_wconf 88' lang='lat' dir='ltr'><strong>vitiis,</strong></span> <span class='ocrx_word' id='word_1_624' title='bbox 2420 3312 2616 3383; x_wconf 90' lang='lat' dir='ltr'><strong>quibus</strong></span> <span class='ocrx_word' id='word_1_625' title='bbox 2649 3312 2829 3366; x_wconf 87' lang='lat' dir='ltr'><strong>anima</strong></span> <span class='ocrx_word' id='word_1_626' title='bbox 2877 3313 3138 3369; x_wconf 88' lang='lat' dir='ltr'><strong>deformis</strong></span> <span class='ocrx_word' id='word_1_627' title='bbox 3184 3314 3427 3377; x_wconf 71' lang='lat' dir='ltr'><strong>efﬁcitur,</strong></span> <span class='ocrx_word' id='word_1_628' title='bbox 3466 3327 3620 3368; x_wconf 85' lang='lat' dir='ltr'><strong>corru-</strong></span> 
     </span>
    </p>
   </div>
   <div class='ocr_carea' id='block_1_88' title="bbox 2092 3399 3622 3473">
    <p class='ocr_par' dir='ltr' id='par_1_88' title="bbox 2092 3399 3622 3473">
     <span class='ocr_line' id='line_1_88' title="bbox 2092 3399 3622 3473; baseline -0.004 -17"><span class='ocrx_word' id='word_1_629' title='bbox 2092 3411 2217 3471; x_wconf 91' lang='lat' dir='ltr'><strong>ptus</strong></span> <span class='ocrx_word' id='word_1_630' title='bbox 2245 3420 2258 3455; x_wconf 92' lang='lat'><strong>:</strong></span> <span class='ocrx_word' id='word_1_631' title='bbox 2287 3403 2415 3471; x_wconf 87' lang='lat' dir='ltr'><strong>quid</strong></span> <span class='ocrx_word' id='word_1_632' title='bbox 2446 3402 2692 3472; x_wconf 85' lang='lat' dir='ltr'><strong>utrisque</strong></span> <span class='ocrx_word' id='word_1_633' title='bbox 2715 3402 2759 3433; x_wconf 84' lang='grc'><strong>¹⁶</strong></span> <span class='ocrx_word' id='word_1_634' title='bbox 2786 3403 3173 3473; x_wconf 84' lang='lat' dir='ltr'><strong>prosuntbona</strong></span> <span class='ocrx_word' id='word_1_635' title='bbox 3202 3403 3474 3473; x_wconf 82' lang='lat' dir='ltr'><strong>corporalia</strong></span> <span class='ocrx_word' id='word_1_636' title='bbox 3502 3399 3622 3453; x_wconf 85' lang='lat' dir='ltr'><strong>siuti-</strong></span> 
     </span>
    </p>
   </div>
   <div class='ocr_carea' id='block_1_89' title="bbox 2092 3490 3620 3563">
    <p class='ocr_par' dir='ltr' id='par_1_89' title="bbox 2092 3490 3620 3563">
     <span class='ocr_line' id='line_1_89' title="bbox 2092 3490 3620 3563; baseline -0.003 -17"><span class='ocrx_word' id='word_1_637' title='bbox 2092 3492 2218 3548; x_wconf 89' lang='lat' dir='ltr'><strong>liter</strong></span> <span class='ocrx_word' id='word_1_638' title='bbox 2246 3507 2514 3563; x_wconf 88' lang='lat' dir='ltr'><strong>possessa,</strong></span> <span class='ocrx_word' id='word_1_639' title='bbox 2542 3495 2670 3549; x_wconf 89' lang='lat' dir='ltr'><strong>dum</strong></span> <span class='ocrx_word' id='word_1_640' title='bbox 2698 3510 2839 3551; x_wconf 88' lang='lat' dir='ltr'><strong>unus</strong></span> <span class='ocrx_word' id='word_1_641' title='bbox 2884 3495 3016 3550; x_wconf 88' lang='lat' dir='ltr'><strong>nihil</strong></span> <span class='ocrx_word' id='word_1_642' title='bbox 3045 3496 3191 3550; x_wconf 83' lang='lat' dir='ltr'><strong>aliud</strong></span> <span class='ocrx_word' id='word_1_643' title='bbox 3221 3496 3517 3561; x_wconf 74' lang='lat' dir='ltr'><strong>considerat,</strong></span> <span class='ocrx_word' id='word_1_644' title='bbox 3542 3490 3620 3544; x_wconf 88' lang='lat' dir='ltr'><strong>nisi</strong></span> 
     </span>
    </p>
   </div>
   <div class='ocr_carea' id='block_1_90' title="bbox 2095 3580 3618 3652">
    <p class='ocr_par' dir='ltr' id='par_1_90' title="bbox 2095 3580 3618 3652">
     <span class='ocr_line' id='line_1_90' title="bbox 2095 3580 3618 3652; baseline -0.003 -18"><span class='ocrx_word' id='word_1_645' title='bbox 2095 3589 2157 3635; x_wconf 76' lang='grc' dir='ltr'><strong>ιιι</strong></span> <span class='ocrx_word' id='word_1_646' title='bbox 2201 3581 2269 3634; x_wconf 90' lang='lat' dir='ltr'><strong>ad</strong></span> <span class='ocrx_word' id='word_1_647' title='bbox 2323 3595 2591 3635; x_wconf 86' lang='lat' dir='ltr'><strong>summum</strong></span> <span class='ocrx_word' id='word_1_648' title='bbox 2623 3582 2840 3645; x_wconf 88' lang='lat' dir='ltr'><strong>bonum,</strong></span> <span class='ocrx_word' id='word_1_649' title='bbox 2891 3582 2959 3635; x_wconf 87' lang='lat' dir='ltr'><strong>ad</strong></span> <span class='ocrx_word' id='word_1_650' title='bbox 2990 3582 3132 3652; x_wconf 88' lang='lat' dir='ltr'><strong>quod</strong></span> <span class='ocrx_word' id='word_1_651' title='bbox 3161 3582 3343 3643; x_wconf 88' lang='lat' dir='ltr'><strong>tendit,</strong></span> <span class='ocrx_word' id='word_1_652' title='bbox 3370 3580 3618 3651; x_wconf 86' lang='lat' dir='ltr'><strong>perveniat,</strong></span> 
     </span>
    </p>
   </div>
   <div class='ocr_carea' id='block_1_91' title="bbox 2093 3669 3619 3740">
    <p class='ocr_par' dir='ltr' id='par_1_91' title="bbox 2093 3669 3619 3740">
     <span class='ocr_line' id='line_1_91' title="bbox 2093 3669 3619 3740; baseline -0.005 -15"><span class='ocrx_word' id='word_1_653' title='bbox 2093 3685 2423 3740; x_wconf 86' lang='lat' dir='ltr'><strong>cognoscens</strong></span> <span class='ocrx_word' id='word_1_654' title='bbox 2449 3687 2556 3727; x_wconf 92' lang='lat' dir='ltr'><strong>non</strong></span> <span class='ocrx_word' id='word_1_655' title='bbox 2587 3672 2729 3727; x_wconf 89' lang='lat' dir='ltr'><strong>aliud</strong></span> <span class='ocrx_word' id='word_1_656' title='bbox 2758 3687 2880 3727; x_wconf 89' lang='lat' dir='ltr'><strong>esse</strong></span> <span class='ocrx_word' id='word_1_657' title='bbox 2904 3687 3060 3727; x_wconf 90' lang='lat' dir='ltr'><strong>suum</strong></span> <span class='ocrx_word' id='word_1_658' title='bbox 3085 3676 3129 3713; x_wconf 74' lang='grc' dir='ltr'><strong>ιτ</strong></span> <span class='ocrx_word' id='word_1_659' title='bbox 3156 3674 3368 3734; x_wconf 87' lang='lat' dir='ltr'><strong>bonum,</strong></span> <span class='ocrx_word' id='word_1_660' title='bbox 3392 3669 3480 3725; x_wconf 90' lang='lat' dir='ltr'><strong>nisi</strong></span> <span class='ocrx_word' id='word_1_661' title='bbox 3501 3678 3619 3721; x_wconf 83' lang='lat' dir='ltr'><strong>sum-</strong></span> 
     </span>
    </p>
   </div>
   <div class='ocr_carea' id='block_1_92' title="bbox 2093 3759 3620 3832">
    <p class='ocr_par' dir='ltr' id='par_1_92' title="bbox 2093 3759 3620 3832">
     <span class='ocr_line' id='line_1_92' title="bbox 2093 3759 3620 3832; baseline -0.007 -15"><span class='ocrx_word' id='word_1_662' title='bbox 2093 3779 2180 3818; x_wconf 89' lang='lat' dir='ltr'><strong>mo</strong></span> <span class='ocrx_word' id='word_1_663' title='bbox 2195 3766 2333 3819; x_wconf 89' lang='lat' dir='ltr'><strong>bono</strong></span> <span class='ocrx_word' id='word_1_664' title='bbox 2355 3763 2670 3826; x_wconf 86' lang='lat' dir='ltr'><strong>adhaerere,</strong></span> <span class='ocrx_word' id='word_1_665' title='bbox 2699 3764 2751 3818; x_wconf 92' lang='lat' dir='ltr'><strong>in</strong></span> <span class='ocrx_word' id='word_1_666' title='bbox 2779 3778 2949 3832; x_wconf 89' lang='lat' dir='ltr'><strong>eoque</strong></span> <span class='ocrx_word' id='word_1_667' title='bbox 2973 3764 3275 3832; x_wconf 90' lang='lat' dir='ltr'><strong>quiescere,</strong></span> <span class='ocrx_word' id='word_1_668' title='bbox 3302 3759 3620 3817; x_wconf 83' lang='lat' dir='ltr'><strong>aeternalitcr-</strong></span> 
     </span>
    </p>
   </div>
   <div class='ocr_carea' id='block_1_93' title="bbox 2092 3847 3623 3927">
    <p class='ocr_par' dir='ltr' id='par_1_93' title="bbox 2092 3847 3623 3927">
     <span class='ocr_line' id='line_1_93' title="bbox 2092 3847 3623 3927; baseline -0.007 -20"><span class='ocrx_word' id='word_1_669' title='bbox 2092 3869 2197 3924; x_wconf 90' lang='lat' dir='ltr'><strong>que</strong></span> <span class='ocrx_word' id='word_1_670' title='bbox 2237 3855 2502 3927; x_wconf 88' lang='lat' dir='ltr'><strong>gaudere;</strong></span> <span class='ocrx_word' id='word_1_671' title='bbox 2536 3856 2622 3910; x_wconf 88' lang='lat' dir='ltr'><strong>hic</strong></span> <span class='ocrx_word' id='word_1_672' title='bbox 2652 3854 2940 3927; x_wconf 87' lang='lat' dir='ltr'><strong>incipiens,</strong></span> <span class='ocrx_word' id='word_1_673' title='bbox 2969 3854 3076 3909; x_wconf 87' lang='lat' dir='ltr'><strong>illic</strong></span> <span class='ocrx_word' id='word_1_674' title='bbox 3104 3854 3400 3925; x_wconf 86' lang='lat' dir='ltr'><strong>perliciens,</strong></span> <span class='ocrx_word' id='word_1_675' title='bbox 3431 3847 3623 3905; x_wconf 73' lang='lat' dir='ltr'><strong>beatitu-</strong></span> 
     </span>
    </p>
   </div>
   <div class='ocr_carea' id='block_1_94' title="bbox 2092 3946 3622 4014">
    <p class='ocr_par' dir='ltr' id='par_1_94' title="bbox 2092 3946 3622 4014">
     <span class='ocr_line' id='line_1_94' title="bbox 2092 3946 3622 4014; baseline -0.006 -16"><span class='ocrx_word' id='word_1_676' title='bbox 2092 3946 2270 3999; x_wconf 89' lang='lat' dir='ltr'><strong>dinem</strong></span> <span class='ocrx_word' id='word_1_677' title='bbox 2319 3959 2504 4009; x_wconf 87' lang='lat' dir='ltr'><strong>suam;</strong></span> <span class='ocrx_word' id='word_1_678' title='bbox 2537 3958 2751 4014; x_wconf 89' lang='lat' dir='ltr'><strong>semper</strong></span> <span class='ocrx_word' id='word_1_679' title='bbox 2778 3958 3046 4013; x_wconf 88' lang='lat' dir='ltr'><strong>quaerens</strong></span> <span class='ocrx_word' id='word_1_680' title='bbox 3077 3954 3246 3999; x_wconf 89' lang='lat' dir='ltr'><strong>totum</strong></span> <span class='ocrx_word' id='word_1_681' title='bbox 3274 3956 3439 4004; x_wconf 76' lang='lat' dir='ltr'><strong>suum,</strong></span> <span class='ocrx_word' id='word_1_682' title='bbox 3462 3947 3622 4004; x_wconf 84' lang='lat' dir='ltr'><strong>corpus</strong></span> 
     </span>
    </p>
   </div>
   <div class='ocr_carea' id='block_1_95' title="bbox 2092 4036 3622 4105">
    <p class='ocr_par' dir='ltr' id='par_1_95' title="bbox 2092 4036 3622 4105">
     <span class='ocr_line' id='line_1_95' title="bbox 2092 4036 3622 4105; baseline -0.006 -15"><span class='ocrx_word' id='word_1_683' title='bbox 2092 4036 2213 4091; x_wconf 84' lang='lat' dir='ltr'><strong>dico</strong></span> <span class='ocrx_word' id='word_1_684' title='bbox 2233 4044 2288 4091; x_wconf 92' lang='lat' dir='ltr'><strong>et</strong></span> <span class='ocrx_word' id='word_1_685' title='bbox 2312 4037 2547 4091; x_wconf 83' lang='lat' dir='ltr'><strong>animam</strong></span> <span class='ocrx_word' id='word_1_686' title='bbox 2580 4044 2633 4090; x_wconf 91' lang='lat' dir='ltr'><strong>et</strong></span> <span class='ocrx_word' id='word_1_687' title='bbox 2664 4046 2926 4101; x_wconf 89' lang='lat' dir='ltr'><strong>mentem,</strong></span> <span class='ocrx_word' id='word_1_688' title='bbox 2955 4050 3116 4105; x_wconf 89' lang='lat' dir='ltr'><strong>supra</strong></span> <span class='ocrx_word' id='word_1_689' title='bbox 3147 4036 3189 4068; x_wconf 84' lang='grc'>¹⁸</span> <span class='ocrx_word' id='word_1_690' title='bbox 3218 4048 3417 4089; x_wconf 89' lang='lat' dir='ltr'><strong>onmem</strong></span> <span class='ocrx_word' id='word_1_691' title='bbox 3444 4036 3622 4085; x_wconf 82' lang='lat' dir='ltr'><strong>creatu-</strong></span> 
     </span>
    </p>
   </div>
   <div class='ocr_carea' id='block_1_96' title="bbox 2094 4121 3618 4195">
    <p class='ocr_par' dir='ltr' id='par_1_96' title="bbox 2094 4121 3618 4195">
     <span class='ocr_line' id='line_1_96' title="bbox 2094 4121 3618 4195; baseline -0.009 -16"><span class='ocrx_word' id='word_1_692' title='bbox 2094 4141 2206 4179; x_wconf 89' lang='lat' dir='ltr'><strong>ram</strong></span> <span class='ocrx_word' id='word_1_693' title='bbox 2237 4125 2300 4178; x_wconf 90' lang='lat' dir='ltr'><strong>ad</strong></span> <span class='ocrx_word' id='word_1_694' title='bbox 2325 4138 2471 4191; x_wconf 88' lang='lat' dir='ltr'><strong>eum,</strong></span> <span class='ocrx_word' id='word_1_695' title='bbox 2517 4125 2608 4195; x_wconf 85' lang='lat' dir='ltr'><strong>qui</strong></span> <span class='ocrx_word' id='word_1_696' title='bbox 2639 4140 2802 4194; x_wconf 85' lang='lat' dir='ltr'><strong>super</strong></span> <span class='ocrx_word' id='word_1_697' title='bbox 2825 4125 3006 4179; x_wconf 88' lang='lat' dir='ltr'><strong>omnia</strong></span> <span class='ocrx_word' id='word_1_698' title='bbox 3028 4125 3317 4189; x_wconf 78' lang='lat' dir='ltr'><strong>exaltatnr,</strong></span> <span class='ocrx_word' id='word_1_699' title='bbox 3345 4121 3618 4176; x_wconf 86' lang='lat' dir='ltr'><strong>sublevare:</strong></span> 
     </span>
    </p>
   </div>
   <div class='ocr_carea' id='block_1_97' title="bbox 2093 4204 3623 4273">
    <p class='ocr_par' dir='ltr' id='par_1_97' title="bbox 2093 4204 3623 4273">
     <span class='ocr_line' id='line_1_97' title="bbox 2093 4204 3623 4273; baseline -0.007 -6"><span class='ocrx_word' id='word_1_700' title='bbox 2093 4215 2228 4269; x_wconf 89' lang='lat' dir='ltr'><strong>alter</strong></span> <span class='ocrx_word' id='word_1_701' title='bbox 2252 4229 2383 4269; x_wconf 87' lang='lat' dir='ltr'><strong>vero</strong></span> <span class='ocrx_word' id='word_1_702' title='bbox 2417 4214 2592 4269; x_wconf 89' lang='lat' dir='ltr'><strong>adhuc</strong></span> <span class='ocrx_word' id='word_1_703' title='bbox 2630 4214 2699 4269; x_wconf 65' lang='lat' dir='ltr'><strong>in&#39;</strong></span> <span class='ocrx_word' id='word_1_704' title='bbox 2725 4229 2889 4269; x_wconf 89' lang='lat' dir='ltr'><strong>carne</strong></span> <span class='ocrx_word' id='word_1_705' title='bbox 2938 4215 3153 4269; x_wconf 90' lang='lat' dir='ltr'><strong>mortali</strong></span> <span class='ocrx_word' id='word_1_706' title='bbox 3201 4213 3517 4273; x_wconf 87' lang='lat' dir='ltr'><strong>constitutus,</strong></span> <span class='ocrx_word' id='word_1_707' title='bbox 3542 4204 3623 4259; x_wconf 88' lang='lat' dir='ltr'><strong>ini-</strong></span> 
     </span>
    </p>
   </div>
   <div class='ocr_carea' id='block_1_98' title="bbox 2094 4296 3623 4365">
    <p class='ocr_par' dir='ltr' id='par_1_98' title="bbox 2094 4296 3623 4365">
     <span class='ocr_line' id='line_1_98' title="bbox 2094 4296 3623 4365; baseline -0.007 -7"><span class='ocrx_word' id='word_1_708' title='bbox 2094 4304 2228 4358; x_wconf 92' lang='lat' dir='ltr'><strong>tium</strong></span> <span class='ocrx_word' id='word_1_709' title='bbox 2258 4312 2643 4358; x_wconf 90' lang='lat' dir='ltr'><strong>tormentorum</strong></span> <span class='ocrx_word' id='word_1_710' title='bbox 2695 4319 2914 4359; x_wconf 89' lang='lat' dir='ltr'><strong>suorum</strong></span> <span class='ocrx_word' id='word_1_711' title='bbox 2942 4305 2994 4357; x_wconf 89' lang='lat' dir='ltr'><strong>in</strong></span> <span class='ocrx_word' id='word_1_712' title='bbox 3023 4315 3241 4359; x_wconf 90' lang='lat' dir='ltr'><strong>aeterna</strong></span> <span class='ocrx_word' id='word_1_713' title='bbox 3283 4302 3496 4365; x_wconf 87' lang='lat' dir='ltr'><strong>tristitia,</strong></span> <span class='ocrx_word' id='word_1_714' title='bbox 3519 4296 3623 4352; x_wconf 85' lang='lat' dir='ltr'><strong>insi-</strong></span> 
     </span>
    </p>
   </div>
   <div class='ocr_carea' id='block_1_99' title="bbox 2091 4396 3621 4466">
    <p class='ocr_par' dir='ltr' id='par_1_99' title="bbox 2091 4396 3621 4466">
     <span class='ocr_line' id='line_1_99' title="bbox 2091 4396 3621 4466; baseline -0.003 -17"><span class='ocrx_word' id='word_1_715' title='bbox 2091 4396 2325 4465; x_wconf 87' lang='lat' dir='ltr'><strong>pientiae</strong></span> <span class='ocrx_word' id='word_1_716' title='bbox 2351 4411 2480 4451; x_wconf 91' lang='lat' dir='ltr'><strong>suae</strong></span> <span class='ocrx_word' id='word_1_717' title='bbox 2507 4396 2734 4466; x_wconf 83' lang='lat' dir='ltr'><strong>caligine</strong></span> <span class='ocrx_word' id='word_1_718' title='bbox 2765 4396 3092 4451; x_wconf 67' lang='lat' dir='ltr'><strong>obcaecaeus</strong></span> <span class='ocrx_word' id='word_1_719' title='bbox 3131 4413 3237 4451; x_wconf 90' lang='lat' dir='ltr'><strong>non</strong></span> <span class='ocrx_word' id='word_1_720' title='bbox 3280 4396 3449 4456; x_wconf 86' lang='lat' dir='ltr'><strong>sentit,</strong></span> <span class='ocrx_word' id='word_1_721' title='bbox 3480 4400 3621 4457; x_wconf 81' lang='lat' dir='ltr'><strong>neque</strong></span> 
     </span>
    </p>
   </div>
   <div class='ocr_carea' id='block_1_100' title="bbox 2092 4482 3622 4558">
    <p class='ocr_par' dir='ltr' id='par_1_100' title="bbox 2092 4482 3622 4558">
     <span class='ocr_line' id='line_1_100' title="bbox 2092 4482 3622 4558; baseline -0.007 -17"><span class='ocrx_word' id='word_1_722' title='bbox 2092 4486 2360 4554; x_wconf 79' lang='lat' dir='ltr'><strong>cogitans,</strong></span> <span class='ocrx_word' id='word_1_723' title='bbox 2408 4487 2550 4555; x_wconf 86' lang='lat' dir='ltr'><strong>quod</strong></span> <span class='ocrx_word' id='word_1_724' title='bbox 2581 4485 2742 4540; x_wconf 86' lang='lat' dir='ltr'><strong>simul</strong></span> <span class='ocrx_word' id='word_1_725' title='bbox 2798 4494 2853 4541; x_wconf 90' lang='lat' dir='ltr'><strong>et</strong></span> <span class='ocrx_word' id='word_1_726' title='bbox 2879 4487 3309 4558; x_wconf 84' lang='lat' dir='ltr'><strong>inseparabiliter</strong></span> <span class='ocrx_word' id='word_1_727' title='bbox 3338 4485 3482 4550; x_wconf 67' lang='lat' dir='ltr'><strong>huius</strong></span> <span class='ocrx_word' id='word_1_728' title='bbox 3506 4482 3622 4535; x_wconf 83' lang='lat' dir='ltr'><strong>vitae</strong></span> 
     </span>
    </p>
   </div>
   <div class='ocr_carea' id='block_1_101' title="bbox 2092 4571 3619 4648">
    <p class='ocr_par' dir='ltr' id='par_1_101' title="bbox 2092 4571 3619 4648">
     <span class='ocr_line' id='line_1_101' title="bbox 2092 4571 3619 4648; baseline -0.007 -15"><span class='ocrx_word' id='word_1_729' title='bbox 2092 4578 2316 4633; x_wconf 88' lang='lat' dir='ltr'><strong>deliciae</strong></span> <span class='ocrx_word' id='word_1_730' title='bbox 2363 4577 2637 4648; x_wconf 87' lang='lat' dir='ltr'><strong>futurique</strong></span> <span class='ocrx_word' id='word_1_731' title='bbox 2669 4577 2879 4633; x_wconf 86' lang='lat' dir='ltr'><strong>dolores</strong></span> <span class='ocrx_word' id='word_1_732' title='bbox 2908 4591 3221 4642; x_wconf 87' lang='lat' dir='ltr'><strong>nascuntur,</strong></span> <span class='ocrx_word' id='word_1_733' title='bbox 3261 4581 3379 4634; x_wconf 90' lang='lat' dir='ltr'><strong>dum</strong></span> <span class='ocrx_word' id='word_1_734' title='bbox 3402 4577 3554 4629; x_wconf 84' lang='lat' dir='ltr'><strong>adhuc</strong></span> <span class='ocrx_word' id='word_1_735' title='bbox 3576 4571 3619 4625; x_wconf 91' lang='lat' dir='ltr'><strong>in</strong></span> 
     </span>
    </p>
   </div>
   <div class='ocr_carea' id='block_1_102' title="bbox 2090 4662 3621 4741">
    <p class='ocr_par' dir='ltr' id='par_1_102' title="bbox 2090 4662 3621 4741">
     <span class='ocr_line' id='line_1_102' title="bbox 2090 4662 3621 4741; baseline -0.007 -15"><span class='ocrx_word' id='word_1_736' title='bbox 2090 4686 2251 4726; x_wconf 86' lang='lat' dir='ltr'><strong>carne</strong></span> <span class='ocrx_word' id='word_1_737' title='bbox 2285 4678 2533 4724; x_wconf 89' lang='lat' dir='ltr'><strong>versatur</strong></span> <span class='ocrx_word' id='word_1_738' title='bbox 2578 4671 2645 4735; x_wconf 71' lang='grc' dir='ltr'><strong>η,</strong></span> <span class='ocrx_word' id='word_1_739' title='bbox 2694 4685 2882 4724; x_wconf 89' lang='lat' dir='ltr'><strong>verum</strong></span> <span class='ocrx_word' id='word_1_740' title='bbox 2928 4671 3051 4724; x_wconf 90' lang='lat' dir='ltr'><strong>dum</strong></span> <span class='ocrx_word' id='word_1_741' title='bbox 3094 4672 3146 4725; x_wconf 91' lang='lat' dir='ltr'><strong>in</strong></span> <span class='ocrx_word' id='word_1_742' title='bbox 3189 4668 3445 4741; x_wconf 89' lang='lat' dir='ltr'><strong>praesenti</strong></span> <span class='ocrx_word' id='word_1_743' title='bbox 3478 4662 3621 4719; x_wconf 87' lang='lat' dir='ltr'><strong>stadio</strong></span> 
     </span>
    </p>
   </div>
   <div class='ocr_carea' id='block_1_103' title="bbox 2090 4747 3620 4829">
    <p class='ocr_par' dir='ltr' id='par_1_103' title="bbox 2090 4747 3620 4829">
     <span class='ocr_line' id='line_1_103' title="bbox 2090 4747 3620 4829; baseline -0.007 -15"><span class='ocrx_word' id='word_1_744' title='bbox 2090 4747 2438 4822; x_wconf 82' lang='lat' dir='ltr'><strong>concurrunt,</strong></span> <span class='ocrx_word' id='word_1_745' title='bbox 2475 4758 2624 4813; x_wconf 88' lang='lat' dir='ltr'><strong>solae</strong></span> <span class='ocrx_word' id='word_1_746' title='bbox 2654 4758 2879 4813; x_wconf 88' lang='lat' dir='ltr'><strong>deliciae</strong></span> <span class='ocrx_word' id='word_1_747' title='bbox 2914 4760 3257 4829; x_wconf 87' lang='lat' dir='ltr'><strong>diligentibus</strong></span> <span class='ocrx_word' id='word_1_748' title='bbox 3282 4775 3369 4813; x_wconf 87' lang='lat' dir='ltr'><strong>eas</strong></span> <span class='ocrx_word' id='word_1_749' title='bbox 3398 4755 3620 4816; x_wconf 88' lang='lat' dir='ltr'><strong>arrident,</strong></span> 
     </span>
    </p>
   </div>
   <div class='ocr_carea' id='block_1_104' title="bbox 2090 4848 3621 4920">
    <p class='ocr_par' dir='ltr' id='par_1_104' title="bbox 2090 4848 3621 4920">
     <span class='ocr_line' id='line_1_104' title="bbox 2090 4848 3621 4920; baseline -0.005 -15"><span class='ocrx_word' id='word_1_750' title='bbox 2090 4858 2146 4905; x_wconf 88' lang='lat' dir='ltr'><strong>et</strong></span> <span class='ocrx_word' id='word_1_751' title='bbox 2167 4849 2305 4903; x_wconf 90' lang='lat' dir='ltr'><strong>intra</strong></span> <span class='ocrx_word' id='word_1_752' title='bbox 2321 4849 2367 4881; x_wconf 76' lang='grc'><strong>³⁸</strong></span> <span class='ocrx_word' id='word_1_753' title='bbox 2380 4865 2471 4904; x_wconf 91' lang='lat' dir='ltr'><strong>eas</strong></span> <span class='ocrx_word' id='word_1_754' title='bbox 2498 4848 2550 4902; x_wconf 91' lang='lat' dir='ltr'><strong>fu</strong></span> <span class='ocrx_word' id='word_1_755' title='bbox 2561 4859 2676 4902; x_wconf 88' lang='lat' dir='ltr'><strong>tura</strong></span> <span class='ocrx_word' id='word_1_756' title='bbox 2701 4849 2840 4904; x_wconf 89' lang='lat' dir='ltr'><strong>tristi</strong></span> <span class='ocrx_word' id='word_1_757' title='bbox 2851 4850 2919 4904; x_wconf 91' lang='lat' dir='ltr'><strong>tia</strong></span> <span class='ocrx_word' id='word_1_758' title='bbox 2942 4852 3113 4920; x_wconf 90' lang='lat' dir='ltr'><strong>seipsa</strong></span> <span class='ocrx_word' id='word_1_759' title='bbox 3122 4868 3171 4905; x_wconf 83' lang='grc' dir='ltr'><strong>ιιι</strong></span> <span class='ocrx_word' id='word_1_760' title='bbox 3198 4851 3395 4914; x_wconf 86' lang='lat' dir='ltr'><strong>latitat;</strong></span> <span class='ocrx_word' id='word_1_761' title='bbox 3421 4849 3531 4901; x_wconf 89' lang='lat' dir='ltr'><strong>dum</strong></span> <span class='ocrx_word' id='word_1_762' title='bbox 3544 4860 3621 4896; x_wconf 81' lang='lat' dir='ltr'><strong>ve-</strong></span> 
     </span>
    </p>
   </div>
   <div class='ocr_carea' id='block_1_105' title="bbox 2094 4936 3621 5010">
    <p class='ocr_par' dir='ltr' id='par_1_105' title="bbox 2094 4936 3621 5010">
     <span class='ocr_line' id='line_1_105' title="bbox 2094 4936 3621 5010; baseline -0.003 -18"><span class='ocrx_word' id='word_1_763' title='bbox 2094 4954 2153 4992; x_wconf 91' lang='lat' dir='ltr'><strong>ro</strong></span> <span class='ocrx_word' id='word_1_764' title='bbox 2173 4939 2238 4993; x_wconf 89' lang='lat' dir='ltr'><strong>ad</strong></span> <span class='ocrx_word' id='word_1_765' title='bbox 2271 4937 2429 4994; x_wconf 87' lang='lat' dir='ltr'><strong>finem</strong></span> <span class='ocrx_word' id='word_1_766' title='bbox 2450 4939 2695 4993; x_wconf 88' lang='lat' dir='ltr'><strong>mortalis</strong></span> <span class='ocrx_word' id='word_1_767' title='bbox 2720 4955 2910 4995; x_wconf 91' lang='lat' dir='ltr'><strong>cursus</strong></span> <span class='ocrx_word' id='word_1_768' title='bbox 2934 4943 3261 5010; x_wconf 84' lang='lat' dir='ltr'><strong>pervenitur,</strong></span> <span class='ocrx_word' id='word_1_769' title='bbox 3292 4936 3621 4994; x_wconf 80' lang='lat' dir='ltr'><strong>deficientibus</strong></span> 
     </span>
    </p>
   </div>
   <div class='ocr_carea' id='block_1_106' title="bbox 2092 5029 3621 5103">
    <p class='ocr_par' dir='ltr' id='par_1_106' title="bbox 2092 5029 3621 5103">
     <span class='ocr_line' id='line_1_106' title="bbox 2092 5029 3621 5103; baseline -0.005 -18"><span class='ocrx_word' id='word_1_770' title='bbox 2092 5030 2298 5085; x_wconf 87' lang='lat' dir='ltr'><strong>deliciis</strong></span> <span class='ocrx_word' id='word_1_771' title='bbox 2319 5031 2430 5087; x_wconf 89' lang='lat' dir='ltr'><strong>sola</strong></span> <span class='ocrx_word' id='word_1_772' title='bbox 2464 5031 2551 5085; x_wconf 88' lang='lat' dir='ltr'><strong>illa</strong></span> <span class='ocrx_word' id='word_1_773' title='bbox 2585 5032 2823 5098; x_wconf 88' lang='lat' dir='ltr'><strong>tristitia,</strong></span> <span class='ocrx_word' id='word_1_774' title='bbox 2852 5048 2991 5103; x_wconf 89' lang='lat' dir='ltr'><strong>quae</strong></span> <span class='ocrx_word' id='word_1_775' title='bbox 3019 5033 3331 5102; x_wconf 84' lang='lat' dir='ltr'><strong>jamdudum</strong></span> <span class='ocrx_word' id='word_1_776' title='bbox 3360 5029 3545 5086; x_wconf 87' lang='lat' dir='ltr'><strong>occulta</strong></span> <span class='ocrx_word' id='word_1_777' title='bbox 3569 5041 3621 5080; x_wconf 90' lang='lat' dir='ltr'><strong>ac</strong></span> 
     </span>
    </p>
   </div>
   <div class='ocr_carea' id='block_1_107' title="bbox 2090 5117 3622 5192">
    <p class='ocr_par' dir='ltr' id='par_1_107' title="bbox 2090 5117 3622 5192">
     <span class='ocr_line' id='line_1_107' title="bbox 2090 5117 3622 5192; baseline -0.004 -20"><span class='ocrx_word' id='word_1_778' title='bbox 2090 5120 2252 5173; x_wconf 84' lang='lat' dir='ltr'><strong>veluti</strong></span> <span class='ocrx_word' id='word_1_779' title='bbox 2276 5121 2513 5175; x_wconf 77' lang='lat' dir='ltr'><strong>extincta</strong></span> <span class='ocrx_word' id='word_1_780' title='bbox 2562 5123 2870 5190; x_wconf 87' lang='lat' dir='ltr'><strong>putabatur,</strong></span> <span class='ocrx_word' id='word_1_781' title='bbox 2899 5121 3284 5192; x_wconf 84' lang='lat' dir='ltr'><strong>inextinguibili</strong></span> <span class='ocrx_word' id='word_1_782' title='bbox 3309 5120 3508 5179; x_wconf 87' lang='lat' dir='ltr'><strong>ardore,</strong></span> <span class='ocrx_word' id='word_1_783' title='bbox 3537 5117 3622 5167; x_wconf 85' lang='lat' dir='ltr'><strong>hoc</strong></span> 
     </span>
    </p>
   </div>
   <div class='ocr_carea' id='block_1_108' title="bbox 2091 5206 3618 5282">
    <p class='ocr_par' dir='ltr' id='par_1_108' title="bbox 2091 5206 3618 5282">
     <span class='ocr_line' id='line_1_108' title="bbox 2091 5206 3618 5282; baseline -0.003 -18"><span class='ocrx_word' id='word_1_784' title='bbox 2091 5216 2175 5264; x_wconf 88' lang='lat' dir='ltr'><strong>est</strong></span> <span class='ocrx_word' id='word_1_785' title='bbox 2210 5209 2501 5278; x_wconf 86' lang='lat' dir='ltr'><strong>cupiditate</strong></span> <span class='ocrx_word' id='word_1_786' title='bbox 2546 5210 2848 5277; x_wconf 89' lang='lat' dir='ltr'><strong>libidinum,</strong></span> <span class='ocrx_word' id='word_1_787' title='bbox 2895 5226 3030 5281; x_wconf 89' lang='lat' dir='ltr'><strong>quas</strong></span> <span class='ocrx_word' id='word_1_788' title='bbox 3079 5212 3395 5282; x_wconf 86' lang='lat' dir='ltr'><strong>perdiderat,</strong></span> <span class='ocrx_word' id='word_1_789' title='bbox 3428 5206 3618 5280; x_wconf 78' lang='lat' dir='ltr'><strong>lugebit.</strong></span> 
     </span>
    </p>
   </div>
   <div class='ocr_carea' id='block_1_109' title="bbox 1688 5352 2383 5424">
    <p class='ocr_par' dir='ltr' id='par_1_109' title="bbox 1688 5352 2383 5424">
     <span class='ocr_line' id='line_1_109' title="bbox 1688 5352 2383 5424; baseline 0.009 -10"><span class='ocrx_word' id='word_1_790' title='bbox 1688 5361 1941 5419; x_wconf 79' lang='lat' dir='ltr'><strong>VARIAE</strong></span> <span class='ocrx_word' id='word_1_791' title='bbox 1978 5352 2383 5424; x_wconf 75' lang='lat' dir='ltr'><strong>LECTIONES‘.’</strong></span> 
     </span>
    </p>
   </div>
   <div class='ocr_carea' id='block_1_110' title="bbox 950 5470 1657 5543">
    <p class='ocr_par' dir='ltr' id='par_1_110' title="bbox 950 5470 1657 5543">
     <span class='ocr_line' id='line_1_110' title="bbox 950 5470 1657 5543; baseline -0.02 1"><span class='ocrx_word' id='word_1_792' title='bbox 950 5472 971 5543; x_wconf 60' lang='lat'><strong>.’</strong></span> <span class='ocrx_word' id='word_1_793' title='bbox 995 5470 1096 5543; x_wconf 61' lang='grc' dir='ltr'><strong>δίε</strong></span> <span class='ocrx_word' id='word_1_794' title='bbox 1274 5477 1314 5543; x_wconf 77' lang='grc' dir='ltr'>Α</span> <span class='ocrx_word' id='word_1_795' title='bbox 1342 5473 1657 5543; x_wconf 81' lang='lat' dir='ltr'><strong>corporales.</strong></span> 
     </span>
    </p>
   </div>
   <div class='ocr_carea' id='block_1_111' title="bbox 412 5540 1462 5663">
    <p class='ocr_par' dir='ltr' id='par_1_111' title="bbox 412 5540 1462 5663">
     <span class='ocr_line' id='line_1_111' title="bbox 412 5540 1462 5611; baseline 0.001 -18"><span class='ocrx_word' id='word_1_796' title='bbox 412 5540 528 5600; x_wconf 73' lang='lat' dir='ltr'><strong>CF;</strong></span> <span class='ocrx_word' id='word_1_797' title='bbox 560 5540 604 5592; x_wconf 85' lang='lat' dir='ltr'><strong>A</strong></span> <span class='ocrx_word' id='word_1_798' title='bbox 632 5542 864 5610; x_wconf 68' lang='lat' dir='ltr'><strong>efficitur.</strong></span> <span class='ocrx_word' id='word_1_799' title='bbox 941 5540 962 5572; x_wconf 82' lang='grc'>⁸</span> <span class='ocrx_word' id='word_1_800' title='bbox 988 5541 1077 5594; x_wconf 91' lang='lat' dir='ltr'><strong>Sic</strong></span> <span class='ocrx_word' id='word_1_801' title='bbox 1104 5540 1186 5595; x_wconf 82' lang='lat' dir='ltr'><strong>CF</strong></span> <span class='ocrx_word' id='word_1_802' title='bbox 1213 5558 1227 5607; x_wconf 88' lang='lat'><strong>;</strong></span> <span class='ocrx_word' id='word_1_803' title='bbox 1258 5541 1296 5593; x_wconf 86' lang='lat' dir='ltr'><strong>A</strong></span> <span class='ocrx_word' id='word_1_804' title='bbox 1330 5540 1462 5611; x_wconf 83' lang='lat' dir='ltr'><strong>ejus.</strong></span> 
     </span>
     <span class='ocr_line' id='line_1_112' title="bbox 414 5611 1462 5663; baseline 0.006 -5"><span class='ocrx_word' id='word_1_805' title='bbox 414 5611 867 5663; x_wconf 64' lang='lat' dir='ltr'><strong>regenerationem.</strong></span> <span class='ocrx_word' id='word_1_806' title='bbox 980 5611 1022 5641; x_wconf 82' lang='grc'>¹¹</span> <span class='ocrx_word' id='word_1_807' title='bbox 1052 5620 1105 5662; x_wconf 80' lang='grc' dir='ltr'><strong>ιιι</strong></span> <span class='ocrx_word' id='word_1_808' title='bbox 1135 5626 1242 5663; x_wconf 90' lang='lat' dir='ltr'><strong>orn.</strong></span> <span class='ocrx_word' id='word_1_809' title='bbox 1269 5611 1331 5663; x_wconf 86' lang='lat' dir='ltr'><strong>A.</strong></span> <span class='ocrx_word' id='word_1_810' title='bbox 1430 5612 1462 5644; x_wconf 78' lang='lat'>“</span> 
     </span>
    </p>
   </div>
   <div class='ocr_carea' id='block_1_112' title="bbox 414 5622 1784 5747">
    <p class='ocr_par' dir='ltr' id='par_1_112' title="bbox 414 5622 1784 5747">
     <span class='ocr_line' id='line_1_113' title="bbox 414 5622 1784 5679; baseline 0.007 -21"><span class='ocrx_word' id='word_1_811' title='bbox 414 5622 867 5675; x_wconf 65' lang='lat' dir='ltr'><strong>regenerationem.</strong></span> <span class='ocrx_word' id='word_1_812' title='bbox 980 5622 1022 5641; x_wconf 85' lang='lat'><strong>&quot;</strong></span> <span class='ocrx_word' id='word_1_813' title='bbox 1052 5622 1105 5662; x_wconf 91' lang='lat' dir='ltr'><strong>ut</strong></span> <span class='ocrx_word' id='word_1_814' title='bbox 1135 5626 1242 5666; x_wconf 88' lang='lat' dir='ltr'><strong>orn.</strong></span> <span class='ocrx_word' id='word_1_815' title='bbox 1269 5622 1331 5663; x_wconf 88' lang='lat' dir='ltr'><strong>A.</strong></span> <span class='ocrx_word' id='word_1_816' title='bbox 1430 5622 1473 5644; x_wconf 86' lang='lat'><strong>&quot;</strong></span> <span class='ocrx_word' id='word_1_817' title='bbox 1504 5622 1593 5668; x_wconf 61' lang='grc' dir='ltr'><strong>δια</strong></span> <span class='ocrx_word' id='word_1_818' title='bbox 1619 5622 1741 5679; x_wconf 70' lang='lat' dir='ltr'><strong>Ui“;</strong></span> <span class='ocrx_word' id='word_1_819' title='bbox 1774 5638 1784 5668; x_wconf 71' lang='grc' dir='ltr'><strong>ι</strong></span> 
     </span>
     <span class='ocr_line' id='line_1_114' title="bbox 418 5675 1784 5747; baseline 0.009 -21"><span class='ocrx_word' id='word_1_820' title='bbox 418 5676 457 5704; x_wconf 85' lang='lat'><strong>&quot;</strong></span> <span class='ocrx_word' id='word_1_821' title='bbox 492 5675 581 5727; x_wconf 80' lang='lat' dir='ltr'><strong>Sic</strong></span> <span class='ocrx_word' id='word_1_822' title='bbox 603 5676 719 5736; x_wconf 79' lang='lat' dir='ltr'><strong>CF;</strong></span> <span class='ocrx_word' id='word_1_823' title='bbox 757 5680 792 5727; x_wconf 70' lang='grc' dir='ltr'><strong>Α</strong></span> <span class='ocrx_word' id='word_1_824' title='bbox 817 5694 1094 5731; x_wconf 82' lang='lat' dir='ltr'><strong>summum.</strong></span> <span class='ocrx_word' id='word_1_825' title='bbox 1173 5681 1215 5711; x_wconf 78' lang='grc'><strong>⁸⁸</strong></span> <span class='ocrx_word' id='word_1_826' title='bbox 1248 5681 1335 5734; x_wconf 75' lang='lat' dir='ltr'><strong>Sic</strong></span> <span class='ocrx_word' id='word_1_827' title='bbox 1364 5681 1487 5747; x_wconf 82' lang='lat' dir='ltr'><strong>CF;</strong></span> <span class='ocrx_word' id='word_1_828' title='bbox 1541 5682 1583 5736; x_wconf 83' lang='lat' dir='ltr'><strong>A</strong></span> <span class='ocrx_word' id='word_1_829' title='bbox 1613 5700 1784 5742; x_wconf 80' lang='lat' dir='ltr'><strong>super.</strong></span> 
     </span>
    </p>
   </div>
   <div class='ocr_carea' id='block_1_113' title="bbox 482 5472 874 5526">
    <p class='ocr_par' dir='ltr' id='par_1_113' title="bbox 482 5472 874 5526">
     <span class='ocr_line' id='line_1_115' title="bbox 482 5472 874 5526; baseline 0 -1"><span class='ocrx_word' id='word_1_830' title='bbox 482 5474 497 5505; x_wconf 84' lang='grc'>¹</span> <span class='ocrx_word' id='word_1_831' title='bbox 530 5472 569 5525; x_wconf 80' lang='grc' dir='ltr'><strong>Λ</strong></span> <span class='ocrx_word' id='word_1_832' title='bbox 600 5475 672 5525; x_wconf 81' lang='lat' dir='ltr'><strong>sic</strong></span> <span class='ocrx_word' id='word_1_833' title='bbox 704 5472 874 5526; x_wconf 90' lang='lat' dir='ltr'><strong>multi.</strong></span> 
     </span>
    </p>
   </div>
   <div class='ocr_carea' id='block_1_114' title="bbox 1733 5476 2045 5535">
    <p class='ocr_par' dir='ltr' id='par_1_114' title="bbox 1733 5476 2045 5535">
     <span class='ocr_line' id='line_1_116' title="bbox 1733 5476 2045 5535; baseline 0.016 -5"><span class='ocrx_word' id='word_1_834' title='bbox 1733 5476 1754 5508; x_wconf 85' lang='grc'>⁸</span> <span class='ocrx_word' id='word_1_835' title='bbox 1780 5494 1810 5531; x_wconf 90' lang='lat' dir='ltr'><strong>a</strong></span> <span class='ocrx_word' id='word_1_836' title='bbox 1838 5493 1948 5532; x_wconf 90' lang='lat' dir='ltr'><strong>om.</strong></span> <span class='ocrx_word' id='word_1_837' title='bbox 1979 5480 2045 5535; x_wconf 85' lang='lat' dir='ltr'><strong>A.</strong></span> 
     </span>
    </p>
   </div>
   <div class='ocr_carea' id='block_1_115' title="bbox 1538 5542 2305 5609">
    <p class='ocr_par' dir='ltr' id='par_1_115' title="bbox 1538 5542 2305 5609">
     <span class='ocr_line' id='line_1_117' title="bbox 1538 5542 2305 5609; baseline 0.008 -12"><span class='ocrx_word' id='word_1_838' title='bbox 1538 5546 1559 5579; x_wconf 77' lang='grc'><strong>⁸</strong></span> <span class='ocrx_word' id='word_1_839' title='bbox 1584 5542 1674 5599; x_wconf 89' lang='lat' dir='ltr'><strong>Sic</strong></span> <span class='ocrx_word' id='word_1_840' title='bbox 1700 5545 1813 5609; x_wconf 79' lang='lat' dir='ltr'><strong>CF;</strong></span> <span class='ocrx_word' id='word_1_841' title='bbox 1866 5549 1906 5603; x_wconf 85' lang='lat' dir='ltr'><strong>A</strong></span> <span class='ocrx_word' id='word_1_842' title='bbox 1943 5549 2305 5605; x_wconf 86' lang='lat' dir='ltr'><strong>luminarium.</strong></span> 
     </span>
    </p>
   </div>
   <div class='ocr_carea' id='block_1_116' title="bbox 1430 5610 2232 5686">
    <p class='ocr_par' dir='ltr' id='par_1_116' title="bbox 1430 5610 2232 5686">
     <span class='ocr_line' id='line_1_118' title="bbox 1430 5610 2232 5686; baseline -0.016 -1"><span class='ocrx_word' id='word_1_843' title='bbox 1430 5612 1473 5686; x_wconf 54' lang='grc' dir='ltr'><strong>ξ’</strong></span> <span class='ocrx_word' id='word_1_844' title='bbox 1504 5610 1593 5686; x_wconf 49' lang='grc' dir='ltr'><strong>εἷο</strong></span> <span class='ocrx_word' id='word_1_845' title='bbox 1619 5613 1741 5679; x_wconf 67' lang='lat' dir='ltr'><strong>CF;</strong></span> <span class='ocrx_word' id='word_1_846' title='bbox 1774 5617 1813 5668; x_wconf 82' lang='grc' dir='ltr'>Α</span> <span class='ocrx_word' id='word_1_847' title='bbox 1835 5619 1963 5686; x_wconf 84' lang='lat' dir='ltr'><strong>quid</strong></span> <span class='ocrx_word' id='word_1_848' title='bbox 2006 5620 2232 5673; x_wconf 87' lang='lat' dir='ltr'><strong>lucrum.</strong></span> 
     </span>
    </p>
   </div>
   <div class='ocr_carea' id='block_1_117' title="bbox 1866 5687 2401 5744">
    <p class='ocr_par' dir='ltr' id='par_1_117' title="bbox 1866 5687 2401 5744">
     <span class='ocr_line' id='line_1_119' title="bbox 1866 5687 2401 5744; baseline 0.006 -3"><span class='ocrx_word' id='word_1_849' title='bbox 1866 5687 1908 5719; x_wconf 79' lang='grc'><strong>¹⁹</strong></span> <span class='ocrx_word' id='word_1_850' title='bbox 1935 5687 2021 5742; x_wconf 83' lang='lat' dir='ltr'><strong>CF</strong></span> <span class='ocrx_word' id='word_1_851' title='bbox 2045 5698 2401 5744; x_wconf 79' lang='lat' dir='ltr'><strong>conversatur.</strong></span> 
     </span>
    </p>
   </div>
   <div class='ocr_carea' id='block_1_118' title="bbox 3126 5477 3621 5539">
    <p class='ocr_par' dir='ltr' id='par_1_118' title="bbox 3126 5477 3621 5539">
     <span class='ocr_line' id='line_1_120' title="bbox 3126 5477 3621 5539; baseline -0.004 -3"><span class='ocrx_word' id='word_1_852' title='bbox 3126 5484 3215 5537; x_wconf 77' lang='lat' dir='ltr'><strong>&#39;in</strong></span> <span class='ocrx_word' id='word_1_853' title='bbox 3242 5499 3346 5539; x_wconf 85' lang='lat' dir='ltr'><strong>om.</strong></span> <span class='ocrx_word' id='word_1_854' title='bbox 3371 5481 3432 5536; x_wconf 84' lang='lat' dir='ltr'><strong>A.</strong></span> <span class='ocrx_word' id='word_1_855' title='bbox 3500 5481 3519 5513; x_wconf 83' lang='lat'><strong>&#39;</strong></span> <span class='ocrx_word' id='word_1_856' title='bbox 3545 5477 3621 5534; x_wconf 87' lang='lat' dir='ltr'><strong>Sic</strong></span> 
     </span>
    </p>
   </div>
   <div class='ocr_carea' id='block_1_119' title="bbox 3068 5550 3620 5691">
    <p class='ocr_par' dir='ltr' id='par_1_119' title="bbox 3068 5550 3620 5691">
     <span class='ocr_line' id='line_1_121' title="bbox 3068 5550 3620 5622; baseline -0.007 -13"><span class='ocrx_word' id='word_1_857' title='bbox 3068 5553 3213 5609; x_wconf 81' lang='lat' dir='ltr'><strong>“CF</strong></span> <span class='ocrx_word' id='word_1_858' title='bbox 3253 5564 3364 5622; x_wconf 85' lang='lat' dir='ltr'><strong>post</strong></span> <span class='ocrx_word' id='word_1_859' title='bbox 3411 5550 3620 5605; x_wconf 85' lang='lat' dir='ltr'><strong>futuram</strong></span> 
     </span>
     <span class='ocr_line' id='line_1_122' title="bbox 3068 5620 3618 5691; baseline -0.013 -14"><span class='ocrx_word' id='word_1_860' title='bbox 3068 5641 3171 5691; x_wconf 68' lang='lat' dir='ltr'><strong>que.</strong></span> <span class='ocrx_word' id='word_1_861' title='bbox 3249 5622 3380 5679; x_wconf 69' lang='lat' dir='ltr'><strong>“CF</strong></span> <span class='ocrx_word' id='word_1_862' title='bbox 3418 5620 3618 5691; x_wconf 71' lang='lat' dir='ltr'><strong>utrique.</strong></span> 
     </span>
    </p>
   </div>
   <div class='ocr_carea' id='block_1_120' title="bbox 2139 5481 3027 5549">
    <p class='ocr_par' dir='ltr' id='par_1_120' title="bbox 2139 5481 3027 5549">
     <span class='ocr_line' id='line_1_123' title="bbox 2139 5481 3027 5549; baseline 0.005 -15"><span class='ocrx_word' id='word_1_863' title='bbox 2139 5481 2160 5513; x_wconf 75' lang='grc'><strong>⁸</strong></span> <span class='ocrx_word' id='word_1_864' title='bbox 2182 5490 2228 5534; x_wconf 88' lang='lat' dir='ltr'><strong>et</strong></span> <span class='ocrx_word' id='word_1_865' title='bbox 2254 5495 2363 5535; x_wconf 92' lang='lat' dir='ltr'><strong>om.</strong></span> <span class='ocrx_word' id='word_1_866' title='bbox 2395 5483 2458 5536; x_wconf 84' lang='lat' dir='ltr'><strong>A.</strong></span> <span class='ocrx_word' id='word_1_867' title='bbox 2561 5489 2585 5522; x_wconf 72' lang='grc' dir='ltr'><strong>ε</strong></span> <span class='ocrx_word' id='word_1_868' title='bbox 2612 5497 2801 5549; x_wconf 86' lang='lat' dir='ltr'><strong>purum</strong></span> <span class='ocrx_word' id='word_1_869' title='bbox 2828 5497 2934 5536; x_wconf 92' lang='lat' dir='ltr'><strong>om.</strong></span> <span class='ocrx_word' id='word_1_870' title='bbox 2961 5483 3027 5538; x_wconf 83' lang='lat' dir='ltr'><strong>A.</strong></span> 
     </span>
    </p>
   </div>
   <div class='ocr_carea' id='block_1_121' title="bbox 2382 5550 2988 5631">
    <p class='ocr_par' dir='ltr' id='par_1_121' title="bbox 2382 5550 2988 5631">
     <span class='ocr_line' id='line_1_124' title="bbox 2382 5550 2988 5631; baseline 0.003 -26"><span class='ocrx_word' id='word_1_871' title='bbox 2382 5550 2686 5631; x_wconf 57' lang='lat' dir='ltr'><strong>‘:_§ic_CF;</strong></span> <span class='ocrx_word' id='word_1_872' title='bbox 2742 5552 2988 5631; x_wconf 59' lang='lat' dir='ltr'><strong>Ajuxta.</strong></span> 
     </span>
    </p>
   </div>
   <div class='ocr_carea' id='block_1_122' title="bbox 2336 5619 3171 5696">
    <p class='ocr_par' dir='ltr' id='par_1_122' title="bbox 2336 5619 3171 5696">
     <span class='ocr_line' id='line_1_125' title="bbox 2336 5619 3171 5696; baseline 0.001 -20"><span class='ocrx_word' id='word_1_873' title='bbox 2336 5619 2381 5653; x_wconf 75' lang='lat'><strong>“</strong></span> <span class='ocrx_word' id='word_1_874' title='bbox 2403 5620 2676 5696; x_wconf 46' lang='lat' dir='ltr'><strong>CFufacit.</strong></span> <span class='ocrx_word' id='word_1_875' title='bbox 2760 5619 2875 5677; x_wconf 24' lang='lat' dir='ltr'><strong>“‘A</strong></span> <span class='ocrx_word' id='word_1_876' title='bbox 2904 5625 3171 5696; x_wconf 84' lang='lat' dir='ltr'><strong>certisque.</strong></span> 
     </span>
    </p>
   </div>
   <div class='ocr_carea' id='block_1_123' title="bbox 2478 5691 2787 5745">
    <p class='ocr_par' dir='ltr' id='par_1_123' title="bbox 2478 5691 2787 5745">
     <span class='ocr_line' id='line_1_126' title="bbox 2478 5691 2787 5745; baseline -0.003 0"><span class='ocrx_word' id='word_1_877' title='bbox 2478 5691 2523 5725; x_wconf 83' lang='grc'><strong>¹⁰</strong></span> <span class='ocrx_word' id='word_1_878' title='bbox 2547 5691 2593 5745; x_wconf 80' lang='grc' dir='ltr'>Α</span> <span class='ocrx_word' id='word_1_879' title='bbox 2632 5691 2787 5745; x_wconf 77' lang='lat' dir='ltr'><strong>inter.</strong></span> 
     </span>
    </p>
   </div>
  </div>
