3952 6162
397 292 491 349 991

1789 272 2009 332 JOANNI

2109 270 2302 329 SCO'l‘l
2652 250 2661 258 '
3522 265 3608 320 θυι

398 403 541 474 jecta
592 398 926 458 solumman
957 386 1383 457 immortalitate,
1419 408 1520 446 non
1556 393 1729 446 ablata
1765 402 1977 457 natura,
2014 394 2059 452 Λ
2088 389 2239 442 vixit.
2269 386 2453 456 Itaque
2498 384 2809 440 credibilius
2854 383 3220 440 arbitrandum
3249 393 3326 439 est
3352 388 3407 438 de
3431 400 3598 456 magno

405 506 472 548 ac
520 505 618 561 per
645 490 747 544 hoc
779 504 881 542 non
915 487 1111 554 ubique
1156 499 1305 549 esse,
1346 485 1484 538 sicut
1519 482 1689 546 Deus,
1735 497 1906 552 neque
1933 482 1985 535 in

408 578 745 643 divinitatem
775 589 1092 631 conversum
1121 573 1260 627 ultra
1290 573 1471 627 omnia
1501 572 1616 626 loca
1642 581 1696 626 et
1721 580 1983 639 tempora,

321 652 330 662 ’
408 668 550 723 ultra
571 682 728 722 omne
750 666 892 736 quod
915 666 1111 719 dicitur
1135 675 1184 719 et
1214 663 1561 734 intelligitur;
1597 664 1689 718 sed
1714 665 1779 718 de
1808 663 1987 731 aliquo

410 756 530 812 loco
554 757 833 812 visibiliter
853 765 909 811 ‘et
937 756 1288 825 corporaliter
1312 755 1621 817 descendet,
1639 753 1882 823 judicare
1910 756 1990 806 vi-

411 864 508 904 vos
527 858 584 904 et
604 858 862 903 mortuos.
890 847 996 903 Sed
1026 849 1148 902 huic
1173 847 1622 916 argumentationi
1653 861 1755 898 non
1786 853 1988 897 tantum

412 942 724 1006 laboriose,
787 947 1048 1008 quantum
1118 937 1192 991 illi
1266 933 1630 1000 existimant,
1707 946 1991 1002 possumus

322 1020 325 1023 Δ
413 1045 716 1087 occurrere.
742 1030 980 1083 Dicimus
993 1028 1156 1091 enim,
1180 1026 1483 1080 universam
1510 1023 1817 1078 sensibilem
1844 1038 1993 1076 crea-

415 1134 592 1177 turam
615 1121 770 1174 lunae
794 1128 945 1188 tropo
970 1118 1265 1181 insinuari;
1302 1132 1401 1171 nec
1432 1116 1733 1180 immerito;
1768 1123 1819 1168 ut
1850 1114 1991 1167 enim

414 1212 539 1265 luna
565 1210 915 1264 incrementis
939 1207 1401 1274 decrementisqne
1431 1207 1447 1237 ¹
1468 1206 1700 1260 obnoxia
1723 1214 1823 1265 est,
1843 1205 1920 1258 sic
1941 1215 1996 1258 et

419 1309 564 1355 totus
592 1301 820 1354 nntndus
846 1300 946 1352 iste
974 1298 1304 1365 generationi
1327 1308 1381 1351 et
1405 1297 1732 1366 corruptioni
1761 1298 1994 1365 partium

417 1393 533 1457 sui;
589 1391 720 1445 nihil
765 1391 905 1444 enim
959 1391 1011 1442 in
1060 1404 1125 1442 eo
1172 1390 1384 1442 ﬁrmum
1429 1388 1511 1441 vel
1562 1388 1792 1453 stabile;
1838 1404 1996 1443 omne

417 1485 638 1554 quippe,
661 1482 803 1550 quod
843 1480 1249 1549 comprehendit
1272 1520 1287 1545 ,
1324 1481 1579 1554 quoniam
1626 1480 1811 1548 incipit
1841 1480 1995 1544 oriri,

418 1587 784 1629 necessarium
820 1578 903 1625 est
932 1570 1178 1623 occidere
1212 1588 1224 1623 :
1269 1552 1460 1623 solaris
1483 1579 1677 1623 'autem
1720 1584 1911 1623 cursus
1946 1578 2000 1622 et

419 1664 683 1721 claritatis
711 1672 832 1733 typo
869 1662 1225 1731 spiritualium
1258 1676 1457 1724 rerum,
1492 1676 1630 1730 quae
1660 1659 2001 1715 uniformiter

2091 477 2391 535 divinarum
2447 475 2912 544 humanarumque
2962 488 3140 528 rerum
3197 482 3251 528 et
3310 473 3622 529 solertissiino

2089 567 2404 636 inquisitore
2454 576 2509 620 et
2557 566 2926 635 copiosissimo
2983 567 3323 636 expositore,
3366 567 3614 621 secundum

2089 656 2441 724 capacitatem
2479 654 2831 723 singulorum,
2864 655 3058 724 quibus
3086 656 3319 725 scripsit,
3356 656 3616 724 scripsisse,

2091 762 2252 817 quam
2284 763 2311 799 a
2345 748 2545 801 sanctis
2569 745 2840 811 Palribus,
2869 747 2958 814 qui
2987 760 3109 800 eum
3139 757 3526 816 praecesserunt
3546 762 3619 799 or-

2092 837 2216 890 dine
2277 845 2611 904 temporum,
2681 837 2749 888 ab
2809 835 3094 890 Ambrosio
3125 836 3245 889 dico
3299 835 3621 907 Cregorioque

2094 928 2392 997 Theologo,
2423 944 2649 997 quorum
2680 927 3082 981 auctoritatein
3113 926 3232 981 aliis
3261 926 3386 980 locis
3413 942 3506 980 non
3534 929 3621 981 dis-

2093 1028 2311 1088 crepat,
2356 1019 2694 1073 dissensisse.
2726 1019 3044 1087 Ego.autern
3074 1017 3202 1071 nulli
3234 1019 3498 1088 derogans,
3523 1035 3620 1072 cum

2095 1109 2239 1161 nullo
2275 1108 2636 1170 contendens,
2670 1097 3038 1161 indubitanter
3066 1107 3319 1176 intelligo,
3363 1107 3492 1176 quod
3532 1108 3624 1177 ipse

2096 1197 2352 1250 Dominus
2378 1196 2511 1248 dixit
2541 1213 2554 1248 :
2610 1196 2719 1264 Ego
2748 1205 2795 1247 et
2837 1192 2998 1247 Pater
3035 1209 3195 1248 unum
3221 1212 3410 1255 sumus.
3458 1211 3547 1250 non
3574 1198 3625 1251 de

2096 1285 2207 1339 sola
2249 1301 2342 1338 sua
2373 1285 2673 1347 divinitate,
2706 1285 2799 1337 sed
2825 1283 2891 1338 de
2922 1293 3032 1338 tota
3078 1300 3175 1337 sua
3221 1285 3512 1345 substantia,
3552 1286 3626 1339 bo-

2097 1380 2347 1449 mineque
2374 1380 2591 1448 Deoque
2610 1386 2633 1421 ⁸
2656 1379 2887 1445 dixisse;
2920 1396 2980 1433 ac
3005 1379 3216 1449 perhoc
3244 1391 3378 1435 totus
3402 1381 3624 1447 Christus,

2100 1470 2336 1525 Verbum
2367 1472 2615 1525 videlicet
2644 1480 2697 1523 et
2729 1486 2878 1534 caro,
2911 1472 3111 1541 ubique
3134 1479 3237 1534 est,
3266 1471 3496 1540 nulloque
3520 1489 3624 1526 con-

2101 1562 2301 1615 tinetur
2340 1561 2473 1622 loco,
2509 1576 2607 1615 nec
2635 1562 2686 1614 in
2716 1566 2850 1624 toto,
2899 1576 2999 1616 nec
3040 1563 3090 1615 in
3125 1570 3275 1631 parte
3300 1563 3396 1626 sui,
3426 1564 3512 1618 hoc
3541 1575 3625 1629 est,

2103 1666 2275 1725 neque
2313 1655 2364 1709 in
2409 1656 2713 1721 divinitate,
2762 1672 2936 1725 neque
2988 1657 3041 1710 in
3090 1657 3432 1722 humanitate,
3470 1652 3626 1725 quibus

420 1763 483 1808 et
514 1760 659 1807 stant
694 1759 749 1805 et
790 1761 1090 1812 moventur,
1133 1749 1549 1819 pulcherrimam
1590 1750 1997 1818 dispositionem
2031 1734 2076 1792 Β
2104 1748 2265 1800 veluti
2293 1747 2498 1801 duabus
2526 1748 2770 1816 partibus
2802 1758 2908 1803 tota
2944 1751 3115 1820 ipsius
3146 1751 3430 1805 substantia
3458 1752 3620 1806 consti-

422 1843 735 1915 signiﬁcari.
767 1844 1030 1913 Eritergo
1052 1841 1317 1896 luxlunae
1338 1843 1474 1896 sicut
1497 1842 1583 1897 lux
1613 1842 1758 1902 solis,
1786 1840 2000 1910 quando

424 1935 874 1990 transmutabitur
898 1934 1257 2002 corporalium
1294 1948 1476 1986 rerum
1506 1932 1851 1987 multiformis
1888 1946 2000 1985 mu-

423 2025 709 2092 tabilisque
742 2023 972 2077 varietas
1024 2032 1076 2075 et
1108 2022 1664 2089 incomprehensibilis
1697 2022 1961 2075 discursio
1985 2059 2000 2086 ,

424 2131 568 2171 nunc
612 2115 863 2169 sensibus
912 2128 1177 2183 apparens
1208 2153 1222 2176 ,
1278 2127 1420 2165 nunc
1472 2111 1539 2165 ab
1592 2112 1672 2165 eis
1723 2112 2002 2175 recedens,

424 2222 567 2261 nunc
616 2204 940 2275 perfectam,
998 2219 1137 2257 nunc
1179 2184 1560 2273 imperfectam
1590 2204 1821 2272 speciem
1853 2217 2006 2271 prae-

424 2307 596 2359 stans,
656 2296 707 2347 in
765 2293 1117 2362 spiritualium
1170 2294 1589 2346 sulistantiarum
1642 2292 2006 2361 plenissimam

425 2384 922 2453 immutabilemque
962 2382 1259 2437 claritatem
1296 2381 1723 2450 uniformemque
1768 2381 2005 2451 pulchri-

427 2475 665 2528 tudinem
690 2481 743 2527 et
767 2474 1133 2536 honestatem;
1160 2472 1247 2525 lux
1273 2488 1398 2526 vero
1419 2473 1563 2535 solis,
1592 2474 1694 2530 hoc
1719 2483 1820 2536 est,
1845 2473 2006 2541 spiri~

425 2565 646 2619 tualium
679 2578 857 2619 rerum
884 2564 1107 2635 pulchra
1145 2562 1453 2617 formositas
1504 2563 1609 2617 erit
1647 2563 2010 2632 septemplici-

428 2667 534 2722 ter,
560 2658 703 2712 sicut
738 2657 828 2710 lux
866 2666 1071 2725 septem
1115 2656 1344 2725 dierum,
1391 2655 1495 2708 hoc
1521 2665 1605 2707 est
1633 2653 2009 2722 principalium

427 2763 739 2810 causarum,
763 2761 901 2816 quae
926 2748 976 2799 in
997 2744 1413 2800 sublimissimae
1435 2744 1734 2813 sapientiae
1764 2742 2011 2798 claritate

429 2837 749 2891 substitutae
770 2845 910 2901 sunt,
936 2851 1076 2905 quae
1098 2836 1260 2889 etiam
1276 2835 1578 2905 septenario
1599 2850 1822 2890 numero
1837 2833 2012 2906 typice

430 2926 604 2981 solent
632 2925 873 2996 ﬁgurari,
919 2926 1173 2994 quoniam
1206 2941 1301 2979 sex
1341 2925 1531 2995 primis
1579 2925 1819 2996 mysticis
1862 2925 2014 2979 intel-

431 3016 830 3090 ligibilibusque
860 3016 1048 3071 diebus
1075 3016 1127 3070 in
1150 3016 1325 3070 Verbo
1346 3015 1440 3070 Dei
1469 3016 1645 3070 factae
1673 3015 2008 3085 suntpsepti-

2106 1836 2291 1889 tuitur.
2321 1835 2387 1889 Et
2418 1834 2518 1889 hoc
2536 1852 2604 1890 ex
2634 1840 2895 1892 sententia
2924 1843 3091 1893 sancti
3122 1839 3306 1895 Hilarii
3332 1840 3628 1895 Pictaviensis

2096 1926 2337 1995 episcopi
2367 1941 2656 1995 possumus
2681 1930 3088 1998 approbareain
3119 1931 3254 1988 libro
3286 1934 3521 2003 siquidem
3544 1945 3629 1989 tero

2105 2019 2180 2072 tio
2204 2018 2269 2071 de
2313 2018 2580 2073 Trinitate
2631 2035 2924 2089 exponens,
2975 2024 3119 2091 quod
3172 2024 3415 2079 Dominus
3454 2024 3627 2079 l’attcm

2106 2125 2260 2162 suum
2287 2125 2447 2163 orans
2460 2111 2533 2163 ait
2558 2130 2571 2163 :
2598 2108 2662 2163 Et
2690 2128 2826 2164 nunc
2850 2112 3086 2183 clariﬁca
3116 2132 3198 2168 me
3231 2126 3307 2178 tu,
3332 2115 3495 2181 Pater,
3519 2118 3627 2185 apud

2106 2199 2426 2267 temetipsum
2452 2216 2511 2251 ea
2534 2198 2793 2266 claritate,
2827 2217 2982 2270 quam
3010 2203 3193 2266 habui,
3216 2205 3493 2273 priusquam
3514 2221 3629 2257 nauu-

2109 2288 2207 2341 dus
2238 2298 2394 2353 esset,
2427 2290 2560 2343 haec
2602 2288 2624 2321 ⁸
2654 2290 2875 2360 protulit
2907 2308 2919 2344 :
2966 2290 3185 2347 Verbum
3214 2312 3332 2348 caro
3357 2295 3528 2364 factum
3550 2309 3632 2348 non

2109 2380 2353 2433 antiserat
2379 2382 2517 2450 quod
2548 2392 2681 2446 erat,
2718 2378 2807 2435 sed
2837 2396 3069 2452 coeperat
3102 2402 3214 2440 esse
3244 2387 3375 2455 quod
3401 2403 3488 2439 non
3513 2396 3629 2448 erat;

2110 2488 2211 2525 non
2239 2472 2302 2525 de
2330 2489 2423 2525 suo
2466 2473 2486 2503 ⁷
2514 2473 2799 2538 destiterat,
2837 2475 2949 2538 sed,
2981 2476 3121 2546 quod
3152 2487 3372 2530 nostrum
3405 2488 3485 2542 est,
3518 2494 3633 2531 acre-

2109 2570 2295 2629 perut;
2343 2560 2633 2629 profectum
2674 2564 2695 2593 ⁸
2742 2564 2808 2627 ei,
2842 2564 2979 2633 quod
3024 2565 3259 2635 accepit,
3285 2566 3390 2635 ejus
3424 2565 3632 2617 claritatis

2109 2651 2435 2721 expostulat,
2458 2653 2594 2705 unde
2638 2669 2739 2706 non
2781 2653 2991 2707 destitit.
3023 2654 3169 2726 Ergo
3197 2657 3316 2727 quia
3362 2656 3507 2710 Filius
3535 2650 3634 2709 Ver-

2112 2745 2253 2811 bum,
2279 2757 2323 2799 et
2359 2745 2582 2800 Verbum
2607 2763 2729 2800 caro
2751 2746 2969 2816 factum,
2997 2761 3041 2804 et
3074 2751 3217 2807 Dens
3259 2752 3478 2819 Verbum,
3498 2753 3633 2806 ethoc

2110 2839 2165 2893 in
2187 2840 2441 2909 principio
2470 2841 2608 2909 apud
2635 2840 2824 2907 Deum,
2862 2852 2906 2895 et
2948 2835 3175 2897 Verbum
3224 2855 3337 2899 ante
3362 2845 3635 2899 constitutio-

2114 2946 2227 2983 nem
2252 2930 2433 2983 mundi
2462 2935 2481 2963 ⁹
2513 2928 2706 2995 Filius,
2733 2948 2870 2985 nunc
2907 2950 3028 2986 caro
3058 2934 3252 3002 factus,
3277 2936 3464 3000 orabat,
3494 2946 3535 2987 ut
3559 2936 3635 2987 hoc

2121 3017 2265 3074 Patri
2293 3037 2415 3074 caro
2437 3022 2678 3092 inciperet
2706 3040 2835 3088 esse,
2855 3025 2991 3096 quod
3015 3022 3257 3092 Verbum,
3288 3040 3339 3081 ut
3368 3027 3433 3087 id.
3454 3026 3569 3097 quod
3585 3024 3635 3077 de

344 3139 348 3142 ‹
432 3123 627 3179 meque
672 3108 758 3163 die
804 3121 991 3161 earum
1040 3104 1275 3176 perfecta
1309 3105 1703 3160 eonsmmnatio
1742 3106 1793 3159 in
1839 3120 1924 3169 eo,
1958 3105 2009 3159 in
2039 3088 2085 3153 C
2116 3120 2341 3179 tempore
2363 3119 2495 3175 erat,
2527 3088 2749 3181 qloriam
2773 3088 2910 3183 ejus,
2938 3116 3027 3185 qui
3063 3117 3176 3171 sine
3220 3088 3430 3187 tempore
3456 3088 3538 3178 est,
3562 3131 3635 3168 ac-

431 3216 539 3273 quo
565 3210 780 3255 creatae
814 3208 970 3263 sunt,
1021 3198 1307 3267 requievit.
1341 3198 1404 3251 Et
1438 3199 1542 3252 hoc
1566 3206 1648 3252 est
1678 3196 2013 3266 intelligibile

432 3290 739 3355 sabbatum,
755 3288 895 3359 quod
920 3297 973 3344 et
995 3290 1047 3342 in
1064 3288 1370 3343 conditione
1393 3303 1569 3341 rerum
1594 3289 2012 3357 praeliguratum

431 3392 519 3441 est
558 3393 611 3438 et
648 3383 978 3441 inchoatum,
1013 3389 1067 3435 et
1115 3382 1165 3434 in
1197 3395 1379 3434 earum
1429 3380 1533 3434 line
1581 3378 2017 3432 manifestabitur

431 3479 488 3527 et
521 3470 849 3541 perficietur,
881 3469 1095 3538 quando
1120 3470 1299 3524 omnis
1347 3468 1616 3523 sensibilis
1661 3480 1910 3522 creatura
1959 3469 2012 3521 in

435 3559 846 3629 intelligibilem,
878 3566 934 3613 et
962 3559 1141 3614 omnis
1185 3557 1535 3628 intelligibilis
1582 3557 1637 3610 in
1689 3572 1912 3620 causas,
1961 3566 2019 3613 et

434 3667 633 3708 causae
669 3652 723 3706 in
751 3666 1036 3706 causarum
1081 3665 1331 3714 causam,
1360 3664 1501 3720 quae
1544 3650 1685 3704 Deus
1721 3657 1803 3703 est
1829 3651 1872 3714 ’,
1904 3658 2016 3704 m'u-

435 3744 713 3807 tabuntur,
736 3752 1062 3811 aeternaque
1092 3742 1279 3809 requie
1301 3741 1629 3810 gaudebunt,
1656 3739 2016 3810 iiieﬁ‘abilique

434 3833 681 3890 claritate
710 3831 987 3903 fulgebunt
1027 3840 1081 3885 et
1106 3831 1537 3886 sabbatizabunt.
1573 3832 1638 3884 Et
1665 3833 1759 3899 qui
1800 3832 1820 3862 ³
1864 3832 2017 3889 nobis

434 3925 794 3994 Augustinum
822 3930 1098 3991 opponunt
1125 3918 1433 3991 {tanquam
1474 3921 1575 3991 ipsi
1623 3922 1880 3992 majorem
1923 3922 2017 3975 do-

436 4013 645 4069 ctrinae
672 4012 811 4067 illius
841 4011 1219 4077 reverentiam,
1251 4026 1412 4081 quam
1443 4025 1541 4065 nos
1566 4049 1581 4076 ,
1628 4011 1888 4080 praebere
1926 4026 2019 4064 ve-

436 4104 539 4159 lint
557 4104 602 4170 ⁸,
629 4111 684 4159 et
709 4101 1043 4173 frequentius
1073 4101 1470 4170 studiosiusque
1492 4108 1787 4155 sententias
1809 4100 1928 4169 ejus
1950 4100 2018 4154 de

437 4193 636 4249 talibus
661 4193 908 4264 legerint,
940 4192 1176 4255 videant,
1212 4192 1338 4260 quid
1376 4193 1490 4261 ipse
1526 4193 1574 4245 in
1620 4193 1819 4245 eisdem
1867 4191 2018 4246 libris

438 4283 506 4337 de
542 4281 772 4337 Civitate
799 4281 892 4336 Dei
923 4282 987 4336 de
1017 4282 1254 4342 interitu,
1283 4281 1455 4351 deque
1479 4280 1848 4334 destructione
1878 4279 2019 4334 illius

439 4373 708 4428 sensibilis
731 4382 785 4427 et
815 4372 1058 4442 corporei
1088 4372 1242 4436 caeli,
1271 4372 1650 4440 omniumque,
1702 4386 1839 4440 quae
1877 4371 2016 4424 intra

439 4463 699 4518 ambitum
726 4461 861 4530 ejus,
908 4464 960 4516 in
988 4463 1185 4531 quibus
1212 4462 1373 4514 etiam
1401 4474 1617 4515 carnem
1664 4460 1865 4514 Christi
1900 4470 2020 4528 post

441 4554 895 4608 resurrectionem
955 4553 1151 4608 includi
1206 4553 1378 4621 ipsum
1425 4554 1640 4605 beatum
1704 4551 2021 4621 magistrum

439 4650 631 4713 putant
658 4643 1015 4705 existimasse,
1063 4643 1397 4707 disseruerit,
1445 4654 1499 4697 et
1528 4643 1795 4711 quomodo
1825 4641 2026 4696 acutis-

444 4730 613 4784 simae
642 4730 1027 4800 intelligentiae
1056 4731 1217 4784 homo
1251 4733 1485 4785 senserit
1517 4732 1623 4784 duo
1648 4730 1864 4784 sibimet
1892 4745 2020 4800 con-

447 4818 633 4880 traria,
666 4819 871 4872 caelum
923 4819 1126 4873 scilicet
1167 4835 1482 4888 corporeum
1527 4820 1741 4887 penitus
1783 4798 2021 4872 inte/ritu;

446 4927 590 4977 rum,
628 4920 681 4963 et
724 4926 939 4964 carnem
982 4910 1179 4964 Christi
1223 4919 1343 4980 post
1397 4910 1850 4964 resurrectionem
1878 4908 1930 4961 in
1961 4922 2024 4961 eo

447 5013 795 5069 constitutam
844 5013 1085 5067 localiter
1111 5023 1165 5066 et
1190 5012 1599 5080 circumscripte
1632 5011 1684 5065 in
1713 5025 1775 5065 ea
1814 5009 1984 5065 forma
2007 5050 2021 5073 ,

448 5128 553 5183 qua
579 5113 718 5167 inter
747 5112 987 5167 homines
1022 5126 1180 5166 verus
1223 5113 1383 5167 homo
1413 5128 1479 5166 ex
1505 5112 1813 5173 hominibus
1854 5110 2024 5164 factus
2062 5104 2079 5117 “

2115 3202 2325 3270 ciperet,
2373 3213 2427 3255 ut
2457 3204 2510 3256 in
2544 3201 2641 3256 Dei
2669 3205 2905 3258 virtutem
2927 3216 2975 3260 et
3010 3208 3065 3261 in
3110 3210 3321 3277 spiritus
3345 3206 3632 3276 incorruptio-

2117 3306 2233 3344 nem
2261 3291 2640 3361 transformata
2667 3293 2842 3347 carnis
2870 3300 3139 3366 corruptio
3169 3299 3521 3353 absorberetur.

2186 3379 2275 3434 58.
2306 3380 2364 3434 Si
2407 3370 2535 3453 er'go
2565 3382 2945 3438 transformata
2993 3400 3121 3440 caro
3148 3387 3341 3442 Christi
3370 3396 3443 3440 est
3482 3386 3525 3439 in
3563 3381 3634 3436 Dei

2118 3471 2366 3535 virtutem
2394 3481 2448 3527 et
2495 3476 2715 3544 spiritus
2764 3477 3218 3548 incorruptionem
3248 3521 3261 3545 ,
3292 3480 3510 3549 profecto
3548 3477 3635 3546 ipsa

2116 3578 2244 3618 caro
2271 3564 2442 3620 virtus
2471 3573 2555 3621 est
2592 3575 2648 3620 et
2690 3567 3108 3638 incorruptibilis
3155 3571 3389 3640 spiritus.
3432 3573 3492 3622 At
3526 3566 3563 3598 ¹⁰
3602 3565 3636 3619 si

2116 3655 2211 3708 Dei
2237 3655 2405 3710 virtus
2433 3663 2488 3711 et
2529 3657 2749 3727 spiritus
2771 3658 2968 3728 ubique
2993 3669 3099 3725 est,
3133 3676 3237 3716 non
3268 3660 3428 3717 solum
3452 3672 3586 3727 supra
3607 3655 3636 3686 ¹²

2116 3744 2230 3800 loca
2257 3754 2312 3801 et
2339 3754 2612 3817 tempora,
2639 3764 2823 3804 verum
2860 3752 3023 3806 etiam
3069 3768 3228 3823 supra
3252 3754 3292 3784 “
3333 3765 3503 3814 onme,
3528 3746 3640 3816 quod

2116 3844 2217 3901 est,
2248 3836 2375 3891 nulli
2399 3839 2639 3905 dubium,
2676 3840 2843 3910 ipsam
2876 3857 3093 3897 carnem
3125 3845 3176 3897 in
3207 3847 3444 3899 virtutem
3484 3850 3530 3894 et
3552 3837 3640 3908 Spl-

2119 3927 2281 3981 ritum
2314 3929 2749 3986 transformatam
2775 3931 2920 3988 nullo
2940 3934 3058 3989 loco
3085 3937 3366 3997 contineri,
3389 3932 3643 4010 nullo‘tem-

2117 4034 2248 4089 pore
2274 4022 2468 4074 ululari
2503 4023 2518 4053 ί
2550 4062 2565 4087 ,
2597 4021 2690 4077 sed
2720 4025 2875 4079 sicuti
2904 4025 2998 4079 Dei
3029 4027 3201 4081 virtus
3227 4036 3281 4080 et
3305 4026 3517 4096 spiritus,
3537 4018 3641 4073 Ver-

2119 4111 2243 4163 bum
2274 4110 2543 4178 videlicet,
2563 4116 2702 4182 quod
2727 4129 2844 4169 eam
2866 4114 2981 4183 jam
3007 4113 3121 4170 “in
3149 4116 3398 4171 unitatem
3427 4113 3512 4168 sibi
3539 4109 3642 4163 sub-

2116 4204 2348 4259 stantiae
2390 4215 2688 4274 acceperat,
2741 4208 2920 4260 omnia
2951 4206 3063 4262 loca
3101 4218 3155 4263 et
3199 4217 3446 4278 tempora,
3475 4211 3522 4256 et
3547 4197 3642 4252 uni-

2116 4296 2396 4351 versalitcr
2449 4312 2664 4351 onmem
2723 4299 3280 4369 circumscriptionem
3319 4296 3549 4353 excedere
3591 4288 3642 4339 “-

2122 4382 2218 4438 Sat
2232 4393 2314 4438 est
2336 4384 2515 4455 igitur,
2537 4384 2760 4455 praefati
2780 4388 3042 4457 magistri,
3059 4388 3340 4459 Augustini
3362 4383 3577 4439 videlicet
3592 4378 3643 4439 ’⁸ο

2125 4490 2281 4528 unam
2313 4477 2633 4530 sententiam
2653 4519 2667 4540 ,
2691 4493 2814 4532 cum
2840 4481 3038 4534 multae
3065 4481 3192 4543 sint,
3219 4493 3409 4548 ponere
3445 4475 3504 4529 de
3525 4469 3645 4526 caelo

2123 4575 2178 4619 et
2204 4574 2371 4630 terra,
2398 4582 2535 4636 quae
2560 4584 2699 4623 nunc
2720 4580 2863 4634 sunt,
2892 4571 3018 4637 quid
3062 4579 3183 4639 post
3222 4569 3477 4640 judicium
3502 4564 3644 4616 futura

2122 4665 2310 4722 erunt;
2347 4657 2400 4710 in
2426 4655 2686 4711 vicesimo
2728 4657 2795 4711 de
2829 4658 3059 4712 Civitate
3090 4660 3182 4713 Dei
3206 4659 3359 4719 libro,
3399 4650 3645 4708 tretlecimo

2125 4745 2356 4812 Capitulo
2382 4764 2394 4798 :
2423 4743 2635 4811 Postea,
2662 4746 2852 4815 inquit,
2879 4756 3084 4815 peracto
3103 4748 3306 4817 judicio
3332 4755 3448 4798 tunc
3462 4755 3557 4793 esse
3576 4736 3647 4787 de-

2129 4839 2261 4893 sinet
2291 4838 2384 4890 hoc
2413 4836 2611 4890 caelum
2654 4847 2700 4890 et
2731 4838 2857 4890 haec
2897 4848 3071 4903 terra,
3103 4836 3308 4907 quando
3350 4833 3536 4900 incipiet
3560 4837 3647 4879 esse

2131 4927 2329 4982 caelum
2362 4943 2549 4981 norum
2592 4936 2639 4980 et
2666 4936 2805 4978 terra
2848 4942 3013 4990 nova;
3046 4927 3325 4978 mutatione
3359 4932 3553 4981 namque
3585 4928 3643 4965 νεα

2130 5036 2265 5081 rum,
2297 5036 2398 5072 non
2449 5017 2746 5070 omnimodo
2790 5016 3000 5070 interitu
3042 5016 3276 5069 transibit
3319 5013 3395 5066 hic
3438 5005 3642 5063 mundus.

2133 5109 2283 5164 Unde
2330 5119 2384 5162 et
2441 5107 2727 5176 Apostolus
2775 5106 2947 5162 dicit:
3013 5103 3263 5159 Praeterit
3312 5103 3468 5172 ﬁgura
3515 5093 3645 5161 hujus

1734 5247 1983 5303 VARIAE
2022 5245 2423 5303 LECTIONES.

520 5343 537 5372 ¹
571 5340 657 5396 CF
708 5341 1149 5411 detrimentisque.
1249 5348 1269 5378 ³
1296 5340 1339 5394 Α
1367 5352 1439 5395 est
1474 5341 1629 5394 Dens.

451 5413 473 5443 '
500 5412 591 5466 Sic
618 5411 732 5476 CF;
767 5413 808 5463 Α
835 5414 929 5464 hoc
973 5411 1183 5479 protulit
1234 5412 1462 5474 verbum,
1498 5412 1727 5465 Verbum
1757 5422 1864 5466 cet.

452 5482 745 5534 destiterat.
842 5481 864 5513 ⁸
896 5481 987 5535 Sic
1021 5480 1140 5545 CF;
1183 5482 1224 5533 A
1274 5480 1525 5549 profecto.

449 5562 622 5620 super.
708 5552 749 5580 ¹¹
790 5549 881 5604 Sic
921 5550 1041 5620 CF;
1087 5552 1131 5604 Α
1173 5553 1300 5620 quin
1342 5551 1457 5619 ipsa
1502 5568 1623 5608 Caro
1651 5589 1663 5601 .

457 5617 501 5647 "
520 5624 560 5669 A
586 5619 817 5671 excedat.
893 5621 936 5658 ¹⁸
965 5617 1238 5686 Augustini
1266 5617 1496 5674 videlicet
1524 5636 1630 5675 om.
1663 5622 1729 5673 Α.

1730 5342 1751 5373 ³
1784 5342 1872 5375 ρει.
1914 5343 1987 5375 Δ·
2022 5342 2095 5375 ΙῚῖ

1784 5342 1874 5395 Sic
1909 5343 1946 5394 A
1973 5358 1988 5401 ;
2022 5339 2105 5394 CF
2133 5339 2285 5407 quid.
2382 5339 2402 5367 ⁵
2431 5339 2472 5391 Α
2499 5339 2770 5391 voluerint.
2877 5346 2898 5388 ι
2924 5339 3226 5405 homineque
3254 5339 3442 5401 Oeaque
3471 5342 3566 5383 om.
3589 5339 3641 5378 tt.

1784 5422 1864 5466 :et.
1976 5412 1995 5442 ⁷
2028 5410 2115 5463 Sic
2142 5410 2186 5461 Α
2217 5408 2333 5472 CF;
2364 5408 2455 5479 sed
2478 5406 2537 5479 _F
2583 5422 2744 5479 supra
2794 5406 2970 5479 adscr.
2996 5420 3276 5479 _c_orr.n_non
3313 5407 3387 5479 _de
3427 5413 3513 5455 sno
3540 5410 3643 5479 ξας

1627 5484 1649 5515 ⁹
1682 5482 1727 5535 Α
1761 5482 1942 5534 mundi
1991 5476 2410 5533 constitutionem
2460 5476 2621 5543 ﬁlius,
2672 5477 2828 5529 filius.

1709 5590 1722 5602 .
1770 5590 1782 5603 .
1816 5551 2194 5619 transformata
2231 5584 2244 5598 .
2275 5586 2287 5599 .
2319 5548 2665 5600 contineatur.

2382 5337 2402 5367 ³
2431 5338 2472 5391 Α
2499 5337 2770 5391 voluerint.
2877 5346 2898 5388 ι
2924 5335 3226 5405 homineque
3254 5334 3442 5401 Deaque
3471 5342 3566 5383 om.
3589 5324 3641 5378 Δ.

2133 5338 2285 5407 quid.

2906 5474 2948 5507 ⁸⁸
2990 5474 3081 5528 Sic
3126 5472 3245 5537 CF;
3302 5473 3339 5523 Α
3377 5487 3449 5522 ac.
3540 5467 3572 5498 "
3608 5465 3641 5513 Α

2710 5586 2722 5598 .
2764 5554 3009 5598 mutetur.
3087 5544 3129 5576 "
3166 5536 3254 5597 Sic
3279 5540 3385 5604 CF;
3413 5538 3453 5593 Α
3489 5536 3638 5590 etiam.
