  <div class='ocr_page' id='page_1' title='image "/cluster/home/n/w/nwhite01/storage/ocr_20150623/122/hvd.32044054759840/534.png"; bbox 0 0 3952 6162; ppageno 0'>
   <div class='ocr_carea' id='block_1_1' title="bbox 276 291 376 347">
    <p class='ocr_par' dir='ltr' id='par_1_1' title="bbox 276 291 376 347">
     <span class='ocr_line' id='line_1_1' title="bbox 276 291 376 347; baseline -0.02 0"><span class='ocrx_word' id='word_1_1' title='bbox 276 291 376 347; x_wconf 70' lang='lat'><strong>995</strong></span> 
     </span>
    </p>
   </div>
   <div class='ocr_carea' id='block_1_2' title="bbox 1082 284 2659 352">
    <p class='ocr_par' dir='ltr' id='par_1_2' title="bbox 1082 284 2659 352">
     <span class='ocr_line' id='line_1_2' title="bbox 1082 284 2659 352; baseline -0.005 -7"><span class='ocrx_word' id='word_1_2' title='bbox 1082 290 1169 346; x_wconf 87' lang='lat' dir='ltr'><strong>DE</strong></span> <span class='ocrx_word' id='word_1_3' title='bbox 1210 289 1557 347; x_wconf 72' lang='lat' dir='ltr'><strong>DIVISIONE</strong></span> <span class='ocrx_word' id='word_1_4' title='bbox 1592 288 1947 346; x_wconf 74' lang='lat' dir='ltr'><strong>NATURAE.</strong></span> <span class='ocrx_word' id='word_1_5' title='bbox 1987 318 2053 339; x_wconf 72' lang='grc' dir='ltr'><strong>-τ</strong></span> <span class='ocrx_word' id='word_1_6' title='bbox 2094 287 2294 343; x_wconf 76' lang='lat' dir='ltr'><strong>LIBER</strong></span> <span class='ocrx_word' id='word_1_7' title='bbox 2335 284 2659 352; x_wconf 77' lang='lat' dir='ltr'><strong>QUINTUS.</strong></span> 
     </span>
    </p>
   </div>
   <div class='ocr_carea' id='block_1_3' title="bbox 3431 283 3534 343">
    <p class='ocr_par' dir='ltr' id='par_1_3' title="bbox 3431 283 3534 343">
     <span class='ocr_line' id='line_1_3' title="bbox 3431 283 3534 343; baseline 0 -8"><span class='ocrx_word' id='word_1_8' title='bbox 3431 283 3534 343; x_wconf 62' lang='grc'><strong>891</strong></span> 
     </span>
    </p>
   </div>
   <div class='ocr_carea' id='block_1_4' title="bbox 274 386 3528 477">
    <p class='ocr_par' dir='ltr' id='par_1_4' title="bbox 274 386 3528 477">
     <span class='ocr_line' id='line_1_4' title="bbox 274 386 3528 477; baseline -0.004 -22"><span class='ocrx_word' id='word_1_9' title='bbox 274 404 477 467; x_wconf 77' lang='lat' dir='ltr'><strong>mundi,</strong></span> <span class='ocrx_word' id='word_1_10' title='bbox 513 401 629 456; x_wconf 80' lang='lat' dir='ltr'><strong>volo</strong></span> <span class='ocrx_word' id='word_1_11' title='bbox 657 417 746 457; x_wconf 81' lang='lat' dir='ltr'><strong>vos</strong></span> <span class='ocrx_word' id='word_1_12' title='bbox 772 402 885 456; x_wconf 74' lang='lat' dir='ltr'><strong>sine</strong></span> <span class='ocrx_word' id='word_1_13' title='bbox 926 403 1280 477; x_wconf 71' lang='lat' dir='ltr'><strong>sollicitudine</strong></span> <span class='ocrx_word' id='word_1_14' title='bbox 1323 418 1453 457; x_wconf 82' lang='lat' dir='ltr'><strong>esse.</strong></span> <span class='ocrx_word' id='word_1_15' title='bbox 1500 401 1695 473; x_wconf 75' lang='lat' dir='ltr'><strong>Figura</strong></span> <span class='ocrx_word' id='word_1_16' title='bbox 1725 415 1855 472; x_wconf 76' lang='lat' dir='ltr'><strong>ergo</strong></span> <span class='ocrx_word' id='word_1_17' title='bbox 1884 405 1931 463; x_wconf 81' lang='grc' dir='ltr'><strong>Λ</strong></span> <span class='ocrx_word' id='word_1_18' title='bbox 1971 397 2117 466; x_wconf 92' lang='lat' dir='ltr'><strong>quod</strong></span> <span class='ocrx_word' id='word_1_19' title='bbox 2145 397 2291 450; x_wconf 82' lang='lat' dir='ltr'><strong>aliud</strong></span> <span class='ocrx_word' id='word_1_20' title='bbox 2325 394 2477 456; x_wconf 88' lang='lat' dir='ltr'><strong>illud,</strong></span> <span class='ocrx_word' id='word_1_21' title='bbox 2511 393 2656 448; x_wconf 80' lang='lat' dir='ltr'><strong>aliud</strong></span> <span class='ocrx_word' id='word_1_22' title='bbox 2692 391 2835 462; x_wconf 83' lang='lat' dir='ltr'><strong>quod</strong></span> <span class='ocrx_word' id='word_1_23' title='bbox 2871 400 3052 444; x_wconf 82' lang='lat' dir='ltr'><strong>natum</strong></span> <span class='ocrx_word' id='word_1_24' title='bbox 3086 399 3256 445; x_wconf 77' lang='lat' dir='ltr'><strong>estex</strong></span> <span class='ocrx_word' id='word_1_25' title='bbox 3290 386 3528 458; x_wconf 79' lang='lat' dir='ltr'><strong>virgine.</strong></span> 
     </span>
    </p>
   </div>
   <div class='ocr_carea' id='block_1_5' title="bbox 271 489 1858 564">
    <p class='ocr_par' dir='ltr' id='par_1_5' title="bbox 271 489 1858 564">
     <span class='ocr_line' id='line_1_5' title="bbox 271 489 1858 564; baseline -0.001 -17"><span class='ocrx_word' id='word_1_26' title='bbox 271 493 546 563; x_wconf 78' lang='lat' dir='ltr'><strong>praeterit,</strong></span> <span class='ocrx_word' id='word_1_27' title='bbox 576 508 681 548; x_wconf 90' lang='lat' dir='ltr'><strong>non</strong></span> <span class='ocrx_word' id='word_1_28' title='bbox 722 500 932 547; x_wconf 89' lang='lat' dir='ltr'><strong>natura.</strong></span> <span class='ocrx_word' id='word_1_29' title='bbox 962 493 1076 559; x_wconf 89' lang='lat' dir='ltr'><strong>Dic,</strong></span> <span class='ocrx_word' id='word_1_30' title='bbox 1122 508 1342 564; x_wconf 78' lang='lat' dir='ltr'><strong>quaeso,</strong></span> <span class='ocrx_word' id='word_1_31' title='bbox 1393 492 1482 547; x_wconf 90' lang='lat' dir='ltr'><strong>ubi</strong></span> <span class='ocrx_word' id='word_1_32' title='bbox 1527 491 1766 546; x_wconf 90' lang='lat' dir='ltr'><strong>dissonat</strong></span> <span class='ocrx_word' id='word_1_33' title='bbox 1791 489 1858 545; x_wconf 91' lang='lat' dir='ltr'><strong>ab</strong></span> 
     </span>
    </p>
   </div>
   <div class='ocr_carea' id='block_1_6' title="bbox 274 574 1859 653">
    <p class='ocr_par' dir='ltr' id='par_1_6' title="bbox 274 574 1859 653">
     <span class='ocr_line' id='line_1_6' title="bbox 274 574 1859 653; baseline -0.004 -14"><span class='ocrx_word' id='word_1_34' title='bbox 274 583 376 646; x_wconf 88' lang='lat' dir='ltr'><strong>his,</strong></span> <span class='ocrx_word' id='word_1_35' title='bbox 409 598 545 653; x_wconf 88' lang='lat' dir='ltr'><strong>quae</strong></span> <span class='ocrx_word' id='word_1_36' title='bbox 590 582 822 637; x_wconf 81' lang='lat' dir='ltr'><strong>diximus</strong></span> <span class='ocrx_word' id='word_1_37' title='bbox 866 583 931 638; x_wconf 90' lang='lat' dir='ltr'><strong>de</strong></span> <span class='ocrx_word' id='word_1_38' title='bbox 977 585 1205 638; x_wconf 89' lang='lat' dir='ltr'><strong>transitu</strong></span> <span class='ocrx_word' id='word_1_39' title='bbox 1238 582 1419 636; x_wconf 91' lang='lat' dir='ltr'><strong>mundi</strong></span> <span class='ocrx_word' id='word_1_40' title='bbox 1455 578 1623 649; x_wconf 77' lang='lat' dir='ltr'><strong>hujus.</strong></span> <span class='ocrx_word' id='word_1_41' title='bbox 1647 574 1700 634; x_wconf 92' lang='lat' dir='ltr'><strong>in</strong></span> <span class='ocrx_word' id='word_1_42' title='bbox 1733 594 1859 634; x_wconf 88' lang='lat' dir='ltr'><strong>suas</strong></span> 
     </span>
    </p>
   </div>
   <div class='ocr_carea' id='block_1_7' title="bbox 273 666 1860 743">
    <p class='ocr_par' dir='ltr' id='par_1_7' title="bbox 273 666 1860 743">
     <span class='ocr_line' id='line_1_7' title="bbox 273 666 1860 743; baseline -0.006 -13"><span class='ocrx_word' id='word_1_43' title='bbox 273 690 483 738; x_wconf 80' lang='lat' dir='ltr'><strong>causas,</strong></span> <span class='ocrx_word' id='word_1_44' title='bbox 513 688 647 743; x_wconf 91' lang='lat' dir='ltr'><strong>quas</strong></span> <span class='ocrx_word' id='word_1_45' title='bbox 694 673 809 743; x_wconf 87' lang='lat' dir='ltr'><strong>ipse</strong></span> <span class='ocrx_word' id='word_1_46' title='bbox 861 682 1108 728; x_wconf 88' lang='lat' dir='ltr'><strong>naturam</strong></span> <span class='ocrx_word' id='word_1_47' title='bbox 1147 671 1396 728; x_wconf 83' lang='lat' dir='ltr'><strong>vocavit?</strong></span> <span class='ocrx_word' id='word_1_48' title='bbox 1443 670 1534 725; x_wconf 89' lang='lat' dir='ltr'><strong>ille</strong></span> <span class='ocrx_word' id='word_1_49' title='bbox 1572 668 1723 734; x_wconf 83' lang='lat' dir='ltr'><strong>dicit,</strong></span> <span class='ocrx_word' id='word_1_50' title='bbox 1756 666 1860 722; x_wconf 89' lang='lat' dir='ltr'><strong>hoc</strong></span> 
     </span>
    </p>
   </div>
   <div class='ocr_carea' id='block_1_8' title="bbox 273 763 1855 839">
    <p class='ocr_par' dir='ltr' id='par_1_8' title="bbox 273 763 1855 839">
     <span class='ocr_line' id='line_1_8' title="bbox 273 763 1855 839; baseline -0.003 -16"><span class='ocrx_word' id='word_1_51' title='bbox 273 769 479 823; x_wconf 83' lang='lat' dir='ltr'><strong>caelum</strong></span> <span class='ocrx_word' id='word_1_52' title='bbox 508 777 563 825; x_wconf 91' lang='lat' dir='ltr'><strong>et</strong></span> <span class='ocrx_word' id='word_1_53' title='bbox 588 769 727 825; x_wconf 88' lang='lat' dir='ltr'><strong>hanc</strong></span> <span class='ocrx_word' id='word_1_54' title='bbox 751 778 952 823; x_wconf 88' lang='lat' dir='ltr'><strong>terram</strong></span> <span class='ocrx_word' id='word_1_55' title='bbox 976 777 1097 839; x_wconf 88' lang='lat' dir='ltr'><strong>post</strong></span> <span class='ocrx_word' id='word_1_56' title='bbox 1120 768 1380 839; x_wconf 77' lang='lat' dir='ltr'><strong>judicium</strong></span> <span class='ocrx_word' id='word_1_57' title='bbox 1408 782 1528 822; x_wconf 76' lang='lat' dir='ltr'><strong>esse</strong></span> <span class='ocrx_word' id='word_1_58' title='bbox 1550 766 1788 820; x_wconf 89' lang='lat' dir='ltr'><strong>desitura</strong></span> <span class='ocrx_word' id='word_1_59' title='bbox 1815 763 1855 827; x_wconf 76' lang='grc' dir='ltr'><strong>ί,</strong></span> 
     </span>
    </p>
   </div>
   <div class='ocr_carea' id='block_1_9' title="bbox 274 858 1855 921">
    <p class='ocr_par' dir='ltr' id='par_1_9' title="bbox 274 858 1855 921">
     <span class='ocr_line' id='line_1_9' title="bbox 274 858 1855 921; baseline -0.001 -9"><span class='ocrx_word' id='word_1_60' title='bbox 274 859 439 913; x_wconf 74' lang='lat' dir='ltr'><strong>solam</strong></span> <span class='ocrx_word' id='word_1_61' title='bbox 471 875 600 913; x_wconf 90' lang='lat' dir='ltr'><strong>vero</strong></span> <span class='ocrx_word' id='word_1_62' title='bbox 637 875 824 914; x_wconf 90' lang='lat' dir='ltr'><strong>eorum</strong></span> <span class='ocrx_word' id='word_1_63' title='bbox 869 871 1118 914; x_wconf 89' lang='lat' dir='ltr'><strong>naturam</strong></span> <span class='ocrx_word' id='word_1_64' title='bbox 1152 858 1559 914; x_wconf 89' lang='lat' dir='ltr'><strong>immutabiliter</strong></span> <span class='ocrx_word' id='word_1_65' title='bbox 1602 871 1855 921; x_wconf 89' lang='lat' dir='ltr'><strong>manere;</strong></span> 
     </span>
    </p>
   </div>
   <div class='ocr_carea' id='block_1_10' title="bbox 268 944 1858 1018">
    <p class='ocr_par' dir='ltr' id='par_1_10' title="bbox 268 944 1858 1018">
     <span class='ocr_line' id='line_1_10' title="bbox 268 944 1858 1018; baseline -0.003 -15"><span class='ocrx_word' id='word_1_66' title='bbox 268 948 523 1003; x_wconf 86' lang='lat' dir='ltr'><strong>similiter</strong></span> <span class='ocrx_word' id='word_1_67' title='bbox 568 958 623 1003; x_wconf 92' lang='lat' dir='ltr'><strong>et</strong></span> <span class='ocrx_word' id='word_1_68' title='bbox 653 965 751 1003; x_wconf 90' lang='lat' dir='ltr'><strong>nos</strong></span> <span class='ocrx_word' id='word_1_69' title='bbox 793 947 1075 1003; x_wconf 88' lang='lat' dir='ltr'><strong>docuimus</strong></span> <span class='ocrx_word' id='word_1_70' title='bbox 1118 947 1343 1018; x_wconf 82' lang='lat' dir='ltr'><strong>vestigia</strong></span> <span class='ocrx_word' id='word_1_71' title='bbox 1384 946 1503 1016; x_wconf 90' lang='lat' dir='ltr'><strong>ejus</strong></span> <span class='ocrx_word' id='word_1_72' title='bbox 1541 953 1594 1000; x_wconf 89' lang='lat' dir='ltr'><strong>et</strong></span> <span class='ocrx_word' id='word_1_73' title='bbox 1630 944 1858 1000; x_wconf 89' lang='lat' dir='ltr'><strong>aliorum</strong></span> 
     </span>
    </p>
   </div>
   <div class='ocr_carea' id='block_1_11' title="bbox 274 1040 1857 1112">
    <p class='ocr_par' dir='ltr' id='par_1_11' title="bbox 274 1040 1857 1112">
     <span class='ocr_line' id='line_1_11' title="bbox 274 1040 1857 1112; baseline -0.003 -15"><span class='ocrx_word' id='word_1_74' title='bbox 274 1040 530 1097; x_wconf 73' lang='lat' dir='ltr'><strong>similium</strong></span> <span class='ocrx_word' id='word_1_75' title='bbox 558 1054 845 1111; x_wconf 84' lang='lat' dir='ltr'><strong>sequentes</strong></span> <span class='ocrx_word' id='word_1_76' title='bbox 868 1042 907 1105; x_wconf 80' lang='lat'><strong>‘,</strong></span> <span class='ocrx_word' id='word_1_77' title='bbox 934 1056 1118 1106; x_wconf 89' lang='lat' dir='ltr'><strong>omne,</strong></span> <span class='ocrx_word' id='word_1_78' title='bbox 1149 1041 1291 1112; x_wconf 84' lang='lat' dir='ltr'><strong>quod</strong></span> <span class='ocrx_word' id='word_1_79' title='bbox 1318 1042 1369 1094; x_wconf 91' lang='lat' dir='ltr'><strong>in</strong></span> <span class='ocrx_word' id='word_1_80' title='bbox 1399 1040 1500 1094; x_wconf 92' lang='lat' dir='ltr'><strong>hoc</strong></span> <span class='ocrx_word' id='word_1_81' title='bbox 1523 1040 1719 1094; x_wconf 88' lang='lat' dir='ltr'><strong>mundo</strong></span> <span class='ocrx_word' id='word_1_82' title='bbox 1732 1053 1857 1093; x_wconf 90' lang='lat' dir='ltr'><strong>sen-</strong></span> 
     </span>
    </p>
   </div>
   <div class='ocr_carea' id='block_1_12' title="bbox 274 1128 1859 1203">
    <p class='ocr_par' dir='ltr' id='par_1_12' title="bbox 274 1128 1859 1203">
     <span class='ocr_line' id='line_1_12' title="bbox 274 1128 1859 1203; baseline -0.004 -14"><span class='ocrx_word' id='word_1_83' title='bbox 274 1133 428 1189; x_wconf 87' lang='lat' dir='ltr'><strong>sibile</strong></span> <span class='ocrx_word' id='word_1_84' title='bbox 472 1144 527 1188; x_wconf 78' lang='lat' dir='ltr'><strong>et</strong></span> <span class='ocrx_word' id='word_1_85' title='bbox 561 1133 731 1188; x_wconf 80' lang='lat' dir='ltr'><strong>locale</strong></span> <span class='ocrx_word' id='word_1_86' title='bbox 762 1142 816 1189; x_wconf 90' lang='lat' dir='ltr'><strong>et</strong></span> <span class='ocrx_word' id='word_1_87' title='bbox 861 1131 1172 1203; x_wconf 78' lang='lat' dir='ltr'><strong>temporale,</strong></span> <span class='ocrx_word' id='word_1_88' title='bbox 1206 1145 1473 1201; x_wconf 86' lang='lat' dir='ltr'><strong>omneque</strong></span> <span class='ocrx_word' id='word_1_89' title='bbox 1510 1128 1859 1184; x_wconf 89' lang='lat' dir='ltr'><strong>mutabilitati</strong></span> 
     </span>
    </p>
   </div>
   <div class='ocr_carea' id='block_1_13' title="bbox 272 1219 1858 1296">
    <p class='ocr_par' dir='ltr' id='par_1_13' title="bbox 272 1219 1858 1296">
     <span class='ocr_line' id='line_1_13' title="bbox 272 1219 1858 1296; baseline -0.002 -18"><span class='ocrx_word' id='word_1_90' title='bbox 272 1227 567 1281; x_wconf 80' lang='lat' dir='ltr'><strong>obnoxium</strong></span> <span class='ocrx_word' id='word_1_91' title='bbox 589 1227 912 1296; x_wconf 90' lang='lat' dir='ltr'><strong>periturum,</strong></span> <span class='ocrx_word' id='word_1_92' title='bbox 941 1229 1042 1282; x_wconf 89' lang='lat' dir='ltr'><strong>hoc</strong></span> <span class='ocrx_word' id='word_1_93' title='bbox 1085 1236 1190 1292; x_wconf 86' lang='lat' dir='ltr'><strong>est,</strong></span> <span class='ocrx_word' id='word_1_94' title='bbox 1225 1223 1574 1280; x_wconf 89' lang='lat' dir='ltr'><strong>transiturum</strong></span> <span class='ocrx_word' id='word_1_95' title='bbox 1603 1223 1656 1277; x_wconf 94' lang='lat' dir='ltr'><strong>in</strong></span> <span class='ocrx_word' id='word_1_96' title='bbox 1687 1219 1858 1293; x_wconf 89' lang='lat' dir='ltr'><strong>ipsam</strong></span> 
     </span>
    </p>
   </div>
   <div class='ocr_carea' id='block_1_14' title="bbox 273 1316 1858 1387">
    <p class='ocr_par' dir='ltr' id='par_1_14' title="bbox 273 1316 1858 1387">
     <span class='ocr_line' id='line_1_14' title="bbox 273 1316 1858 1387; baseline -0.001 -16"><span class='ocrx_word' id='word_1_97' title='bbox 273 1316 659 1382; x_wconf 83' lang='lat' dir='ltr'><strong>substantiam,</strong></span> <span class='ocrx_word' id='word_1_98' title='bbox 682 1318 786 1372; x_wconf 89' lang='lat' dir='ltr'><strong>hoc</strong></span> <span class='ocrx_word' id='word_1_99' title='bbox 812 1325 917 1384; x_wconf 89' lang='lat' dir='ltr'><strong>est,</strong></span> <span class='ocrx_word' id='word_1_100' title='bbox 941 1326 1191 1372; x_wconf 89' lang='lat' dir='ltr'><strong>naturam</strong></span> <span class='ocrx_word' id='word_1_101' title='bbox 1215 1318 1265 1381; x_wconf 86' lang='grc'><strong>³;</strong></span> <span class='ocrx_word' id='word_1_102' title='bbox 1303 1326 1546 1372; x_wconf 89' lang='lat' dir='ltr'><strong>naturam</strong></span> <span class='ocrx_word' id='word_1_103' title='bbox 1572 1333 1699 1371; x_wconf 86' lang='lat' dir='ltr'><strong>vero</strong></span> <span class='ocrx_word' id='word_1_104' title='bbox 1723 1317 1858 1387; x_wconf 87' lang='lat' dir='ltr'><strong>ejus,</strong></span> 
     </span>
    </p>
   </div>
   <div class='ocr_carea' id='block_1_15' title="bbox 274 1400 1863 1478">
    <p class='ocr_par' dir='ltr' id='par_1_15' title="bbox 274 1400 1863 1478">
     <span class='ocr_line' id='line_1_15' title="bbox 274 1400 1863 1478; baseline -0.003 -15"><span class='ocrx_word' id='word_1_105' title='bbox 274 1421 414 1463; x_wconf 77' lang='lat' dir='ltr'><strong>uuae</strong></span> <span class='ocrx_word' id='word_1_106' title='bbox 448 1405 865 1476; x_wconf 88' lang='lat' dir='ltr'><strong>incorporaliter</strong></span> <span class='ocrx_word' id='word_1_107' title='bbox 907 1417 964 1462; x_wconf 96' lang='lat' dir='ltr'><strong>et</strong></span> <span class='ocrx_word' id='word_1_108' title='bbox 994 1407 1498 1478; x_wconf 80' lang='lat' dir='ltr'><strong>intelligibiliter‘in</strong></span> <span class='ocrx_word' id='word_1_109' title='bbox 1541 1400 1863 1477; x_wconf 84' lang='lat' dir='ltr'><strong>primordia-</strong></span> 
     </span>
    </p>
   </div>
   <div class='ocr_carea' id='block_1_16' title="bbox 274 1496 1864 1552">
    <p class='ocr_par' dir='ltr' id='par_1_16' title="bbox 274 1496 1864 1552">
     <span class='ocr_line' id='line_1_16' title="bbox 274 1496 1864 1552; baseline 0.002 -6"><span class='ocrx_word' id='word_1_110' title='bbox 274 1496 417 1550; x_wconf 87' lang='lat' dir='ltr'><strong>Iibus</strong></span> <span class='ocrx_word' id='word_1_111' title='bbox 445 1512 624 1551; x_wconf 86' lang='lat' dir='ltr'><strong>rerum</strong></span> <span class='ocrx_word' id='word_1_112' title='bbox 647 1497 887 1551; x_wconf 89' lang='lat' dir='ltr'><strong>omnium</strong></span> <span class='ocrx_word' id='word_1_113' title='bbox 910 1505 934 1537; x_wconf 73' lang='grc' dir='ltr'><strong>ι</strong></span> <span class='ocrx_word' id='word_1_114' title='bbox 956 1498 1136 1552; x_wconf 86' lang='lat' dir='ltr'><strong>causis</strong></span> <span class='ocrx_word' id='word_1_115' title='bbox 1161 1496 1570 1552; x_wconf 84' lang='lat' dir='ltr'><strong>immutabiliter</strong></span> <span class='ocrx_word' id='word_1_116' title='bbox 1593 1506 1645 1552; x_wconf 91' lang='lat' dir='ltr'><strong>et</strong></span> <span class='ocrx_word' id='word_1_117' title='bbox 1684 1496 1864 1552; x_wconf 77' lang='lat' dir='ltr'><strong>incor~</strong></span> 
     </span>
    </p>
   </div>
   <div class='ocr_carea' id='block_1_17' title="bbox 274 1585 1865 1658">
    <p class='ocr_par' dir='ltr' id='par_1_17' title="bbox 274 1585 1865 1658">
     <span class='ocr_line' id='line_1_17' title="bbox 274 1585 1865 1658; baseline -0.001 -18"><span class='ocrx_word' id='word_1_118' title='bbox 274 1586 605 1655; x_wconf 82' lang='lat' dir='ltr'><strong>ruptibiliter</strong></span> <span class='ocrx_word' id='word_1_119' title='bbox 624 1588 953 1653; x_wconf 89' lang='lat' dir='ltr'><strong>continetur,</strong></span> <span class='ocrx_word' id='word_1_120' title='bbox 975 1602 1192 1658; x_wconf 83' lang='lat' dir='ltr'><strong>semper</strong></span> <span class='ocrx_word' id='word_1_121' title='bbox 1205 1602 1538 1641; x_wconf 87' lang='lat' dir='ltr'><strong>mansuram.</strong></span> <span class='ocrx_word' id='word_1_122' title='bbox 1564 1585 1618 1640; x_wconf 89' lang='lat' dir='ltr'><strong>Si</strong></span> <span class='ocrx_word' id='word_1_123' title='bbox 1636 1587 1755 1654; x_wconf 91' lang='lat' dir='ltr'><strong>quis</strong></span> <span class='ocrx_word' id='word_1_124' title='bbox 1775 1599 1865 1639; x_wconf 89' lang='lat' dir='ltr'><strong>au-</strong></span> 
     </span>
    </p>
   </div>
   <div class='ocr_carea' id='block_1_18' title="bbox 275 1673 1862 1746">
    <p class='ocr_par' dir='ltr' id='par_1_18' title="bbox 275 1673 1862 1746">
     <span class='ocr_line' id='line_1_18' title="bbox 275 1673 1862 1746; baseline 0 -19"><span class='ocrx_word' id='word_1_125' title='bbox 275 1684 383 1728; x_wconf 90' lang='lat' dir='ltr'><strong>tem</strong></span> <span class='ocrx_word' id='word_1_126' title='bbox 408 1676 628 1740; x_wconf 77' lang='lat' dir='ltr'><strong>dixerit,</strong></span> <span class='ocrx_word' id='word_1_127' title='bbox 656 1673 814 1744; x_wconf 82' lang='lat' dir='ltr'><strong>hujus</strong></span> <span class='ocrx_word' id='word_1_128' title='bbox 840 1675 1023 1731; x_wconf 88' lang='lat' dir='ltr'><strong>mundi</strong></span> <span class='ocrx_word' id='word_1_129' title='bbox 1050 1686 1297 1731; x_wconf 89' lang='lat' dir='ltr'><strong>naturam</strong></span> <span class='ocrx_word' id='word_1_130' title='bbox 1325 1685 1487 1746; x_wconf 87' lang='lat' dir='ltr'><strong>atque</strong></span> <span class='ocrx_word' id='word_1_131' title='bbox 1506 1675 1862 1731; x_wconf 82' lang='lat' dir='ltr'><strong>substantiam</strong></span> 
     </span>
    </p>
   </div>
   <div class='ocr_carea' id='block_1_19' title="bbox 1971 481 3528 561">
    <p class='ocr_par' dir='ltr' id='par_1_19' title="bbox 1971 481 3528 561">
     <span class='ocr_line' id='line_1_19' title="bbox 1971 481 3528 561; baseline -0.007 -18"><span class='ocrx_word' id='word_1_132' title='bbox 1971 504 2298 557; x_wconf 82' lang='lat' dir='ltr'><strong>suspensum</strong></span> <span class='ocrx_word' id='word_1_133' title='bbox 2328 491 2379 542; x_wconf 91' lang='lat' dir='ltr'><strong>in</strong></span> <span class='ocrx_word' id='word_1_134' title='bbox 2431 502 2594 542; x_wconf 86' lang='lat' dir='ltr'><strong>cruce</strong></span> <span class='ocrx_word' id='word_1_135' title='bbox 2619 526 2633 549; x_wconf 90' lang='lat'><strong>,</strong></span> <span class='ocrx_word' id='word_1_136' title='bbox 2669 481 3050 540; x_wconf 86' lang='lat' dir='ltr'><strong>resuscitatum</strong></span> <span class='ocrx_word' id='word_1_137' title='bbox 3086 499 3115 537; x_wconf 84' lang='lat' dir='ltr'><strong>a</strong></span> <span class='ocrx_word' id='word_1_138' title='bbox 3149 484 3399 549; x_wconf 79' lang='lat' dir='ltr'><strong>mortuis,</strong></span> <span class='ocrx_word' id='word_1_139' title='bbox 3431 483 3528 561; x_wconf 58' lang='grc' dir='ltr'><strong>ενι</strong></span> 
     </span>
    </p>
   </div>
   <div class='ocr_carea' id='block_1_20' title="bbox 1972 575 3537 649">
    <p class='ocr_par' dir='ltr' id='par_1_20' title="bbox 1972 575 3537 649">
     <span class='ocr_line' id='line_1_20' title="bbox 1972 575 3537 649; baseline -0.004 -16"><span class='ocrx_word' id='word_1_140' title='bbox 1972 576 2147 649; x_wconf 90' lang='lat' dir='ltr'><strong>ipsum</strong></span> <span class='ocrx_word' id='word_1_141' title='bbox 2177 578 2243 634; x_wconf 90' lang='lat' dir='ltr'><strong>de</strong></span> <span class='ocrx_word' id='word_1_142' title='bbox 2273 581 2488 635; x_wconf 86' lang='lat' dir='ltr'><strong>mortali</strong></span> <span class='ocrx_word' id='word_1_143' title='bbox 2511 579 2562 632; x_wconf 92' lang='lat' dir='ltr'><strong>in</strong></span> <span class='ocrx_word' id='word_1_144' title='bbox 2593 577 2925 638; x_wconf 81' lang='lat' dir='ltr'><strong>immortale.</strong></span> <span class='ocrx_word' id='word_1_145' title='bbox 2953 575 3019 629; x_wconf 90' lang='lat' dir='ltr'><strong>de</strong></span> <span class='ocrx_word' id='word_1_146' title='bbox 3043 575 3262 629; x_wconf 77' lang='lat' dir='ltr'><strong>animali</strong></span> <span class='ocrx_word' id='word_1_147' title='bbox 3285 575 3337 628; x_wconf 90' lang='lat' dir='ltr'><strong>in</strong></span> <span class='ocrx_word' id='word_1_148' title='bbox 3374 575 3537 644; x_wconf 81' lang='lat' dir='ltr'><strong>spiri-</strong></span> 
     </span>
    </p>
   </div>
   <div class='ocr_carea' id='block_1_21' title="bbox 1971 665 3532 736">
    <p class='ocr_par' dir='ltr' id='par_1_21' title="bbox 1971 665 3532 736">
     <span class='ocr_line' id='line_1_21' title="bbox 1971 665 3532 736; baseline -0.007 -10"><span class='ocrx_word' id='word_1_149' title='bbox 1971 672 2137 736; x_wconf 87' lang='lat' dir='ltr'><strong>tuale,</strong></span> <span class='ocrx_word' id='word_1_150' title='bbox 2184 670 2254 727; x_wconf 85' lang='lat' dir='ltr'><strong>de</strong></span> <span class='ocrx_word' id='word_1_151' title='bbox 2300 683 2518 731; x_wconf 83' lang='lat' dir='ltr'><strong>terreno</strong></span> <span class='ocrx_word' id='word_1_152' title='bbox 2543 671 2597 726; x_wconf 93' lang='lat' dir='ltr'><strong>in</strong></span> <span class='ocrx_word' id='word_1_153' title='bbox 2629 672 2865 726; x_wconf 84' lang='lat' dir='ltr'><strong>caeleste</strong></span> <span class='ocrx_word' id='word_1_154' title='bbox 2896 677 3185 722; x_wconf 89' lang='lat' dir='ltr'><strong>mutatum.</strong></span> <span class='ocrx_word' id='word_1_155' title='bbox 3231 666 3290 720; x_wconf 86' lang='lat' dir='ltr'><strong>in</strong></span> <span class='ocrx_word' id='word_1_156' title='bbox 3330 665 3532 720; x_wconf 75' lang='lat' dir='ltr'><strong>talibus</strong></span> 
     </span>
    </p>
   </div>
   <div class='ocr_carea' id='block_1_22' title="bbox 1969 758 3534 833">
    <p class='ocr_par' dir='ltr' id='par_1_22' title="bbox 1969 758 3534 833">
     <span class='ocr_line' id='line_1_22' title="bbox 1969 758 3534 833; baseline -0.005 -14"><span class='ocrx_word' id='word_1_157' title='bbox 1969 763 2292 833; x_wconf 88' lang='lat' dir='ltr'><strong>corporibus</strong></span> <span class='ocrx_word' id='word_1_158' title='bbox 2313 764 2584 817; x_wconf 81' lang='lat' dir='ltr'><strong>humanae</strong></span> <span class='ocrx_word' id='word_1_159' title='bbox 2611 772 2838 817; x_wconf 86' lang='lat' dir='ltr'><strong>naturae</strong></span> <span class='ocrx_word' id='word_1_160' title='bbox 2864 758 3235 814; x_wconf 74' lang='lat' dir='ltr'><strong>numerositas</strong></span> <span class='ocrx_word' id='word_1_161' title='bbox 3258 770 3324 811; x_wconf 80' lang='lat' dir='ltr'><strong>ex</strong></span> <span class='ocrx_word' id='word_1_162' title='bbox 3349 773 3534 811; x_wconf 82' lang='lat' dir='ltr'><strong>secre-</strong></span> 
     </span>
    </p>
   </div>
   <div class='ocr_carea' id='block_1_23' title="bbox 1961 844 3544 917">
    <p class='ocr_par' dir='ltr' id='par_1_23' title="bbox 1961 844 3544 917">
     <span class='ocr_line' id='line_1_23' title="bbox 1961 844 3544 917; baseline -0.003 -10"><span class='ocrx_word' id='word_1_163' title='bbox 1961 852 2033 907; x_wconf 85' lang='lat' dir='ltr'><strong>tis</strong></span> <span class='ocrx_word' id='word_1_164' title='bbox 2072 852 2188 907; x_wconf 86' lang='lat' dir='ltr'><strong>suis</strong></span> <span class='ocrx_word' id='word_1_165' title='bbox 2225 849 2461 916; x_wconf 86' lang='lat' dir='ltr'><strong>sinibus,</strong></span> <span class='ocrx_word' id='word_1_166' title='bbox 2502 844 2547 904; x_wconf 92' lang='lat' dir='ltr'><strong>si</strong></span> <span class='ocrx_word' id='word_1_167' title='bbox 2589 862 2697 903; x_wconf 91' lang='lat' dir='ltr'><strong>non</strong></span> <span class='ocrx_word' id='word_1_168' title='bbox 2740 852 3010 917; x_wconf 84' lang='lat' dir='ltr'><strong>peccaret,</strong></span> <span class='ocrx_word' id='word_1_169' title='bbox 3044 844 3344 916; x_wconf 77' lang='lat' dir='ltr'><strong>pullularet.</strong></span> <span class='ocrx_word' id='word_1_170' title='bbox 3400 846 3544 903; x_wconf 80' lang='lat' dir='ltr'><strong>inest</strong></span> 
     </span>
    </p>
   </div>
   <div class='ocr_carea' id='block_1_24' title="bbox 1960 934 3541 1016">
    <p class='ocr_par' dir='ltr' id='par_1_24' title="bbox 1960 934 3541 1016">
     <span class='ocr_line' id='line_1_24' title="bbox 1960 934 3541 1016; baseline -0.005 -16"><span class='ocrx_word' id='word_1_171' title='bbox 1960 945 2227 1016; x_wconf 84' lang='lat' dir='ltr'><strong>siquidem</strong></span> <span class='ocrx_word' id='word_1_172' title='bbox 2260 943 2551 1013; x_wconf 85' lang='lat' dir='ltr'><strong>unicuique</strong></span> <span class='ocrx_word' id='word_1_173' title='bbox 2596 940 2876 995; x_wconf 81' lang='lat' dir='ltr'><strong>hominum</strong></span> <span class='ocrx_word' id='word_1_174' title='bbox 2927 939 3135 993; x_wconf 89' lang='lat' dir='ltr'><strong>occulta</strong></span> <span class='ocrx_word' id='word_1_175' title='bbox 3189 934 3430 1009; x_wconf 82' lang='lat' dir='ltr'><strong>corporis</strong></span> <span class='ocrx_word' id='word_1_176' title='bbox 3457 938 3541 995; x_wconf 76' lang='lat' dir='ltr'><strong>sui</strong></span> 
     </span>
    </p>
   </div>
   <div class='ocr_carea' id='block_1_25' title="bbox 1962 1028 3545 1104">
    <p class='ocr_par' dir='ltr' id='par_1_25' title="bbox 1962 1028 3545 1104">
     <span class='ocr_line' id='line_1_25' title="bbox 1962 1028 3545 1104; baseline -0.005 -15"><span class='ocrx_word' id='word_1_177' title='bbox 1962 1035 2122 1101; x_wconf 82' lang='lat' dir='ltr'><strong>ratio,</strong></span> <span class='ocrx_word' id='word_1_178' title='bbox 2154 1033 2208 1087; x_wconf 92' lang='lat' dir='ltr'><strong>in</strong></span> <span class='ocrx_word' id='word_1_179' title='bbox 2240 1048 2399 1104; x_wconf 92' lang='lat' dir='ltr'><strong>quam</strong></span> <span class='ocrx_word' id='word_1_180' title='bbox 2431 1028 2846 1087; x_wconf 86' lang='lat' dir='ltr'><strong>resurrectionis</strong></span> <span class='ocrx_word' id='word_1_181' title='bbox 2871 1036 3115 1098; x_wconf 90' lang='lat' dir='ltr'><strong>tempore</strong></span> <span class='ocrx_word' id='word_1_182' title='bbox 3138 1028 3238 1083; x_wconf 92' lang='lat' dir='ltr'><strong>hoc</strong></span> <span class='ocrx_word' id='word_1_183' title='bbox 3273 1040 3545 1083; x_wconf 85' lang='lat' dir='ltr'><strong>terrenum</strong></span> 
     </span>
    </p>
   </div>
   <div class='ocr_carea' id='block_1_26' title="bbox 1962 1121 3548 1194">
    <p class='ocr_par' dir='ltr' id='par_1_26' title="bbox 1962 1121 3548 1194">
     <span class='ocr_line' id='line_1_26' title="bbox 1962 1121 3548 1194; baseline -0.003 -14"><span class='ocrx_word' id='word_1_184' title='bbox 1962 1123 2296 1194; x_wconf 87' lang='lat' dir='ltr'><strong>mortaleque</strong></span> <span class='ocrx_word' id='word_1_185' title='bbox 2324 1124 2642 1187; x_wconf 86' lang='lat' dir='ltr'><strong>mutabitur,</strong></span> <span class='ocrx_word' id='word_1_186' title='bbox 2664 1130 2719 1178; x_wconf 92' lang='lat' dir='ltr'><strong>ct</strong></span> <span class='ocrx_word' id='word_1_187' title='bbox 2742 1121 2795 1176; x_wconf 88' lang='lat' dir='ltr'><strong>in</strong></span> <span class='ocrx_word' id='word_1_188' title='bbox 2819 1136 2925 1191; x_wconf 90' lang='lat' dir='ltr'><strong>qua</strong></span> <span class='ocrx_word' id='word_1_189' title='bbox 2950 1122 3206 1191; x_wconf 81' lang='lat' dir='ltr'><strong>angelicis</strong></span> <span class='ocrx_word' id='word_1_190' title='bbox 3231 1126 3548 1192; x_wconf 82' lang='lat' dir='ltr'><strong>corporibus</strong></span> 
     </span>
    </p>
   </div>
   <div class='ocr_carea' id='block_1_27' title="bbox 1962 1210 3550 1282">
    <p class='ocr_par' dir='ltr' id='par_1_27' title="bbox 1962 1210 3550 1282">
     <span class='ocr_line' id='line_1_27' title="bbox 1962 1210 3550 1282; baseline -0.001 -13"><span class='ocrx_word' id='word_1_191' title='bbox 1962 1213 2366 1277; x_wconf 88' lang='lat' dir='ltr'><strong>assimilabitur,</strong></span> <span class='ocrx_word' id='word_1_192' title='bbox 2386 1213 2601 1282; x_wconf 87' lang='lat' dir='ltr'><strong>quando</strong></span> <span class='ocrx_word' id='word_1_193' title='bbox 2623 1211 2870 1267; x_wconf 83' lang='lat' dir='ltr'><strong>homines</strong></span> <span class='ocrx_word' id='word_1_194' title='bbox 2891 1210 3131 1279; x_wconf 78' lang='lat' dir='ltr'><strong>aequales</strong></span> <span class='ocrx_word' id='word_1_195' title='bbox 3155 1210 3352 1279; x_wconf 77' lang='lat' dir='ltr'><strong>angelis</strong></span> <span class='ocrx_word' id='word_1_196' title='bbox 3374 1225 3550 1268; x_wconf 79' lang='lat' dir='ltr'><strong>ertml.</strong></span> 
     </span>
    </p>
   </div>
   <div class='ocr_carea' id='block_1_28' title="bbox 1963 1302 3554 1375">
    <p class='ocr_par' dir='ltr' id='par_1_28' title="bbox 1963 1302 3554 1375">
     <span class='ocr_line' id='line_1_28' title="bbox 1963 1302 3554 1375; baseline -0.001 -15"><span class='ocrx_word' id='word_1_197' title='bbox 1963 1302 2118 1360; x_wconf 81' lang='lat' dir='ltr'><strong>Nulla</strong></span> <span class='ocrx_word' id='word_1_198' title='bbox 2146 1305 2325 1375; x_wconf 87' lang='lat' dir='ltr'><strong>itaque</strong></span> <span class='ocrx_word' id='word_1_199' title='bbox 2355 1304 2496 1359; x_wconf 86' lang='lat' dir='ltr'><strong>ratio</strong></span> <span class='ocrx_word' id='word_1_200' title='bbox 2527 1302 2682 1357; x_wconf 90' lang='lat' dir='ltr'><strong>nobis</strong></span> <span class='ocrx_word' id='word_1_201' title='bbox 2712 1302 2913 1365; x_wconf 87' lang='lat' dir='ltr'><strong>obstat,</strong></span> <span class='ocrx_word' id='word_1_202' title='bbox 2940 1312 2997 1355; x_wconf 93' lang='lat' dir='ltr'><strong>ut</strong></span> <span class='ocrx_word' id='word_1_203' title='bbox 3029 1318 3134 1356; x_wconf 91' lang='lat' dir='ltr'><strong>non</strong></span> <span class='ocrx_word' id='word_1_204' title='bbox 3179 1303 3554 1359; x_wconf 85' lang='lat' dir='ltr'><strong>incunctanter</strong></span> 
     </span>
    </p>
   </div>
   <div class='ocr_carea' id='block_1_29' title="bbox 1964 1393 3555 1466">
    <p class='ocr_par' dir='ltr' id='par_1_29' title="bbox 1964 1393 3555 1466">
     <span class='ocr_line' id='line_1_29' title="bbox 1964 1393 3555 1466; baseline 0.001 -16"><span class='ocrx_word' id='word_1_205' title='bbox 1964 1405 2019 1450; x_wconf 90' lang='lat' dir='ltr'><strong>et</strong></span> <span class='ocrx_word' id='word_1_206' title='bbox 2047 1395 2332 1451; x_wconf 87' lang='lat' dir='ltr'><strong>credamus</strong></span> <span class='ocrx_word' id='word_1_207' title='bbox 2354 1404 2408 1450; x_wconf 90' lang='lat' dir='ltr'><strong>et</strong></span> <span class='ocrx_word' id='word_1_208' title='bbox 2451 1395 2831 1466; x_wconf 84' lang='lat' dir='ltr'><strong>intelligamus,</strong></span> <span class='ocrx_word' id='word_1_209' title='bbox 2863 1393 3150 1447; x_wconf 88' lang='lat' dir='ltr'><strong>Dominum</strong></span> <span class='ocrx_word' id='word_1_210' title='bbox 3183 1406 3430 1449; x_wconf 89' lang='lat' dir='ltr'><strong>nostrum</strong></span> <span class='ocrx_word' id='word_1_211' title='bbox 3467 1396 3555 1452; x_wconf 51' lang='lat' dir='ltr'><strong>.le&#39;</strong></span> 
     </span>
    </p>
   </div>
   <div class='ocr_carea' id='block_1_30' title="bbox 1967 1482 3556 1560">
    <p class='ocr_par' dir='ltr' id='par_1_30' title="bbox 1967 1482 3556 1560">
     <span class='ocr_line' id='line_1_30' title="bbox 1967 1482 3556 1560; baseline 0.003 -19"><span class='ocrx_word' id='word_1_212' title='bbox 1967 1502 2085 1541; x_wconf 90' lang='lat' dir='ltr'><strong>sum</strong></span> <span class='ocrx_word' id='word_1_213' title='bbox 2113 1482 2388 1541; x_wconf 87' lang='lat' dir='ltr'><strong>Christum</strong></span> <span class='ocrx_word' id='word_1_214' title='bbox 2424 1484 2476 1539; x_wconf 90' lang='lat' dir='ltr'><strong>in</strong></span> <span class='ocrx_word' id='word_1_215' title='bbox 2510 1484 2720 1541; x_wconf 88' lang='lat' dir='ltr'><strong>duabus</strong></span> <span class='ocrx_word' id='word_1_216' title='bbox 2765 1486 2878 1541; x_wconf 87' lang='lat' dir='ltr'><strong>suis</strong></span> <span class='ocrx_word' id='word_1_217' title='bbox 2909 1488 3138 1551; x_wconf 87' lang='lat' dir='ltr'><strong>naturis,</strong></span> <span class='ocrx_word' id='word_1_218' title='bbox 3180 1488 3232 1542; x_wconf 91' lang='lat' dir='ltr'><strong>in</strong></span> <span class='ocrx_word' id='word_1_219' title='bbox 3277 1489 3556 1560; x_wconf 81' lang='lat' dir='ltr'><strong>insepara-</strong></span> 
     </span>
    </p>
   </div>
   <div class='ocr_carea' id='block_1_31' title="bbox 1965 1577 3558 1649">
    <p class='ocr_par' dir='ltr' id='par_1_31' title="bbox 1965 1577 3558 1649">
     <span class='ocr_line' id='line_1_31' title="bbox 1965 1577 3558 1649; baseline 0.001 -14"><span class='ocrx_word' id='word_1_220' title='bbox 1965 1578 2126 1635; x_wconf 89' lang='lat' dir='ltr'><strong>bilem</strong></span> <span class='ocrx_word' id='word_1_221' title='bbox 2152 1594 2302 1634; x_wconf 89' lang='lat' dir='ltr'><strong>suam</strong></span> <span class='ocrx_word' id='word_1_222' title='bbox 2334 1577 2696 1633; x_wconf 87' lang='lat' dir='ltr'><strong>substantiam</strong></span> <span class='ocrx_word' id='word_1_223' title='bbox 2721 1578 2997 1642; x_wconf 89' lang='lat' dir='ltr'><strong>adunatis,</strong></span> <span class='ocrx_word' id='word_1_224' title='bbox 3030 1580 3229 1649; x_wconf 89' lang='lat' dir='ltr'><strong>ubique</strong></span> <span class='ocrx_word' id='word_1_225' title='bbox 3262 1597 3402 1647; x_wconf 88' lang='lat' dir='ltr'><strong>esse,</strong></span> <span class='ocrx_word' id='word_1_226' title='bbox 3446 1582 3558 1637; x_wconf 86' lang='lat' dir='ltr'><strong>nul-</strong></span> 
     </span>
    </p>
   </div>
   <div class='ocr_carea' id='block_1_32' title="bbox 1969 1666 3537 1741">
    <p class='ocr_par' dir='ltr' id='par_1_32' title="bbox 1969 1666 3537 1741">
     <span class='ocr_line' id='line_1_32' title="bbox 1969 1666 3537 1741; baseline 0.004 -20"><span class='ocrx_word' id='word_1_227' title='bbox 1969 1666 2187 1739; x_wconf 90' lang='lat' dir='ltr'><strong>lamque</strong></span> <span class='ocrx_word' id='word_1_228' title='bbox 2209 1669 2293 1724; x_wconf 89' lang='lat' dir='ltr'><strong>sui</strong></span> <span class='ocrx_word' id='word_1_229' title='bbox 2321 1677 2529 1739; x_wconf 88' lang='lat' dir='ltr'><strong>partem</strong></span> <span class='ocrx_word' id='word_1_230' title='bbox 2554 1667 2660 1723; x_wconf 91' lang='lat' dir='ltr'><strong>ullo</strong></span> <span class='ocrx_word' id='word_1_231' title='bbox 2682 1667 2767 1723; x_wconf 85' lang='lat' dir='ltr'><strong>vel</strong></span> <span class='ocrx_word' id='word_1_232' title='bbox 2788 1668 2907 1738; x_wconf 78' lang='lat' dir='ltr'><strong>loco</strong></span> <span class='ocrx_word' id='word_1_233' title='bbox 2935 1668 3018 1724; x_wconf 86' lang='lat' dir='ltr'><strong>vel</strong></span> <span class='ocrx_word' id='word_1_234' title='bbox 3056 1680 3316 1741; x_wconf 90' lang='lat' dir='ltr'><strong>tempore,</strong></span> <span class='ocrx_word' id='word_1_235' title='bbox 3344 1687 3437 1726; x_wconf 91' lang='lat' dir='ltr'><strong>seu</strong></span> <span class='ocrx_word' id='word_1_236' title='bbox 3468 1672 3537 1727; x_wconf 86' lang='lat' dir='ltr'><strong>ali</strong></span> 
     </span>
    </p>
   </div>
   <div class='ocr_carea' id='block_1_33' title="bbox 271 1758 3557 1840">
    <p class='ocr_par' dir='ltr' id='par_1_33' title="bbox 271 1758 3557 1840">
     <span class='ocr_line' id='line_1_33' title="bbox 271 1758 3557 1840; baseline -0 -23"><span class='ocrx_word' id='word_1_237' title='bbox 271 1767 585 1823; x_wconf 75' lang='lat' dir='ltr'><strong>sensibilcm</strong></span> <span class='ocrx_word' id='word_1_238' title='bbox 620 1784 1004 1839; x_wconf 73' lang='lat' dir='ltr'><strong>corporeamve</strong></span> <span class='ocrx_word' id='word_1_239' title='bbox 1050 1785 1192 1838; x_wconf 63' lang='lat' dir='ltr'><strong>esse,</strong></span> <span class='ocrx_word' id='word_1_240' title='bbox 1235 1769 1369 1825; x_wconf 67' lang='lat' dir='ltr'><strong>locis</strong></span> <span class='ocrx_word' id='word_1_241' title='bbox 1402 1769 1865 1840; x_wconf 64' lang='lat' dir='ltr'><strong>temporibusque,</strong></span> <span class='ocrx_word' id='word_1_242' title='bbox 1896 1758 1941 1820; x_wconf 85' lang='grc' dir='ltr'>Β</span> <span class='ocrx_word' id='word_1_243' title='bbox 1969 1775 2078 1830; x_wconf 92' lang='lat' dir='ltr'><strong>quo</strong></span> <span class='ocrx_word' id='word_1_244' title='bbox 2128 1760 2309 1826; x_wconf 88' lang='lat' dir='ltr'><strong>modo,</strong></span> <span class='ocrx_word' id='word_1_245' title='bbox 2368 1775 2475 1829; x_wconf 89' lang='lat' dir='ltr'><strong>quo</strong></span> <span class='ocrx_word' id='word_1_246' title='bbox 2526 1770 2773 1815; x_wconf 86' lang='lat' dir='ltr'><strong>creatura</strong></span> <span class='ocrx_word' id='word_1_247' title='bbox 2825 1761 3104 1826; x_wconf 87' lang='lat' dir='ltr'><strong>delinitur,</strong></span> <span class='ocrx_word' id='word_1_248' title='bbox 3159 1763 3557 1817; x_wconf 77' lang='lat' dir='ltr'><strong>circumscribi.</strong></span> 
     </span>
    </p>
   </div>
   <div class='ocr_carea' id='block_1_34' title="bbox 273 1858 1863 1930">
    <p class='ocr_par' dir='ltr' id='par_1_34' title="bbox 273 1858 1863 1930">
     <span class='ocr_line' id='line_1_34' title="bbox 273 1858 1863 1930; baseline -0.001 -18"><span class='ocrx_word' id='word_1_249' title='bbox 273 1858 712 1930; x_wconf 72' lang='lat' dir='ltr'><strong>generationibus</strong></span> <span class='ocrx_word' id='word_1_250' title='bbox 740 1869 796 1914; x_wconf 88' lang='lat' dir='ltr'><strong>et</strong></span> <span class='ocrx_word' id='word_1_251' title='bbox 834 1861 1272 1929; x_wconf 90' lang='lat' dir='ltr'><strong>corruptionibus</strong></span> <span class='ocrx_word' id='word_1_252' title='bbox 1301 1860 1590 1923; x_wconf 86' lang='lat' dir='ltr'><strong>subditam,</strong></span> <span class='ocrx_word' id='word_1_253' title='bbox 1618 1874 1744 1914; x_wconf 88' lang='lat' dir='ltr'><strong>vera</strong></span> <span class='ocrx_word' id='word_1_254' title='bbox 1780 1874 1863 1912; x_wconf 88' lang='lat' dir='ltr'><strong>ra-</strong></span> 
     </span>
    </p>
   </div>
   <div class='ocr_carea' id='block_1_35' title="bbox 278 1950 1860 2022">
    <p class='ocr_par' dir='ltr' id='par_1_35' title="bbox 278 1950 1860 2022">
     <span class='ocr_line' id='line_1_35' title="bbox 278 1950 1860 2022; baseline -0.001 -17"><span class='ocrx_word' id='word_1_255' title='bbox 278 1961 429 2007; x_wconf 80' lang='lat' dir='ltr'><strong>tione</strong></span> <span class='ocrx_word' id='word_1_256' title='bbox 459 1952 919 2022; x_wconf 78' lang='lat' dir='ltr'><strong>elongatus,omni</strong></span> <span class='ocrx_word' id='word_1_257' title='bbox 962 1951 1258 2022; x_wconf 66' lang='lat' dir='ltr'><strong>responso“</strong></span> <span class='ocrx_word' id='word_1_258' title='bbox 1282 1952 1532 2022; x_wconf 78' lang='lat' dir='ltr'><strong>indignus</strong></span> <span class='ocrx_word' id='word_1_259' title='bbox 1566 1951 1798 2006; x_wconf 81' lang='lat' dir='ltr'><strong>ellieitur</strong></span> <span class='ocrx_word' id='word_1_260' title='bbox 1816 1950 1860 2013; x_wconf 75' lang='grc'>⁸,</span> 
     </span>
    </p>
   </div>
   <div class='ocr_carea' id='block_1_36' title="bbox 273 2042 1864 2114">
    <p class='ocr_par' dir='ltr' id='par_1_36' title="bbox 273 2042 1864 2114">
     <span class='ocr_line' id='line_1_36' title="bbox 273 2042 1864 2114; baseline -0.003 -16"><span class='ocrx_word' id='word_1_261' title='bbox 273 2044 527 2098; x_wconf 83' lang='lat' dir='ltr'><strong>omnibus</strong></span> <span class='ocrx_word' id='word_1_262' title='bbox 562 2042 799 2113; x_wconf 77' lang='lat' dir='ltr'><strong>physicis</strong></span> <span class='ocrx_word' id='word_1_263' title='bbox 830 2044 1165 2114; x_wconf 82' lang='lat' dir='ltr'><strong>sapientibus</strong></span> <span class='ocrx_word' id='word_1_264' title='bbox 1188 2043 1312 2097; x_wconf 89' lang='lat' dir='ltr'><strong>dum</strong></span> <span class='ocrx_word' id='word_1_265' title='bbox 1342 2042 1415 2098; x_wconf 83' lang='lat' dir='ltr'><strong>sit</strong></span> <span class='ocrx_word' id='word_1_266' title='bbox 1440 2043 1743 2109; x_wconf 70' lang='lat' dir='ltr'><strong>definitum,</strong></span> <span class='ocrx_word' id='word_1_267' title='bbox 1769 2056 1864 2095; x_wconf 57' lang='lat' dir='ltr'><strong>na-</strong></span> 
     </span>
    </p>
   </div>
   <div class='ocr_carea' id='block_1_37' title="bbox 273 2132 1861 2204">
    <p class='ocr_par' dir='ltr' id='par_1_37' title="bbox 273 2132 1861 2204">
     <span class='ocr_line' id='line_1_37' title="bbox 273 2132 1861 2204; baseline -0.003 -17"><span class='ocrx_word' id='word_1_268' title='bbox 273 2146 455 2188; x_wconf 80' lang='lat' dir='ltr'><strong>turam</strong></span> <span class='ocrx_word' id='word_1_269' title='bbox 483 2132 945 2203; x_wconf 87' lang='lat' dir='ltr'><strong>substantiamqne</strong></span> <span class='ocrx_word' id='word_1_270' title='bbox 984 2150 1272 2203; x_wconf 84' lang='lat' dir='ltr'><strong>corporum</strong></span> <span class='ocrx_word' id='word_1_271' title='bbox 1304 2135 1674 2204; x_wconf 86' lang='lat' dir='ltr'><strong>incorpoream</strong></span> <span class='ocrx_word' id='word_1_272' title='bbox 1722 2147 1861 2188; x_wconf 89' lang='lat' dir='ltr'><strong>esse.</strong></span> 
     </span>
    </p>
   </div>
   <div class='ocr_carea' id='block_1_38' title="bbox 280 2221 1867 2295">
    <p class='ocr_par' dir='ltr' id='par_1_38' title="bbox 280 2221 1867 2295">
     <span class='ocr_line' id='line_1_38' title="bbox 280 2221 1867 2295; baseline -0.001 -16"><span class='ocrx_word' id='word_1_273' title='bbox 280 2221 339 2279; x_wconf 80' lang='lat' dir='ltr'><strong>Si</strong></span> <span class='ocrx_word' id='word_1_274' title='bbox 372 2230 554 2278; x_wconf 84' lang='lat' dir='ltr'><strong>autem</strong></span> <span class='ocrx_word' id='word_1_275' title='bbox 586 2224 802 2288; x_wconf 73' lang='lat' dir='ltr'><strong>dixerit,</strong></span> <span class='ocrx_word' id='word_1_276' title='bbox 833 2240 1051 2278; x_wconf 89' lang='lat' dir='ltr'><strong>carnem</strong></span> <span class='ocrx_word' id='word_1_277' title='bbox 1099 2221 1300 2281; x_wconf 89' lang='lat' dir='ltr'><strong>Christi</strong></span> <span class='ocrx_word' id='word_1_278' title='bbox 1348 2235 1467 2295; x_wconf 87' lang='lat' dir='ltr'><strong>post</strong></span> <span class='ocrx_word' id='word_1_279' title='bbox 1512 2224 1867 2281; x_wconf 73' lang='lat' dir='ltr'><strong>resurrectio-</strong></span> 
     </span>
    </p>
   </div>
   <div class='ocr_carea' id='block_1_39' title="bbox 276 2310 1865 2386">
    <p class='ocr_par' dir='ltr' id='par_1_39' title="bbox 276 2310 1865 2386">
     <span class='ocr_line' id='line_1_39' title="bbox 276 2310 1865 2386; baseline 0.001 -18"><span class='ocrx_word' id='word_1_280' title='bbox 276 2330 404 2372; x_wconf 76' lang='lat' dir='ltr'><strong>nem</strong></span> <span class='ocrx_word' id='word_1_281' title='bbox 435 2317 577 2369; x_wconf 89' lang='lat' dir='ltr'><strong>intra</strong></span> <span class='ocrx_word' id='word_1_282' title='bbox 607 2314 866 2369; x_wconf 85' lang='lat' dir='ltr'><strong>ambitum</strong></span> <span class='ocrx_word' id='word_1_283' title='bbox 899 2310 1058 2385; x_wconf 90' lang='lat' dir='ltr'><strong>hujus</strong></span> <span class='ocrx_word' id='word_1_284' title='bbox 1102 2317 1344 2385; x_wconf 85' lang='lat' dir='ltr'><strong>corporei</strong></span> <span class='ocrx_word' id='word_1_285' title='bbox 1394 2316 1527 2371; x_wconf 72' lang='lat' dir='ltr'><strong>caeli</strong></span> <span class='ocrx_word' id='word_1_286' title='bbox 1585 2332 1753 2386; x_wconf 85' lang='lat' dir='ltr'><strong>usque</strong></span> <span class='ocrx_word' id='word_1_287' title='bbox 1798 2317 1865 2369; x_wconf 91' lang='lat' dir='ltr'><strong>ad</strong></span> 
     </span>
    </p>
   </div>
   <div class='ocr_carea' id='block_1_40' title="bbox 277 2402 1867 2474">
    <p class='ocr_par' dir='ltr' id='par_1_40' title="bbox 277 2402 1867 2474">
     <span class='ocr_line' id='line_1_40' title="bbox 277 2402 1867 2474; baseline 0.002 -15"><span class='ocrx_word' id='word_1_288' title='bbox 277 2407 424 2459; x_wconf 78' lang='lat' dir='ltr'><strong>diem</strong></span> <span class='ocrx_word' id='word_1_289' title='bbox 462 2402 649 2474; x_wconf 90' lang='lat' dir='ltr'><strong>judicii</strong></span> <span class='ocrx_word' id='word_1_290' title='bbox 700 2421 1051 2472; x_wconf 88' lang='lat' dir='ltr'><strong>mansuram,</strong></span> <span class='ocrx_word' id='word_1_291' title='bbox 1104 2422 1169 2461; x_wconf 88' lang='lat' dir='ltr'><strong>eo</strong></span> <span class='ocrx_word' id='word_1_292' title='bbox 1225 2423 1352 2462; x_wconf 86' lang='lat' dir='ltr'><strong>vero</strong></span> <span class='ocrx_word' id='word_1_293' title='bbox 1400 2406 1675 2463; x_wconf 85' lang='lat' dir='ltr'><strong>dcfecturo</strong></span> <span class='ocrx_word' id='word_1_294' title='bbox 1725 2408 1867 2462; x_wconf 90' lang='lat' dir='ltr'><strong>ultra</strong></span> 
     </span>
    </p>
   </div>
   <div class='ocr_carea' id='block_1_41' title="bbox 276 2500 1866 2573">
    <p class='ocr_par' dir='ltr' id='par_1_41' title="bbox 276 2500 1866 2573">
     <span class='ocr_line' id='line_1_41' title="bbox 276 2500 1866 2573; baseline 0.001 -18"><span class='ocrx_word' id='word_1_295' title='bbox 276 2502 462 2556; x_wconf 88' lang='lat' dir='ltr'><strong>omnia</strong></span> <span class='ocrx_word' id='word_1_296' title='bbox 500 2500 615 2557; x_wconf 85' lang='lat' dir='ltr'><strong>loca</strong></span> <span class='ocrx_word' id='word_1_297' title='bbox 643 2510 698 2558; x_wconf 90' lang='lat' dir='ltr'><strong>et</strong></span> <span class='ocrx_word' id='word_1_298' title='bbox 736 2508 1001 2573; x_wconf 89' lang='lat' dir='ltr'><strong>tempora.</strong></span> <span class='ocrx_word' id='word_1_299' title='bbox 1038 2503 1179 2557; x_wconf 88' lang='lat' dir='ltr'><strong>ultra</strong></span> <span class='ocrx_word' id='word_1_300' title='bbox 1211 2518 1399 2558; x_wconf 89' lang='lat' dir='ltr'><strong>omnes</strong></span> <span class='ocrx_word' id='word_1_301' title='bbox 1429 2503 1657 2558; x_wconf 77' lang='lat' dir='ltr'><strong>virtutes</strong></span> <span class='ocrx_word' id='word_1_302' title='bbox 1694 2502 1866 2558; x_wconf 85' lang='lat' dir='ltr'><strong>caele-</strong></span> 
     </span>
    </p>
   </div>
   <div class='ocr_carea' id='block_1_42' title="bbox 274 2593 1868 2667">
    <p class='ocr_par' dir='ltr' id='par_1_42' title="bbox 274 2593 1868 2667">
     <span class='ocr_line' id='line_1_42' title="bbox 274 2593 1868 2667; baseline -0.002 -17"><span class='ocrx_word' id='word_1_303' title='bbox 274 2602 392 2650; x_wconf 76' lang='lat' dir='ltr'><strong>stes</strong></span> <span class='ocrx_word' id='word_1_304' title='bbox 442 2608 810 2655; x_wconf 88' lang='lat' dir='ltr'><strong>ascensuram,</strong></span> <span class='ocrx_word' id='word_1_305' title='bbox 862 2596 1106 2665; x_wconf 79' lang='lat' dir='ltr'><strong>proiecto</strong></span> <span class='ocrx_word' id='word_1_306' title='bbox 1154 2611 1260 2649; x_wconf 89' lang='lat' dir='ltr'><strong>non</strong></span> <span class='ocrx_word' id='word_1_307' title='bbox 1306 2595 1575 2667; x_wconf 78' lang='lat' dir='ltr'><strong>intelligit,</strong></span> <span class='ocrx_word' id='word_1_308' title='bbox 1607 2598 1751 2664; x_wconf 88' lang='lat' dir='ltr'><strong>quod</strong></span> <span class='ocrx_word' id='word_1_309' title='bbox 1800 2593 1868 2648; x_wconf 88' lang='lat' dir='ltr'><strong>de</strong></span> 
     </span>
    </p>
   </div>
   <div class='ocr_carea' id='block_1_43' title="bbox 281 2684 1862 2752">
    <p class='ocr_par' dir='ltr' id='par_1_43' title="bbox 281 2684 1862 2752">
     <span class='ocr_line' id='line_1_43' title="bbox 281 2684 1862 2752; baseline -0.002 -10"><span class='ocrx_word' id='word_1_310' title='bbox 281 2696 399 2742; x_wconf 82' lang='lat' dir='ltr'><strong>tuto</strong></span> <span class='ocrx_word' id='word_1_311' title='bbox 447 2686 666 2741; x_wconf 84' lang='lat' dir='ltr'><strong>Christo</strong></span> <span class='ocrx_word' id='word_1_312' title='bbox 712 2687 976 2742; x_wconf 79' lang='lat' dir='ltr'><strong>catholica</strong></span> <span class='ocrx_word' id='word_1_313' title='bbox 1015 2686 1303 2742; x_wconf 80' lang='lat' dir='ltr'><strong>conﬁtetur</strong></span> <span class='ocrx_word' id='word_1_314' title='bbox 1346 2684 1610 2752; x_wconf 84' lang='lat' dir='ltr'><strong>Ecclesia,</strong></span> <span class='ocrx_word' id='word_1_315' title='bbox 1640 2688 1862 2743; x_wconf 86' lang='lat' dir='ltr'><strong>dicens:</strong></span> 
     </span>
    </p>
   </div>
   <div class='ocr_carea' id='block_1_44' title="bbox 281 2778 1869 2848">
    <p class='ocr_par' dir='ltr' id='par_1_44' title="bbox 281 2778 1869 2848">
     <span class='ocr_line' id='line_1_44' title="bbox 281 2778 1869 2848; baseline 0.003 -19"><span class='ocrx_word' id='word_1_316' title='bbox 281 2780 529 2832; x_wconf 75' lang='lat' dir='ltr'><strong>Ascendit</strong></span> <span class='ocrx_word' id='word_1_317' title='bbox 557 2779 613 2833; x_wconf 87' lang='lat' dir='ltr'><strong>in</strong></span> <span class='ocrx_word' id='word_1_318' title='bbox 641 2778 871 2845; x_wconf 83' lang='lat' dir='ltr'><strong>caelum,</strong></span> <span class='ocrx_word' id='word_1_319' title='bbox 896 2779 1036 2833; x_wconf 91' lang='lat' dir='ltr'><strong>sedet</strong></span> <span class='ocrx_word' id='word_1_320' title='bbox 1065 2779 1135 2833; x_wconf 83' lang='lat' dir='ltr'><strong>ad</strong></span> <span class='ocrx_word' id='word_1_321' title='bbox 1158 2779 1395 2834; x_wconf 77' lang='lat' dir='ltr'><strong>dextram</strong></span> <span class='ocrx_word' id='word_1_322' title='bbox 1419 2778 1618 2834; x_wconf 87' lang='lat' dir='ltr'><strong>Patris.</strong></span> <span class='ocrx_word' id='word_1_323' title='bbox 1662 2778 1727 2833; x_wconf 85' lang='lat' dir='ltr'><strong>Et</strong></span> <span class='ocrx_word' id='word_1_324' title='bbox 1747 2778 1869 2848; x_wconf 87' lang='lat' dir='ltr'><strong>quis</strong></span> 
     </span>
    </p>
   </div>
   <div class='ocr_carea' id='block_1_45' title="bbox 283 2865 1843 2932">
    <p class='ocr_par' dir='ltr' id='par_1_45' title="bbox 283 2865 1843 2932">
     <span class='ocr_line' id='line_1_45' title="bbox 283 2865 1843 2932; baseline -0.001 -10"><span class='ocrx_word' id='word_1_325' title='bbox 283 2867 395 2922; x_wconf 90' lang='lat' dir='ltr'><strong>nisi</strong></span> <span class='ocrx_word' id='word_1_326' title='bbox 427 2880 620 2922; x_wconf 88' lang='lat' dir='ltr'><strong>amens</strong></span> <span class='ocrx_word' id='word_1_327' title='bbox 650 2865 874 2932; x_wconf 67' lang='lat' dir='ltr'><strong>dixerit,</strong></span> <span class='ocrx_word' id='word_1_328' title='bbox 908 2867 1172 2921; x_wconf 81' lang='lat' dir='ltr'><strong>caelestes</strong></span> <span class='ocrx_word' id='word_1_329' title='bbox 1223 2870 1457 2922; x_wconf 81' lang='lat' dir='ltr'><strong>virtutes</strong></span> <span class='ocrx_word' id='word_1_330' title='bbox 1501 2869 1643 2922; x_wconf 78' lang='lat' dir='ltr'><strong>ultra</strong></span> <span class='ocrx_word' id='word_1_331' title='bbox 1697 2869 1843 2922; x_wconf 90' lang='lat' dir='ltr'><strong>hunc</strong></span> 
     </span>
    </p>
   </div>
   <div class='ocr_carea' id='block_1_46' title="bbox 280 2957 1852 3027">
    <p class='ocr_par' dir='ltr' id='par_1_46' title="bbox 280 2957 1852 3027">
     <span class='ocr_line' id='line_1_46' title="bbox 280 2957 1852 3027; baseline 0 -15"><span class='ocrx_word' id='word_1_332' title='bbox 280 2957 551 3012; x_wconf 87' lang='lat' dir='ltr'><strong>mundum</strong></span> <span class='ocrx_word' id='word_1_333' title='bbox 572 2972 714 3019; x_wconf 84' lang='lat' dir='ltr'><strong>esse,</strong></span> <span class='ocrx_word' id='word_1_334' title='bbox 738 2958 882 3010; x_wconf 83' lang='lat' dir='ltr'><strong>intra</strong></span> <span class='ocrx_word' id='word_1_335' title='bbox 904 2960 1079 3027; x_wconf 86' lang='lat' dir='ltr'><strong>ipsum</strong></span> <span class='ocrx_word' id='word_1_336' title='bbox 1102 2973 1231 3012; x_wconf 89' lang='lat' dir='ltr'><strong>vero</strong></span> <span class='ocrx_word' id='word_1_337' title='bbox 1248 2973 1466 3013; x_wconf 75' lang='lat' dir='ltr'><strong>carnem</strong></span> <span class='ocrx_word' id='word_1_338' title='bbox 1486 2957 1716 3022; x_wconf 84' lang='lat' dir='ltr'><strong>Christi,</strong></span> <span class='ocrx_word' id='word_1_339' title='bbox 1736 2973 1852 3013; x_wconf 86' lang='lat' dir='ltr'><strong>ver-</strong></span> 
     </span>
    </p>
   </div>
   <div class='ocr_carea' id='block_1_47' title="bbox 282 3046 1855 3118">
    <p class='ocr_par' dir='ltr' id='par_1_47' title="bbox 282 3046 1855 3118">
     <span class='ocr_line' id='line_1_47' title="bbox 282 3046 1855 3118; baseline 0.002 -18"><span class='ocrx_word' id='word_1_340' title='bbox 282 3062 403 3100; x_wconf 82' lang='lat' dir='ltr'><strong>sam</strong></span> <span class='ocrx_word' id='word_1_341' title='bbox 434 3048 542 3115; x_wconf 86' lang='lat' dir='ltr'><strong>jam</strong></span> <span class='ocrx_word' id='word_1_342' title='bbox 569 3046 621 3100; x_wconf 89' lang='lat' dir='ltr'><strong>in</strong></span> <span class='ocrx_word' id='word_1_343' title='bbox 647 3049 920 3115; x_wconf 87' lang='lat' dir='ltr'><strong>spiritum,</strong></span> <span class='ocrx_word' id='word_1_344' title='bbox 943 3050 1051 3102; x_wconf 88' lang='lat' dir='ltr'><strong>imo</strong></span> <span class='ocrx_word' id='word_1_345' title='bbox 1077 3050 1130 3101; x_wconf 90' lang='lat' dir='ltr'><strong>in</strong></span> <span class='ocrx_word' id='word_1_346' title='bbox 1163 3049 1339 3118; x_wconf 88' lang='lat' dir='ltr'><strong>ipsum</strong></span> <span class='ocrx_word' id='word_1_347' title='bbox 1369 3051 1558 3113; x_wconf 85' lang='lat' dir='ltr'><strong>Deum,</strong></span> <span class='ocrx_word' id='word_1_348' title='bbox 1586 3051 1855 3115; x_wconf 85' lang='lat' dir='ltr'><strong>detineri,</strong></span> 
     </span>
    </p>
   </div>
   <div class='ocr_carea' id='block_1_48' title="bbox 1970 1846 3557 1923">
    <p class='ocr_par' dir='ltr' id='par_1_48' title="bbox 1970 1846 3557 1923">
     <span class='ocr_line' id='line_1_48' title="bbox 1970 1846 3557 1923; baseline 0.003 -19"><span class='ocrx_word' id='word_1_349' title='bbox 1970 1848 2137 1906; x_wconf 84' lang='lat' dir='ltr'><strong>Totus</strong></span> <span class='ocrx_word' id='word_1_350' title='bbox 2153 1851 2296 1905; x_wconf 91' lang='lat' dir='ltr'><strong>enim</strong></span> <span class='ocrx_word' id='word_1_351' title='bbox 2323 1846 2467 1906; x_wconf 87' lang='lat' dir='ltr'><strong>Deus</strong></span> <span class='ocrx_word' id='word_1_352' title='bbox 2494 1861 2577 1906; x_wconf 91' lang='lat' dir='ltr'><strong>est</strong></span> <span class='ocrx_word' id='word_1_353' title='bbox 2610 1860 2756 1907; x_wconf 89' lang='lat' dir='ltr'><strong>totus</strong></span> <span class='ocrx_word' id='word_1_354' title='bbox 2783 1851 3001 1920; x_wconf 89' lang='lat' dir='ltr'><strong>ubique,</strong></span> <span class='ocrx_word' id='word_1_355' title='bbox 3023 1862 3167 1908; x_wconf 93' lang='lat' dir='ltr'><strong>totus</strong></span> <span class='ocrx_word' id='word_1_356' title='bbox 3189 1865 3352 1923; x_wconf 81' lang='lat' dir='ltr'><strong>sopor</strong></span> <span class='ocrx_word' id='word_1_357' title='bbox 3373 1868 3557 1918; x_wconf 75' lang='lat' dir='ltr'><strong>omne,</strong></span> 
     </span>
    </p>
   </div>
   <div class='ocr_carea' id='block_1_49' title="bbox 1968 1941 3554 2012">
    <p class='ocr_par' dir='ltr' id='par_1_49' title="bbox 1968 1941 3554 2012">
     <span class='ocr_line' id='line_1_49' title="bbox 1968 1941 3554 2012; baseline 0.004 -18"><span class='ocrx_word' id='word_1_358' title='bbox 1968 1942 2111 2012; x_wconf 93' lang='lat' dir='ltr'><strong>quod</strong></span> <span class='ocrx_word' id='word_1_359' title='bbox 2139 1942 2338 1996; x_wconf 87' lang='lat' dir='ltr'><strong>dicitur</strong></span> <span class='ocrx_word' id='word_1_360' title='bbox 2361 1950 2414 1997; x_wconf 89' lang='lat' dir='ltr'><strong>et</strong></span> <span class='ocrx_word' id='word_1_361' title='bbox 2440 1941 2775 2010; x_wconf 80' lang='lat' dir='ltr'><strong>intelligitur,</strong></span> <span class='ocrx_word' id='word_1_362' title='bbox 2803 1941 3093 2007; x_wconf 78' lang='lat' dir='ltr'><strong>esaltatus,</strong></span> <span class='ocrx_word' id='word_1_363' title='bbox 3129 1949 3273 1998; x_wconf 90' lang='lat' dir='ltr'><strong>totus</strong></span> <span class='ocrx_word' id='word_1_364' title='bbox 3300 1947 3351 1998; x_wconf 90' lang='lat' dir='ltr'><strong>in</strong></span> <span class='ocrx_word' id='word_1_365' title='bbox 3374 1943 3554 2005; x_wconf 72' lang='lat' dir='ltr'><strong>Patre.</strong></span> 
     </span>
    </p>
   </div>
   <div class='ocr_carea' id='block_1_50' title="bbox 1968 2027 3556 2099">
    <p class='ocr_par' dir='ltr' id='par_1_50' title="bbox 1968 2027 3556 2099">
     <span class='ocr_line' id='line_1_50' title="bbox 1968 2027 3556 2099; baseline 0.001 -10"><span class='ocrx_word' id='word_1_366' title='bbox 1968 2043 2166 2089; x_wconf 88' lang='lat' dir='ltr'><strong>etcum</strong></span> <span class='ocrx_word' id='word_1_367' title='bbox 2189 2027 2349 2088; x_wconf 83' lang='lat' dir='ltr'><strong>Patre</strong></span> <span class='ocrx_word' id='word_1_368' title='bbox 2392 2049 2555 2087; x_wconf 90' lang='lat' dir='ltr'><strong>unum</strong></span> <span class='ocrx_word' id='word_1_369' title='bbox 2602 2029 2849 2099; x_wconf 83' lang='lat' dir='ltr'><strong>ell‘ectus,</strong></span> <span class='ocrx_word' id='word_1_370' title='bbox 2879 2042 3022 2089; x_wconf 87' lang='lat' dir='ltr'><strong>totus</strong></span> <span class='ocrx_word' id='word_1_371' title='bbox 3049 2033 3191 2089; x_wconf 90' lang='lat' dir='ltr'><strong>Deus</strong></span> <span class='ocrx_word' id='word_1_372' title='bbox 3227 2036 3279 2089; x_wconf 92' lang='lat' dir='ltr'><strong>iu</strong></span> <span class='ocrx_word' id='word_1_373' title='bbox 3314 2045 3428 2090; x_wconf 89' lang='lat' dir='ltr'><strong>toto</strong></span> <span class='ocrx_word' id='word_1_374' title='bbox 3465 2037 3556 2091; x_wconf 41' lang='lat' dir='ltr'><strong>ho.</strong></span> 
     </span>
    </p>
   </div>
   <div class='ocr_carea' id='block_1_51' title="bbox 1969 2125 3558 2191">
    <p class='ocr_par' dir='ltr' id='par_1_51' title="bbox 1969 2125 3558 2191">
     <span class='ocr_line' id='line_1_51' title="bbox 1969 2125 3558 2191; baseline 0.002 -12"><span class='ocrx_word' id='word_1_375' title='bbox 1969 2128 2139 2190; x_wconf 88' lang='lat' dir='ltr'><strong>mine,</strong></span> <span class='ocrx_word' id='word_1_376' title='bbox 2169 2135 2223 2180; x_wconf 87' lang='lat' dir='ltr'><strong>et</strong></span> <span class='ocrx_word' id='word_1_377' title='bbox 2250 2134 2390 2179; x_wconf 83' lang='lat' dir='ltr'><strong>totus</strong></span> <span class='ocrx_word' id='word_1_378' title='bbox 2431 2125 2605 2179; x_wconf 76' lang='lat' dir='ltr'><strong>homo</strong></span> <span class='ocrx_word' id='word_1_379' title='bbox 2628 2126 2679 2179; x_wconf 90' lang='lat' dir='ltr'><strong>in</strong></span> <span class='ocrx_word' id='word_1_380' title='bbox 2711 2134 2821 2179; x_wconf 91' lang='lat' dir='ltr'><strong>toto</strong></span> <span class='ocrx_word' id='word_1_381' title='bbox 2856 2127 2984 2191; x_wconf 88' lang='lat' dir='ltr'><strong>Deo,</strong></span> <span class='ocrx_word' id='word_1_382' title='bbox 3029 2126 3328 2182; x_wconf 89' lang='lat' dir='ltr'><strong>rationibus</strong></span> <span class='ocrx_word' id='word_1_383' title='bbox 3362 2131 3558 2182; x_wconf 84' lang='lat' dir='ltr'><strong>utrius-</strong></span> 
     </span>
    </p>
   </div>
   <div class='ocr_carea' id='block_1_52' title="bbox 1970 2217 3556 2290">
    <p class='ocr_par' dir='ltr' id='par_1_52' title="bbox 1970 2217 3556 2290">
     <span class='ocr_line' id='line_1_52' title="bbox 1970 2217 3556 2290; baseline 0.005 -21"><span class='ocrx_word' id='word_1_384' title='bbox 1970 2233 2075 2288; x_wconf 90' lang='lat' dir='ltr'><strong>que</strong></span> <span class='ocrx_word' id='word_1_385' title='bbox 2127 2226 2355 2273; x_wconf 88' lang='lat' dir='ltr'><strong>naturae</strong></span> <span class='ocrx_word' id='word_1_386' title='bbox 2399 2219 2452 2271; x_wconf 92' lang='lat' dir='ltr'><strong>in</strong></span> <span class='ocrx_word' id='word_1_387' title='bbox 2504 2217 2811 2286; x_wconf 89' lang='lat' dir='ltr'><strong>semetipsis</strong></span> <span class='ocrx_word' id='word_1_388' title='bbox 2849 2220 3314 2290; x_wconf 77' lang='lat' dir='ltr'><strong>permanantibus.</strong></span> <span class='ocrx_word' id='word_1_389' title='bbox 3368 2220 3445 2276; x_wconf 78' lang='lat' dir='ltr'><strong>Ac</strong></span> <span class='ocrx_word' id='word_1_390' title='bbox 3475 2222 3556 2277; x_wconf 88' lang='lat' dir='ltr'><strong>sic</strong></span> 
     </span>
    </p>
   </div>
   <div class='ocr_carea' id='block_1_53' title="bbox 1906 2299 3560 2381">
    <p class='ocr_par' dir='ltr' id='par_1_53' title="bbox 1906 2299 3560 2381">
     <span class='ocr_line' id='line_1_53' title="bbox 1906 2299 3560 2381; baseline 0.002 -19"><span class='ocrx_word' id='word_1_391' title='bbox 1906 2318 1915 2325; x_wconf 81' lang='lat'><strong><em>&#39;</em></strong></span> <span class='ocrx_word' id='word_1_392' title='bbox 1972 2304 2313 2363; x_wconf 76' lang='lat' dir='ltr'><strong>ineﬂ‘abiliter</strong></span> <span class='ocrx_word' id='word_1_393' title='bbox 2352 2318 2407 2362; x_wconf 86' lang='lat' dir='ltr'><strong>et</strong></span> <span class='ocrx_word' id='word_1_394' title='bbox 2453 2307 2940 2379; x_wconf 79' lang='lat' dir='ltr'><strong>supernaturaliter</strong></span> <span class='ocrx_word' id='word_1_395' title='bbox 2983 2310 3151 2364; x_wconf 91' lang='lat' dir='ltr'><strong>nostri</strong></span> <span class='ocrx_word' id='word_1_396' title='bbox 3193 2299 3409 2381; x_wconf 84' lang='lat' dir='ltr'><strong>capitis</strong></span> <span class='ocrx_word' id='word_1_397' title='bbox 3437 2311 3560 2367; x_wconf 77' lang='lat' dir='ltr'><strong>har-</strong></span> 
     </span>
    </p>
   </div>
   <div class='ocr_carea' id='block_1_54' title="bbox 1973 2395 3555 2472">
    <p class='ocr_par' dir='ltr' id='par_1_54' title="bbox 1973 2395 3555 2472">
     <span class='ocr_line' id='line_1_54' title="bbox 1973 2395 3555 2472; baseline 0.004 -17"><span class='ocrx_word' id='word_1_398' title='bbox 1973 2401 2149 2455; x_wconf 84' lang='lat' dir='ltr'><strong>monia</strong></span> <span class='ocrx_word' id='word_1_399' title='bbox 2182 2408 2432 2470; x_wconf 87' lang='lat' dir='ltr'><strong>coaptata</strong></span> <span class='ocrx_word' id='word_1_400' title='bbox 2463 2409 2565 2462; x_wconf 86' lang='lat' dir='ltr'><strong>est,</strong></span> <span class='ocrx_word' id='word_1_401' title='bbox 2594 2395 2647 2454; x_wconf 90' lang='lat' dir='ltr'><strong>in</strong></span> <span class='ocrx_word' id='word_1_402' title='bbox 2680 2416 2840 2472; x_wconf 89' lang='lat' dir='ltr'><strong>quam</strong></span> <span class='ocrx_word' id='word_1_403' title='bbox 2878 2403 3060 2456; x_wconf 89' lang='lat' dir='ltr'><strong>omnia</strong></span> <span class='ocrx_word' id='word_1_404' title='bbox 3094 2404 3336 2459; x_wconf 91' lang='lat' dir='ltr'><strong>membra</strong></span> <span class='ocrx_word' id='word_1_405' title='bbox 3383 2403 3555 2472; x_wconf 87' lang='lat' dir='ltr'><strong>ipsius</strong></span> 
     </span>
    </p>
   </div>
   <div class='ocr_carea' id='block_1_55' title="bbox 1971 2486 3560 2563">
    <p class='ocr_par' dir='ltr' id='par_1_55' title="bbox 1971 2486 3560 2563">
     <span class='ocr_line' id='line_1_55' title="bbox 1971 2486 3560 2563; baseline 0.003 -19"><span class='ocrx_word' id='word_1_406' title='bbox 1971 2489 2070 2544; x_wconf 87' lang='lat' dir='ltr'><strong>sibi</strong></span> <span class='ocrx_word' id='word_1_407' title='bbox 2103 2488 2330 2544; x_wconf 89' lang='lat' dir='ltr'><strong>invicem</strong></span> <span class='ocrx_word' id='word_1_408' title='bbox 2358 2486 2658 2546; x_wconf 87' lang='lat' dir='ltr'><strong>coadunata</strong></span> <span class='ocrx_word' id='word_1_409' title='bbox 2710 2505 2993 2546; x_wconf 89' lang='lat' dir='ltr'><strong>reversura</strong></span> <span class='ocrx_word' id='word_1_410' title='bbox 3042 2500 3188 2557; x_wconf 88' lang='lat' dir='ltr'><strong>sunt,</strong></span> <span class='ocrx_word' id='word_1_411' title='bbox 3228 2495 3438 2563; x_wconf 79' lang='lat' dir='ltr'><strong>quando</strong></span> <span class='ocrx_word' id='word_1_412' title='bbox 3471 2510 3560 2550; x_wconf 85' lang='lat' dir='ltr'><strong>oc-</strong></span> 
     </span>
    </p>
   </div>
   <div class='ocr_carea' id='block_1_56' title="bbox 1970 2577 3557 2650">
    <p class='ocr_par' dir='ltr' id='par_1_56' title="bbox 1970 2577 3557 2650">
     <span class='ocr_line' id='line_1_56' title="bbox 1970 2577 3557 2650; baseline 0.001 -16"><span class='ocrx_word' id='word_1_413' title='bbox 1970 2588 2179 2634; x_wconf 80' lang='lat' dir='ltr'><strong>current</strong></span> <span class='ocrx_word' id='word_1_414' title='bbox 2230 2579 2283 2633; x_wconf 86' lang='lat' dir='ltr'><strong>in</strong></span> <span class='ocrx_word' id='word_1_415' title='bbox 2317 2580 2485 2633; x_wconf 85' lang='lat' dir='ltr'><strong>virum</strong></span> <span class='ocrx_word' id='word_1_416' title='bbox 2526 2579 2832 2650; x_wconf 82' lang='lat' dir='ltr'><strong>perfectum,</strong></span> <span class='ocrx_word' id='word_1_417' title='bbox 2870 2579 2924 2635; x_wconf 85' lang='lat' dir='ltr'><strong>in</strong></span> <span class='ocrx_word' id='word_1_418' title='bbox 2956 2577 3330 2650; x_wconf 78' lang='lat' dir='ltr'><strong>plenitudinem</strong></span> <span class='ocrx_word' id='word_1_419' title='bbox 3370 2586 3557 2636; x_wconf 70' lang='lat' dir='ltr'><strong>aetatis</strong></span> 
     </span>
    </p>
   </div>
   <div class='ocr_carea' id='block_1_57' title="bbox 1971 2664 3559 2736">
    <p class='ocr_par' dir='ltr' id='par_1_57' title="bbox 1971 2664 3559 2736">
     <span class='ocr_line' id='line_1_57' title="bbox 1971 2664 3559 2736; baseline 0.001 -12"><span class='ocrx_word' id='word_1_420' title='bbox 1971 2668 2184 2733; x_wconf 78' lang='lat' dir='ltr'><strong>Christi,</strong></span> <span class='ocrx_word' id='word_1_421' title='bbox 2218 2678 2274 2724; x_wconf 92' lang='lat' dir='ltr'><strong>et</strong></span> <span class='ocrx_word' id='word_1_422' title='bbox 2301 2685 2437 2725; x_wconf 90' lang='lat' dir='ltr'><strong>unus</strong></span> <span class='ocrx_word' id='word_1_423' title='bbox 2462 2664 2514 2724; x_wconf 86' lang='lat' dir='ltr'><strong>in</strong></span> <span class='ocrx_word' id='word_1_424' title='bbox 2541 2670 2812 2736; x_wconf 87' lang='lat' dir='ltr'><strong>omnibus,</strong></span> <span class='ocrx_word' id='word_1_425' title='bbox 2842 2681 2895 2725; x_wconf 89' lang='lat' dir='ltr'><strong>et</strong></span> <span class='ocrx_word' id='word_1_426' title='bbox 2921 2685 3110 2727; x_wconf 84' lang='lat' dir='ltr'><strong>omnes</strong></span> <span class='ocrx_word' id='word_1_427' title='bbox 3132 2668 3185 2726; x_wconf 90' lang='lat' dir='ltr'><strong>in</strong></span> <span class='ocrx_word' id='word_1_428' title='bbox 3208 2684 3315 2727; x_wconf 78' lang='lat' dir='ltr'><strong>tino</strong></span> <span class='ocrx_word' id='word_1_429' title='bbox 3335 2689 3496 2727; x_wconf 86' lang='lat' dir='ltr'><strong>unum</strong></span> <span class='ocrx_word' id='word_1_430' title='bbox 3514 2672 3559 2705; x_wconf 82' lang='lat'>&quot;</span> 
     </span>
    </p>
   </div>
   <div class='ocr_carea' id='block_1_58' title="bbox 1971 2761 3554 2834">
    <p class='ocr_par' dir='ltr' id='par_1_58' title="bbox 1971 2761 3554 2834">
     <span class='ocr_line' id='line_1_58' title="bbox 1971 2761 3554 2834; baseline 0 -18"><span class='ocrx_word' id='word_1_431' title='bbox 1971 2769 2025 2817; x_wconf 88' lang='lat' dir='ltr'><strong>et</strong></span> <span class='ocrx_word' id='word_1_432' title='bbox 2076 2762 2183 2816; x_wconf 89' lang='lat' dir='ltr'><strong>erit</strong></span> <span class='ocrx_word' id='word_1_433' title='bbox 2214 2768 2269 2817; x_wconf 90' lang='lat' dir='ltr'><strong>et</strong></span> <span class='ocrx_word' id='word_1_434' title='bbox 2298 2761 2600 2832; x_wconf 85' lang='lat' dir='ltr'><strong>apparebit,</strong></span> <span class='ocrx_word' id='word_1_435' title='bbox 2625 2769 2679 2817; x_wconf 90' lang='lat' dir='ltr'><strong>et</strong></span> <span class='ocrx_word' id='word_1_436' title='bbox 2709 2771 2868 2818; x_wconf 91' lang='lat' dir='ltr'><strong>erunt</strong></span> <span class='ocrx_word' id='word_1_437' title='bbox 2908 2770 2962 2817; x_wconf 91' lang='lat' dir='ltr'><strong>et</strong></span> <span class='ocrx_word' id='word_1_438' title='bbox 2987 2763 3318 2834; x_wconf 89' lang='lat' dir='ltr'><strong>apparebunt</strong></span> <span class='ocrx_word' id='word_1_439' title='bbox 3344 2763 3407 2818; x_wconf 81' lang='lat'><strong>&quot;.</strong></span> <span class='ocrx_word' id='word_1_440' title='bbox 3441 2763 3554 2819; x_wconf 79' lang='lat' dir='ltr'><strong>Neu</strong></span> 
     </span>
    </p>
   </div>
   <div class='ocr_carea' id='block_1_59' title="bbox 1970 2852 3549 2926">
    <p class='ocr_par' dir='ltr' id='par_1_59' title="bbox 1970 2852 3549 2926">
     <span class='ocr_line' id='line_1_59' title="bbox 1970 2852 3549 2926; baseline 0.001 -18"><span class='ocrx_word' id='word_1_441' title='bbox 1970 2852 2115 2908; x_wconf 88' lang='lat' dir='ltr'><strong>enim</strong></span> <span class='ocrx_word' id='word_1_442' title='bbox 2143 2852 2395 2907; x_wconf 88' lang='lat' dir='ltr'><strong>audiendi</strong></span> <span class='ocrx_word' id='word_1_443' title='bbox 2435 2860 2580 2920; x_wconf 90' lang='lat' dir='ltr'><strong>sunt,</strong></span> <span class='ocrx_word' id='word_1_444' title='bbox 2621 2853 2712 2922; x_wconf 91' lang='lat' dir='ltr'><strong>qui</strong></span> <span class='ocrx_word' id='word_1_445' title='bbox 2756 2852 2914 2908; x_wconf 89' lang='lat' dir='ltr'><strong>aliter</strong></span> <span class='ocrx_word' id='word_1_446' title='bbox 2940 2863 3137 2925; x_wconf 88' lang='lat' dir='ltr'><strong>putant</strong></span> <span class='ocrx_word' id='word_1_447' title='bbox 3162 2855 3549 2926; x_wconf 63' lang='lat' dir='ltr'><strong>accipiendum,</strong></span> 
     </span>
    </p>
   </div>
   <div class='ocr_carea' id='block_1_60' title="bbox 1972 2941 3560 3016">
    <p class='ocr_par' dir='ltr' id='par_1_60' title="bbox 1972 2941 3560 3016">
     <span class='ocr_line' id='line_1_60' title="bbox 1972 2941 3560 3016; baseline 0 -18"><span class='ocrx_word' id='word_1_448' title='bbox 1972 2945 2115 3016; x_wconf 90' lang='lat' dir='ltr'><strong>quod</strong></span> <span class='ocrx_word' id='word_1_449' title='bbox 2143 2945 2219 2999; x_wconf 89' lang='lat' dir='ltr'><strong>ait</strong></span> <span class='ocrx_word' id='word_1_450' title='bbox 2243 2941 2533 3015; x_wconf 79' lang='lat' dir='ltr'><strong>Apostolus</strong></span> <span class='ocrx_word' id='word_1_451' title='bbox 2559 2963 2571 2999; x_wconf 92' lang='lat'><strong>:</strong></span> <span class='ocrx_word' id='word_1_452' title='bbox 2608 2943 2783 2999; x_wconf 87' lang='lat' dir='ltr'><strong>Donec</strong></span> <span class='ocrx_word' id='word_1_453' title='bbox 2800 2956 3140 3000; x_wconf 80' lang='lat' dir='ltr'><strong>oceurramus</strong></span> <span class='ocrx_word' id='word_1_454' title='bbox 3168 2946 3420 3001; x_wconf 75' lang='lat' dir='ltr'><strong>amnesin</strong></span> <span class='ocrx_word' id='word_1_455' title='bbox 3443 2950 3560 3002; x_wconf 79' lang='lat' dir='ltr'><strong>uni-</strong></span> 
     </span>
    </p>
   </div>
   <div class='ocr_carea' id='block_1_61' title="bbox 1972 3034 3557 3110">
    <p class='ocr_par' dir='ltr' id='par_1_61' title="bbox 1972 3034 3557 3110">
     <span class='ocr_line' id='line_1_61' title="bbox 1972 3034 3557 3110; baseline 0.001 -18"><span class='ocrx_word' id='word_1_456' title='bbox 1972 3044 2134 3093; x_wconf 79' lang='lat' dir='ltr'><strong>tatem</strong></span> <span class='ocrx_word' id='word_1_457' title='bbox 2157 3038 2283 3108; x_wconf 76' lang='lat' dir='ltr'><strong>ﬁdei</strong></span> <span class='ocrx_word' id='word_1_458' title='bbox 2303 3048 2349 3092; x_wconf 89' lang='lat' dir='ltr'><strong>et</strong></span> <span class='ocrx_word' id='word_1_459' title='bbox 2370 3039 2685 3109; x_wconf 79' lang='lat' dir='ltr'><strong>cognitionis</strong></span> <span class='ocrx_word' id='word_1_460' title='bbox 2699 3036 2830 3091; x_wconf 80' lang='lat' dir='ltr'><strong>Filii</strong></span> <span class='ocrx_word' id='word_1_461' title='bbox 2852 3038 2969 3102; x_wconf 88' lang='lat' dir='ltr'><strong>Dei,</strong></span> <span class='ocrx_word' id='word_1_462' title='bbox 2986 3034 3041 3093; x_wconf 84' lang='lat' dir='ltr'><strong>in</strong></span> <span class='ocrx_word' id='word_1_463' title='bbox 3064 3041 3231 3093; x_wconf 87' lang='lat' dir='ltr'><strong>virum</strong></span> <span class='ocrx_word' id='word_1_464' title='bbox 3251 3044 3557 3110; x_wconf 74' lang='lat' dir='ltr'><strong>perlectum,</strong></span> 
     </span>
    </p>
   </div>
   <div class='ocr_carea' id='block_1_62' title="bbox 282 3124 3561 3209">
    <p class='ocr_par' dir='ltr' id='par_1_62' title="bbox 282 3124 3561 3209">
     <span class='ocr_line' id='line_1_62' title="bbox 282 3124 3561 3209; baseline 0 -23"><span class='ocrx_word' id='word_1_465' title='bbox 282 3148 409 3188; x_wconf 85' lang='lat' dir='ltr'><strong>cum</strong></span> <span class='ocrx_word' id='word_1_466' title='bbox 439 3133 748 3198; x_wconf 79' lang='lat' dir='ltr'><strong>videamus,</strong></span> <span class='ocrx_word' id='word_1_467' title='bbox 781 3135 1149 3189; x_wconf 80' lang='lat' dir='ltr'><strong>craSsissimas</strong></span> <span class='ocrx_word' id='word_1_468' title='bbox 1170 3138 1343 3190; x_wconf 85' lang='lat' dir='ltr'><strong>nubes</strong></span> <span class='ocrx_word' id='word_1_469' title='bbox 1384 3137 1550 3191; x_wconf 89' lang='lat' dir='ltr'><strong>solari</strong></span> <span class='ocrx_word' id='word_1_470' title='bbox 1579 3137 1703 3206; x_wconf 77' lang='lat' dir='ltr'><strong>igne</strong></span> <span class='ocrx_word' id='word_1_471' title='bbox 1729 3151 1852 3192; x_wconf 86' lang='lat' dir='ltr'><strong>con-</strong></span> <span class='ocrx_word' id='word_1_472' title='bbox 1893 3147 1943 3209; x_wconf 68' lang='grc' dir='ltr'><strong>ς</strong></span> <span class='ocrx_word' id='word_1_473' title='bbox 1972 3133 2026 3188; x_wconf 84' lang='lat' dir='ltr'><strong>in</strong></span> <span class='ocrx_word' id='word_1_474' title='bbox 2054 3149 2353 3189; x_wconf 76' lang='lat' dir='ltr'><strong>mensuram</strong></span> <span class='ocrx_word' id='word_1_475' title='bbox 2377 3136 2564 3188; x_wconf 82' lang='lat' dir='ltr'><strong>aetatis</strong></span> <span class='ocrx_word' id='word_1_476' title='bbox 2597 3124 2936 3203; x_wconf 81' lang='lat' dir='ltr'><strong>plenitudinis</strong></span> <span class='ocrx_word' id='word_1_477' title='bbox 2967 3132 3183 3187; x_wconf 74' lang='lat' dir='ltr'><strong>Clu-isti.</strong></span> <span class='ocrx_word' id='word_1_478' title='bbox 3216 3133 3561 3188; x_wconf 77' lang='lat' dir='ltr'><strong>Arbitrantur</strong></span> 
     </span>
    </p>
   </div>
   <div class='ocr_carea' id='block_1_63' title="bbox 281 3220 1849 3292">
    <p class='ocr_par' dir='ltr' id='par_1_63' title="bbox 281 3220 1849 3292">
     <span class='ocr_line' id='line_1_63' title="bbox 281 3220 1849 3292; baseline 0.001 -16"><span class='ocrx_word' id='word_1_479' title='bbox 281 3220 453 3280; x_wconf 79' lang='lat' dir='ltr'><strong>sumi,</strong></span> <span class='ocrx_word' id='word_1_480' title='bbox 482 3221 647 3287; x_wconf 51' lang='lat' dir='ltr'><strong>inque</strong></span> <span class='ocrx_word' id='word_1_481' title='bbox 677 3235 801 3272; x_wconf 88' lang='lat' dir='ltr'><strong>eum</strong></span> <span class='ocrx_word' id='word_1_482' title='bbox 829 3222 1110 3274; x_wconf 80' lang='lat' dir='ltr'><strong>converti?</strong></span> <span class='ocrx_word' id='word_1_483' title='bbox 1135 3222 1190 3275; x_wconf 85' lang='lat' dir='ltr'><strong>Si</strong></span> <span class='ocrx_word' id='word_1_484' title='bbox 1222 3225 1441 3288; x_wconf 77' lang='lat' dir='ltr'><strong>dixerit,</strong></span> <span class='ocrx_word' id='word_1_485' title='bbox 1468 3224 1598 3292; x_wconf 86' lang='lat' dir='ltr'><strong>quid</strong></span> <span class='ocrx_word' id='word_1_486' title='bbox 1629 3226 1849 3290; x_wconf 88' lang='lat' dir='ltr'><strong>tnirum,</strong></span> 
     </span>
    </p>
   </div>
   <div class='ocr_carea' id='block_1_64' title="bbox 283 3310 1849 3386">
    <p class='ocr_par' dir='ltr' id='par_1_64' title="bbox 283 3310 1849 3386">
     <span class='ocr_line' id='line_1_64' title="bbox 283 3310 1849 3386; baseline 0.004 -20"><span class='ocrx_word' id='word_1_487' title='bbox 283 3315 328 3367; x_wconf 85' lang='lat' dir='ltr'><strong>si</strong></span> <span class='ocrx_word' id='word_1_488' title='bbox 358 3310 641 3366; x_wconf 86' lang='lat' dir='ltr'><strong>Christum</strong></span> <span class='ocrx_word' id='word_1_489' title='bbox 668 3315 967 3366; x_wconf 77' lang='lat' dir='ltr'><strong>secundum</strong></span> <span class='ocrx_word' id='word_1_490' title='bbox 1001 3330 1217 3367; x_wconf 86' lang='lat' dir='ltr'><strong>carnem</strong></span> <span class='ocrx_word' id='word_1_491' title='bbox 1249 3317 1300 3368; x_wconf 92' lang='lat' dir='ltr'><strong>iu</strong></span> <span class='ocrx_word' id='word_1_492' title='bbox 1325 3314 1507 3384; x_wconf 88' lang='lat' dir='ltr'><strong>aliquo</strong></span> <span class='ocrx_word' id='word_1_493' title='bbox 1535 3316 1655 3369; x_wconf 88' lang='lat' dir='ltr'><strong>loco</strong></span> <span class='ocrx_word' id='word_1_494' title='bbox 1686 3316 1849 3386; x_wconf 84' lang='lat' dir='ltr'><strong>hujus</strong></span> 
     </span>
    </p>
   </div>
   <div class='ocr_carea' id='block_1_65' title="bbox 290 3402 1848 3475">
    <p class='ocr_par' dir='ltr' id='par_1_65' title="bbox 290 3402 1848 3475">
     <span class='ocr_line' id='line_1_65' title="bbox 290 3402 1848 3475; baseline 0.004 -16"><span class='ocrx_word' id='word_1_495' title='bbox 290 3407 548 3473; x_wconf 86' lang='lat' dir='ltr'><strong>corporei</strong></span> <span class='ocrx_word' id='word_1_496' title='bbox 584 3402 743 3467; x_wconf 82' lang='lat' dir='ltr'><strong>caeli,</strong></span> <span class='ocrx_word' id='word_1_497' title='bbox 766 3402 847 3460; x_wconf 89' lang='lat' dir='ltr'><strong>vel</strong></span> <span class='ocrx_word' id='word_1_498' title='bbox 875 3404 1187 3475; x_wconf 84' lang='lat' dir='ltr'><strong>ubicunque</strong></span> <span class='ocrx_word' id='word_1_499' title='bbox 1211 3406 1347 3461; x_wconf 87' lang='lat' dir='ltr'><strong>ineo</strong></span> <span class='ocrx_word' id='word_1_500' title='bbox 1375 3408 1630 3475; x_wconf 83' lang='lat' dir='ltr'><strong>voluerit,</strong></span> <span class='ocrx_word' id='word_1_501' title='bbox 1659 3407 1848 3465; x_wconf 73' lang='lat' dir='ltr'><strong>locali~</strong></span> 
     </span>
    </p>
   </div>
   <div class='ocr_carea' id='block_1_66' title="bbox 281 3493 1858 3560">
    <p class='ocr_par' dir='ltr' id='par_1_66' title="bbox 281 3493 1858 3560">
     <span class='ocr_line' id='line_1_66' title="bbox 281 3493 1858 3560; baseline 0.005 -12"><span class='ocrx_word' id='word_1_502' title='bbox 281 3504 365 3549; x_wconf 86' lang='lat' dir='ltr'><strong>ter</strong></span> <span class='ocrx_word' id='word_1_503' title='bbox 381 3493 402 3527; x_wconf 85' lang='grc'><strong>⁷</strong></span> <span class='ocrx_word' id='word_1_504' title='bbox 428 3504 574 3550; x_wconf 84' lang='lat' dir='ltr'><strong>stare</strong></span> <span class='ocrx_word' id='word_1_505' title='bbox 593 3496 676 3551; x_wconf 88' lang='lat' dir='ltr'><strong>vel</strong></span> <span class='ocrx_word' id='word_1_506' title='bbox 704 3500 903 3550; x_wconf 89' lang='lat' dir='ltr'><strong>moveri</strong></span> <span class='ocrx_word' id='word_1_507' title='bbox 928 3498 1241 3560; x_wconf 80' lang='lat' dir='ltr'><strong>credamus,</strong></span> <span class='ocrx_word' id='word_1_508' title='bbox 1261 3501 1566 3554; x_wconf 84' lang='lat' dir='ltr'><strong>secundum</strong></span> <span class='ocrx_word' id='word_1_509' title='bbox 1591 3517 1719 3557; x_wconf 87' lang='lat' dir='ltr'><strong>vero</strong></span> <span class='ocrx_word' id='word_1_510' title='bbox 1735 3502 1858 3557; x_wconf 79' lang='lat' dir='ltr'><strong>ani-</strong></span> 
     </span>
    </p>
   </div>
   <div class='ocr_carea' id='block_1_67' title="bbox 280 3589 1852 3659">
    <p class='ocr_par' dir='ltr' id='par_1_67' title="bbox 280 3589 1852 3659">
     <span class='ocr_line' id='line_1_67' title="bbox 280 3589 1852 3659; baseline 0.005 -18"><span class='ocrx_word' id='word_1_511' title='bbox 280 3604 429 3642; x_wconf 87' lang='lat' dir='ltr'><strong>mam</strong></span> <span class='ocrx_word' id='word_1_512' title='bbox 468 3589 553 3643; x_wconf 83' lang='lat' dir='ltr'><strong>vel</strong></span> <span class='ocrx_word' id='word_1_513' title='bbox 583 3589 925 3644; x_wconf 84' lang='lat' dir='ltr'><strong>divinitatem</strong></span> <span class='ocrx_word' id='word_1_514' title='bbox 956 3592 1158 3659; x_wconf 89' lang='lat' dir='ltr'><strong>ubique</strong></span> <span class='ocrx_word' id='word_1_515' title='bbox 1196 3606 1341 3654; x_wconf 79' lang='lat' dir='ltr'><strong>esse,</strong></span> <span class='ocrx_word' id='word_1_516' title='bbox 1372 3592 1415 3646; x_wconf 84' lang='lat' dir='ltr'><strong>si</strong></span> <span class='ocrx_word' id='word_1_517' title='bbox 1449 3602 1632 3648; x_wconf 87' lang='lat' dir='ltr'><strong>tamen</strong></span> <span class='ocrx_word' id='word_1_518' title='bbox 1667 3596 1852 3649; x_wconf 86' lang='lat' dir='ltr'><strong>anima</strong></span> 
     </span>
    </p>
   </div>
   <div class='ocr_carea' id='block_1_68' title="bbox 278 3676 1845 3756">
    <p class='ocr_par' dir='ltr' id='par_1_68' title="bbox 278 3676 1845 3756">
     <span class='ocr_line' id='line_1_68' title="bbox 278 3676 1845 3756; baseline 0.006 -22"><span class='ocrx_word' id='word_1_519' title='bbox 278 3683 424 3750; x_wconf 76' lang='lat' dir='ltr'><strong>ejus.</strong></span> <span class='ocrx_word' id='word_1_520' title='bbox 452 3677 595 3745; x_wconf 74' lang='lat' dir='ltr'><strong>sicut</strong></span> <span class='ocrx_word' id='word_1_521' title='bbox 626 3689 682 3735; x_wconf 88' lang='lat' dir='ltr'><strong>et</strong></span> <span class='ocrx_word' id='word_1_522' title='bbox 712 3679 997 3747; x_wconf 78' lang='lat' dir='ltr'><strong>divinitas,</strong></span> <span class='ocrx_word' id='word_1_523' title='bbox 1034 3676 1237 3752; x_wconf 82' lang='lat' dir='ltr'><strong>ubique</strong></span> <span class='ocrx_word' id='word_1_524' title='bbox 1276 3698 1533 3753; x_wconf 84' lang='lat' dir='ltr'><strong>praesens</strong></span> <span class='ocrx_word' id='word_1_525' title='bbox 1562 3695 1648 3740; x_wconf 89' lang='lat' dir='ltr'><strong>est</strong></span> <span class='ocrx_word' id='word_1_526' title='bbox 1678 3697 1845 3756; x_wconf 83' lang='lat' dir='ltr'><strong>atque</strong></span> 
     </span>
    </p>
   </div>
   <div class='ocr_carea' id='block_1_69' title="bbox 280 3770 1854 3847">
    <p class='ocr_par' dir='ltr' id='par_1_69' title="bbox 280 3770 1854 3847">
     <span class='ocr_line' id='line_1_69' title="bbox 280 3770 1854 3847; baseline 0.004 -20"><span class='ocrx_word' id='word_1_527' title='bbox 280 3772 485 3827; x_wconf 78' lang='lat' dir='ltr'><strong>diffusa</strong></span> <span class='ocrx_word' id='word_1_528' title='bbox 509 3812 523 3833; x_wconf 87' lang='lat'><strong>,</strong></span> <span class='ocrx_word' id='word_1_529' title='bbox 559 3789 681 3828; x_wconf 92' lang='lat' dir='ltr'><strong>cum</strong></span> <span class='ocrx_word' id='word_1_530' title='bbox 720 3770 990 3827; x_wconf 79' lang='lat' dir='ltr'><strong>fateantur</strong></span> <span class='ocrx_word' id='word_1_531' title='bbox 1024 3770 1081 3841; x_wconf 82' lang='grc'><strong>⁸,</strong></span> <span class='ocrx_word' id='word_1_532' title='bbox 1116 3776 1393 3844; x_wconf 76' lang='lat' dir='ltr'><strong>angelicos</strong></span> <span class='ocrx_word' id='word_1_533' title='bbox 1441 3778 1674 3847; x_wconf 85' lang='lat' dir='ltr'><strong>spiritus</strong></span> <span class='ocrx_word' id='word_1_534' title='bbox 1709 3780 1854 3835; x_wconf 82' lang='lat' dir='ltr'><strong>ultra</strong></span> 
     </span>
    </p>
   </div>
   <div class='ocr_carea' id='block_1_70' title="bbox 279 3868 1855 3936">
    <p class='ocr_par' dir='ltr' id='par_1_70' title="bbox 279 3868 1855 3936">
     <span class='ocr_line' id='line_1_70' title="bbox 279 3868 1855 3936; baseline 0.004 -17"><span class='ocrx_word' id='word_1_535' title='bbox 279 3880 505 3919; x_wconf 86' lang='lat' dir='ltr'><strong>omnem</strong></span> <span class='ocrx_word' id='word_1_536' title='bbox 542 3881 861 3934; x_wconf 83' lang='lat' dir='ltr'><strong>corpoream</strong></span> <span class='ocrx_word' id='word_1_537' title='bbox 898 3876 1205 3921; x_wconf 80' lang='lat' dir='ltr'><strong>creaturam</strong></span> <span class='ocrx_word' id='word_1_538' title='bbox 1245 3868 1583 3936; x_wconf 78' lang='lat' dir='ltr'><strong>subsistere,</strong></span> <span class='ocrx_word' id='word_1_539' title='bbox 1622 3879 1678 3924; x_wconf 86' lang='lat' dir='ltr'><strong>et</strong></span> <span class='ocrx_word' id='word_1_540' title='bbox 1713 3871 1855 3926; x_wconf 88' lang='lat' dir='ltr'><strong>ultra</strong></span> 
     </span>
    </p>
   </div>
   <div class='ocr_carea' id='block_1_71' title="bbox 278 3958 1851 4025">
    <p class='ocr_par' dir='ltr' id='par_1_71' title="bbox 278 3958 1851 4025">
     <span class='ocr_line' id='line_1_71' title="bbox 278 3958 1851 4025; baseline 0.003 -12"><span class='ocrx_word' id='word_1_541' title='bbox 278 3974 503 4013; x_wconf 86' lang='lat' dir='ltr'><strong>omnem</strong></span> <span class='ocrx_word' id='word_1_542' title='bbox 533 3960 709 4009; x_wconf 82' lang='lat' dir='ltr'><strong>locum</strong></span> <span class='ocrx_word' id='word_1_543' title='bbox 741 3958 1030 4013; x_wconf 81' lang='lat' dir='ltr'><strong>illocaliter</strong></span> <span class='ocrx_word' id='word_1_544' title='bbox 1062 3963 1290 4025; x_wconf 66' lang='lat' dir='ltr'><strong>numeri,</strong></span> <span class='ocrx_word' id='word_1_545' title='bbox 1326 3977 1518 4016; x_wconf 88' lang='lat' dir='ltr'><strong>eorum</strong></span> <span class='ocrx_word' id='word_1_546' title='bbox 1548 3977 1680 4017; x_wconf 87' lang='lat' dir='ltr'><strong>vero</strong></span> <span class='ocrx_word' id='word_1_547' title='bbox 1726 3978 1851 4018; x_wconf 86' lang='lat' dir='ltr'><strong>cor-</strong></span> 
     </span>
    </p>
   </div>
   <div class='ocr_carea' id='block_1_72' title="bbox 279 4038 1861 4123">
    <p class='ocr_par' dir='ltr' id='par_1_72' title="bbox 279 4038 1861 4123">
     <span class='ocr_line' id='line_1_72' title="bbox 279 4038 1861 4123; baseline 0.002 -18"><span class='ocrx_word' id='word_1_548' title='bbox 279 4068 442 4121; x_wconf 74' lang='lat' dir='ltr'><strong>pora,</strong></span> <span class='ocrx_word' id='word_1_549' title='bbox 476 4058 676 4118; x_wconf 73' lang='lat' dir='ltr'><strong>quibus</strong></span> <span class='ocrx_word' id='word_1_550' title='bbox 705 4053 1020 4107; x_wconf 76' lang='lat' dir='ltr'><strong>hominibus</strong></span> <span class='ocrx_word' id='word_1_551' title='bbox 1050 4054 1229 4108; x_wconf 81' lang='lat' dir='ltr'><strong>solent</strong></span> <span class='ocrx_word' id='word_1_552' title='bbox 1258 4038 1542 4123; x_wconf 79' lang='lat' dir='ltr'><strong>apparere,</strong></span> <span class='ocrx_word' id='word_1_553' title='bbox 1567 4065 1622 4110; x_wconf 90' lang='lat' dir='ltr'><strong>et</strong></span> <span class='ocrx_word' id='word_1_554' title='bbox 1647 4050 1861 4110; x_wconf 31' lang='lat' dir='ltr'><strong>iocalia&#39;</strong></span> 
     </span>
    </p>
   </div>
   <div class='ocr_carea' id='block_1_73' title="bbox 276 4143 1849 4211">
    <p class='ocr_par' dir='ltr' id='par_1_73' title="bbox 276 4143 1849 4211">
     <span class='ocr_line' id='line_1_73' title="bbox 276 4143 1849 4211; baseline 0.001 -12"><span class='ocrx_word' id='word_1_555' title='bbox 276 4155 487 4211; x_wconf 72' lang='lat' dir='ltr'><strong>esse,et</strong></span> <span class='ocrx_word' id='word_1_556' title='bbox 506 4146 648 4198; x_wconf 84' lang='lat' dir='ltr'><strong>intra</strong></span> <span class='ocrx_word' id='word_1_557' title='bbox 672 4143 934 4198; x_wconf 83' lang='lat' dir='ltr'><strong>ambitum</strong></span> <span class='ocrx_word' id='word_1_558' title='bbox 955 4144 1235 4199; x_wconf 70' lang='lat' dir='ltr'><strong>sensibilis</strong></span> <span class='ocrx_word' id='word_1_559' title='bbox 1252 4156 1531 4200; x_wconf 82' lang='lat' dir='ltr'><strong>creaturae</strong></span> <span class='ocrx_word' id='word_1_560' title='bbox 1555 4146 1849 4201; x_wconf 55' lang='lat' dir='ltr'><strong>contineri:</strong></span> 
     </span>
    </p>
   </div>
   <div class='ocr_carea' id='block_1_74' title="bbox 282 4237 1848 4308">
    <p class='ocr_par' dir='ltr' id='par_1_74' title="bbox 282 4237 1848 4308">
     <span class='ocr_line' id='line_1_74' title="bbox 282 4237 1848 4308; baseline 0.004 -21"><span class='ocrx_word' id='word_1_561' title='bbox 282 4238 704 4305; x_wconf 83' lang='lat' dir='ltr'><strong>respondemus,</strong></span> <span class='ocrx_word' id='word_1_562' title='bbox 726 4251 902 4306; x_wconf 87' lang='lat' dir='ltr'><strong>neque</strong></span> <span class='ocrx_word' id='word_1_563' title='bbox 919 4237 1192 4308; x_wconf 72' lang='lat' dir='ltr'><strong>angelicos</strong></span> <span class='ocrx_word' id='word_1_564' title='bbox 1211 4237 1456 4306; x_wconf 85' lang='lat' dir='ltr'><strong>spiritus,</strong></span> <span class='ocrx_word' id='word_1_565' title='bbox 1486 4254 1662 4308; x_wconf 87' lang='lat' dir='ltr'><strong>neque</strong></span> <span class='ocrx_word' id='word_1_566' title='bbox 1684 4242 1848 4308; x_wconf 89' lang='lat' dir='ltr'><strong>spiri-</strong></span> 
     </span>
    </p>
   </div>
   <div class='ocr_carea' id='block_1_75' title="bbox 282 4327 1853 4401">
    <p class='ocr_par' dir='ltr' id='par_1_75' title="bbox 282 4327 1853 4401">
     <span class='ocr_line' id='line_1_75' title="bbox 282 4327 1853 4401; baseline 0.008 -27"><span class='ocrx_word' id='word_1_567' title='bbox 282 4328 450 4381; x_wconf 72' lang='lat' dir='ltr'><strong>tnalm</strong></span> <span class='ocrx_word' id='word_1_568' title='bbox 476 4345 661 4381; x_wconf 72' lang='lat' dir='ltr'><strong>eorum</strong></span> <span class='ocrx_word' id='word_1_569' title='bbox 686 4343 943 4397; x_wconf 88' lang='lat' dir='ltr'><strong>corpora,</strong></span> <span class='ocrx_word' id='word_1_570' title='bbox 967 4344 1107 4397; x_wconf 86' lang='lat' dir='ltr'><strong>quae</strong></span> <span class='ocrx_word' id='word_1_571' title='bbox 1134 4327 1426 4384; x_wconf 84' lang='lat' dir='ltr'><strong>causaliter</strong></span> <span class='ocrx_word' id='word_1_572' title='bbox 1450 4330 1504 4382; x_wconf 91' lang='lat' dir='ltr'><strong>in</strong></span> <span class='ocrx_word' id='word_1_573' title='bbox 1530 4329 1666 4400; x_wconf 91' lang='lat' dir='ltr'><strong>ipsis</strong></span> <span class='ocrx_word' id='word_1_574' title='bbox 1689 4331 1853 4401; x_wconf 80' lang='lat' dir='ltr'><strong>spiri-</strong></span> 
     </span>
    </p>
   </div>
   <div class='ocr_carea' id='block_1_76' title="bbox 294 4413 1880 4487">
    <p class='ocr_par' dir='ltr' id='par_1_76' title="bbox 294 4413 1880 4487">
     <span class='ocr_line' id='line_1_76' title="bbox 294 4413 1880 4487; baseline 0.009 -24"><span class='ocrx_word' id='word_1_575' title='bbox 294 4413 447 4466; x_wconf 82' lang='lat' dir='ltr'><strong>tibus</strong></span> <span class='ocrx_word' id='word_1_576' title='bbox 487 4413 807 4480; x_wconf 84' lang='lat' dir='ltr'><strong>subsistunt,</strong></span> <span class='ocrx_word' id='word_1_577' title='bbox 865 4416 1004 4469; x_wconf 84' lang='lat' dir='ltr'><strong>intra</strong></span> <span class='ocrx_word' id='word_1_578' title='bbox 1054 4413 1203 4487; x_wconf 85' lang='lat' dir='ltr'><strong>septa</strong></span> <span class='ocrx_word' id='word_1_579' title='bbox 1262 4433 1555 4487; x_wconf 81' lang='lat' dir='ltr'><strong>corporeae</strong></span> <span class='ocrx_word' id='word_1_580' title='bbox 1598 4430 1880 4477; x_wconf 88' lang='lat' dir='ltr'><strong>creaturae</strong></span> 
     </span>
    </p>
   </div>
   <div class='ocr_carea' id='block_1_77' title="bbox 1972 3216 3560 3296">
    <p class='ocr_par' dir='ltr' id='par_1_77' title="bbox 1972 3216 3560 3296">
     <span class='ocr_line' id='line_1_77' title="bbox 1972 3216 3560 3296; baseline 0.001 -18"><span class='ocrx_word' id='word_1_581' title='bbox 1972 3226 2191 3296; x_wconf 82' lang='lat' dir='ltr'><strong>quippe,</strong></span> <span class='ocrx_word' id='word_1_582' title='bbox 2221 3226 2325 3280; x_wconf 91' lang='lat' dir='ltr'><strong>hoc</strong></span> <span class='ocrx_word' id='word_1_583' title='bbox 2364 3225 2567 3280; x_wconf 91' lang='lat' dir='ltr'><strong>dictum</strong></span> <span class='ocrx_word' id='word_1_584' title='bbox 2609 3224 2777 3280; x_wconf 82' lang='lat' dir='ltr'><strong>fuisse</strong></span> <span class='ocrx_word' id='word_1_585' title='bbox 2823 3216 2889 3280; x_wconf 87' lang='lat' dir='ltr'><strong>de</strong></span> <span class='ocrx_word' id='word_1_586' title='bbox 2933 3225 3170 3295; x_wconf 84' lang='lat' dir='ltr'><strong>perlecta</strong></span> <span class='ocrx_word' id='word_1_587' title='bbox 3202 3235 3411 3280; x_wconf 87' lang='lat' dir='ltr'><strong>statura</strong></span> <span class='ocrx_word' id='word_1_588' title='bbox 3439 3240 3560 3279; x_wconf 60' lang='lat' dir='ltr'><strong>coro</strong></span> 
     </span>
    </p>
   </div>
   <div class='ocr_carea' id='block_1_78' title="bbox 1973 3300 3560 3389">
    <p class='ocr_par' dir='ltr' id='par_1_78' title="bbox 1973 3300 3560 3389">
     <span class='ocr_line' id='line_1_78' title="bbox 1973 3300 3560 3389; baseline 0.001 -18"><span class='ocrx_word' id='word_1_589' title='bbox 1973 3317 2121 3389; x_wconf 90' lang='lat' dir='ltr'><strong>poris</strong></span> <span class='ocrx_word' id='word_1_590' title='bbox 2148 3316 2348 3374; x_wconf 83' lang='lat' dir='ltr'><strong>Christi</strong></span> <span class='ocrx_word' id='word_1_591' title='bbox 2394 3300 2850 3373; x_wconf 39' lang='lat' dir='ltr'><strong>tricesimo/anno</strong></span> <span class='ocrx_word' id='word_1_592' title='bbox 2893 3316 3090 3373; x_wconf 88' lang='lat' dir='ltr'><strong>aetatis</strong></span> <span class='ocrx_word' id='word_1_593' title='bbox 3118 3332 3248 3372; x_wconf 87' lang='lat' dir='ltr'><strong>suae</strong></span> <span class='ocrx_word' id='word_1_594' title='bbox 3279 3317 3331 3372; x_wconf 91' lang='lat' dir='ltr'><strong>in</strong></span> <span class='ocrx_word' id='word_1_595' title='bbox 3371 3332 3560 3380; x_wconf 83' lang='lat' dir='ltr'><strong>carne,</strong></span> 
     </span>
    </p>
   </div>
   <div class='ocr_carea' id='block_1_79' title="bbox 1975 3406 3564 3483">
    <p class='ocr_par' dir='ltr' id='par_1_79' title="bbox 1975 3406 3564 3483">
     <span class='ocr_line' id='line_1_79' title="bbox 1975 3406 3564 3483; baseline -0.002 -18"><span class='ocrx_word' id='word_1_596' title='bbox 1975 3406 2164 3483; x_wconf 89' lang='lat' dir='ltr'><strong>inqua</strong></span> <span class='ocrx_word' id='word_1_597' title='bbox 2194 3419 2402 3467; x_wconf 81' lang='lat' dir='ltr'><strong>statura</strong></span> <span class='ocrx_word' id='word_1_598' title='bbox 2446 3418 2501 3465; x_wconf 89' lang='lat' dir='ltr'><strong>et</strong></span> <span class='ocrx_word' id='word_1_599' title='bbox 2541 3412 2721 3466; x_wconf 84' lang='lat' dir='ltr'><strong>aetate</strong></span> <span class='ocrx_word' id='word_1_600' title='bbox 2764 3407 3033 3479; x_wconf 80' lang='lat' dir='ltr'><strong>corporali</strong></span> <span class='ocrx_word' id='word_1_601' title='bbox 3086 3423 3276 3463; x_wconf 89' lang='lat' dir='ltr'><strong>omnes</strong></span> <span class='ocrx_word' id='word_1_602' title='bbox 3320 3408 3564 3464; x_wconf 63' lang='lat' dir='ltr'><strong>homines</strong></span> 
     </span>
    </p>
   </div>
   <div class='ocr_carea' id='block_1_80' title="bbox 1975 3497 3564 3563">
    <p class='ocr_par' dir='ltr' id='par_1_80' title="bbox 1975 3497 3564 3563">
     <span class='ocr_line' id='line_1_80' title="bbox 1975 3497 3564 3563; baseline -0.005 -6"><span class='ocrx_word' id='word_1_603' title='bbox 1975 3509 2380 3557; x_wconf 90' lang='lat' dir='ltr'><strong>resurrecturos</strong></span> <span class='ocrx_word' id='word_1_604' title='bbox 2440 3504 2707 3557; x_wconf 84' lang='lat' dir='ltr'><strong>conantur</strong></span> <span class='ocrx_word' id='word_1_605' title='bbox 2752 3514 3017 3563; x_wconf 86' lang='lat' dir='ltr'><strong>asserere,</strong></span> <span class='ocrx_word' id='word_1_606' title='bbox 3064 3499 3180 3553; x_wconf 85' lang='lat' dir='ltr'><strong>sive</strong></span> <span class='ocrx_word' id='word_1_607' title='bbox 3218 3497 3261 3530; x_wconf 81' lang='grc'><strong>¹³</strong></span> <span class='ocrx_word' id='word_1_608' title='bbox 3310 3497 3564 3563; x_wconf 79' lang='lat' dir='ltr'><strong>abortivi,</strong></span> 
     </span>
    </p>
   </div>
   <div class='ocr_carea' id='block_1_81' title="bbox 1975 3586 3566 3666">
    <p class='ocr_par' dir='ltr' id='par_1_81' title="bbox 1975 3586 3566 3666">
     <span class='ocr_line' id='line_1_81' title="bbox 1975 3586 3566 3666; baseline -0.006 -16"><span class='ocrx_word' id='word_1_609' title='bbox 1975 3595 2169 3650; x_wconf 75' lang='lat' dir='ltr'><strong>sive“‘</strong></span> <span class='ocrx_word' id='word_1_610' title='bbox 2196 3593 2476 3666; x_wconf 89' lang='lat' dir='ltr'><strong>decrepiti,</strong></span> <span class='ocrx_word' id='word_1_611' title='bbox 2511 3594 2624 3650; x_wconf 86' lang='lat' dir='ltr'><strong>sive</strong></span> <span class='ocrx_word' id='word_1_612' title='bbox 2663 3593 2715 3647; x_wconf 92' lang='lat' dir='ltr'><strong>in</strong></span> <span class='ocrx_word' id='word_1_613' title='bbox 2739 3590 3067 3661; x_wconf 89' lang='lat' dir='ltr'><strong>quibuslibet</strong></span> <span class='ocrx_word' id='word_1_614' title='bbox 3103 3588 3453 3645; x_wconf 89' lang='lat' dir='ltr'><strong>incrementis</strong></span> <span class='ocrx_word' id='word_1_615' title='bbox 3473 3586 3566 3643; x_wconf 84' lang='lat' dir='ltr'><strong>de-</strong></span> 
     </span>
    </p>
   </div>
   <div class='ocr_carea' id='block_1_82' title="bbox 1978 3673 3563 3755">
    <p class='ocr_par' dir='ltr' id='par_1_82' title="bbox 1978 3673 3563 3755">
     <span class='ocr_line' id='line_1_82' title="bbox 1978 3673 3563 3755; baseline -0.006 -13"><span class='ocrx_word' id='word_1_616' title='bbox 1978 3687 2336 3742; x_wconf 87' lang='lat' dir='ltr'><strong>crementisve</strong></span> <span class='ocrx_word' id='word_1_617' title='bbox 2371 3688 2413 3719; x_wconf 84' lang='grc'><strong>¹³</strong></span> <span class='ocrx_word' id='word_1_618' title='bbox 2434 3673 2807 3755; x_wconf 85' lang='lat' dir='ltr'><strong>corporalibus</strong></span> <span class='ocrx_word' id='word_1_619' title='bbox 2859 3684 3139 3739; x_wconf 88' lang='lat' dir='ltr'><strong>solvantur</strong></span> <span class='ocrx_word' id='word_1_620' title='bbox 3175 3678 3223 3713; x_wconf 75' lang='grc'><strong>⁸⁵</strong></span> <span class='ocrx_word' id='word_1_621' title='bbox 3260 3697 3293 3737; x_wconf 86' lang='lat' dir='ltr'><strong>a</strong></span> <span class='ocrx_word' id='word_1_622' title='bbox 3319 3697 3563 3753; x_wconf 76' lang='lat' dir='ltr'><strong>corpore.</strong></span> 
     </span>
    </p>
   </div>
   <div class='ocr_carea' id='block_1_83' title="bbox 1979 3770 3566 3845">
    <p class='ocr_par' dir='ltr' id='par_1_83' title="bbox 1979 3770 3566 3845">
     <span class='ocr_line' id='line_1_83' title="bbox 1979 3770 3566 3845; baseline -0.003 -16"><span class='ocrx_word' id='word_1_623' title='bbox 1979 3774 2218 3842; x_wconf 86' lang='lat' dir='ltr'><strong>Quorum</strong></span> <span class='ocrx_word' id='word_1_624' title='bbox 2247 3772 2533 3830; x_wconf 83' lang='lat' dir='ltr'><strong>falsissima</strong></span> <span class='ocrx_word' id='word_1_625' title='bbox 2555 3776 2908 3831; x_wconf 83' lang='lat' dir='ltr'><strong>deliramenta</strong></span> <span class='ocrx_word' id='word_1_626' title='bbox 2934 3773 3104 3845; x_wconf 88' lang='lat' dir='ltr'><strong>ipsius</strong></span> <span class='ocrx_word' id='word_1_627' title='bbox 3128 3770 3377 3843; x_wconf 82' lang='lat' dir='ltr'><strong>Apostoli</strong></span> <span class='ocrx_word' id='word_1_628' title='bbox 3402 3780 3566 3827; x_wconf 81' lang='lat' dir='ltr'><strong>verba</strong></span> 
     </span>
    </p>
   </div>
   <div class='ocr_carea' id='block_1_84' title="bbox 1980 3865 3564 3940">
    <p class='ocr_par' dir='ltr' id='par_1_84' title="bbox 1980 3865 3564 3940">
     <span class='ocr_line' id='line_1_84' title="bbox 1980 3865 3564 3940; baseline -0.006 -11"><span class='ocrx_word' id='word_1_629' title='bbox 1980 3869 2422 3929; x_wconf 83' lang='lat' dir='ltr'><strong>manifestissime</strong></span> <span class='ocrx_word' id='word_1_630' title='bbox 2471 3872 2757 3927; x_wconf 91' lang='lat' dir='ltr'><strong>destruunt</strong></span> <span class='ocrx_word' id='word_1_631' title='bbox 2808 3880 2971 3940; x_wconf 86' lang='lat' dir='ltr'><strong>atque</strong></span> <span class='ocrx_word' id='word_1_632' title='bbox 3016 3869 3369 3925; x_wconf 90' lang='lat' dir='ltr'><strong>convincunt.</strong></span> <span class='ocrx_word' id='word_1_633' title='bbox 3446 3865 3564 3920; x_wconf 84' lang='lat' dir='ltr'><strong>Non</strong></span> 
     </span>
    </p>
   </div>
   <div class='ocr_carea' id='block_1_85' title="bbox 1978 3960 3565 4028">
    <p class='ocr_par' dir='ltr' id='par_1_85' title="bbox 1978 3960 3565 4028">
     <span class='ocr_line' id='line_1_85' title="bbox 1978 3960 3565 4028; baseline -0.007 -8"><span class='ocrx_word' id='word_1_634' title='bbox 1978 3964 2123 4020; x_wconf 88' lang='lat' dir='ltr'><strong>enim</strong></span> <span class='ocrx_word' id='word_1_635' title='bbox 2138 3962 2206 4019; x_wconf 90' lang='lat' dir='ltr'><strong>de</strong></span> <span class='ocrx_word' id='word_1_636' title='bbox 2230 3963 2578 4020; x_wconf 88' lang='lat' dir='ltr'><strong>incrementis</strong></span> <span class='ocrx_word' id='word_1_637' title='bbox 2593 3961 2788 4016; x_wconf 88' lang='lat' dir='ltr'><strong>Christi</strong></span> <span class='ocrx_word' id='word_1_638' title='bbox 2812 3960 3106 4016; x_wconf 87' lang='lat' dir='ltr'><strong>secundum</strong></span> <span class='ocrx_word' id='word_1_639' title='bbox 3134 3975 3381 4025; x_wconf 88' lang='lat' dir='ltr'><strong>carnem,</strong></span> <span class='ocrx_word' id='word_1_640' title='bbox 3402 3974 3565 4028; x_wconf 80' lang='lat' dir='ltr'><strong>quam</strong></span> 
     </span>
    </p>
   </div>
   <div class='ocr_carea' id='block_1_86' title="bbox 1979 4034 3569 4124">
    <p class='ocr_par' dir='ltr' id='par_1_86' title="bbox 1979 4034 3569 4124">
     <span class='ocr_line' id='line_1_86' title="bbox 1979 4034 3569 4124; baseline -0.006 -16"><span class='ocrx_word' id='word_1_641' title='bbox 1979 4060 2286 4124; x_wconf 82' lang='lat' dir='ltr'><strong>acceperat,</strong></span> <span class='ocrx_word' id='word_1_642' title='bbox 2326 4066 2419 4107; x_wconf 89' lang='lat' dir='ltr'><strong>seu</strong></span> <span class='ocrx_word' id='word_1_643' title='bbox 2474 4064 2728 4105; x_wconf 89' lang='lat' dir='ltr'><strong>mensura</strong></span> <span class='ocrx_word' id='word_1_644' title='bbox 2777 4047 2912 4116; x_wconf 88' lang='lat' dir='ltr'><strong>ejus,</strong></span> <span class='ocrx_word' id='word_1_645' title='bbox 2978 4048 3061 4102; x_wconf 88' lang='lat' dir='ltr'><strong>vel</strong></span> <span class='ocrx_word' id='word_1_646' title='bbox 3104 4057 3298 4107; x_wconf 86' lang='lat' dir='ltr'><strong>aetate.</strong></span> <span class='ocrx_word' id='word_1_647' title='bbox 3359 4034 3453 4101; x_wconf 88' lang='lat' dir='ltr'><strong>sed</strong></span> <span class='ocrx_word' id='word_1_648' title='bbox 3501 4048 3569 4100; x_wconf 82' lang='lat' dir='ltr'><strong>de</strong></span> 
     </span>
    </p>
   </div>
   <div class='ocr_carea' id='block_1_87' title="bbox 1980 4130 3567 4213">
    <p class='ocr_par' dir='ltr' id='par_1_87' title="bbox 1980 4130 3567 4213">
     <span class='ocr_line' id='line_1_87' title="bbox 1980 4130 3567 4213; baseline -0.006 -16"><span class='ocrx_word' id='word_1_649' title='bbox 1980 4157 2211 4213; x_wconf 87' lang='lat' dir='ltr'><strong>corpore</strong></span> <span class='ocrx_word' id='word_1_650' title='bbox 2257 4140 2390 4210; x_wconf 87' lang='lat' dir='ltr'><strong>ejus,</strong></span> <span class='ocrx_word' id='word_1_651' title='bbox 2422 4142 2564 4209; x_wconf 83' lang='lat' dir='ltr'><strong>quod</strong></span> <span class='ocrx_word' id='word_1_652' title='bbox 2595 4147 2677 4193; x_wconf 91' lang='lat' dir='ltr'><strong>est</strong></span> <span class='ocrx_word' id='word_1_653' title='bbox 2704 4137 2945 4193; x_wconf 82' lang='lat' dir='ltr'><strong>Ecclesia</strong></span> <span class='ocrx_word' id='word_1_654' title='bbox 2994 4135 3113 4205; x_wconf 90' lang='lat' dir='ltr'><strong>ejus</strong></span> <span class='ocrx_word' id='word_1_655' title='bbox 3138 4130 3202 4201; x_wconf 78' lang='lat'><strong>“‘,</strong></span> <span class='ocrx_word' id='word_1_656' title='bbox 3249 4135 3373 4190; x_wconf 85' lang='lat' dir='ltr'><strong>talia</strong></span> <span class='ocrx_word' id='word_1_657' title='bbox 3426 4136 3567 4189; x_wconf 69' lang='lat' dir='ltr'><strong>dicta</strong></span> 
     </span>
    </p>
   </div>
   <div class='ocr_carea' id='block_1_88' title="bbox 1982 4226 3570 4300">
    <p class='ocr_par' dir='ltr' id='par_1_88' title="bbox 1982 4226 3570 4300">
     <span class='ocr_line' id='line_1_88' title="bbox 1982 4226 3570 4300; baseline -0.007 -13"><span class='ocrx_word' id='word_1_658' title='bbox 1982 4241 2127 4287; x_wconf 91' lang='lat' dir='ltr'><strong>sunt.</strong></span> <span class='ocrx_word' id='word_1_659' title='bbox 2156 4227 2319 4297; x_wconf 91' lang='lat' dir='ltr'><strong>Cujus</strong></span> <span class='ocrx_word' id='word_1_660' title='bbox 2347 4229 2609 4300; x_wconf 87' lang='lat' dir='ltr'><strong>corporis,</strong></span> <span class='ocrx_word' id='word_1_661' title='bbox 2637 4227 2909 4284; x_wconf 81' lang='lat' dir='ltr'><strong>Ecclesiae</strong></span> <span class='ocrx_word' id='word_1_662' title='bbox 2940 4226 3208 4290; x_wconf 80' lang='lat' dir='ltr'><strong>videlicet,</strong></span> <span class='ocrx_word' id='word_1_663' title='bbox 3232 4239 3484 4280; x_wconf 82' lang='lat' dir='ltr'><strong>mensura</strong></span> <span class='ocrx_word' id='word_1_664' title='bbox 3513 4232 3570 4278; x_wconf 89' lang='lat' dir='ltr'><strong>et</strong></span> 
     </span>
    </p>
   </div>
   <div class='ocr_carea' id='block_1_89' title="bbox 1982 4316 3566 4394">
    <p class='ocr_par' dir='ltr' id='par_1_89' title="bbox 1982 4316 3566 4394">
     <span class='ocr_line' id='line_1_89' title="bbox 1982 4316 3566 4394; baseline -0.003 -16"><span class='ocrx_word' id='word_1_665' title='bbox 1982 4322 2242 4394; x_wconf 77' lang='lat' dir='ltr'><strong>perfectio</strong></span> <span class='ocrx_word' id='word_1_666' title='bbox 2269 4330 2324 4377; x_wconf 89' lang='lat' dir='ltr'><strong>et</strong></span> <span class='ocrx_word' id='word_1_667' title='bbox 2352 4321 2624 4392; x_wconf 87' lang='lat' dir='ltr'><strong>plenitudo</strong></span> <span class='ocrx_word' id='word_1_668' title='bbox 2647 4320 2843 4376; x_wconf 88' lang='lat' dir='ltr'><strong>aetatis</strong></span> <span class='ocrx_word' id='word_1_669' title='bbox 2865 4318 3160 4388; x_wconf 87' lang='lat' dir='ltr'><strong>spiritualis</strong></span> <span class='ocrx_word' id='word_1_670' title='bbox 3188 4316 3303 4388; x_wconf 89' lang='lat' dir='ltr'><strong>ipse</strong></span> <span class='ocrx_word' id='word_1_671' title='bbox 3325 4326 3433 4382; x_wconf 82' lang='lat' dir='ltr'><strong>est,</strong></span> <span class='ocrx_word' id='word_1_672' title='bbox 3471 4316 3566 4387; x_wconf 90' lang='lat' dir='ltr'><strong>qui</strong></span> 
     </span>
    </p>
   </div>
   <div class='ocr_carea' id='block_1_90' title="bbox 1982 4410 3573 4486">
    <p class='ocr_par' dir='ltr' id='par_1_90' title="bbox 1982 4410 3573 4486">
     <span class='ocr_line' id='line_1_90' title="bbox 1982 4410 3573 4486; baseline -0.003 -16"><span class='ocrx_word' id='word_1_673' title='bbox 1982 4423 2038 4470; x_wconf 91' lang='lat' dir='ltr'><strong>et</strong></span> <span class='ocrx_word' id='word_1_674' title='bbox 2063 4423 2223 4486; x_wconf 89' lang='lat' dir='ltr'><strong>caput</strong></span> <span class='ocrx_word' id='word_1_675' title='bbox 2255 4413 2707 4485; x_wconf 82' lang='lat' dir='ltr'><strong>perfectissimum</strong></span> <span class='ocrx_word' id='word_1_676' title='bbox 2742 4423 2797 4467; x_wconf 92' lang='lat' dir='ltr'><strong>et</strong></span> <span class='ocrx_word' id='word_1_677' title='bbox 2831 4410 3191 4467; x_wconf 90' lang='lat' dir='ltr'><strong>intellectuale</strong></span> <span class='ocrx_word' id='word_1_678' title='bbox 3222 4417 3305 4466; x_wconf 89' lang='lat' dir='ltr'><strong>est</strong></span> <span class='ocrx_word' id='word_1_679' title='bbox 3341 4410 3422 4466; x_wconf 89' lang='lat' dir='ltr'><strong>sui</strong></span> <span class='ocrx_word' id='word_1_680' title='bbox 3449 4424 3573 4465; x_wconf 88' lang='lat' dir='ltr'><strong>eor-</strong></span> 
     </span>
    </p>
   </div>
   <div class='ocr_carea' id='block_1_91' title="bbox 292 4496 3576 4582">
    <p class='ocr_par' dir='ltr' id='par_1_91' title="bbox 292 4496 3576 4582">
     <span class='ocr_line' id='line_1_91' title="bbox 292 4496 3576 4582; baseline 0 -28"><span class='ocrx_word' id='word_1_681' title='bbox 292 4503 520 4556; x_wconf 84' lang='lat' dir='ltr'><strong>on.nino</strong></span> <span class='ocrx_word' id='word_1_682' title='bbox 542 4506 946 4574; x_wconf 84' lang='lat' dir='ltr'><strong>comprehendi.</strong></span> <span class='ocrx_word' id='word_1_683' title='bbox 976 4506 1090 4561; x_wconf 81' lang='lat' dir='ltr'><strong>Non</strong></span> <span class='ocrx_word' id='word_1_684' title='bbox 1127 4509 1272 4565; x_wconf 86' lang='lat' dir='ltr'><strong>enim</strong></span> <span class='ocrx_word' id='word_1_685' title='bbox 1300 4511 1622 4576; x_wconf 86' lang='lat' dir='ltr'><strong>materialia,</strong></span> <span class='ocrx_word' id='word_1_686' title='bbox 1653 4528 1719 4568; x_wconf 79' lang='lat' dir='ltr'><strong>ex</strong></span> <span class='ocrx_word' id='word_1_687' title='bbox 1753 4528 1880 4582; x_wconf 84' lang='lat' dir='ltr'><strong>qua-</strong></span> <span class='ocrx_word' id='word_1_688' title='bbox 1908 4496 1959 4556; x_wconf 77' lang='grc' dir='ltr'><strong>Β</strong></span> <span class='ocrx_word' id='word_1_689' title='bbox 1984 4508 2134 4581; x_wconf 88' lang='lat' dir='ltr'><strong>poris</strong></span> <span class='ocrx_word' id='word_1_690' title='bbox 2164 4504 2562 4571; x_wconf 85' lang='lat' dir='ltr'><strong>intellectualis,</strong></span> <span class='ocrx_word' id='word_1_691' title='bbox 2589 4505 2679 4574; x_wconf 91' lang='lat' dir='ltr'><strong>qui</strong></span> <span class='ocrx_word' id='word_1_692' title='bbox 2704 4512 2789 4560; x_wconf 93' lang='lat' dir='ltr'><strong>est</strong></span> <span class='ocrx_word' id='word_1_693' title='bbox 2825 4502 2945 4558; x_wconf 88' lang='lat' dir='ltr'><strong>linis</strong></span> <span class='ocrx_word' id='word_1_694' title='bbox 2970 4500 3211 4557; x_wconf 89' lang='lat' dir='ltr'><strong>onmium</strong></span> <span class='ocrx_word' id='word_1_695' title='bbox 3236 4510 3292 4556; x_wconf 89' lang='lat' dir='ltr'><strong>et</strong></span> <span class='ocrx_word' id='word_1_696' title='bbox 3322 4516 3576 4556; x_wconf 78' lang='lat' dir='ltr'><strong>consum-</strong></span> 
     </span>
    </p>
   </div>
   <div class='ocr_carea' id='block_1_92' title="bbox 297 4590 1885 4674">
    <p class='ocr_par' dir='ltr' id='par_1_92' title="bbox 297 4590 1885 4674">
     <span class='ocr_line' id='line_1_92' title="bbox 297 4590 1885 4674; baseline 0.008 -30"><span class='ocrx_word' id='word_1_697' title='bbox 297 4590 542 4647; x_wconf 74' lang='lat' dir='ltr'><strong>litatilius</strong></span> <span class='ocrx_word' id='word_1_698' title='bbox 571 4597 756 4650; x_wconf 89' lang='lat' dir='ltr'><strong>mundi</strong></span> <span class='ocrx_word' id='word_1_699' title='bbox 786 4596 943 4663; x_wconf 86' lang='lat' dir='ltr'><strong>hujus</strong></span> <span class='ocrx_word' id='word_1_700' title='bbox 966 4597 1355 4655; x_wconf 85' lang='lat' dir='ltr'><strong>elementorum</strong></span> <span class='ocrx_word' id='word_1_701' title='bbox 1386 4602 1683 4673; x_wconf 85' lang='lat' dir='ltr'><strong>composita</strong></span> <span class='ocrx_word' id='word_1_702' title='bbox 1708 4603 1885 4674; x_wconf 84' lang='lat' dir='ltr'><strong>possi-</strong></span> 
     </span>
    </p>
   </div>
   <div class='ocr_carea' id='block_1_93' title="bbox 299 4686 1883 4758">
    <p class='ocr_par' dir='ltr' id='par_1_93' title="bbox 299 4686 1883 4758">
     <span class='ocr_line' id='line_1_93' title="bbox 299 4686 1883 4758; baseline 0.004 -16"><span class='ocrx_word' id='word_1_703' title='bbox 299 4686 430 4742; x_wconf 82' lang='lat' dir='ltr'><strong>dent</strong></span> <span class='ocrx_word' id='word_1_704' title='bbox 455 4699 705 4757; x_wconf 76' lang='lat' dir='ltr'><strong>Corpora,</strong></span> <span class='ocrx_word' id='word_1_705' title='bbox 737 4690 831 4744; x_wconf 90' lang='lat' dir='ltr'><strong>sed</strong></span> <span class='ocrx_word' id='word_1_706' title='bbox 862 4690 1182 4758; x_wconf 86' lang='lat' dir='ltr'><strong>spiritualia,</strong></span> <span class='ocrx_word' id='word_1_707' title='bbox 1211 4686 1574 4750; x_wconf 88' lang='lat' dir='ltr'><strong>iutellectibus</strong></span> <span class='ocrx_word' id='word_1_708' title='bbox 1612 4695 1728 4751; x_wconf 88' lang='lat' dir='ltr'><strong>suis</strong></span> <span class='ocrx_word' id='word_1_709' title='bbox 1752 4709 1883 4751; x_wconf 86' lang='lat' dir='ltr'><strong>coa-</strong></span> 
     </span>
    </p>
   </div>
   <div class='ocr_carea' id='block_1_94' title="bbox 296 4776 1882 4856">
    <p class='ocr_par' dir='ltr' id='par_1_94' title="bbox 296 4776 1882 4856">
     <span class='ocr_line' id='line_1_94' title="bbox 296 4776 1882 4856; baseline 0.009 -28"><span class='ocrx_word' id='word_1_710' title='bbox 296 4776 517 4840; x_wconf 84' lang='lat' dir='ltr'><strong>dnnata,</strong></span> <span class='ocrx_word' id='word_1_711' title='bbox 566 4780 620 4835; x_wconf 91' lang='lat' dir='ltr'><strong>in</strong></span> <span class='ocrx_word' id='word_1_712' title='bbox 662 4780 879 4851; x_wconf 88' lang='lat' dir='ltr'><strong>quibus,</strong></span> <span class='ocrx_word' id='word_1_713' title='bbox 906 4783 1140 4851; x_wconf 87' lang='lat' dir='ltr'><strong>quando,</strong></span> <span class='ocrx_word' id='word_1_714' title='bbox 1164 4792 1216 4838; x_wconf 90' lang='lat' dir='ltr'><strong>et</strong></span> <span class='ocrx_word' id='word_1_715' title='bbox 1245 4785 1358 4850; x_wconf 87' lang='lat' dir='ltr'><strong>ubi,</strong></span> <span class='ocrx_word' id='word_1_716' title='bbox 1408 4795 1463 4841; x_wconf 90' lang='lat' dir='ltr'><strong>et</strong></span> <span class='ocrx_word' id='word_1_717' title='bbox 1491 4788 1759 4856; x_wconf 90' lang='lat' dir='ltr'><strong>quomodo</strong></span> <span class='ocrx_word' id='word_1_718' title='bbox 1789 4802 1882 4842; x_wconf 86' lang='lat' dir='ltr'><strong>vo-</strong></span> 
     </span>
    </p>
   </div>
   <div class='ocr_carea' id='block_1_95' title="bbox 295 4867 1881 4950">
    <p class='ocr_par' dir='ltr' id='par_1_95' title="bbox 295 4867 1881 4950">
     <span class='ocr_line' id='line_1_95' title="bbox 295 4867 1881 4950; baseline 0.007 -26"><span class='ocrx_word' id='word_1_719' title='bbox 295 4867 441 4932; x_wconf 86' lang='lat' dir='ltr'><strong>lunt.</strong></span> <span class='ocrx_word' id='word_1_720' title='bbox 473 4870 724 4929; x_wconf 86' lang='lat' dir='ltr'><strong>humanis</strong></span> <span class='ocrx_word' id='word_1_721' title='bbox 749 4874 997 4930; x_wconf 90' lang='lat' dir='ltr'><strong>sensibus</strong></span> <span class='ocrx_word' id='word_1_722' title='bbox 1032 4877 1100 4930; x_wconf 91' lang='lat' dir='ltr'><strong>ad</strong></span> <span class='ocrx_word' id='word_1_723' title='bbox 1150 4885 1364 4948; x_wconf 89' lang='lat' dir='ltr'><strong>tempus</strong></span> <span class='ocrx_word' id='word_1_724' title='bbox 1404 4890 1695 4950; x_wconf 85' lang='lat' dir='ltr'><strong>apparent;</strong></span> <span class='ocrx_word' id='word_1_725' title='bbox 1734 4897 1833 4937; x_wconf 90' lang='lat' dir='ltr'><strong>nec</strong></span> <span class='ocrx_word' id='word_1_726' title='bbox 1858 4890 1881 4922; x_wconf 77' lang='grc' dir='ltr'><strong>ο</strong></span> 
     </span>
    </p>
   </div>
   <div class='ocr_carea' id='block_1_96' title="bbox 299 4964 1883 5045">
    <p class='ocr_par' dir='ltr' id='par_1_96' title="bbox 299 4964 1883 5045">
     <span class='ocr_line' id='line_1_96' title="bbox 299 4964 1883 5045; baseline 0.009 -31"><span class='ocrx_word' id='word_1_727' title='bbox 299 4966 481 5017; x_wconf 78' lang='lat' dir='ltr'><strong>tamen</strong></span> <span class='ocrx_word' id='word_1_728' title='bbox 517 4964 877 5032; x_wconf 85' lang='lat' dir='ltr'><strong>phantastice,</strong></span> <span class='ocrx_word' id='word_1_729' title='bbox 927 4964 1021 5022; x_wconf 87' lang='lat' dir='ltr'><strong>sed</strong></span> <span class='ocrx_word' id='word_1_730' title='bbox 1071 4969 1357 5025; x_wconf 89' lang='lat' dir='ltr'><strong>veraciter.</strong></span> <span class='ocrx_word' id='word_1_731' title='bbox 1402 4970 1477 5025; x_wconf 81' lang='lat' dir='ltr'><strong>Ex</strong></span> <span class='ocrx_word' id='word_1_732' title='bbox 1506 4971 1653 5027; x_wconf 90' lang='lat' dir='ltr'><strong>veris</strong></span> <span class='ocrx_word' id='word_1_733' title='bbox 1682 4973 1883 5045; x_wconf 86' lang='lat' dir='ltr'><strong>quippe</strong></span> 
     </span>
    </p>
   </div>
   <div class='ocr_carea' id='block_1_97' title="bbox 294 5051 1883 5130">
    <p class='ocr_par' dir='ltr' id='par_1_97' title="bbox 294 5051 1883 5130">
     <span class='ocr_line' id='line_1_97' title="bbox 294 5051 1883 5130; baseline 0.007 -23"><span class='ocrx_word' id='word_1_734' title='bbox 294 5051 603 5108; x_wconf 78' lang='lat' dir='ltr'><strong>rationibus</strong></span> <span class='ocrx_word' id='word_1_735' title='bbox 637 5068 763 5109; x_wconf 90' lang='lat' dir='ltr'><strong>vera</strong></span> <span class='ocrx_word' id='word_1_736' title='bbox 791 5069 1017 5125; x_wconf 89' lang='lat' dir='ltr'><strong>corpora</strong></span> <span class='ocrx_word' id='word_1_737' title='bbox 1045 5056 1340 5126; x_wconf 84' lang='lat' dir='ltr'><strong>procedere</strong></span> <span class='ocrx_word' id='word_1_738' title='bbox 1361 5068 1418 5113; x_wconf 92' lang='lat' dir='ltr'><strong>et</strong></span> <span class='ocrx_word' id='word_1_739' title='bbox 1445 5060 1771 5130; x_wconf 87' lang='lat' dir='ltr'><strong>spiritualia,</strong></span> <span class='ocrx_word' id='word_1_740' title='bbox 1789 5061 1883 5118; x_wconf 90' lang='lat' dir='ltr'><strong>du-</strong></span> 
     </span>
    </p>
   </div>
   <div class='ocr_carea' id='block_1_98' title="bbox 293 5136 1882 5227">
    <p class='ocr_par' dir='ltr' id='par_1_98' title="bbox 293 5136 1882 5227">
     <span class='ocr_line' id='line_1_98' title="bbox 293 5136 1882 5227; baseline 0.008 -30"><span class='ocrx_word' id='word_1_741' title='bbox 293 5142 448 5197; x_wconf 89' lang='lat' dir='ltr'><strong>hium</strong></span> <span class='ocrx_word' id='word_1_742' title='bbox 480 5158 585 5199; x_wconf 90' lang='lat' dir='ltr'><strong>non</strong></span> <span class='ocrx_word' id='word_1_743' title='bbox 612 5150 715 5198; x_wconf 90' lang='lat' dir='ltr'><strong>est.</strong></span> <span class='ocrx_word' id='word_1_744' title='bbox 742 5136 798 5198; x_wconf 87' lang='lat' dir='ltr'><strong>in</strong></span> <span class='ocrx_word' id='word_1_745' title='bbox 830 5144 920 5199; x_wconf 90' lang='lat' dir='ltr'><strong>tali</strong></span> <span class='ocrx_word' id='word_1_746' title='bbox 956 5158 1183 5218; x_wconf 89' lang='lat' dir='ltr'><strong>corpore</strong></span> <span class='ocrx_word' id='word_1_747' title='bbox 1208 5145 1485 5204; x_wconf 89' lang='lat' dir='ltr'><strong>Christum</strong></span> <span class='ocrx_word' id='word_1_748' title='bbox 1514 5152 1627 5208; x_wconf 81' lang='lat' dir='ltr'><strong>suis</strong></span> <span class='ocrx_word' id='word_1_749' title='bbox 1646 5152 1882 5227; x_wconf 85' lang='lat' dir='ltr'><strong>discipu-</strong></span> 
     </span>
    </p>
   </div>
   <div class='ocr_carea' id='block_1_99' title="bbox 302 5231 1881 5308">
    <p class='ocr_par' dir='ltr' id='par_1_99' title="bbox 302 5231 1881 5308">
     <span class='ocr_line' id='line_1_99' title="bbox 302 5231 1881 5308; baseline 0.009 -22"><span class='ocrx_word' id='word_1_750' title='bbox 302 5231 370 5289; x_wconf 82' lang='lat' dir='ltr'><strong>lis</strong></span> <span class='ocrx_word' id='word_1_751' title='bbox 399 5241 522 5303; x_wconf 86' lang='lat' dir='ltr'><strong>post</strong></span> <span class='ocrx_word' id='word_1_752' title='bbox 564 5235 1015 5291; x_wconf 87' lang='lat' dir='ltr'><strong>resurrectionem</strong></span> <span class='ocrx_word' id='word_1_753' title='bbox 1065 5239 1380 5307; x_wconf 85' lang='lat' dir='ltr'><strong>apparuisse</strong></span> <span class='ocrx_word' id='word_1_754' title='bbox 1423 5241 1726 5308; x_wconf 87' lang='lat' dir='ltr'><strong>credimus,</strong></span> <span class='ocrx_word' id='word_1_755' title='bbox 1774 5259 1881 5300; x_wconf 91' lang='lat' dir='ltr'><strong>non</strong></span> 
     </span>
    </p>
   </div>
   <div class='ocr_carea' id='block_1_100' title="bbox 1985 4592 3575 4668">
    <p class='ocr_par' dir='ltr' id='par_1_100' title="bbox 1985 4592 3575 4668">
     <span class='ocr_line' id='line_1_100' title="bbox 1985 4592 3575 4668; baseline -0.005 -12"><span class='ocrx_word' id='word_1_756' title='bbox 1985 4592 2172 4657; x_wconf 87' lang='lat' dir='ltr'><strong>matio.</strong></span> <span class='ocrx_word' id='word_1_757' title='bbox 2187 4597 2402 4653; x_wconf 86' lang='lat' dir='ltr'><strong>Intuere</strong></span> <span class='ocrx_word' id='word_1_758' title='bbox 2421 4596 2733 4668; x_wconf 85' lang='lat' dir='ltr'><strong>Apostolum</strong></span> <span class='ocrx_word' id='word_1_759' title='bbox 2760 4596 2825 4648; x_wconf 90' lang='lat' dir='ltr'><strong>ad</strong></span> <span class='ocrx_word' id='word_1_760' title='bbox 2850 4594 3110 4663; x_wconf 84' lang='lat' dir='ltr'><strong>Ephesios</strong></span> <span class='ocrx_word' id='word_1_761' title='bbox 3130 4594 3399 4649; x_wconf 89' lang='lat' dir='ltr'><strong>dicentem</strong></span> <span class='ocrx_word' id='word_1_762' title='bbox 3418 4612 3431 4647; x_wconf 88' lang='lat'><strong>:</strong></span> <span class='ocrx_word' id='word_1_763' title='bbox 3449 4592 3575 4650; x_wconf 80' lang='lat' dir='ltr'><strong>0m-</strong></span> 
     </span>
    </p>
   </div>
   <div class='ocr_carea' id='block_1_101' title="bbox 1987 4677 3578 4757">
    <p class='ocr_par' dir='ltr' id='par_1_101' title="bbox 1987 4677 3578 4757">
     <span class='ocr_line' id='line_1_101' title="bbox 1987 4677 3578 4757; baseline -0.006 -11"><span class='ocrx_word' id='word_1_764' title='bbox 1987 4690 2076 4746; x_wconf 84' lang='lat' dir='ltr'><strong>nia</strong></span> <span class='ocrx_word' id='word_1_765' title='bbox 2101 4687 2241 4743; x_wconf 84' lang='lat' dir='ltr'><strong>dedit</strong></span> <span class='ocrx_word' id='word_1_766' title='bbox 2268 4686 2366 4741; x_wconf 82' lang='lat' dir='ltr'><strong>sub</strong></span> <span class='ocrx_word' id='word_1_767' title='bbox 2413 4687 2628 4757; x_wconf 81' lang='lat' dir='ltr'><strong>pedibus</strong></span> <span class='ocrx_word' id='word_1_768' title='bbox 2666 4677 2710 4717; x_wconf 80' lang='grc'><strong>¹⁶</strong></span> <span class='ocrx_word' id='word_1_769' title='bbox 2732 4686 2870 4754; x_wconf 83' lang='lat' dir='ltr'><strong>ejus,</strong></span> <span class='ocrx_word' id='word_1_770' title='bbox 2898 4696 2943 4738; x_wconf 89' lang='lat' dir='ltr'><strong>et</strong></span> <span class='ocrx_word' id='word_1_771' title='bbox 2973 4700 3091 4739; x_wconf 85' lang='lat' dir='ltr'><strong>eum</strong></span> <span class='ocrx_word' id='word_1_772' title='bbox 3121 4685 3263 4739; x_wconf 85' lang='lat' dir='ltr'><strong>dedit</strong></span> <span class='ocrx_word' id='word_1_773' title='bbox 3297 4694 3452 4754; x_wconf 86' lang='lat' dir='ltr'><strong>caput</strong></span> <span class='ocrx_word' id='word_1_774' title='bbox 3482 4702 3578 4739; x_wconf 85' lang='lat' dir='ltr'><strong>su-</strong></span> 
     </span>
    </p>
   </div>
   <div class='ocr_carea' id='block_1_102' title="bbox 1986 4772 3570 4856">
    <p class='ocr_par' dir='ltr' id='par_1_102' title="bbox 1986 4772 3570 4856">
     <span class='ocr_line' id='line_1_102' title="bbox 1986 4772 3570 4856; baseline -0.004 -19"><span class='ocrx_word' id='word_1_775' title='bbox 1986 4799 2078 4856; x_wconf 84' lang='lat' dir='ltr'><strong>per</strong></span> <span class='ocrx_word' id='word_1_776' title='bbox 2097 4780 2274 4836; x_wconf 88' lang='lat' dir='ltr'><strong>omnia</strong></span> <span class='ocrx_word' id='word_1_777' title='bbox 2306 4779 2537 4834; x_wconf 85' lang='lat' dir='ltr'><strong>membra</strong></span> <span class='ocrx_word' id='word_1_778' title='bbox 2571 4772 2609 4812; x_wconf 67' lang='grc'><strong>⁸⁷</strong></span> <span class='ocrx_word' id='word_1_779' title='bbox 2645 4778 2931 4841; x_wconf 79' lang='lat' dir='ltr'><strong>Ecclesiae,</strong></span> <span class='ocrx_word' id='word_1_780' title='bbox 2956 4794 3090 4848; x_wconf 82' lang='lat' dir='ltr'><strong>quae</strong></span> <span class='ocrx_word' id='word_1_781' title='bbox 3118 4788 3192 4832; x_wconf 80' lang='lat' dir='ltr'><strong>est</strong></span> <span class='ocrx_word' id='word_1_782' title='bbox 3219 4794 3408 4849; x_wconf 75' lang='lat' dir='ltr'><strong>corpus</strong></span> <span class='ocrx_word' id='word_1_783' title='bbox 3436 4777 3570 4849; x_wconf 84' lang='lat' dir='ltr'><strong>ejus,</strong></span> 
     </span>
    </p>
   </div>
   <div class='ocr_carea' id='block_1_103' title="bbox 1996 4871 3576 4948">
    <p class='ocr_par' dir='ltr' id='par_1_103' title="bbox 1996 4871 3576 4948">
     <span class='ocr_line' id='line_1_103' title="bbox 1996 4871 3576 4948; baseline -0.003 -16"><span class='ocrx_word' id='word_1_784' title='bbox 1996 4887 2043 4933; x_wconf 87' lang='lat' dir='ltr'><strong>et</strong></span> <span class='ocrx_word' id='word_1_785' title='bbox 2065 4875 2333 4948; x_wconf 86' lang='lat' dir='ltr'><strong>plenitudo</strong></span> <span class='ocrx_word' id='word_1_786' title='bbox 2364 4875 2538 4929; x_wconf 85' lang='lat' dir='ltr'><strong>omnia</strong></span> <span class='ocrx_word' id='word_1_787' title='bbox 2563 4874 2617 4928; x_wconf 86' lang='lat' dir='ltr'><strong>in</strong></span> <span class='ocrx_word' id='word_1_788' title='bbox 2646 4875 2885 4928; x_wconf 82' lang='lat' dir='ltr'><strong>omnibus</strong></span> <span class='ocrx_word' id='word_1_789' title='bbox 2912 4871 3195 4943; x_wconf 77' lang='lat' dir='ltr'><strong>impleatis.</strong></span> <span class='ocrx_word' id='word_1_790' title='bbox 3225 4873 3293 4931; x_wconf 85' lang='lat' dir='ltr'><strong>Et</strong></span> <span class='ocrx_word' id='word_1_791' title='bbox 3325 4882 3449 4948; x_wconf 90' lang='lat' dir='ltr'><strong>post</strong></span> <span class='ocrx_word' id='word_1_792' title='bbox 3476 4874 3576 4929; x_wconf 89' lang='lat' dir='ltr'><strong>ali-</strong></span> 
     </span>
    </p>
   </div>
   <div class='ocr_carea' id='block_1_104' title="bbox 1987 4950 3575 5040">
    <p class='ocr_par' dir='ltr' id='par_1_104' title="bbox 1987 4950 3575 5040">
     <span class='ocr_line' id='line_1_104' title="bbox 1987 4950 3575 5040; baseline -0.003 -19"><span class='ocrx_word' id='word_1_793' title='bbox 1987 4974 2191 5040; x_wconf 89' lang='lat' dir='ltr'><strong>quanta</strong></span> <span class='ocrx_word' id='word_1_794' title='bbox 2231 4965 2427 5019; x_wconf 90' lang='lat' dir='ltr'><strong>iterum</strong></span> <span class='ocrx_word' id='word_1_795' title='bbox 2476 4964 2528 5017; x_wconf 90' lang='lat' dir='ltr'><strong>in</strong></span> <span class='ocrx_word' id='word_1_796' title='bbox 2575 4961 2762 5017; x_wconf 88' lang='lat' dir='ltr'><strong>eadem</strong></span> <span class='ocrx_word' id='word_1_797' title='bbox 2806 4950 3043 5033; x_wconf 83' lang='lat' dir='ltr'><strong>Epistula</strong></span> <span class='ocrx_word' id='word_1_798' title='bbox 3092 4961 3328 5028; x_wconf 79' lang='lat' dir='ltr'><strong>intuere,</strong></span> <span class='ocrx_word' id='word_1_799' title='bbox 3369 4952 3575 5034; x_wconf 73' lang='lat' dir='ltr'><strong>quibus</strong></span> 
     </span>
    </p>
   </div>
   <div class='ocr_carea' id='block_1_105' title="bbox 1989 5053 3581 5131">
    <p class='ocr_par' dir='ltr' id='par_1_105' title="bbox 1989 5053 3581 5131">
     <span class='ocr_line' id='line_1_105' title="bbox 1989 5053 3581 5131; baseline -0.005 -19"><span class='ocrx_word' id='word_1_800' title='bbox 1989 5056 2249 5113; x_wconf 84' lang='lat' dir='ltr'><strong>membris</strong></span> <span class='ocrx_word' id='word_1_801' title='bbox 2273 5054 2523 5111; x_wconf 87' lang='lat' dir='ltr'><strong>Christus</strong></span> <span class='ocrx_word' id='word_1_802' title='bbox 2550 5066 2744 5124; x_wconf 90' lang='lat' dir='ltr'><strong>corpus</strong></span> <span class='ocrx_word' id='word_1_803' title='bbox 2768 5053 2869 5108; x_wconf 91' lang='lat' dir='ltr'><strong>sibi</strong></span> <span class='ocrx_word' id='word_1_804' title='bbox 2901 5053 3192 5110; x_wconf 86' lang='lat' dir='ltr'><strong>aedilicare</strong></span> <span class='ocrx_word' id='word_1_805' title='bbox 3209 5053 3386 5131; x_wconf 79' lang='lat' dir='ltr'><strong>voluit</strong></span> <span class='ocrx_word' id='word_1_806' title='bbox 3407 5061 3461 5111; x_wconf 84' lang='lat' dir='ltr'><strong>et</strong></span> <span class='ocrx_word' id='word_1_807' title='bbox 3487 5065 3581 5107; x_wconf 71' lang='lat' dir='ltr'><strong>ze-</strong></span> 
     </span>
    </p>
   </div>
   <div class='ocr_carea' id='block_1_106' title="bbox 1989 5144 3576 5218">
    <p class='ocr_par' dir='ltr' id='par_1_106' title="bbox 1989 5144 3576 5218">
     <span class='ocr_line' id='line_1_106' title="bbox 1989 5144 3576 5218; baseline -0.007 -13"><span class='ocrx_word' id='word_1_808' title='bbox 1989 5147 2173 5204; x_wconf 81' lang='lat' dir='ltr'><strong>diiicat</strong></span> <span class='ocrx_word' id='word_1_809' title='bbox 2206 5165 2219 5201; x_wconf 88' lang='lat'><strong>:</strong></span> <span class='ocrx_word' id='word_1_810' title='bbox 2254 5146 2374 5215; x_wconf 84' lang='lat' dir='ltr'><strong>Ipse</strong></span> <span class='ocrx_word' id='word_1_811' title='bbox 2403 5145 2564 5207; x_wconf 85' lang='lat' dir='ltr'><strong>dedit.</strong></span> <span class='ocrx_word' id='word_1_812' title='bbox 2596 5145 2795 5217; x_wconf 86' lang='lat' dir='ltr'><strong>inquit,</strong></span> <span class='ocrx_word' id='word_1_813' title='bbox 2829 5145 3086 5218; x_wconf 81' lang='lat' dir='ltr'><strong>quosdam</strong></span> <span class='ocrx_word' id='word_1_814' title='bbox 3124 5144 3335 5215; x_wconf 86' lang='lat' dir='ltr'><strong>quidem</strong></span> <span class='ocrx_word' id='word_1_815' title='bbox 3368 5150 3576 5214; x_wconf 81' lang='lat' dir='ltr'><strong>aposto-</strong></span> 
     </span>
    </p>
   </div>
   <div class='ocr_carea' id='block_1_107' title="bbox 1959 5233 3571 5313">
    <p class='ocr_par' dir='ltr' id='par_1_107' title="bbox 1959 5233 3571 5313">
     <span class='ocr_line' id='line_1_107' title="bbox 1959 5233 3571 5313; baseline -0.002 -23"><span class='ocrx_word' id='word_1_816' title='bbox 1959 5269 1962 5272; x_wconf 81' lang='lat'><strong><em>~</em></strong></span> <span class='ocrx_word' id='word_1_817' title='bbox 1991 5238 2092 5304; x_wconf 72' lang='lat' dir='ltr'><strong>los,</strong></span> <span class='ocrx_word' id='word_1_818' title='bbox 2135 5238 2388 5311; x_wconf 77' lang='lat' dir='ltr'><strong>quosdam</strong></span> <span class='ocrx_word' id='word_1_819' title='bbox 2433 5253 2551 5291; x_wconf 83' lang='lat' dir='ltr'><strong>vero</strong></span> <span class='ocrx_word' id='word_1_820' title='bbox 2591 5236 2895 5308; x_wconf 81' lang='lat' dir='ltr'><strong>prophetas,</strong></span> <span class='ocrx_word' id='word_1_821' title='bbox 2923 5236 3179 5309; x_wconf 84' lang='lat' dir='ltr'><strong>quosdam</strong></span> <span class='ocrx_word' id='word_1_822' title='bbox 3209 5233 3571 5313; x_wconf 64' lang='lat' dir='ltr'><strong>evangelium,</strong></span> 
     </span>
    </p>
   </div>
   <div class='ocr_carea' id='block_1_108' title="bbox 1588 5350 2305 5429">
    <p class='ocr_par' dir='ltr' id='par_1_108' title="bbox 1588 5350 2305 5429">
     <span class='ocr_line' id='line_1_108' title="bbox 1588 5350 2305 5429; baseline -0.011 -17"><span class='ocrx_word' id='word_1_823' title='bbox 1588 5352 1844 5412; x_wconf 78' lang='lat' dir='ltr'><strong>VARIAE</strong></span> <span class='ocrx_word' id='word_1_824' title='bbox 1881 5350 2305 5429; x_wconf 32' lang='lat' dir='ltr'><strong>LECTIONESa</strong></span> 
     </span>
    </p>
   </div>
   <div class='ocr_carea' id='block_1_109' title="bbox 424 5433 1024 5523">
    <p class='ocr_par' dir='ltr' id='par_1_109' title="bbox 424 5433 1024 5523">
     <span class='ocr_line' id='line_1_109' title="bbox 424 5433 1024 5523; baseline 0.002 -30"><span class='ocrx_word' id='word_1_825' title='bbox 424 5433 514 5523; x_wconf 72' lang='lat' dir='ltr'><strong>Sic</strong></span> <span class='ocrx_word' id='word_1_826' title='bbox 538 5437 624 5494; x_wconf 82' lang='lat' dir='ltr'><strong>CF</strong></span> <span class='ocrx_word' id='word_1_827' title='bbox 642 5455 657 5501; x_wconf 83' lang='lat'><strong>;</strong></span> <span class='ocrx_word' id='word_1_828' title='bbox 677 5434 1024 5523; x_wconf 42' lang='lat' dir='ltr'><strong>ﬁgefu‘lu‘ra.</strong></span> 
     </span>
    </p>
   </div>
   <div class='ocr_carea' id='block_1_110' title="bbox 307 5522 601 5575">
    <p class='ocr_par' dir='ltr' id='par_1_110' title="bbox 307 5522 601 5575">
     <span class='ocr_line' id='line_1_110' title="bbox 307 5522 601 5575; baseline -0.007 -10"><span class='ocrx_word' id='word_1_829' title='bbox 307 5522 601 5575; x_wconf 70' lang='lat' dir='ltr'><strong>sponsione.</strong></span> 
     </span>
    </p>
   </div>
   <div class='ocr_carea' id='block_1_111' title="bbox 302 5579 513 5634">
    <p class='ocr_par' dir='ltr' id='par_1_111' title="bbox 302 5579 513 5634">
     <span class='ocr_line' id='line_1_111' title="bbox 302 5579 513 5634; baseline -0.009 0"><span class='ocrx_word' id='word_1_830' title='bbox 302 5599 417 5634; x_wconf 82' lang='lat' dir='ltr'><strong>nm.</strong></span> <span class='ocrx_word' id='word_1_831' title='bbox 446 5579 513 5634; x_wconf 74' lang='grc' dir='ltr'><strong>Δ.</strong></span> 
     </span>
    </p>
   </div>
   <div class='ocr_carea' id='block_1_112' title="bbox 301 5647 1253 5720">
    <p class='ocr_par' dir='ltr' id='par_1_112' title="bbox 301 5647 1253 5720">
     <span class='ocr_line' id='line_1_112' title="bbox 301 5647 1253 5720; baseline 0.005 -19"><span class='ocrx_word' id='word_1_832' title='bbox 301 5647 579 5703; x_wconf 72' lang='lat' dir='ltr'><strong>solvuntur</strong></span> <span class='ocrx_word' id='word_1_833' title='bbox 623 5649 666 5703; x_wconf 76' lang='grc' dir='ltr'>Α</span> <span class='ocrx_word' id='word_1_834' title='bbox 693 5652 904 5720; x_wconf 82' lang='lat' dir='ltr'><strong>quando</strong></span> <span class='ocrx_word' id='word_1_835' title='bbox 956 5652 1253 5706; x_wconf 76' lang='lat' dir='ltr'><strong>solvuntur.</strong></span> 
     </span>
    </p>
   </div>
   <div class='ocr_carea' id='block_1_113' title="bbox 631 5733 1206 5803">
    <p class='ocr_par' dir='ltr' id='par_1_113' title="bbox 631 5733 1206 5803">
     <span class='ocr_line' id='line_1_113' title="bbox 631 5733 1206 5803; baseline 0.002 -2"><span class='ocrx_word' id='word_1_836' title='bbox 631 5742 902 5803; x_wconf 71' lang='lat' dir='ltr'><strong>Psraoc.</strong></span> <span class='ocrx_word' id='word_1_837' title='bbox 955 5733 1206 5802; x_wconf 36' lang='lat' dir='ltr'><strong>CXXII;</strong></span> 
     </span>
    </p>
   </div>
   <div class='ocr_carea' id='block_1_114' title="bbox 1101 5443 1560 5514">
    <p class='ocr_par' dir='ltr' id='par_1_114' title="bbox 1101 5443 1560 5514">
     <span class='ocr_line' id='line_1_114' title="bbox 1101 5443 1560 5514; baseline 0.009 -18"><span class='ocrx_word' id='word_1_838' title='bbox 1101 5451 1121 5481; x_wconf 74' lang='grc'>³</span> <span class='ocrx_word' id='word_1_839' title='bbox 1147 5443 1187 5496; x_wconf 84' lang='grc' dir='ltr'><strong>Α</strong></span> <span class='ocrx_word' id='word_1_840' title='bbox 1222 5445 1560 5514; x_wconf 80' lang='lat' dir='ltr'><strong>requirentes.</strong></span> 
     </span>
    </p>
   </div>
   <div class='ocr_carea' id='block_1_115' title="bbox 1330 5655 1763 5724">
    <p class='ocr_par' dir='ltr' id='par_1_115' title="bbox 1330 5655 1763 5724">
     <span class='ocr_line' id='line_1_115' title="bbox 1330 5655 1763 5724; baseline 0.009 -16"><span class='ocrx_word' id='word_1_841' title='bbox 1330 5655 1375 5685; x_wconf 89' lang='grc'><strong>¹⁹</strong></span> <span class='ocrx_word' id='word_1_842' title='bbox 1412 5657 1525 5724; x_wconf 80' lang='lat' dir='ltr'><strong>ejus</strong></span> <span class='ocrx_word' id='word_1_843' title='bbox 1556 5668 1664 5712; x_wconf 88' lang='lat' dir='ltr'><strong>om.</strong></span> <span class='ocrx_word' id='word_1_844' title='bbox 1700 5659 1763 5712; x_wconf 83' lang='grc' dir='ltr'><strong>Λ.</strong></span> 
     </span>
    </p>
   </div>
   <div class='ocr_carea' id='block_1_116' title="bbox 1635 5445 2415 5503">
    <p class='ocr_par' dir='ltr' id='par_1_116' title="bbox 1635 5445 2415 5503">
     <span class='ocr_line' id='line_1_116' title="bbox 1635 5445 2415 5503; baseline -0.005 -2"><span class='ocrx_word' id='word_1_845' title='bbox 1635 5447 1658 5479; x_wconf 87' lang='grc'><strong><em>³</em></strong></span> <span class='ocrx_word' id='word_1_846' title='bbox 1684 5448 1784 5502; x_wconf 78' lang='lat' dir='ltr'><strong>Izoc’</strong></span> <span class='ocrx_word' id='word_1_847' title='bbox 1819 5457 1892 5503; x_wconf 79' lang='lat' dir='ltr'><strong>est</strong></span> <span class='ocrx_word' id='word_1_848' title='bbox 1926 5459 2173 5501; x_wconf 72' lang='lat' dir='ltr'><strong>naturam</strong></span> <span class='ocrx_word' id='word_1_849' title='bbox 2207 5460 2317 5501; x_wconf 90' lang='lat' dir='ltr'><strong>om.</strong></span> <span class='ocrx_word' id='word_1_850' title='bbox 2348 5445 2415 5501; x_wconf 81' lang='grc' dir='ltr'><strong>Α.</strong></span> 
     </span>
    </p>
   </div>
   <div class='ocr_carea' id='block_1_117' title="bbox 677 5508 1989 5583">
    <p class='ocr_par' dir='ltr' id='par_1_117' title="bbox 677 5508 1989 5583">
     <span class='ocr_line' id='line_1_117' title="bbox 677 5508 1989 5583; baseline -0.008 -4"><span class='ocrx_word' id='word_1_851' title='bbox 677 5508 1048 5583; x_wconf 46' lang='grc' dir='ltr'><strong>δεῖς-(ῘΙΠΑ</strong></span> <span class='ocrx_word' id='word_1_852' title='bbox 1103 5508 1368 5583; x_wconf 73' lang='lat' dir='ltr'><strong>efﬁcietur.</strong></span> <span class='ocrx_word' id='word_1_853' title='bbox 1443 5517 1460 5549; x_wconf 86' lang='lat'>&quot;</span> <span class='ocrx_word' id='word_1_854' title='bbox 1506 5517 1741 5575; x_wconf 83' lang='lat' dir='ltr'><strong>localiter</strong></span> <span class='ocrx_word' id='word_1_855' title='bbox 1792 5516 1989 5572; x_wconf 79' lang='lat' dir='ltr'><strong>om.A.</strong></span> 
     </span>
    </p>
   </div>
   <div class='ocr_carea' id='block_1_118' title="bbox 590 5576 1887 5655">
    <p class='ocr_par' dir='ltr' id='par_1_118' title="bbox 590 5576 1887 5655">
     <span class='ocr_line' id='line_1_118' title="bbox 590 5576 1887 5655; baseline 0.006 -21"><span class='ocrx_word' id='word_1_856' title='bbox 590 5576 756 5655; x_wconf 75' lang='lat' dir='ltr'><strong>“_Sic</strong></span> <span class='ocrx_word' id='word_1_857' title='bbox 783 5580 898 5655; x_wconf 48' lang='lat' dir='ltr'><strong>CF;</strong></span> <span class='ocrx_word' id='word_1_858' title='bbox 952 5592 1000 5634; x_wconf 88' lang='lat' dir='ltr'><strong>et</strong></span> <span class='ocrx_word' id='word_1_859' title='bbox 1026 5576 1191 5655; x_wconf 59' lang='lat' dir='ltr'><strong>erunt</strong></span> <span class='ocrx_word' id='word_1_860' title='bbox 1248 5595 1293 5637; x_wconf 84' lang='lat' dir='ltr'><strong>et</strong></span> <span class='ocrx_word' id='word_1_861' title='bbox 1344 5587 1665 5655; x_wconf 80' lang='lat' dir='ltr'><strong>apparebunt</strong></span> <span class='ocrx_word' id='word_1_862' title='bbox 1707 5601 1815 5643; x_wconf 91' lang='lat' dir='ltr'><strong>om.</strong></span> <span class='ocrx_word' id='word_1_863' title='bbox 1847 5588 1887 5642; x_wconf 80' lang='grc' dir='ltr'>Α</span> 
     </span>
    </p>
   </div>
   <div class='ocr_carea' id='block_1_119' title="bbox 1842 5655 2294 5725">
    <p class='ocr_par' dir='ltr' id='par_1_119' title="bbox 1842 5655 2294 5725">
     <span class='ocr_line' id='line_1_119' title="bbox 1842 5655 2294 5725; baseline -0.009 -14"><span class='ocrx_word' id='word_1_864' title='bbox 1842 5656 1885 5690; x_wconf 78' lang='grc'><strong>¹⁸</strong></span> <span class='ocrx_word' id='word_1_865' title='bbox 1925 5656 1967 5710; x_wconf 79' lang='grc' dir='ltr'>Α</span> <span class='ocrx_word' id='word_1_866' title='bbox 1994 5655 2095 5711; x_wconf 86' lang='lat' dir='ltr'><strong>sub</strong></span> <span class='ocrx_word' id='word_1_867' title='bbox 2118 5655 2294 5725; x_wconf 83' lang='lat' dir='ltr'><strong>pedes.</strong></span> 
     </span>
    </p>
   </div>
   <div class='ocr_carea' id='block_1_120' title="bbox 2493 5440 3550 5505">
    <p class='ocr_par' dir='ltr' id='par_1_120' title="bbox 2493 5440 3550 5505">
     <span class='ocr_line' id='line_1_120' title="bbox 2493 5440 3550 5505; baseline -0.001 -7"><span class='ocrx_word' id='word_1_868' title='bbox 2493 5453 2513 5474; x_wconf 77' lang='lat'><strong>&#39;</strong></span> <span class='ocrx_word' id='word_1_869' title='bbox 2547 5446 2779 5500; x_wconf 78' lang='lat' dir='ltr'><strong>omnium</strong></span> <span class='ocrx_word' id='word_1_870' title='bbox 2806 5459 2915 5499; x_wconf 92' lang='lat' dir='ltr'><strong>om.</strong></span> <span class='ocrx_word' id='word_1_871' title='bbox 2944 5443 3008 5496; x_wconf 78' lang='grc' dir='ltr'><strong>Α.</strong></span> <span class='ocrx_word' id='word_1_872' title='bbox 3086 5450 3107 5481; x_wconf 78' lang='grc'><strong><em>⁸</em></strong></span> <span class='ocrx_word' id='word_1_873' title='bbox 3148 5440 3240 5496; x_wconf 89' lang='lat' dir='ltr'><strong>Sic</strong></span> <span class='ocrx_word' id='word_1_874' title='bbox 3270 5440 3393 5505; x_wconf 83' lang='lat' dir='ltr'><strong>CF;</strong></span> <span class='ocrx_word' id='word_1_875' title='bbox 3422 5443 3467 5497; x_wconf 79' lang='grc' dir='ltr'><strong>Α</strong></span> <span class='ocrx_word' id='word_1_876' title='bbox 3493 5461 3550 5498; x_wconf 79' lang='lat' dir='ltr'><strong>re</strong></span> 
     </span>
    </p>
   </div>
   <div class='ocr_carea' id='block_1_121' title="bbox 2069 5511 3568 5594">
    <p class='ocr_par' dir='ltr' id='par_1_121' title="bbox 2069 5511 3568 5594">
     <span class='ocr_line' id='line_1_121' title="bbox 2069 5511 3568 5594; baseline -0.002 -24"><span class='ocrx_word' id='word_1_877' title='bbox 2069 5513 2221 5594; x_wconf 54' lang='lat' dir='ltr'><strong>fSic</strong></span> <span class='ocrx_word' id='word_1_878' title='bbox 2260 5513 2391 5594; x_wconf 78' lang='lat' dir='ltr'><strong>CF_;_</strong></span> <span class='ocrx_word' id='word_1_879' title='bbox 2518 5514 2882 5594; x_wconf 53' lang='lat' dir='ltr'><strong>conﬁteremur.</strong></span> <span class='ocrx_word' id='word_1_880' title='bbox 3123 5527 3246 5594; x_wconf 70' lang='lat' dir='ltr'><strong>non.</strong></span> <span class='ocrx_word' id='word_1_881' title='bbox 3326 5511 3568 5594; x_wconf 36' lang='lat' dir='ltr'><strong>“manu:</strong></span> 
     </span>
    </p>
   </div>
   <div class='ocr_carea' id='block_1_122' title="bbox 1966 5581 3578 5712">
    <p class='ocr_par' dir='ltr' id='par_1_122' title="bbox 1966 5581 3578 5712">
     <span class='ocr_line' id='line_1_122' title="bbox 1966 5581 3578 5647; baseline -0.004 -7"><span class='ocrx_word' id='word_1_882' title='bbox 1966 5587 2007 5618; x_wconf 73' lang='grc' dir='ltr'><strong>ι’</strong></span> <span class='ocrx_word' id='word_1_883' title='bbox 2047 5585 2086 5640; x_wconf 82' lang='grc' dir='ltr'><strong>Α</strong></span> <span class='ocrx_word' id='word_1_884' title='bbox 2126 5586 2247 5639; x_wconf 85' lang='lat' dir='ltr'><strong>sint.</strong></span> <span class='ocrx_word' id='word_1_885' title='bbox 2331 5585 2394 5625; x_wconf 63' lang='grc' dir='ltr'><strong>θ’·</strong></span> <span class='ocrx_word' id='word_1_886' title='bbox 2427 5585 2470 5639; x_wconf 70' lang='grc' dir='ltr'><strong>Α</strong></span> <span class='ocrx_word' id='word_1_887' title='bbox 2499 5581 2624 5642; x_wconf 64' lang='lat' dir='ltr'><strong>sint.</strong></span> <span class='ocrx_word' id='word_1_888' title='bbox 2703 5582 2748 5613; x_wconf 81' lang='lat'>&quot;</span> <span class='ocrx_word' id='word_1_889' title='bbox 2787 5581 2873 5636; x_wconf 74' lang='lat' dir='ltr'><strong>CF</strong></span> <span class='ocrx_word' id='word_1_890' title='bbox 2926 5581 3338 5647; x_wconf 72' lang='lat' dir='ltr'><strong>detrimentisrr.</strong></span> <span class='ocrx_word' id='word_1_891' title='bbox 3388 5582 3428 5614; x_wconf 73' lang='lat'>“</span> <span class='ocrx_word' id='word_1_892' title='bbox 3471 5582 3578 5642; x_wconf 65' lang='grc' dir='ltr'><strong>ΓΜ</strong></span> 
     </span>
     <span class='ocr_line' id='line_1_123' title="bbox 1994 5649 2961 5712; baseline -0.003 -1"><span class='ocrx_word' id='word_1_893' title='bbox 1994 5655 2095 5711; x_wconf 84' lang='lat' dir='ltr'><strong>sub</strong></span> <span class='ocrx_word' id='word_1_894' title='bbox 2119 5655 2294 5712; x_wconf 73' lang='lat' dir='ltr'><strong>pedes.</strong></span> <span class='ocrx_word' id='word_1_895' title='bbox 2374 5654 2416 5685; x_wconf 84' lang='lat'><strong>&quot;</strong></span> <span class='ocrx_word' id='word_1_896' title='bbox 2462 5657 2688 5712; x_wconf 81' lang='lat' dir='ltr'><strong>membra</strong></span> <span class='ocrx_word' id='word_1_897' title='bbox 2717 5669 2830 5710; x_wconf 80' lang='lat' dir='ltr'><strong>etn-</strong></span> <span class='ocrx_word' id='word_1_898' title='bbox 2855 5649 2961 5708; x_wconf 78' lang='lat' dir='ltr'><strong>CF.</strong></span> 
     </span>
    </p>
   </div>
   <div class='ocr_carea' id='block_1_123' title="bbox 2976 5741 3059 5799">
    <p class='ocr_par' dir='ltr' id='par_1_123' title="bbox 2976 5741 3059 5799">
     <span class='ocr_line' id='line_1_124' title="bbox 2976 5741 3059 5799; baseline 0 0"><span class='ocrx_word' id='word_1_899' title='bbox 2976 5741 3059 5799; x_wconf 66' lang='lat'><strong>32</strong></span> 
     </span>
    </p>
   </div>
  </div>
