3952 6162
508 297 609 352 995

495 591 632 648 haec
655 588 894 644 membra
925 593 1204 658 parantur.
1253 586 1562 656 Respondet
1615 603 1628 639 :

497 698 610 735 nem
644 689 963 743 sanctorum,
996 680 1050 731 in
1098 694 1225 748 Opus
1257 676 1753 738 administrationis.
1788 677 1844 728 in
1890 674 2075 742 aedi/i-

494 782 748 824 rationem
777 769 1010 838 corporis
1060 766 1278 832 Christi,
1316 767 1478 820 donec
1531 782 1867 819 occurramus
1899 781 2075 819 omnes

492 867 546 913 iu
605 861 854 912 unitatem
921 857 1048 925 fidei
1095 866 1142 910 et
1196 856 1504 926 cognitionis
1569 853 1698 908 Filii
1760 854 1876 907 Det.
1941 853 2074 907 Vide

491 952 701 1005 initium
775 947 1206 1013 aediﬁcationis,
1286 948 1543 1001 unitatem
1632 947 1844 1015 quidem
1915 945 2068 1009 ﬁdei;

488 1040 877 1097 aedificationis
924 1037 1308 1110 perfectionem
1353 1051 1639 1106 cognosce,
1687 1037 1946 1091 unitatem
1993 1036 2073 1089 vi-

486 1133 681 1186 delicet
733 1130 1054 1200 cognitionis
1108 1128 1227 1184 Filii
1270 1128 1385 1182 Dei.
1441 1129 1537 1182 llic
1576 1128 1733 1197 igitur
1771 1129 2070 1182 incremen-

486 1231 538 1276 ta
599 1222 842 1292 corporis
892 1220 1094 1275 Christi
1155 1219 1458 1288 incipiunt,
1517 1219 1624 1272 illic
1675 1219 2063 1288 perficiantur,

482 1314 696 1384 quando
761 1313 1008 1367 Christus
1071 1326 1192 1366 cum
1248 1319 1358 1364 toto
1405 1318 1461 1363 et
1522 1309 1574 1363 in
1632 1320 1745 1362 toto
1799 1324 1898 1363 suo
1945 1323 2067 1363 cor-

479 1423 610 1478 pore
630 1408 846 1476 quidam
872 1403 1144 1475 perfectus
1171 1412 1225 1458 et
1249 1419 1388 1458 unus
1413 1403 1514 1469 vir,
1540 1414 1704 1474 caput
1727 1403 1780 1458 in
1810 1403 2066 1458 membris

477 1507 532 1552 et
559 1498 801 1553 membra
835 1495 886 1549 in
914 1495 1110 1564 capite,
1152 1493 1454 1564 apparebit,
1483 1494 1700 1563 quando
1733 1507 1985 1546 mensura
2013 1502 2067 1547 et

477 1586 750 1659 plenitudo
803 1586 998 1640 aetatis
1045 1583 1246 1640 Christi
1300 1599 1406 1639 non
1458 1583 1827 1653 corporalibus
1868 1583 2060 1647 oculis.

475 1677 569 1732 sed
603 1675 800 1731 virtute
838 1675 1309 1746 contemplationis
1336 1675 1390 1728 in
1438 1675 1691 1729 omnibus
1732 1675 1936 1729 sanctis
1962 1691 2059 1729 suo

1885 291 2190 349 ,ἾΟΑΝΝΙΞ
2227 291 2421 348 SCOTl

471 414 752 479 quoniam
775 419 1008 480 pastores
1031 415 1079 460 et
1105 404 1614 477 magistros.\'i'distt
1645 402 1915 467 membra;
1949 403 2085 456 vidi-
2118 409 2158 466 Α
2191 418 2294 458 nus
2321 405 2434 472 ipse
2463 400 2771 471 prophetat,
2804 400 2990 456 dicens
3039 420 3052 455 :

493 503 566 554 sti
599 509 898 555 materiem.
930 497 1202 567 Interroga
1227 497 1456 552 eundem
1485 495 1822 566 Apostolum,
1852 495 1924 548 ad
1951 494 2079 563 quid

1681 585 1762 638 Ad
1803 583 2080 655 perfectio-

3653 305 3741 358 9(ὶῦ

3104 401 3296 458 Statim
3324 415 3499 459 autem
3523 420 3626 477 post
3656 424 3736 465 tn-

2185 493 2502 547 bulationem
2526 492 2728 546 dierum
2751 491 2986 555 illorum,
3003 491 3106 547 hoc
3127 502 3232 560 est,
3257 503 3379 563 post
3395 505 3412 529 ε
3433 501 3735 566 persecutio-

2183 599 2302 637 nem
2329 583 2667 646 Antichristi,
2700 581 2780 637 sol
2805 582 3187 648 obscurabitur,
3237 596 3286 638 et
3313 586 3440 640 luna
3483 605 3583 642 nou
3611 591 3730 645 dabit

2179 675 2354 729 lumen
2402 691 2578 738 suum,
2620 684 2668 727 et
2738 674 2920 728 stellae
2967 675 3151 728 cadent
3208 676 3272 729 de
3328 677 3494 730 caelo.
3557 678 3729 746 Quibus

2175 767 2356 820 verbis
2382 765 2750 837 intelligimus,
2802 765 2970 820 solem
2999 776 3054 820 et
3099 765 3279 820 lunam
3325 776 3450 837 post
3495 769 3724 824 delectum

2159 862 2256 916 sui
2289 862 2502 916 luminis
2527 877 2631 915 non
2657 875 3024 925 remansuros.
3054 878 3240 932 neque
3266 864 3450 919 stellas
3480 867 3724 920 deﬁciente

2174 956 2396 1010 aethere
2422 963 2478 1010 et
2521 956 2775 1024 sphaera,
2805 954 2857 1008 in
2895 955 3093 1024 quibus
3133 957 3424 1026 dispositae
3471 967 3610 1012 sunt.
3641 956 3716 1013 Ne-

2173 1062 2276 1114 qne
2322 1047 2463 1100 enim
2507 1047 2558 1100 in
2595 1047 2695 1100 hac
2744 1047 3020 1100 Dominica
3073 1050 3354 1117 prophetia
3411 1050 3718 1121 allegoriam)

2122 1133 2125 1136 ’
2168 1135 2506 1190 solummodo
2534 1151 2775 1198 sensum.
2804 1152 2991 1190 verum
3034 1137 3197 1190 etiam
3225 1139 3392 1192 totius
3435 1142 3612 1193 mundi
3649 1141 3714 1195 de-

2169 1225 2519 1278 structionem
2583 1225 3012 1293 solutionemque
3081 1241 3370 1296 corporum
3436 1230 3716 1297 accipimus.

2153 1315 2362 1382 Quam.
2388 1316 2809 1370 destructionem
2838 1317 2978 1376 dico.
3025 1317 3176 1369 multi
3220 1318 3467 1373 nolentes
3505 1320 3716 1385 credere.

2165 1408 2233 1461 ad
2254 1406 2420 1461 solius
2445 1407 2737 1476 allegoriae
2763 1407 2912 1476 leges
2941 1416 3247 1470 recurrunt,
3277 1417 3330 1462 et
3361 1425 3458 1478 per
3483 1410 3715 1464 defectum

2152 1497 2295 1553 solis
2320 1497 2695 1552 titubationem
2724 1499 2846 1553 fidei
2871 1499 3033 1552 etiam
3060 1497 3578 1568 perfectissimorum
3599 1515 3716 1554 run-

2155 1607 2304 1656 ~~rnm,
2322 1590 2411 1661 qui
2431 1591 2856 1659 tuncttemporis,
2871 1590 3085 1659 quando
3109 1590 3247 1644 filius
3271 1591 3568 1659 iniquitatis
3581 1607 3718 1659 appa-

2163 1681 2514 1747 rebit,.futuri
2549 1691 2694 1744 sunt,
2711 1679 3142 1753 [intelligunt1“.
3167 1680 3331 1750 Cujus
3356 1694 3644 1751 persecutio
3669 1685 3713 1734 in

473 1768 635 1836 capiti
665 1766 914 1821 adunalis
944 1765 1241 1821 ClariSSime
1264 1764 1551 1828 Videbilur.
1574 1765 1788 1835 quando
1810 1765 2061 1835 Spil‘ilua-
2096 1764 2135 1819 Β
2167 1786 2374 1829 tantum
2405 1772 2879 1827 tenebraserroris
2901 1780 2954 1824 et
2977 1771 3232 1842 perfidiae
3262 1771 3500 1834 inducet,
3540 1782 3594 1825 ut
3627 1788 3712 1824 non

472 1857 538 1911 lis
569 1865 736 1922 aetas,
768 1857 868 1912 hoc
891 1866 974 1912 est
994 1857 1251 1911 virtutum
1279 1855 1579 1924 plenitudo,
1605 1869 1744 1925 quae
1770 1855 1824 1909 in
1845 1853 2061 1910 Christo

470 1959 524 2004 et
557 1949 794 2005 Ecclesia
832 1965 928 2003 sua
974 1948 1268 2003 constituta
1319 1957 1425 2013 est,
1474 1948 1956 2007 consummabitur,
2007 1957 2060 2001 et

470 2049 675 2105 cetera,
725 2055 866 2110 quae
916 2040 982 2095 de
1032 2049 1256 2093 aeterna
1317 2037 1574 2093 felicitate
1623 2049 1678 2093 et
1729 2039 2058 2109 perfectione

467 2130 816 2185 beatitudinis
855 2131 908 2184 in
950 2129 1042 2185 Dei
1077 2129 1214 2184 Filio
1251 2129 1473 2200 intelligi
1515 2139 1756 2200 possunt.
1786 2131 1841 2185 ln
1871 2147 2056 2185 resur-

464 2225 709 2279 rectione
741 2233 922 2277 autem
951 2224 1309 2277 humanorum
1338 2237 1646 2292 corporum,
1700 2223 1842 2292 quod
1886 2239 2053 2278 unus-

465 2319 695 2390 quisque
745 2318 796 2370 in
843 2332 907 2370 ea
959 2323 1166 2371 statura
1227 2324 1284 2369 et
1332 2315 1722 2386 magnitudine,
1776 2316 1842 2370 ad
1890 2331 2051 2386 quam

466 2408 706 2478 perfecto
732 2408 814 2462 sui
838 2406 1082 2478 corporis
1107 2407 1440 2461 incremento
1479 2407 1723 2475 pervenit
1749 2406 1800 2460 in
1825 2404 2049 2473 juvenili

467 2509 664 2564 aetate,
688 2499 801 2554 sive
829 2507 1186 2569 perventurus
1210 2497 1225 2528 ¹
1243 2503 1405 2565 esset,
1423 2497 1466 2550 si
1499 2505 1672 2550 morte
1695 2512 1800 2550 non
1827 2511 2050 2565 praeoc-

463 2601 775 2663 cnparetur,
819 2590 902 2646 vel
953 2606 1116 2659 quam
1167 2589 1410 2644 deseruit
1462 2590 1514 2643 in
1561 2589 1760 2644 seniles
1807 2590 2048 2644 defectus

461 2681 734 2739 decidens.
761 2687 1168 2733 resurrecturus
1207 2686 1227 2716 ί
1256 2677 1348 2740 sit,
1376 2678 1566 2732 beatus
1613 2677 1946 2748 Augustinus
1993 2679 2044 2731 in

464 2771 617 2825 libris
657 2773 723 2825 de
760 2769 990 2824 Civitate
1031 2768 1125 2823 Dei
1171 2769 1548 2822 incunctanter
1599 2765 1850 2821 afﬁrmat.
1893 2768 2045 2835 Quod

460 2877 590 2916 vero
618 2859 939 2915 immortalia
967 2867 1021 2914 et
1048 2859 1348 2930 Spiritnalia
1389 2873 1614 2929 corpora
1665 2859 1824 2912 nnllis
1857 2873 2019 2928 corpo

460 2955 652 3008 ralium
685 2954 982 3008 formarum
1020 2953 1382 3016 lineamentis,
1431 2953 1510 3008 vel
1555 2953 1926 3023 qualitatibus,
1964 2954 2044 3007 vel

457 3046 850 3116 quantitatibns
873 3043 1410 3107 circumscribentur,
1457 3055 1678 3114 propter
1719 3043 2040 3099 ineffabilem

455 3153 642 3192 eorum
683 3135 965 3207 spiritibus
1004 3134 1489 3203 incircumscriptis
1530 3133 1909 3187 adunationem
1955 3134 2040 3186 in-

453 3229 853 3296 discretamque
918 3224 1364 3294 simplicitatem,
1435 3225 1650 3278 beatum
1721 3222 2037 3290 Gregorium

453 3317 806 3385 Theolognm,
842 3324 1087 3370 sanctum
1127 3329 1341 3385 quoque
1388 3313 1751 3376 Ambrosium,
1795 3328 1893 3368 nec
1931 3328 2038 3368 non

452 3417 504 3464 et
545 3409 833 3463 Maximum
868 3404 1230 3462 venerabilem
1260 3405 1576 3478 magistrum
1612 3403 1776 3459 certis
1815 3405 2039 3459 rationi-

451 3501 552 3556 bus
587 3499 886 3569 approbare
912 3508 1072 3566 saepe
1095 3493 1350 3550 diximus.
1393 3495 1623 3550 Causam
1665 3503 1843 3548 tamen
1883 3509 2037 3550 erro-

452 3591 528 3643 ris
559 3603 766 3654 eorum,
805 3588 895 3657 qni
940 3587 991 3641 in
1037 3595 1244 3642 statura
1285 3586 1531 3655 corporis
1563 3582 1823 3640 Dominici
1854 3585 2035 3640 omnia

451 3685 688 3737 humana
753 3695 978 3750 corpora
1042 3690 1410 3734 resurrectnra
1481 3681 1866 3750 dogmatizant,
1926 3696 2034 3736 non

452 3771 781 3842 ignoramus.
850 3767 1026 3823 Minus
1080 3771 1225 3824 enim
1284 3769 1678 3839 inlelligentes,
1760 3772 1902 3840 quod
1979 3772 2032 3826 in

452 3859 661 3916 GraeCo
704 3869 786 3914 est
825 3860 1103 3928 scriptum,
1132 3863 1202 3921 εἰς
1232 3862 1411 3938 μέτρον
1443 3863 1653 3925 ἡλικίας,
1696 3863 1797 3916 hoc
1826 3872 1930 3926 est,
1980 3862 2030 3915 in

448 3969 758 4010 mensuram
791 3956 1006 4018 aetatis,
1051 3955 1453 4019 existimabant,
1487 3957 1674 4014 ἠλικίαν
1719 3957 1936 4026 pr0prie
1965 3958 2031 4010 ad

447 4043 745 4114 perfectam
793 4046 1036 4116 corporis
1088 4055 1319 4100 aetatem
1362 4046 1652 4117 pertinere,
1695 4062 1819 4100 cum
1871 4048 2030 4106 ἡλικία

445 4133 567 4206 plus
592 4136 804 4189 animae
834 4137 887 4190 in
917 4137 1229 4202 virtutibus,
1249 4152 1408 4206 quam
1445 4139 1691 4207 corporis
1716 4153 1811 4208 per
1837 4138 2026 4193 localia

411 4231 502 4280 ‘et
546 4226 856 4297 temporalia
922 4228 1261 4283 incrementa
1327 4229 1622 4298 perfectam
1683 4229 1949 4300 significet
2009 4231 2029 4260 ⁸

448 4330 776 4372 mensuram.
813 4317 949 4373 Hinc
969 4326 1073 4381 est,
1098 4319 1238 4388 quod
1271 4319 1569 4389 phil050phi
1598 4320 1833 4374 animam
1865 4322 2024 4376 ratio-

411 4409 414 4412 ’
448 4409 622 4462 nalem
675 4409 991 4485 ἐνδελεχειας
1022 4409 1206 4475 filiam,
1238 4411 1342 4464 hoc
1389 4421 1494 4477 est,
1527 4411 1798 4480 perfectae
1835 4415 2028 4468 aetatis

405 4501 410 4503 ’
448 4501 502 4551 in
549 4500 840 4555 virtutibus
881 4509 1131 4556 asserunt
1177 4515 1319 4567 esse.
1364 4502 1525 4557 veluti
1554 4502 1689 4559 suam
1731 4505 1940 4568 ἡλικίας,
1975 4506 2025 4560 id

405 4593 408 4595 λ
447 4598 529 4642 est
564 4591 710 4643 intus
755 4592 946 4646 aetatis
988 4589 1031 4644 δ.
1076 4591 1156 4648 Ac
1202 4605 1300 4663 per
1341 4594 1444 4648 hoc
1475 4608 1632 4650 nemo
1661 4609 1790 4650 sane
1833 4597 2028 4652 intelli-

402 4679 410 4688 “
447 4695 580 4749 gens
605 4680 843 4750 praefata
878 4683 1117 4751 Apostoll
1148 4685 1311 4738 verba
1357 4685 1422 4738 de
1465 4683 1795 4754 perfectione
1834 4689 2026 4740 aetatis

404 4787 414 4800 -
447 4769 716 4837 corporis,
740 4768 842 4824 sed.
859 4769 925 4824 de
965 4769 1292 4839 plmitndine
1319 4772 1591 4828 Ecclesiae
1623 4775 1676 4827 in
1703 4776 1875 4845 capite
1906 4788 2022 4839 suo,

435 4857 594 4928 quod
621 4867 706 4914 est
729 4860 996 4926 Christus,
1041 4861 1142 4916 hoc
1186 4871 1288 4927 est,
1317 4863 1383 4917 de
1420 4864 1748 4933 perfectione
1769 4877 1789 4907 υ
1819 4866 2024 4936 gratiae

448 4959 500 5004 et
553 4951 900 5006 beatitudinis
960 4960 1013 5006 et
1063 4953 1625 5025 incomprehensibilis
1686 4958 2025 5013 adunationis

447 5043 696 5112 accipiat.
728 5041 793 5096 Et
827 5044 998 5098 miror
1033 5045 1098 5099 de
1125 5045 1230 5111 his,
1261 5047 1353 5117 qui
1379 5046 1504 5102 talia
1545 5047 1700 5104 nobis
1750 5059 2027 5121 opponunt

447 5137 515 5189 de
541 5135 958 5207 amplificatione
989 5137 1348 5209 corporalium
1379 5139 1562 5194 mundi
1607 5138 1890 5205 luminum,
1929 5155 2026 5195 cur

406 5249 413 5260 ι
447 5242 556 5282 non
579 5227 897 5293 intendunt.
921 5233 1064 5300 quod
1091 5233 1144 5286 in
1176 5232 1467 5304 Evangelio
1503 5235 1569 5289 de
1611 5235 1820 5290 defectu
1865 5236 2027 5291 totius

450 5321 633 5398 mundi
667 5323 936 5381 sensibilis
975 5339 1073 5395 per
1103 5325 1371 5381 defectum
1396 5327 1629 5396 partium
1657 5328 1824 5398 ipsius
1846 5329 1998 5384 Domi

2162 1865 2334 1921 solum
2367 1866 2417 1918 in
2464 1861 2614 1919 caelo
2647 1863 2910 1919 ecclesiae
2947 1862 3215 1928 carnales,
3258 1862 3350 1931 qui
3395 1876 3494 1931 per
3542 1877 3713 1925 .unam,

2171 1978 2363 2018 verum
2393 1965 2559 2017 etiam
2587 1964 3007 2034 spiritualiores,
3039 1969 3131 2036 qni
3162 1985 3256 2035 per
3286 1970 3494 2034 stellas,
3523 1973 3703 2023 summi

2173 2064 2390 2118 quoque
2408 2060 2463 2105 et
2480 2052 2910 2120 spirituatissimi
2928 2055 3180 2109 docrores
3192 2057 3431 2127 ejus,qlli
3455 2075 3545 2126 per
3560 2058 3704 2111 solem

2173 2139 2397 2206 mystice
2418 2140 2872 2209 praefigurantur.
2899 2143 3078 2198 lumen
3109 2147 3444 2201 orthodoxae
3476 2146 3591 2201 fidei
3628 2157 3704 2200 ant

2170 2225 2239 2276 ad
2283 2233 2496 2295 tempus
2526 2229 2882 2292 abscondent.
2912 2241 3006 2285 aut
3034 2234 3207 2286 territi
3243 2236 3510 2300 minuent,
3534 2245 3618 2290 aut
3645 2236 3700 2288 ab

2167 2327 2236 2366 eo
2269 2317 2486 2382 penitus
2514 2316 2782 2371 labentur.
2816 2317 2989 2383 Quam
3017 2320 3281 2374 theoriam
3318 2339 3492 2391 neque
3522 2339 3612 2378 nos
3633 2339 3702 2376 re-

2169 2401 2832 2458 fellimus.Vernmtamen
2866 2406 3122 2460 audiendi
3150 2424 3256 2460 non
3292 2411 3546 2475 sunt,qni
3580 2409 3702 2463 hunc

2164 2490 2348 2544 locum
2385 2494 2754 2561 evangelicum
2789 2497 3055 2550 violenter
3089 2499 3390 2552 secundum
3445 2500 3696 2555 historiam

2169 2595 2436 2635 conantur
2467 2593 2714 2638 astruere
2735 2625 2749 2647 ,
2792 2597 3075 2654 putantes,
3110 2591 3251 2655 quod
3295 2606 3562 2658 nunqna-n
3592 2606 3698 2645 cae-

2168 2671 2386 2724 lestium
2408 2686 2698 2738 corporum
2724 2687 2881 2727 casus
2905 2675 3126 2730 luminis
3152 2680 3200 2728 in
3231 2677 3337 2730 fine
3363 2679 3541 2732 nmndi
3571 2679 3699 2732 futu-

2166 2773 2262 2812 rus
2308 2759 2411 2822 sit,
2465 2761 2555 2813 Sed
2598 2761 2808 2816 illorum
2871 2765 3129 2832 splendor
3172 2769 3517 2836 superabitur
3551 2768 3699 2820 nimia

2164 2850 2411 2905 claritate
2444 2857 2880 2921 supervenientis
2905 2857 3108 2926 'jndicis
3132 2899 3147 2920 ,
3181 2861 3598 2928 caelestumque
3623 2875 3700 2913 es-

2163 2944 2462 2998 sentiarum
2493 2961 2614 3000 cum
2639 2947 2758 3015 ipso
2781 2948 3253 3012 descendentium.
3285 2952 3499 3011 quando
3527 2962 3701 3005 ventu.

2167 3049 2262 3089 rus
2291 3043 2374 3088 est
2404 3035 2650 3104 judicare
2688 3039 2840 3092 vivos
2885 3049 2939 3094 et
2991 3053 3253 3096 mortuos.
3293 3042 3510 3096 Addunt
3549 3044 3692 3096 etiam

2162 3127 2472 3197 paradigma
2501 3144 2567 3182 ex
2608 3131 2838 3184 orientis
2867 3132 2998 3186 solis
3037 3133 3221 3196 radiis,
3258 3136 3353 3201 qui
3388 3134 3579 3201 impetu
3608 3147 3695 3186 suo

2162 3219 2425 3290 fulgorem
2449 3223 2682 3275 aliorum
2703 3224 2946 3277 siderum
2968 3225 3450 3288 obtundunt",imo
3472 3225 3694 3279 etiamab

2162 3312 2337 3366 oculis
2369 3315 2572 3366 nostris
2595 3315 2852 3369 auferunt
2877 3333 2891 3377 ;
2915 3317 2966 3368 in
3000 3332 3059 3370 se
3093 3332 3326 3385 namque
3361 3319 3489 3385 ipsis
3517 3318 3590 3370 sui
3619 3316 3694 3369 ln-

2161 3403 2324 3455 minis
2366 3405 2637 3458 vibratum
2673 3407 3064 3460 indiminntum
3117 3423 3334 3475 semper
3382 3407 3688 3464 custodiunt,

2161 3497 2420 3563 quoniam
2449 3497 2553 3558 sol.
2584 3513 2611 3550 a
2639 3513 2748 3566 quo
2777 3499 2960 3552 lumen
2986 3499 3288 3566 accipiunt.
3319 3515 3528 3566 semper
3556 3511 3688 3565 prae-

2161 3601 2289 3640 sens
2339 3589 2422 3643 eis
2454 3597 2558 3643 est.
2610 3587 2722 3645 Nec
2752 3591 2974 3654 obstat,
3010 3592 3151 3660 quod
3195 3581 3490 3660 ’aliquoties
3531 3586 3685 3664 lupari

2157 3679 2319 3747 globo
2337 3679 2658 3749 interiectus
2679 3690 2858 3736 terrae
2884 3683 3092 3737 solsres
3117 3683 3295 3738 aufert
3324 3682 3518 3738 radios.
3543 3677 3685 3733 Erro-

2159 3771 2234 3825 ris
2272 3781 2452 3825 autem
2481 3786 2696 3838 eorum,
2735 3773 2825 3840 qui
2857 3774 2983 3828 talia
3009 3775 3308 3839 somniant,
3339 3790 3496 3830 causa
3521 3780 3686 3832 est,nt

2150 3863 2352 3930 opinor
2399 3879 2412 3916 :
2457 3863 2798 3917 arbitrantur
2847 3867 2992 3919 enim
3035 3866 3306 3935 judicium
3362 3867 3584 3922 futurum
3631 3864 3678 3915 in

2156 3951 2338 4019 aliquo
2367 3952 2489 4006 loco
2526 3955 2665 4007 intra
2692 3967 2842 4024 septa
2876 3955 3040 4026 hujus
3072 3957 3254 4011 mundi
3285 3961 3539 4025 agendum
3561 3956 3678 4018 fore,

2149 4041 2390 4110 judicem
2428 4059 2646 4112 quoque
2667 4060 2794 4100 cum
2826 4047 2940 4102 suis
2978 4049 3182 4101 sanctis
3211 4049 3419 4115 angelis
3447 4049 3510 4100 de
3538 4062 3684 4113 snpe-

2156 4134 2393 4189 rioribns
2420 4135 2702 4191 sensibilis
2726 4148 2946 4192 naturae
2970 4139 3214 4207 partibus
3240 4139 3482 4194 localiter
3503 4145 3553 4192 et
3575 4149 3681 4188 cor-

2155 4227 2421 4295 poraliter
2475 4227 2889 4283 descensurum.
2945 4228 3083 4284 Hinc
3137 4241 3240 4292 est.
3294 4230 3436 4298 quod
3483 4227 3677 4298 quidam

2155 4321 2340 4375 sedem
2391 4321 2582 4390 iudicii
2639 4323 2690 4374 in
2739 4323 2976 4376 confinio
3030 4325 3174 4376 aeris
3213 4332 3270 4376 et
3300 4323 3548 4380 aetheris.
3581 4336 3678 4388 quo

2153 4413 2364 4482 physici
2393 4415 2638 4467 lunarem
2673 4407 2936 4468 circulum
2967 4415 3308 4475 describunt.
3342 4414 3570 4482 quidam,
3596 4411 3680 4464 Ju-

2151 4505 2302 4559 daeis
2331 4505 2760 4564 consentientes.
2786 4507 2838 4558 in
2876 4505 3010 4558 valle
3035 4503 3302 4574 Josaphat
3326 4505 3567 4566 delirant,
3587 4517 3676 4554 non

2154 4599 2650 4653 animadvertentes
2693 4599 2945 4650 virtutem
2977 4598 3234 4659 nominis,
3265 4598 3405 4664 quod
3440 4609 3518 4651 est
3551 4595 3678 4649 loss-

2149 4691 2319 4760 phat;
2353 4692 2715 4760 compositum
2757 4691 2956 4758 quippe
2982 4699 3062 4743 est
3092 4707 3156 4743 ex
3190 4693 3289 4743 ἰαὼ
3311 4702 3367 4745 et
3409 4690 3596 4757 σιφάτ.
3629 4687 3679 4738 Et

2152 4782 2252 4836 ῑαώ
2279 4783 2498 4852 quidem
2531 4783 2729 4836 multas
2771 4783 2938 4836 habet
2969 4783 3449 4850 interpretationes
3482 4799 3498 4850 ;
3529 4781 3677 4832 inter-

2147 4883 2399 4945 pretatur
2419 4875 2562 4927 enim
2595 4874 2871 4927 invisibilis
2899 4876 2940 4938 ³,
2965 4887 3057 4928 aut
3084 4873 3362 4940 Dominus,
3387 4881 3479 4926 aut
3501 4871 3675 4942 gloria.

2146 4975 2237 5020 aut
2264 4968 2512 5028 existens,
2539 4976 2630 5020 aut
2664 4977 2797 5028 erat,
2829 4977 2878 5019 et
2913 4975 3010 5028 est,
3038 4977 3085 5018 et
3113 4965 3324 5036 futurus
3351 4979 3472 5031 esti;
3512 4961 3673 5031 σαφάτ

2145 5069 2326 5112 autem
2348 5058 2574 5111 vertitur
2600 5059 2654 5110 in
2677 5059 2960 5124 judicium.
2992 5055 3251 5126 Josaphat
3282 5058 3444 5126 igitur
3466 5058 3486 5088 ‘
3511 5053 3678 5109 invisi-

2145 5149 2254 5204 bile
2277 5148 2567 5216 judicium,
2601 5150 2684 5202 vel
2732 5149 2941 5202 Domini
2970 5148 3262 5214 judicium,
3301 5151 3378 5202 rel
3409 5147 3679 5217 gloriosum

2142 5240 2520 5312 judicium,vel
2543 5237 2679 5303 erat,
2701 5249 2757 5293 et
2780 5250 2882 5300 est.
2905 5249 2959 5293 et
2984 5238 3204 5294 futurus
3234 5245 3335 5303 est,
3361 5241 3451 5308 qui
3469 5238 3678 5308 jndirat.

2131 5327 2349 5387 Videns
2383 5332 2563 5399 itaque
2589 5328 2728 5396 ,ιρι-ι,
2757 5330 3076 5400 prophetico
3111 5331 3306 5400 spiritu
3345 5331 3678 5384 illnminalus.

1743 5424 2001 5479 VARIAE
2043 5423 2335 5482 LECTION
2347 5423 2447 5478 ES.

445 5559 470 5568 -
539 5526 556 5556 ί
593 5525 685 5577 Sic
714 5523 834 5589 CF;
870 5527 910 5577 Α
933 5522 1049 5578 sive
1080 5520 1263 5574 robore
1292 5525 1676 5589 perventurus.

475 5594 742 5645 iuteribris
773 5587 939 5646 aetas.
1017 5593 1038 5624 ⁸
1067 5593 1164 5643 hoc
1197 5600 1272 5644 est
1302 5597 1362 5641 rte
1391 5587 1838 5655 perfectionemn.
1872 5589 1934 5640 A.

1770 5519 1790 5549 ²
1820 5530 1949 5572 esset
1982 5521 2029 5572 si
2054 5549 2118 5559 -
2154 5526 2541 5572 resurrecturus
2569 5532 2676 5570 om.
2709 5519 2772 5571 Α.

2013 5591 2033 5620 ⁸
2058 5597 2170 5660 ροισι
2198 5605 2305 5641 oni.
2342 5589 2408 5652 Α.

2851 5518 2871 5549 ⁸
2902 5520 2940 5570 Δ
2967 5517 3256 5592 signiﬁcat.
3282 5587 3295 5592 _
3376 5513 3464 5592 Sic
3490 5510 3605 5577 CF;

2505 5589 2546 5617 θ’
2573 5589 2867 5659 intelligunt
2902 5603 3012 5642 om.
3071 5587 3204 5642 ΔΕΓ
3232 5587 3411 5642 addidi
3442 5598 3506 5642 es
3538 5587 3667 5650 ceu].

471 5663 486 5692 ’
518 5663 558 5710 Α
590 5661 854 5714 obtundet.
893 5661 913 5690 ⁸
942 5661 1034 5715 Sic.
1069 5659 1192 5724 CF;
1229 5661 1295 5724 Α,
1326 5652 1570 5711 visibilis.
1641 5657 1660 5688 ⁹
1693 5652 1782 5710 Sic
1802 5655 1885 5710 CF
1910 5675 1928 5722 3
1958 5660 1993 5709 Α
2026 5652 2216 5714 (τ’-ιον.
