3936 6160
256 334 368 392 997

1108 327 1196 386 DE
1235 305 1579 386 DlV’lSleE
1618 327 1968 384 NATL'RAE.
2009 361 2076 369 _
2117 328 2314 384 Lini-1n
2357 328 2680 398 QUINTUS.

3432 337 3535 394 998

267 448 434 506 divini
465 444 652 517 judicii
681 444 1100 516 profunditatem
1128 453 1184 500 et
1216 444 1537 498 invisibilem
1569 443 1846 502 virtutem,
1878 443 1922 500 Α
1953 439 2253 508 apparebit.
2289 437 2344 492 ln
2369 437 2658 507 Evangeiio
2688 453 2902 510 quoque
2931 455 3028 496 suo
3055 459 3067 495 :
3096 441 3301 513 Ignem,
3327 446 3537 516 inquit’

266 553 628 610 omnibusque
660 545 946 602 remotam,
979 538 1155 608 typiee
1182 535 1374 589 vallem
1425 533 1721 589 introduxit
1763 531 1847 588 Jo-

266 633 478 702 sapbat,
508 643 562 684 et
587 644 874 700 personam
905 628 1144 693 Domini,
1187 627 1340 696 cujus
1379 625 1545 698 gloria
1595 627 1647 679 in
1677 623 1854 680 altitu-

266 722 392 777 dine
410 720 636 789 ijudicii
687 719 768 774 sui
797 718 1096 788 apparebit,
1123 718 1214 788 qui
1242 726 1379 782 erat,
1405 725 1459 770 et
1492 725 1596 780 est,
1635 724 1689 770 et
1713 715 1853 770 futu-

266 831 359 869 rus
388 824 492 878 est,
511 813 782 882 accipiens
798 813 920 866 etin
936 813 1174 880 seipsum
1201 809 1490 865 infundens
1519 809 1848 878 proclamat:

269 907 600 977 Consurgunt
635 915 682 959 et
718 904 1003 959 ascendant
1040 912 1218 974 gentes
1257 902 1314 956 in
1355 900 1541 955 vallem
1570 900 1851 968 Josaphat,

265 995 389 1070 quia
421 998 494 1050 ibi
519 996 730 1060 sedebo,
769 1005 823 1050 ut
855 995 1090 1064 judicent
1117 1009 1294 1048 omnes
1320 1001 1493 1063 gentes
1521 992 1577 1046 in
1604 992 1850 1044 circuitu.

267 1096 345 1142 Ac
391 1091 438 1143 si
485 1087 745 1151 dixisset,
797 1094 1128 1156 consurgant
1171 1099 1359 1140 omnes
1395 1099 1462 1138 ex
1501 1083 1748 1148 mortuis,
1802 1091 1857 1137 et

265 1179 566 1232 ascendant
607 1179 658 1232 in
691 1177 882 1248 judicii
924 1178 1028 1232 mei
1067 1175 1437 1237 altitudinem,
1486 1187 1855 1241 arcanumque

264 1265 593 1338 profundum
616 1309 630 1326 .
675 1268 818 1336 quod
846 1275 1066 1337 superat
1089 1281 1304 1323 omnem
1346 1265 1694 1321 intellectum.
1745 1263 1856 1320 Hos

264 1358 474 1426 itaque,
504 1358 596 1422 qui
626 1359 752 1413 talia
782 1360 1074 1423 somniant,
1105 1359 1252 1414 clara
1279 1373 1516 1428 veraque
1539 1359 1744 1413 deridet
1770 1372 1856 1412 ra-

266 1451 365 1502 tio.
409 1449 693 1516 Quomodo
729 1450 874 1505 enim
907 1449 1168 1504 Dominus
1195 1462 1380 1504 n05ter
1400 1448 1559 1504 Jesus
1580 1447 1852 1512 Christus,

264 1543 352 1592 cui
393 1539 557 1593 Pater
583 1541 731 1594 dedit
761 1540 1051 1608 judicium,
1098 1539 1342 1595 localiter
1386 1549 1440 1594 et
1484 1539 1856 1610 temporaliter

265 1629 595 1689 movebitur,
623 1638 912 1700 postquam
944 1629 1338 1684 immanitatem
1365 1645 1520 1685 suam
1551 1645 1713 1700 super
1738 1645 1858 1684 om-

265 1733 358 1771 nia
391 1725 507 1773 loca
537 1727 591 1774 et
618 1728 892 1787 tempora,
938 1735 1102 1790 super
1141 1736 1322 1786 omne,
1372 1721 1516 1791 quod
1559 1721 1757 1776 dicitur
1798 1731 1854 1778 et

1956 529 2069 583 veni
2106 529 2309 584 mittere
2345 531 2399 585 in
2437 541 2674 592 terram:
2718 542 2766 586 et
2792 532 2834 563 ‘°
2869 533 2995 604 quid
3032 532 3167 601 uolo,
3200 538 3326 596 nisi.
3356 550 3413 594 ut
3450 559 3541 598 ar-

1953 621 2071 673 deat
2098 621 2122 673 .9
2149 632 2326 676 terrae
2350 621 2613 678 vocabulo
2634 638 2848 678 omnem
2875 626 3186 682 sensibilem
3210 643 3540 700 creaturam,

1955 708 2094 780 ignis
2125 725 2254 765 vero
2290 713 2558 778 ardentis,
2585 727 2717 768 suae
2752 714 3209 775 manit'estationis
3235 719 3540 780 claritatem

1956 800 2008 852 in
2037 801 2288 856 omnibus
2317 801 2578 870 futuram,
2604 805 2795 873 suique
2817 804 3006 874 judicii
3031 807 3346 868 ferventiam
3368 815 3546 885 typice

1955 891 2285 962 signiﬁcans.
2341 894 2439 949 Cui
2485 897 2668 950 sensui
2706 896 2895 952 beatus
2929 899 3264 971 Augustinus
3298 905 3542 976 adstipu-

1953 981 2098 1035 latur
2126 983 2179 1038 in
2209 985 2548 1056 expositione
2573 987 3008 1060 quinquagesimi
3033 992 3225 1060 psalmi
3255 1008 3269 1046 :
3301 995 3442 1059 Quid
3469 1007 3544 1051 est

1953 1075 2093 1128 enim
2126 1075 2488 1131 holocaustum
2518 1086 2684 1132 totum
2713 1080 2832 1150 igne
2868 1093 3234 1153 consumptum
3253 1085 3280 1138 ?
3318 1086 3546 1152 Quando

1955 1173 2122 1218 totum
2171 1182 2327 1236 pecus
2375 1168 2743 1236 imponebatur
2773 1186 2900 1223 arae
2944 1171 3060 1239 igne
3107 1178 3543 1241 consumendum,

1953 1253 2314 1310 holocaustum
2349 1257 2643 1313 dicebatur.
2696 1259 2852 1314 Totos
2883 1278 2976 1315 nos
3004 1264 3140 1332 ignis
3169 1264 3258 1319 ille
3285 1273 3549 1325 absumet.

1955 1353 2002 1396 et
2026 1343 2194 1412 fervor
2218 1347 2306 1402 ille
2327 1348 2565 1418 arripiet.
2597 1349 2726 1416 Quis
2753 1351 2966 1418 fervor?
2993 1353 3105 1408 Nec
3123 1365 3221 1421 est,
3244 1358 3340 1427 qui
3353 1375 3408 1412 se
3431 1361 3548 1414 ab:-

1957 1445 2146 1491 condat
2191 1457 2223 1492 a
2275 1441 2449 1494 calore
2498 1442 2644 1510 ejus.
2695 1441 2826 1508 Quis
2887 1444 3106 1513 fervor?
3153 1445 3231 1500 De
3275 1465 3376 1519 quo
3421 1450 3548 1504 dicit

1956 1527 2280 1597 Apostolus:
2335 1531 2539 1603 Spiritu
2588 1533 2866 1602 ferventes.
2934 1533 3060 1590 Non
3110 1546 3316 1592 tantum
3372 1542 3550 1594 animi:

1957 1627 2138 1672 nostra
2177 1620 2488 1676 absumatur
2515 1623 2700 1676 abillo
2739 1624 2916 1678 divino
2957 1627 3075 1694 igne
3112 1629 3422 1697 sapientiae,
3463 1634 3551 1684 sed

1956 1716 2002 1761 et
2036 1724 2224 1777 corpus
2256 1719 2492 1766 nostrum
2517 1712 2582 1765 ab
2613 1713 3034 1771 immortalitate.
3067 1715 3156 1772 Sic
3184 1718 3380 1774 lectetur
3406 1722 3547 1775 holo-

286 1806 612 1874 utelligtlur.
659 1808 713 1862 in
747 1809 1008 1863 unitatem
1053 1823 1186 1864 suae
1227 1811 1524 1866 divinitatis
1560 1811 1856 1877 exaltavit;

1962 1808 2221 1860 caustum,
2264 1811 2319 1854 ut
2353 1801 2695 1858 absorbeatur
2722 1821 2862 1860 mors
2889 1806 2944 1860 in
2973 1807 3247 1864 uictoriam
3277 1811 3317 1841 ”
3345 1827 3358 1864 :
3386 1819 3442 1866 et
3467 1827 3548 1866 ce-

264 1894 358 1950 ubi
378 1900 531 1952 sedet
552 1899 900 1954 aeterualiter
919 1909 973 1953 et
997 1899 1507 1955 incommutabiliter
1529 1901 1596 1956 ad
1617 1901 1860 1955 dextram

263 2003 354 2044 sui
431 1989 626 2055 Patris,
667 2001 722 2045 et
766 2007 1018 2047 sessurus
1047 2000 1167 2056 est;
1206 1993 1350 2048 unde
1387 1993 1525 2063 regit
1562 2002 1618 2048 et
1649 1994 1865 2064 judicat

261 2087 577 2140 omnia,'et
620 2089 870 2135 recturus
909 2092 964 2138 et
995 2081 1332 2151 iudicaturus
1357 2085 1480 2138 est!
1537 2084 1670 2139 Nam
1721 2083 1864 2154 quod

263 2168 322 2222 in
355 2171 726 2226 ecclesiastico
777 2173 1024 2246 symbolo
1069 2175 1204 2230 fides
1246 2176 1511 2232 catholica
1551 2176 1862 2241 confitetur,

262 2261 458 2316 (limus
482 2278 496 2313 :
529 2261 663 2316 Inde
690 2274 934 2316 uenturus
954 2264 1204 2333 judicare
1234 2267 1370 2320 viros
1399 2275 1445 2320 et
1473 2275 1730 2331 mortuos,
1756 2281 1861 2321 non

267 2349 346 2406 ita.
371 2351 632 2408 debemus
658 2355 916 2424 cogitare,
955 2365 1012 2409 ut
1047 2356 1271 2412 localem
1301 2365 1504 2411 motum
1536 2356 1729 2426 ipsius,
1768 2373 1863 2412 seu

264 2456 336 2496 cx
365 2443 575 2500 intimis
610 2457 838 2502 naturae
867 2449 1078 2504 sinibus
1105 2449 1157 2503 in
1185 2449 1328 2504 hunc
1353 2450 1612 2504 mundum
1641 2465 1860 2520 proces-

258 2533 480 2602 sionem
537 2537 810 2604 quandam
870 2537 1276 2608 intelligamus,
1337 2539 1508 2594 donec
1560 2539 1862 2596 visibilibus

264 2626 534 2680 membris
581 2628 861 2698 corporeis
907 2631 1157 2684 sensibus
1223 2629 1640 2699 iudicandorum
1692 2647 1852 2701 appa-

264 2729 426 2777 reat;
469 2717 564 2773 sed
593 2718 884 2774 adventurm
917 2721 1083 2790 ipsius
1108 2721 1480 2790 unusquisque
1508 2721 1771 2778 bonorum
1808 2731 1864 2776 et

263 2807 540 2864 malorum
581 2810 722 2865 intra
754 2812 992 2880 seipsum
1029 2811 1236 2867 videbit
1275 2813 1326 2866 in
1367 2829 1464 2866 sua
1500 2813 1859 2879 conscientia,

263 2897 491 2972 quando
521 2901 838 2969 aperientur
864 2902 1028 2966 libri,
1080 2912 1137 2957 et
1174 2901 1438 2963 revelabit
1462 2903 1606 2958 Deus
1631 2904 1862 2959 abscon-

263 2991 384 3044 dita
417 2993 797 3054 tenebrarum,
839 3002 894 3048 et
933 2994 1306 3062 unusquisque
1333 3009 1552 3048 suarum
1586 2996 1858 3049 actionum

267 3091 331 3137 et
352 3083 740 3150 cogitationum
780 3084 945 3149 iudex
992 3085 1120 3139 erit.
1174 3086 1310 3140 Hinc
1355 3087 1688 3156 Augustinus
1719 3089 1859 3142 vice-

1965 1893 2112 1951 tcra,
2162 1902 2303 1956 quae
2351 1891 2528 1960 typice
2575 1893 2642 1946 de
2691 1891 2873 1948 futuro
2916 1895 3124 1965 judicio
3161 1898 3345 1954 divina
3390 1901 3550 1956 tradit

1965 1977 2234 2044 historia;
2301 1981 2368 2035 de
2419 1982 2617 2044 quibus
2674 2000 2818 2040 nunc
2876 1996 3117 2042 tractare
3170 1988 3390 2060 longum
3445 2004 3551 2048 eet.

1965 2068 2110 2122 DISC.
2157 2069 2398 2141 Longum
2437 2073 2690 2141 quidem;
2734 2075 2924 2130 vellem
2967 2086 3147 2134 tamen
3187 2080 3426 2138 breviter
3462 2101 3562 2139 au.

1965 2155 2101 2220 dire,
2131 2171 2272 2227 quae
2303 2161 2410 2214 sint
2435 2163 2607 2216 nubes
2658 2164 2800 2230 illae,
2833 2165 2885 2219 in
2913 2168 3114 2236 quibus
3143 2173 3315 2226 sancti
3347 2175 3551 2243 rapien-

1966 2256 2055 2301 tur
2098 2249 2312 2304 obviam
2357 2251 2572 2307 Christo
2604 2255 2657 2307 in
2689 2257 2845 2321 aéra;
2896 2267 2954 2312 et
3000 2261 3121 2328 quis
3153 2263 3310 2318 ille”
3339 2267 3457 2331 aér,
3502 2269 3554 2322 in

1962 2355 2070 2408 quo
2097 2355 2219 2394 cum
2251 2340 2470 2396 Christo
2497 2345 2548 2397 in
2576 2345 2706 2414 ipsis
2734 2348 2971 2404 nubibus
2999 2365 3218 2422 semper
3246 2367 3426 2410 erunt.
3465 2359 3553 2412 Ait

1961 2429 2107 2482 enim
2137 2429 2464 2498 Apostolus:
2515 2431 2627 2486 Nos
2673 2447 2873 2500 autem,
2922 2441 3014 2507 qui
3061 2441 3430 2514 relinquimur,
3466 2465 3554 2518 qm

1963 2517 2159 2571 residui
2201 2535 2405 2583 sumus,
2434 2521 2535 2576 hoc
2571 2534 2679 2586 est,
2714 2525 2806 2593 qui
2843 2529 3081 2583 nondum
3122 2530 3178 2585 in
3217 2517 3553 2591 altitudinem

1963 2606 2322 2664 ileilicatiouis
2361 2613 2736 2679 ascendimus,
2780 2619 3050 2686 rapientur
3091 2621 3146 2672 in
3190 2623 3412 2680 nubibus
3459 2628 3554 2681 ob-

1961 2703 2098 2756 uiam
2127 2703 2336 2759 Christo
2374 2707 2430 2760 in
2463 2713 2612 2773 ae'ra,
2648 2719 2696 2763 et
2735 2711 2811 2765 sic
2841 2729 3047 2784 semper
3071 2732 3190 2772 cum
3217 2717 3309 2773 illo
3335 2700 3578 2778 erimusa

1961 2793 2102 2850 Msa.
2137 2795 2212 2850 De
2242 2796 2326 2852 his
2358 2800 2591 2855 nubibus
2629 2810 2682 2856 et
2721 2803 2775 2856 in
2807 2805 3079 2874 prioribus
3109 2809 3272 2879 hujus
3298 2811 3340 2842 ¹³
3372 2813 3554 2884 dispu-

1964 2887 2187 2942 tationis
2237 2889 2391 2945 libris
2433 2891 2652 2947 beatum
2700 2895 2994 2952 Maximum
3042 2913 3334 2970 sequentes
3381 2922 3552 2975 pauca

1962 2983 2188 3050 praefati
2215 2983 2260 3015 “
2301 3001 2508 3050 sumus,
2557 2995 2614 3041 et
2657 3005 2800 3045 nunc
2841 2991 3036 3047 iterum
3078 2997 3250 3050 sancti
3279 2999 3552 3056 Ambrosii

1961 3085 2178 3125 sensum
2193 3073 2456 3129 addentes
2472 3075 2734 3131 dicemus.
2750 3077 3131 3151 Unusquisque
3151 3085 3313 3153 igitur
3336 3087 3554 3145 Sancto—

265 3189 414 3230 srmo
439 3173 458 3201 ⁴
485 3175 624 3228 libro
644 3173 710 3230 de
731 3176 965 3232 Civitate
1014 3179 1130 3243 Dei,
1156 3179 1368 3234 decimo
1394 3181 1556 3236 tertio
1581 3181 1817 3250 capitulo
1842 3199 1857 3235 :
1889 3167 1932 3227 (ἶ
1965 3178 2104 3224 mm,
2128 3174 2188 3218 ιη
2213 3165 2290 3220 an
2310 3165 2595 3233 Μθιίπηυεν
2620 3185 2773 3224 suam
2797 3171 3016 3228 habet)"
3042 3177 3258 3243 nubem,
3281 3184 3552 3251 Propriam

270 3270 577 3332 Quaedam,
606 3269 803 3339 inquit,
827 3271 901 3324 vis
927 3281 1000 3324 est
1030 3271 1367 3340 intelligenda
1395 3273 1589 3335 diuina,
1620 3289 1722 3344 qua
1750 3273 1858 3341 lict,

267 3367 325 3409 ut
357 3359 643 3426 unicuique
681 3375 840 3425 opera
869 3377 989 3426 sua,
1023 3359 1099 3414 uel
1129 3363 1264 3416 bona
1295 3362 1371 3415 uel
1399 3361 1563 3426 mala,
1593 3374 1780 3418 cuncta
1807 3365 1860 3416 in

267 3463 584 3502 memoriam
611 3460 935 3512 revocentur,
976 3461 1029 3504 et
1064 3453 1251 3507 mentis
1282 3454 1475 3508 intuitu
1510 3455 1648 3507 mira
1681 3453 1864 3508 celeri-

271 3551 380 3591 tate
411 3547 696 3592 cernantur
719 3543 759 3600 ⁸,
799 3551 855 3593 ut
886 3551 1094 3596 accuset
1122 3540 1200 3596 uel
1250 3551 1457 3596 excuset
1487 3543 1705 3598 scientia
1740 3558 1864 3596 6οη-

265 3629 582 3692 scientiam,
620 3644 775 3700 atque
809 3633 883 3685 ita
924 3643 972 3686 et
1012 3649 1188 3688 omnes
1226 3643 1274 3686 et
1310 3634 1506 3703 singuli
1531 3635 1860 3704 judicentur.

271 3718 428 3782 Quae
475 3720 728 3774 nimirum
778 3723 859 3776 vis
905 3724 1085 3777 divina
1139 3724 1258 3778 libri
1300 3739 1493 3779 nomen
1524 3725 1767 3794 accepit;
1808 3725 1862 3780 in

269 3826 336 3864 et.
365 3811 572 3880 quippe
600 3813 996 3880 quodammodo
1026 3815 1238 3886 legitur,
1261 3815 1516 3886 quicquid
1545 3831 1608 3870 ea
1635 3815 1866 3870 faciente

275 3905 562 3966 rccmitur,
595 3903 734 3958 sicut
761 3904 836 3957 ait
864 3905 1154 3974 Apostolus
1184 3923 1196 3958 :
1233 3904 1427 3960 Omnes
1451 3906 1586 3960 enim
1609 3907 1864 3961 stabimus

271 4005 398 4046 ante
428 3992 662 4046 tribunal
695 3992 926 4058 Domini,
955 4004 1010 4048 ut
1040 3995 1176 4064 {erat
1206 3997 1581 4067 unusquisque,
1609 4014 1742 4068 quae
1775 4014 1867 4066 per

271 4101 468 4155 corpus
505 4087 682 4154 gessit,
721 4086 828 4141 sive
867 4087 1058 4142 bonum
1092 4089 1200 4143 sive
1233 4087 1454 4154 malum,
1489 4089 1724 4146 tribunal
1757 4088 1862 4144 Do-

272 4176 411 4230 mini
437 4175 714 4246 appellans
742 4175 1042 4246 majestatis
1070 4177 1185 4245 ejus
1214 4178 1687 4245 excelsitudinem,
1725 4195 1866 4250 quae

274 4268 534 4322 omnibus
579 4267 777 4336 ubique
828 4268 881 4322 in
927 4269 1178 4324 omnibus
1223 4271 1540 4340 apparebit,
1593 4287 1698 4341 qua
1743 4281 1798 4326 et
1846 4271 1867 4301 ⁵

276 4356 628 4411 manifestata
673 4357 915 4414 videbunt
961 4359 1144 4428 impii,
1175 4360 1230 4414 in
1258 4377 1412 4432 quem
1467 4371 1797 4432 pupugerunt
1823 4361 1865 4425 ³,

273 4457 324 4502 et
361 4449 614 4520 plangent
647 4467 702 4506 se
735 4467 912 4507 omnes
957 4452 1124 4507 tribus
1173 4463 1362 4508 terrae.
1416 4457 1496 4510 Ac
1533 4455 1612 4510 sic
1649 4455 1864 4525 signum

275 4539 372 4596 lilii
413 4541 674 4607 hominis,
717 4544 819 4597 hoc
855 4552 972 4607 est,
1015 4544 1190 4599 honor
1228 4554 1282 4600 et
1321 4545 1490 4614 gloria
1529 4547 1706 4602 crucis
1743 4545 1864 4614 ejus

274 4633 494 4688 eunetis
522 4633 766 4706 fulgebit.
806 4636 870 4690 Et
898 4635 1146 4691 fortassis
1175 4637 1260 4691 illa
1290 4646 1373 4693 est
1402 4636 1618 4694 ﬂamma
1649 4639 1859 4702 ultima,

275 4742 419 4800 quae
465 4736 639 4782 totum
685 4729 944 4783 mundum
991 4737 1048 4783 et
1093 4729 1336 4798 implebit
1383 4739 1438 4785 et
1486 4739 1769 4786 consumet
1815 4731 1860 4795 ⁷,

274 4818 552 4892 apparitio
598 4817 849 4874 videlicet
899 4813 992 4874 Dei
1042 4817 1202 4873 Verbi
1261 4820 1313 4872 in
1369 4820 1515 4875 omni
1565 4828 1858 4884 creatura,

279 4909 502 4974 quando
552 4909 625 4964 nil
671 4909 813 4964 aliud
857 4918 914 4963 et
955 4912 977 4942 ⁸
1027 4911 1184 4964 bonis
1227 4917 1281 4964 et
1329 4911 1485 4964 malis
1524 4912 1574 4964 in
1613 4912 1863 4966 omnibus

273 4997 622 5062 splendebit,
655 4999 758 5054 nisi
790 4999 1142 5071 intelligibilis
1171 4999 1290 5066 lux,
1337 5015 1478 5070 quae
1507 5017 1651 5056 nunc
1679 5002 1866 5072 implet

275 5105 463 5143 omnia
497 5089 723 5150 occulte,
757 5098 812 5144 et
839 5099 966 5145 tunc
993 5099 1178 5161 aperte
1207 5091 1492 5161 impletura
1524 5101 1626 5147 est.
1663 5093 1752 5148 Illa
1781 5108 1864 5148 est

277 5178 534 5246 inanima,
580 5189 642 5234 ut
685 5181 898 5254 opinor,
947 5196 1087 5251 quae
1139 5183 1204 5238 de
1253 5183 1431 5254 seipsa
1477 5183 1702 5254 loquens
1749 5185 1862 5240 ait:

287 5274 397 5341 Ego
435 5289 554 5328 sum
592 5273 725 5343 ignis
764 5289 1109 5341 consumens;
1149 5283 1433 5328 consumet
1469 5275 1614 5329 enim
1651 5276 1864 5341 omnia,

278 5362 501 5431 quando
528 5362 709 5417 omnia
739 5362 791 5416 in
819 5363 1068 5419 omnibus
1092 5365 1230 5428 erit,
1267 5372 1322 5418 et
1357 5364 1503 5420 solus
1531 5365 1585 5420 in
1615 5367 1866 5422 omnibus

1964 3255 2218 3311 videlicet
2255 3271 2388 3312 suae
2416 3261 2894 3330 contemplationis
2924 3265 3180 3323 virtutem
3217 3281 3275 3324 et
3309 3271 3554 3330 altitudi-

1964 3362 2107 3401 nem.
2137 3347 2193 3402 ln
2217 3358 2476 3418 quantum
2501 3352 2700 3422 quippe
2720 3355 2951 3426 quisque
2973 3359 3284 3427 cogitationi
3309 3366 3551 3421 veritatis

1965 3439 2436 3510 appropinquabit,
2481 3441 2535 3495 in
2579 3451 2786 3499 tantum
2821 3447 3064 3517 rapietur
3096 3452 3308 3507 obviam
3339 3455 3553 3512 Christo

1965 3531 2017 3584 in
2048 3530 2196 3594 aéra,
2229 3531 2334 3586 hoc
2363 3541 2479 3594 est,
2518 3533 2570 3587 in
2602 3537 2931 3605 purissimae
2960 3540 3344 3614 intelligentiae
3371 3549 3554 3604 altitu-

1965 3622 2143 3676 dinem
2175 3633 2230 3677 et
2256 3624 2593 3692 claritatem,
2643 3643 2708 3684 ac
2753 3631 2835 3686 sic
2877 3646 3094 3703 semper
3139 3637 3190 3691 in
3243 3643 3382 3695 nube
3420 3658 3553 3697 con-

1967 3714 2330 3784 templationis
2367 3733 2497 3774 suae
2535 3719 2590 3774 in
2626 3721 2826 3779 divinis
2869 3724 3214 3797 tbeophaniis
3257 3742 3312 3787 et
3354 3736 3460 3790 erit
3501 3751 3555 3790 et

1965 3804 2239 3874 gaudebit.
2295 3806 2428 3862 Item
2476 3812 2774 3865 secundum
2815 3814 3163 3872 Ambrosium
3213 3823 3382 3879 nubes
3429 3839 3554 3881 sunt

1965 3893 2332 3962 patriarchae,
2362 3896 2514 3952 verbi
2543 3899 2718 3969 gratia
2747 3901 3047 3968 Abraham,
3084 3905 3235 3964 Isaac
3275 3920 3330 3965 et
3363 3913 3553 3980 Jaeolt,

1967 3985 2020 4038 in
2054 4000 2286 4054 quorum
2317 3985 2421 4041 ﬁde
2458 3995 2512 4041 et
2541 3990 2756 4044 actione
2783 3999 2839 4044 et
2867 3993 3123 4062 scientia,
3159 3998 3317 4053 veluti
3354 4005 3404 4056 iu
3434 4006 3554 4072 qui-

1967 4076 2193 4130 Lusdam
2232 4077 2467 4131 nubibus
2504 4077 2856 4145 clarissimis,
2910 4083 3172 4140 haeredes
3202 4086 3334 4144 Novi
3367 4091 3549 4146 Testa.

1969 4167 2132 4222 uteuti
2162 4167 2378 4222 obviam
2408 4166 2630 4223 Christo
2661 4169 2957 4240 rapientur.
2993 4173 3254 4232 Similiter
3277 4177 3554 4249 legislator

1971 4260 2143 4315 Moses
2191 4261 2471 4331 ceterique
2519 4263 2840 4332 prophetae,
2893 4268 3118 4336 apostoli
3169 4286 3406 4342 quoque,
3460 4279 3552 4346 qui

1970 4356 2140 4425 ipsius
2177 4356 2390 4410 Domini
2417 4356 2648 4412 virtutes
2686 4367 2742 4413 et
2779 4359 3084 4415 doctrinam
3123 4367 3555 4431 praesentialiter

1969 4461 2317 4517 perspexere,
2351 4449 2520 4502 nubes
2550 4457 2698 4512 sunt,
2727 4449 2781 4502 in
2811 4464 3041 4518 quorum
3073 4452 3196 4509 ﬁdei
3221 4463 3280 4509 et
3301 4459 3550 4520 actionis.

1891 4519 1942 4578 D
1969 4539 2083 4609 spei
2129 4554 2346 4608 quoque
2389 4548 2444 4594 et
2490 4540 2770 4606 caritatis,
2820 4543 3081 4600 scientiae
3127 4556 3182 4601 et
3226 4549 3549 4620 sapientiae.

1965 4638 2380 4699 ceterarumque
2414 4631 2672 4686 virtutum
2711 4633 2994 4703 exemplis,
3023 4637 3186 4692 veluti
3226 4641 3546 4710 quibusdam

1966 4721 2221 4787 nubibus,
2251 4723 2343 4793 qui
2376 4724 2428 4777 in
2462 4725 2563 4779 hac
2589 4725 2698 4780 vita
2731 4715 2952 4782 illorum.
2975 4732 3198 4804 vestigia
3227 4749 3549 4807 sequuntur,

1965 4811 2243 4881 rapientur
2265 4812 2479 4868 obviam
2505 4813 2742 4881 Christo,
2768 4816 2906 4871 sicut
2937 4829 2988 4873 et
3017 4820 3136 4888 ipsi,
3167 4823 3282 4880 sive
3307 4827 3550 4886 viventes

1965 4905 2146 4959 adhuc
2167 4904 2220 4959 in
2249 4919 2432 4969 carne,
2459 4907 2623 4976 rapti,
2646 4909 2760 4962 sive
2782 4923 2948 4965 carne
2968 4912 3150 4967 soluti.
3183 4914 3300 4982 Dic,
3324 4934 3546 4989 quaeso,

1965 5010 2073 5065 quo
2115 5003 2304 5064 raptus
2347 5004 2432 5074 est
2474 4996 2683 5062 Enoeh,
2724 5013 2831 5066 quo
2863 5000 3030 5066 Elius,
3065 5005 3159 5074 qui
3187 5008 3231 5041 ιι
3275 5009 3453 5064 adtmc
3498 5012 3548 5062 in

1967 5103 2132 5144 carne
2157 5070 2458 5153 constituti,
2488 5089 2624 5160 rapti
2652 5091 2820 5144 sunt?
2852 5089 3040 5146 Nonne
3065 5070 3278 5151 obviam
3307 5096 3545 5157 Christo.

1967 5194 2126 5252 quem
2165 5179 2359 5248 spiritu
2398 5190 2770 5250 cognoverunt
2806 5191 3094 5238 venturum
3132 5197 3255 5239 esse
3291 5185 3344 5240 in
3387 5203 3541 5240 mut--

1970 5273 2140 5328 dum?
2189 5270 2308 5339 Quo
2339 5272 2646 5338 Abraham,
2686 5274 2752 5329 de
2788 5289 2896 5344 quo
2929 5275 3184 5332 Dominus
3222 5277 3337 5346 ipse
3373 5278 3502 5333 dicit
3532 5294 3546 5334 :

1979 5364 2120 5417 Vidit
2144 5363 2412 5418 Abraham
2432 5365 2572 5418 diem
2599 5381 2788 5430 meum,
2812 5367 3092 5435 et-garisus
3117 5379 3192 5420 est
3216 5369 3248 5434 Ξ),
3265 5368 3403 5435 Quid
3433 5387 3541 5423 mo-

755 5537 765 5546 _
1581 5477 1834 5534 VARIAE
1871 5476 2271 5533 LECTIONES.

357 5576 459 5644 fal-
490 5570 552 5644 ia
587 5570 939 5644 altitudinem.
1005 5575 1143 5644 {sui
1169 5586 1276 5644 om.
1311 5572 1377 5628 A.
1441 5571 1474 5644 _’
1500 5571 1544 5626 A
1570 5572 1633 5644 _in_
1657 5570 1936 5644 vicesimo.
1966 5641 1974 5644 _
2011 5570 2033 5600 ⁸
2061 5570 2144 5644 CIj‘
2176 5582 2474 5644 cernentur.
2523 5643 2527 5644 ί
2554 5579 2575 5611 ³
2602 5582 2651 5644 _e_t
2676 5585 2802 5644 _om.
2834 5569 2932 5644 Α..Δ
2977 5575 2999 5608 ⁸
3025 5569 3107 5625 CF
3154 5586 3546 5644 pupuna‘erunt.

281 5635 302 5671 '
334 5639 430 5696 Sic
458 5641 580 5705 Ci";
615 5643 661 5696 A
683 5642 1087 5696 .consurnmabit.
1162 5643 1184 5674 ⁸
1209 5652 1257 5695 et
1284 5658 1393 5696 om.
1426 5642 1491 5696 A.

275 5711 561 5764 uictoriam
577 5726 685 5766 om.
704 5711 770 5764 A.
851 5713 893 5743 "
919 5711 1006 5766 Sic
1022 5711 1137 5778 CF;
1172 5713 1210 5766 Α
1230 5713 1418 5783 etquis
1447 5723 1519 5765 est
1547 5711 1654 5766 ille.

1569 5641 1598 5715 ξ’Δ
1617 5641 1781 5715 inquit
1809 5656 1918 5715 om.
1950 5641 2015 5694 Α.
2092 5641 2138 5715 ιῆ
2163 5651 2210 5694 et
2241 5657 2352 5715 om.
2376 5642 2440 5695 A.
2519 5643 2557 5715 ίξ
2588 5641 2686 5715 Cui
2711 5638 2886 5694 sensui
2915 5640 3093 5696 beatus
3127 5638 3451 5715 Augustinus
3481 5679 3546 5692 ~—

1737 5710 1958 5780 "hujus
1986 5727 2091 5766 om.
2115 5711 2176 5765 Δ.
2257 5712 2298 5742 ’⁸
2327 5712 2372 5764 Δ
2401 5710 2626 5778 praefati
2651 5725 2820 5778 pauca
2851 5724 3057 5767 sumus.
3135 5710 3406 5782 "quiom.
3437 5716 3544 5772 CF.
