3952 6162
302 256 433 312 100l-

1100 255 1185 311 Dbl
1225 252 1564 309 DlVlSlONE
1608 253 1955 308 NATL'RAE.
1996 282 2068 295 ---
2104 251 2301 307 LIBER
2342 250 2665 320 ρωκτιῖδ.

3417 250 3555 306 ιθοἱ

296 379 487 423 omnia,
540 372 737 417 malum
777 363 904 433 pati.
943 363 1054 420 Hoc
1096 365 1239 420 enim
1268 364 1375 420 dixi
1416 364 1747 428 Graecorum
1778 379 1872 418 au-
1901 368 1945 427 Α
1976 346 2164 420 omnes
2186 363 2512 434 unanimiter
2532 379 2595 418 ex
2625 363 2738 431 ipsa
2769 360 2991 430 fugisse,
3016 370 3069 416 et
3094 360 3302 414 nemine
3329 372 3553 431 excepto

296 462 594 510 tatorttatem
624 469 878 524 sequens,
900 471 1040 526 quae
1063 457 1434 512 incunctanter
1454 458 1669 524 astruit,
1691 471 1870 517 omne,

294 552 429 605 ouud
458 545 702 601 localiter
736 555 1003 611 movetur,
1042 547 1408 619 temporaliter
1444 549 1678 612 moveri;
1716 562 1874 600 orum:

296 650 467 697 autem
489 680 505 706 ,
532 639 675 708 quod
712 638 867 694 locali
915 649 1061 693 motu
1098 649 1279 707 caret,
1312 641 1555 710 sequitur
1594 638 1870 707 temporali

295 734 450 786 etiam
494 742 703 785 carere.
746 727 889 783 llaec
937 730 1081 783 enim
1123 730 1258 793 duo,
1311 731 1487 785 locum
1515 730 1635 784 dico
1662 738 1713 781 ct
1741 739 1875 781 tem-

295 841 405 895 pus,
436 833 532 880 aut
561 824 725 880 simul
749 832 932 885 erunt,
958 821 1232 877 autsimul
1261 820 1592 881 aulerentur,
1617 820 1872 888 quoniam

294 934 321 970 a
346 930 404 972 se
434 915 664 970 invicem
702 913 1000 984 disgrcgari
1032 928 1138 967 non
1167 911 1461 981 patiuntur.
1490 906 1638 965 Dtsc.
1679 910 1753 965 De
1779 927 1877 966 au-

293 1007 529 1061 ctoribus
564 1006 843 1074 utriusque
868 1004 1082 1075 linguae
1112 1017 1216 1058 non
1246 1011 1335 1058 est.
1373 1010 1614 1056 nostrum
1658 1011 1877 1057 conten-

293 1097 416 1153 dere
448 1114 463 1151 :
495 1106 755 1168 sequatur
794 1097 919 1166 quis
951 1110 1112 1165 quem
1140 1094 1275 1159 vult,
1307 1094 1434 1148 nulli
1478 1094 1764 1164 derogans.
1808 1095 1875 1149 Et

293 1193 546 1263 quoniam
575 1196 639 1248 de
666 1193 901 1248 nubibus
935 1190 1389 1261 intelligibilibus,
1416 1190 1664 1260 quamvis
1694 1190 1876 1245 brevi-

293 1292 391 1348 ter,
421 1293 507 1338 est
534 1285 764 1347 dictum,
805 1283 942 1347 redi,
970 1296 1193 1352 quaeso,
1218 1280 1285 1335 ad
1324 1280 1573 1345 reditum,
1604 1290 1876 1336 nostram-

291 1388 391 1445 que
428 1372 776 1428 ﬂuctuantem
806 1384 997 1427 navem
1031 1371 1312 1440 fessosque
1335 1379 1540 1426 nautas-
1565 1371 1632 1425 ad
1657 1381 1871 1441 portum

288 1464 479 1535 dirige.
509 1464 648 1519 lite.
674 1464 928 1519 Reditom
962 1464 977 1494 '
1008 1462 1251 1517 omnium
1271 1504 1285 1524 ,
1334 1477 1473 1532 quae
1508 1464 1560 1516 in
1588 1477 1716 1518 suas
1745 1476 1875 1517 cau-

288 1568 374 1608 sas
423 1568 721 1609 reversura'
753 1564 900 1617 sunt,
947 1552 1162 1621 quando
1201 1552 1432 1608 mundus
1471 1553 1571 1607 iste
1601 1552 1872 1608 sensibilis

288 1644 546 1707 solvetur,
575 1652 633 1698 et
664 1643 895 1698 mundus
936 1643 1024 1698 ille
1054 1642 1425 1713 intelligibilis,
1463 1643 1553 1712 qui
1584 1658 1747 1712 super
1774 1659 1874 1698 nos

1976 458 2041 511 de
2073 456 2317 511 manibus
2348 456 2749 511 crudelissimae
2778 455 3061 525 potestatis
3086 455 3341 510 liberatos
3367 455 3549 510 luisse.

1975 550 2127 616 Quod
2155 560 2335 603 autem
2376 549 2551 604 nullus
2582 565 2788 613 eorum,
2817 549 2907 619 qui
2959 548 3024 603 de
3063 546 3306 618 Aegypto
3351 548 3552 601 reversi

1975 649 2120 705 sunt,
2151 639 2376 695 obrutus
2409 648 2491 693 est
2526 638 2778 693 {luctibus
2818 637 2897 692 vel
2948 653 3177 701 mersus,
3211 636 3304 692 sed
3346 653 3552 702 omnes,

1976 738 2035 782 ut
2062 728 2139 783 ait
2168 728 2469 797 Apostolus,
2506 727 2599 780 sub
2641 728 2773 780 nube
2799 727 3031 796 fuerant,
3065 725 3164 781 sub
3195 726 3373 780 divina
3404 726 3552 780 vidc~

1976 821 2099 876 licet
2128 820 2483 890 protectione,
2512 830 2560 873 et
2599 835 2774 873 onlnes
2814 834 2958 870 mare
2998 819 3340 885 transierunt,
3374 826 3422 871 et
3447 834 3556 870 om—

1977 928 2065 964 nes
2091 910 2184 964 sub
2212 908 2389 980 Moyse
2413 909 2658 979 baptizati
2684 917 2803 963 sunt
2830 908 2883 960 in
2908 907 3038 960 nube
3060 917 3106 960 et
3132 909 3185 961 in
3209 908 3366 971 mari,
3392 920 3553 977 prae-

1976 1000 2242 1072 ligurab'at
2289 1002 2538 1072 generale
2592 999 2718 1055 illud
2784 999 3077 1069 baptisma,
3139 998 3279 1069 quod
3342 999 3392 1053 in
3450 999 3554 1065 lino

1977 1093 2157 1148 mundi
2186 1093 2514 1163 perﬁcietur,
2538 1093 2753 1162 quando
2777 1092 3040 1163 mysticus
3070 1091 3276 1165 Moyses
3299 1093 3550 1164 pepuium

1978 1199 2154 1249 suum,
2174 1184 2478 1238 universum
2495 1181 2743 1237 videlicet
2766 1198 2933 1254 genus
2960 1184 3273 1248 humanum,
3295 1187 3552 1255 sanguine

1975 1287 2073 1327 suo
2111 1273 2476 1343 redemptum,
2525 1272 2780 1341 omnique
2830 1271 3104 1341 impietate
3149 1283 3310 1344 atque
3355 1273 3554 1328 malitia

1978 1363 2270 1428 detersum,
2302 1364 2367 1418 de
2398 1372 2571 1419 morte
2591 1362 2751 1417 ducet
2777 1363 2841 1415 ad
2871 1363 3055 1425 vitam,
3082 1366 3295 1432 quando
3324 1364 3376 1419 in
3410 1365 3556 1419 nullo

1977 1452 2193 1507 homine
2232 1451 2364 1507 nihil
2392 1460 2608 1522 praeter
2637 1452 3032 1521 simplicitatem
3074 1461 3296 1508 naturae
3335 1470 3562 1524 appare-

1976 1542 2072 1609 bit,
2108 1543 2299 1597 merito
2338 1544 2524 1612 ipsius,
2557 1544 2646 1613 qui
2678 1559 2796 1598 eam
2838 1552 3001 1598 totam
3026 1544 3251 1615 accepit,
3285 1554 3559 1616 totamque

1976 1635 2207 1699 sanavit,
2236 1635 2451 1705 quando
2496 1635 2844 1707 intelligibilis
2883 1652 2974 1690 rex
3016 1637 3265 1708 Aegypti,
3312 1639 3560 1710 princeps

286 1743 385 1792 est,
414 1736 471 1789 in
501 1735 717 1791 Christo
744 1734 1074 1803 implebit”,
1103 1733 1391 1805 dupliciter
1415 1733 1749 1805 intelligitur,
1772 1736 1869 1790 Εει
1897 1715 1946 1778 Β
1973 1726 2215 1795 profecto
2265 1727 2423 1798 hujus
2471 1729 2676 1795 mundi,
2707 1744 2826 1784 cum
2884 1730 3258 1786 innumerabili
3319 1734 3558 1788 exercitu

286 1826 430 1881 enim
461 1825 747 1897 generalis,
778 1833 834 1879 et
854 1834 939 1881 est
959 1824 1209 1895 specialis
1237 1841 1249 1876 :
1278 1824 1546 1896 generalis
1569 1824 1785 1895 quidem
1817 1824 1872 1879 in

287 1917 564 1977 omnibus,
602 1915 693 1984 qui
737 1915 803 1969 ad
850 1914 1173 1985 principium
1215 1913 1539 1969 conditionis
1575 1929 1706 1970 suae
1754 1914 1875 1968 red-

288 2008 413 2061 ituri
445 2016 600 2071 sunt;
645 2006 895 2075 specialis
922 2020 1050 2061 vero
1089 2005 1144 2058 in
1186 2005 1301 2070 his,
1340 2005 1429 2074 qui
1466 2019 1571 2059 non
1603 2005 1774 2062 solum
1804 2005 1872 2060 ad

284 2095 581 2165 primordia
623 2106 849 2152 naturae
895 2095 1324 2161 revocabuntur,
1374 2097 1471 2151 sed
1518 2097 1681 2151 etiam
1734 2097 1873 2151 ultra

285 2201 503 2243 omnem
544 2186 844 2241 naturalem
884 2185 1233 2257 dignitatem,
1268 2186 1323 2240 in
1348 2201 1568 2243 causam
1607 2188 1871 2251 omnium,

285 2293 425 2339 Quae
455 2279 597 2334 Deus
627 2288 733 2343 est,
768 2279 973 2334 reditus
995 2278 1078 2335 sui
1108 2279 1268 2335 linem
1297 2282 1648 2336 constituent.
1679 2281 1873 2337 Exem-

285 2367 370 2433 pla
399 2376 589 2422 autem
615 2384 680 2423 ac
704 2368 1087 2423 similitudines
1131 2369 1416 2440 utriusque
1453 2370 1779 2425 reversionis
1806 2386 1872 2425 ex

286 2459 489 2514 divinis
521 2459 818 2529 Scripturis
852 2473 1169 2529 comparare
1194 2458 1474 2514 debemus.
1524 2460 1590 2514 Et
1617 2461 1872 2530 quoniam

286 2551 529 2609 naturali
566 2550 759 2605 ordine
800 2562 970 2621 genus
1016 2551 1291 2621 praecedit
1334 2553 1602 2620 speciem,
1632 2552 1782 2622 prius
1809 2553 1876 2607 de

286 2641 530 2705 generali
563 2642 738 2697 reditu
770 2642 1079 2698 dicendum.
1111 2642 1426 2713 Exemplum
1457 2643 1636 2714 itaque
1662 2645 1876 2715 generis

282 2733 586 2801 praecessit
612 2735 665 2788 in
690 2734 888 2806 populo
910 2734 1025 2799 Dei,
1054 2734 1146 2805 qui
1176 2735 1243 2790 de
1263 2735 1393 2805 jugo
1418 2735 1694 2792 servitutis
1722 2737 1877 2791 intel-

285 2827 508 2887 lieibilis
536 2827 766 2895 Pharao,
795 2829 899 2883 hoc
942 2835 1026 2883 est
1067 2826 1266 2882 diaboli
1287 2866 1301 2890 ,
1331 2827 1732 2898 satellitumque
1760 2829 1877 2900 ejus

288 2921 574 2985 liberatus,
590 2921 727 2975 duce
746 2918 1009 2991 spirituali
1028 2918 1231 2990 Moyse,
1245 2917 1462 2975 Christo
1481 2919 1754 2982 videlicet,
1771 2922 1877 2977 sic-

285 3014 366 3067 cis
394 3012 415 3044 '
447 3011 673 3081 pedibus
710 3026 859 3067 mare
884 3010 1126 3066 Rubrum
1160 3011 1447 3078 transiens,
1476 3010 1701 3067 solidam
1730 3013 1874 3068 vide-

282 3105 415 3159 licet
440 3101 457 3132 ‘
484 3103 756 3157 humanae
796 3109 1022 3157 naturae
1049 3100 1071 3131 ⁸
1101 3102 1241 3156 viam
1266 3101 1509 3157 discissis
1532 3102 1875 3158 irrationabi-

286 3193 419 3245 tium
449 3199 473 3234 ⁸
499 3203 743 3246 motuum
788 3188 985 3246 cerulis
1032 3190 1053 3222 ‘
1095 3190 1499 3257 deambulans',
1538 3192 1876 3263 rebellesque

284 3292 497 3350 gentes,
548 3282 801 3339 vitiorum
844 3280 1049 3337 scilicet
1085 3281 1107 3313 ⁸
1160 3290 1365 3337 turmas
1405 3298 1670 3353 superans
1716 3292 1877 3356 atque

284 3380 664 3437 prosternens,
712 3369 982 3426 defunctis
1014 3371 1127 3426 suis
1175 3372 1529 3443 corporibus,
1568 3373 1875 3429 carnalibus

283 3475 410 3520 meo
438 3463 874 3534 cogitationibus,
905 3464 959 3519 in
987 3464 1202 3520 deserto
1241 3465 1498 3521 virtutum
1519 3507 1533 3532 ,
1571 3483 1677 3538 quo
1714 3482 1876 3523 omne

284 3552 522 3609 mortale
546 3561 603 3608 et
625 3553 977 3624 corruptibile
1004 3556 1370 3623 consumitur,
1402 3557 1758 3627 spiritualiter
1787 3575 1875 3616 so-

283 3644 567 3699 lummodo
597 3644 653 3699 in
683 3642 808 3700 liliis
834 3646 1096 3700 bonorum
1124 3660 1349 3715 operum
1377 3648 1431 3703 in
1460 3656 1659 3704 terram
1691 3666 1875 3722 repro-

284 3732 566 3789 missionis
594 3748 844 3788 reversus
866 3742 970 3789 est.
999 3734 1151 3804 Quod
1181 3745 1358 3792 autem
1388 3737 1492 3795 duo
1515 3756 1579 3796 ex
1601 3741 1873 3810 omnibus,

285 3827 379 3893 qui
420 3833 687 3879 venerunt
714 3827 736 3857 ³
764 3824 828 3879 de
868 3826 1133 3897 Aegypto,
1167 3827 1270 3882 vivi
1307 3829 1482 3885 adhuc
1520 3830 1573 3885 in
1602 3846 1767 3887 carne
1818 3833 1872 3888 in

286 3926 492 3969 terram
532 3913 853 3983 promissam
892 3914 1230 3972 intraverunt
1273 3917 1336 3984 ‘°,
1378 3920 1604 3990 mystice
1641 3921 1878 3978 insinuat

280 4001 557 4073 duplicem
585 4012 826 4059 nostram
869 4014 1113 4061 naturam
1132 4048 1146 4072 ,
1175 4024 1371 4080 corpus
1402 4010 1649 4067 videlicet
1682 4022 1737 4067 et
1760 4014 1876 4067 ani-

284 4109 456 4157 mam,
484 4095 538 4148 in
570 4094 852 4151 Salvatore
879 4107 1087 4161 nostro,
1118 4115 1276 4169 quem
1301 4101 1696 4173 praeligurabat
1718 4103 1875 4162 Iesus

286 4182 433 4238 ullus
469 4180 650 4249 Nave,
691 4185 792 4241 hoc
827 4195 911 4241 est
958 4188 1369 4258 pulchritudinis
1408 4207 1594 4247 eorum
1622 4234 1637 4257 ,
1669 4193 1721 4248 in
1763 4203 1870 4250 ter-

288 4287 428 4338 ram,
459 4287 620 4343 quam
647 4276 919 4344 peccando
944 4276 1302 4343 deseruimus,
1326 4294 1680 4345 reversuram,
1711 4282 1873 4340 Caleb

284 4369 605 4434 comitante,
635 4370 739 4425 hoc
764 4380 865 4434 est,
891 4369 1060 4425 libero
1086 4379 1270 4425 nostro
1296 4372 1474 4427 cordis
1496 4373 1739 4429 arbitrio.
1770 4374 1873 4429 Ca-

285 4460 374 4516 teb
398 4463 599 4532 quippe
632 4462 1016 4534 interpretatur
1059 4464 1201 4518 sicut
1247 4479 1344 4519 cor
1375 4465 1415 4496 “
1450 4466 1531 4519 vel
1562 4482 1722 4523 omne
1754 4484 1868 4524 cor.

289 4553 361 4609 L‘t
385 4554 533 4609 enim
563 4553 983 4625 uniuscujusque
1018 4556 1197 4611 cordis
1234 4556 1449 4613 devotio
1486 4559 1664 4614 divina
1696 4562 1870 4630 gratia

280 4642 470 4713 adjuta
498 4641 699 4711 fuerit,
727 4644 801 4698 ita
833 4644 1164 4700 Salvatorcm
1203 4660 1356 4701 suum
1391 4646 1445 4702 in
1485 4652 1757 4719 regionem
1786 4666 1873 4707 sc-

280 4746 487 4805 quetur
525 4735 818 4791 viventium
843 4777 858 4801 ,
904 4736 1343 4807 naturalibusque
1383 4738 1537 4795 bonis
1576 4741 1865 4796 utentium.

282 4825 403 4881 liae
429 4834 615 4881 autem
652 4828 856 4882 ratione
887 4827 1136 4882 ducimur
1160 4827 1227 4881 ad
1274 4827 1674 4897 intelligendum
1706 4831 1868 4887 totius

282 4916 659 4972 humanitatis.
696 4917 923 4972 reditum
966 4918 1034 4972 ad
1075 4917 1363 4987 pristinum
1410 4929 1636 4975 naturae
1670 4929 1865 4975 statum

283 5022 385 5075 per
412 5005 688 5061 lsraelitiei
721 5006 877 5076 plane
904 5008 950 5040 ³³
985 5007 1162 5077 populi
1192 5007 1257 5062 de
1296 5008 1619 5079 Acgyptiaca
1645 5012 1866 5080 captivi-

284 5107 400 5167 tate
431 5097 824 5152 revocationetn
852 5095 917 5162 ",
949 5098 1202 5165 quoniam
1246 5096 1524 5167 Scriptura
1574 5099 1774 5154 nullum
1804 5103 1867 5156 de

280 5188 488 5255 populo
518 5186 614 5242 Dei
648 5189 699 5241 in
729 5188 971 5258 Aegypto
996 5187 1320 5242 remansisse
1343 5200 1750 5255 commemorat,
1775 5193 1867 5245 sed

1975 1816 2213 1873 malitiae
2252 1833 2415 1884 suae,
2447 1819 2801 1888 omnibusque
2832 1820 2994 1885 vitiis,
3035 1823 3231 1890 quibus
3272 1824 3557 1893 imaginem

1975 1908 2070 1963 Dei
2109 1909 2161 1964 in
2200 1909 2419 1965 homine
2459 1917 2695 1964 creatam
2728 1911 2995 1980 captivam
3033 1910 3362 1980 detinuerat,
3389 1912 3565 1969 ﬂueti-

1973 1997 2075 2054 bus
2098 1997 2267 2054 Rubri
2296 2000 2495 2063 maris,
2532 2002 2633 2054 hoc
2658 2009 2764 2065 est,
2795 2000 3213 2069 profundissima
3244 2003 3558 2075 copiosissL

1973 2105 2170 2160 maque
2196 2098 2359 2161 atque
2391 2090 2601 2145 infinita
2638 2089 2897 2147 ell‘usione
2935 2094 3161 2164 gratiae,
3193 2109 3330 2165 quae
3359 2096 3410 2149 in
3440 2110 3563 2165 pre-

1976 2182 2109 2235 tium
2142 2181 2418 2253 sanguinis
2447 2179 2646 2236 Christi
2687 2181 2955 2239 hunianae
2985 2192 3208 2240 naturae
3236 2178 3425 2241 dill‘usa
3457 2190 3587 2253 est,‘

1972 2269 2252 2326 obruetur.
2296 2269 2364 2325 Ut
2414 2272 2557 2325 enim
2599 2270 2908 2329 hominibus
2945 2274 3164 2344 sanguis
3202 2275 3401 2331 Christi
3437 2291 3564 2347 pro-

1974 2359 2075 2416 fuit
2102 2361 2156 2414 in
2192 2360 2650 2429 redemptionem,
2682 2372 2736 2416 ct
2777 2361 3020 2431 proficiet
3058 2365 3124 2419 ad
3154 2365 3433 2434 pristinam
3468 2383 3563 2420 na-

1974 2458 2129 2504 turae
2151 2464 2280 2504 suae
2308 2451 2776 2516 restaurationem,
2803 2451 2874 2504 ita
2903 2451 3112 2507 diabolo
3137 2462 3191 2509 ct
3217 2454 3423 2526 angelis
3445 2453 3561 2522 ejus

1976 2542 2157 2596 nocuit
2186 2541 2254 2595 ad
2279 2555 2467 2595 eorum
2498 2540 2877 2596 destruendum
2916 2543 3230 2612 imperium,
3261 2556 3313 2598 et
3344 2547 3560 2601 nocebit

1976 2632 2043 2686 ad
2084 2631 2385 2703 augendum
2424 2631 2761 2703 supplicium.
2808 2632 3093 2691 inundatio
3121 2636 3384 2707 siquidem
3419 2638 3557 2711 Ery-

1978 2722 2151 2778 thraei
2183 2721 2228 2754 ιδ
2258 2723 2443 2788 maris,
2488 2723 2592 2779 hoc
2638 2732 2721 2779 est
2766 2723 2979 2780 diliusio
3022 2725 3285 2782 Dominici
3323 2731 3555 2794 cruoris,

1976 2815 2427 2885 quemadmodum
2454 2815 2743 2870 humanam
2774 2825 3021 2872 naturam
3042 2818 3112 2873 ab
3139 2827 3391 2876 aeternae
3416 2839 3559 2876 πνοι-ο

1978 2908 2047 2963 tis
2076 2906 2341 2977 profundo
2369 2909 2419 2962 in
2452 2908 2614 2962 vitam
2642 2909 2863 2964 emersit
2898 2917 3192 2977 aeternam,
3228 2912 3298 2965 ita
3330 2913 3559 2968 diaboli-

1976 3015 2095 3056 cam
2125 2999 2382 3053 malitiam
2415 3000 2467 3053 in
2499 3007 2807 3069 perpetuam
2830 2998 3107 3056 sull'ocavit
3134 3001 3557 3060 damnationem.

1900 3070 1946 3134 Ο
1980 3092 2189 3147 Nullam
2226 3093 2420 3164 quippe
2465 3092 2722 3159 majorem
2753 3108 2981 3164 poenam
3026 3095 3286 3150 diabolica
3327 3100 3563 3167 patietur

1978 3184 2253 3255 superbia,
2280 3182 2585 3252 nullamque
2612 3184 2911 3253 graviorem
2944 3185 3241 3253 tristitiam,
3267 3204 3429 3257 quam
3463 3191 3566 3255 bn-

1978 3292 2170 3333 manae
2192 3276 2351 3333 saluti
2379 3276 2654 3340 invidiam,
2679 3276 3132 3349 pedisequamque
3158 3277 3274 3348 ejus
3300 3280 3558 3350 despera-

1978 3370 2204 3426 tionem:
2240 3362 2356 3424 Non
2393 3369 2536 3440 quod
2580 3380 2635 3425 et
2682 3370 2796 3436 ille,
2834 3370 2879 3425 si
2921 3369 3109 3436 vellet,
3144 3372 3210 3427 ad
3240 3371 3555 3428 Creatorem

1976 3466 2200 3516 naturae
2227 3475 2356 3516 suae
2382 3461 2623 3517 converti
2653 3476 2757 3515 non
2796 3471 2999 3533 posset,
3029 3460 3125 3517 sed
3154 3464 3293 3533 quod
3325 3465 3565 3521 malevo-

1975 3549 2172 3607 lentiae
2203 3566 2331 3607 suae
2371 3552 2598 3608 nexibus
2628 3551 2824 3625 ligatus
2849 3552 3183 3608 dulcedinem
3211 3555 3558 3610 beatitudinis

1976 3645 2363 3719 perpetualiter
2411 3646 2463 3699 in
2513 3645 2636 3701 odio
2686 3644 2928 3711 habebit,
2976 3644 3153 3717 lapsos
3192 3647 3258 3702 de
3312 3650 3559 3703 manibus

1976 3735 2090 3809 suis
2120 3735 2349 3791 assiduis
2384 3735 2714 3791 cruciatibus
2743 3733 2946 3790 dolens.
2991 3734 3156 3792 Isaias
3182 3753 3395 3809 quoque
3426 3755 3556 3809 pro-

1976 3827 2136 3898 pheta
2178 3828 2406 3884 salutem
2454 3828 2670 3882 humani
2711 3828 2923 3899 generis
2960 3829 3283 3900 generaliter
3314 3832 3364 3884 in
3400 3829 3567 3887 Chri~

1975 3929 2061 3974 sto
2088 3933 2192 3973 non
2226 3927 2388 3982 tacct,
2420 3917 2513 3973 sed
2542 3917 2741 3972 clamat
2768 3917 2954 3971 dicens
2980 3936 2991 3969 :
3030 3916 3190 3971 Terra
3222 3917 3480 3983 Zabulon,
3509 3929 3558 3973 et

1976 4019 2116 4063 terra
2148 4007 2481 4079 Neptltalim,
2512 4008 2594 4059 via
2621 4005 2782 4058 maris
2810 4016 2952 4059 trans
2982 4006 3267 4061 Iordanem
3301 4007 3556 4063 Calileae.

1977 4096 2220 4153 Gentium
2247 4096 2502 4168 populus,
2540 4096 2630 4167 qui
2664 4094 2868 4148 sedebat
2898 4096 3232 4161 intenebris,
3272 4096 3438 4152 lucem
3481 4100 3555 4152 vi-

1976 4193 2050 4244 dit
2079 4205 2343 4260 magnam,
2370 4198 2415 4241 et
2443 4187 2738 4242 sedentibus
2772 4190 2825 4241 in
2878 4189 3083 4259 regione
3118 4189 3332 4243 umbrae
3372 4193 3556 4245 mortis

1977 4284 2069 4337 luat
2096 4292 2209 4336 orta
2243 4290 2314 4335 est
2349 4282 2443 4334 eis.
2485 4279 2551 4333 Et
2581 4281 2701 4349 quis
2729 4289 2813 4333 est
2855 4280 2941 4335 ille
2980 4281 3222 4351 populus,
3272 4283 3361 4352 qui
3401 4283 3556 4339 sede-

1975 4373 2069 4429 bat
2123 4373 2175 4427 in
2233 4371 2505 4436 tenebris,
2562 4381 2615 4426 et
2668 4373 2720 4427 in
2778 4372 2995 4443 regione
3052 4375 3271 4428 utnhrae
3333 4376 3553 4439 mortis,

1981 4461 2084 4518 nisi
2127 4461 2333 4517 inﬁnita
2378 4462 2584 4531 solique
2627 4463 2736 4518 Deo
2783 4463 2995 4534 cognita
3050 4462 3401 4519 humanitatis
3451 4481 3553 4518 nu-

1979 4552 2304 4619 merositas,
2364 4568 2538 4623 quae,
2600 4563 2881 4625 postquam
2939 4555 3109 4609 lucem
3171 4557 3404 4625 paradisi
3461 4559 3557 4612 deo

1976 4643 2183 4708 seruit,
2226 4643 2278 4697 in
2323 4643 2559 4697 tenebris
2607 4644 2943 4714 ignorantiae
2983 4653 3038 4698 et
3082 4645 3131 4698 in
3177 4646 3396 4717 regione
3436 4663 3557 4702 um-

1975 4736 2105 4791 brae
2128 4734 2315 4790 mortis
2345 4735 2583 4797 sedebat,
2625 4750 2730 4788 non
2770 4734 2941 4790 solum
2988 4736 3173 4807 ipsius,
3222 4752 3324 4807 qua
3374 4740 3554 4794 anima

1967 4835 2281 4897 segregatur
2300 4840 2329 4879 a
2350 4840 2575 4895 corpore
2597 4839 2691 4894 per
2711 4827 3129 4896 corruptionem,
3160 4843 3343 4883 verum
3367 4829 3549 4893 etiam,

1958 4931 2078 4991 qua
2122 4916 2263 4971 Deus
2307 4914 2540 4969 animam
2584 4915 2785 4970 deserit
2826 4929 2923 4984 per
2963 4918 3282 4986 peceatum?
3319 4916 3398 4972 Ex
3448 4932 3551 4987 qua

1967 5006 2167 5070 duplici
2200 5015 2373 5061 morte
2404 5013 2571 5060 totum
2594 5021 2761 5076 genus
2789 5007 3079 5061 humanum
3111 5005 3301 5063 liberat
3330 5008 3414 5062 lux
3441 5007 3550 5071 iila,

1974 5112 2109 5166 quae
2135 5098 2383 5155 omnibus
2407 5108 2527 5153 orta
2565 5109 2665 5161 est,
2713 5115 2852 5171 quae
2900 5103 2965 5156 de
3012 5103 3184 5172 seipsa
3231 5102 3401 5155 dicit:
3438 5099 3550 5168 Ego

1969 5208 2099 5246 sum-
2140 5191 2233 5244 lux
2286 5190 2487 5243 mundi.
2550 5191 2700 5247 Nunc
2762 5192 2975 5263 quidem
3028 5193 3221 5262 partim
3286 5189 3546 5244 idolorum

1579 5324 1831 5380 VARIAE
1869 5320 2271 5380 LECTIONES.

367 5433 382 5463 ⁸
414 5431 505 5505 Sic
531 5431 652 5496 CF;
703 5433 744 5505 ᾼ
788 5434 1027 5505 reditum
1083 5438 1104 5470 '
1135 5435 1175 5487 Α
1216 5434 1327 5489 suis
1372 5434 1612 5505 pedibus.
1689 5434 1710 5465 ³
1738 5435 1780 5487 Α
1810 5434 2025 5489 scilicet.

284 5503 640 5561 aiouabilium.
716 5502 738 5533 ⁸
778 5502 869 5557 Sic
893 5502 932 5557 F
951 5520 966 5569 ;
1003 5503 1048 5558 A
1071 5504 1245 5559 caelis.
1321 5505 1342 5537 ⁷
1374 5502 1415 5560 C
1440 5503 1781 5559 deambulans
1818 5505 2029 5567 catulis.

1164 5576 1205 5607 “
1238 5574 1330 5631 Sic
1360 5574 1477 5641 (1F;
1510 5590 1605 5647 pro
1634 5592 1724 5630 cor
1744 5574 1788 5629 Δ
1820 5591 1997 5630 omne.

286 5570 339 5613 ³⁸
379 5571 470 5628 Sic
491 5571 577 5629 CF
605 5589 620 5636 ;
660 5571 705 5625 A
732 5574 1057 5629 intraverint.

283 5656 563 5710 quoniam.
644 5643 683 5673 ”
720 5640 810 5699 Sic
836 5642 954 5706 CF;
982 5643 1027 5699 Α
1072 5644 1252 5700 Rubri.

2102 5432 2124 5465 ⁸
2154 5434 2245 5491 Sic
2272 5435 2385 5499 CF;
2417 5436 2455 5491 Α
2502 5438 2766 5492 lmmauae
2823 5439 2974 5491 citae.
3050 5435 3071 5468 ⁸
3101 5435 3191 5491 Sic
3242 5434 3359 5502 CF;
3383 5435 3425 5489 Δ
3456 5453 3546 5490 ra-

2106 5507 2125 5534 “
2170 5505 2261 5560 Sic
2296 5506 2411 5569 CF;
2456 5509 2499 5560 Α
2528 5508 2774 5562 ridelicet.
2852 5508 2873 5541 '
2900 5506 2987 5559 Sic
3014 5505 3138 5569 CF;
3188 5506 3229 5559 Α
3281 5518 3548 5564 verterunt.

2097 5577 2135 5606 “
2163 5577 2318 5649 plane
2353 5593 2459 5632 om.
2496 5578 2558 5632 Α.
2642 5578 2681 5609 ³³
2716 5579 2757 5630 Α
2801 5577 3203 5632 revocatiouetu
3231 5576 3541 5648 intelligere,
