3952 6162
387 259 406 312 ι
418 264 448 313 ι)
457 259 527 314 οδ-

1768 272 2051 329 JOANNIS
2122 276 2320 331 SCOTl

3510 297 3642 355 illi)!

381 371 660 424 servilium
687 371 993 440 destruens,
1020 376 1071 429 in
1102 377 1206 444 his,
1239 396 1375 449 quos
1399 385 1464 438 ad
1489 383 1690 438 cultum
1719 396 1773 441 et
1809 392 1961 460 agni-
1996 395 2034 447 Λ
2053 404 2063 411 '
2085 380 2149 442 Et
2175 405 2227 442 tu
2252 403 2300 445 et
2329 395 2476 461 ﬁuae
2502 408 2624 449 tuac
2655 403 2982 456 recerteuzin.’
3003 404 3056 457 in
3073 409 3340 477 antiquum
3363 420 3647 478 διατείνει,εέ

382 464 580 516 tionem
612 464 722 516 veri
755 463 845 518 Dei
877 468 1159 533 convertit,
1193 471 1487 543 sordesqne
1516 477 1768 532 vitiorum
1812 481 1964 537 inun-

379 552 599 605 datione
660 551 997 622 baptismatis
1049 557 1218 616 deluit
1279 563 1295 593 ί
1343 603 1359 628 ,
1419 574 1473 620 et
1546 568 1962 629 inﬂammatione

379 640 738 706 poenitentiae
765 645 944 698 exurit
968 663 984 700 :
1016 647 1066 700 in
1092 649 1198 705 line
1220 653 1240 682 '
1262 664 1440 710 autem
1469 675 1570 713 non
1603 662 1773 717 solum
1802 680 1960 735 gene-

378 731 565 784 raliter
612 747 760 788 mors
807 739 1067 806 corporis,
1129 758 1313 799 verum
1373 749 1534 804 etiam
1582 770 1728 809 mors
1769 760 1963 814 mentis

377 823 702 890 destruetur,
725 842 788 882 ac
808 830 1021 897 penitus
1043 832 1375 894 idololatriae
1396 842 1586 898 ritibus
1607 849 1962 921 omnibusque

374 917 614 970 omnium
646 919 927 976 nationum
959 930 1432 994 superstitionibus
1478 937 1962 1014 iniquitatibusque

371 1005 644 1061 ventilatis
676 1010 833 1066 unius
865 1015 973 1068 veri
998 1015 1090 1070 Dei
1130 1022 1366 1090 cognitio
1391 1027 1671 1085 universae
1721 1045 1962 1101 praesta-

372 1095 520 1150 bitur
568 1110 869 1157 creaturae.
938 1105 1126 1164 Cuncti
1185 1115 1448 1182 siquidem
1512 1121 1634 1177 boni
1683 1095 1737 1179 el
1783 1130 1907 1183 mali
1943 1173 1960 1192 ,

372 1188 586 1253 quando
627 1192 843 1246 stabunt
890 1207 1014 1252 ante
1061 1202 1292 1260 tribunal
1336 1207 1566 1278 Domini,
1613 1233 1958 1288 cognoscent,

371 1282 493 1348 quia
525 1300 660 1337 unus
685 1286 823 1342 Deus
845 1302 936 1356 est,
971 1303 1018 1346 et
1058 1311 1159 1349 non
1200 1299 1334 1355 alius
1375 1316 1583 1371 praeter
1619 1327 1756 1366 eum.
1811 1313 1960 1372 Tunc

369 1375 567 1445 quippe
595 1379 698 1432 erit
726 1383 991 1450 generalis
1039 1389 1288 1446 omnibus
1332 1395 1488 1450 unius
1534 1398 1624 1454 Dei
1671 1405 1956 1471 conl'cssio,

367 1467 583 1533 quando
623 1469 764 1525 nulla
804 1473 906 1528 crit
954 1480 1195 1535 veritatis
1234 1488 1467 1554 negatio.
1526 1488 1661 1545 Nam
1711 1505 1764 1549 et
1813 1502 1957 1555 caeci

367 1555 566 1624 lucem,
595 1576 756 1630 quam
784 1579 888 1619 non
915 1568 1115 1633 vident,
1150 1589 1349 1643 negare
1379 1593 1482 1632 non
1518 1595 1743 1650 possunt
1775 1588 1956 1644 viden-

368 1645 512 1701 tibus
549 1648 747 1705 lucere.
792 1653 941 1720 Quod
985 1669 1162 1714 autem
1193 1663 1243 1716 in
1275 1663 1492 1723 Christo
1518 1645 1701 1728 totius
1741 1685 1958 1733 nostrae

368 1745 593 1792 naturae
615 1739 758 1795 salus
778 1741 890 1809 jam
921 1760 1132 1815 peracta
1180 1751 1272 1817 sit,
1315 1769 1382 1808 ex
1423 1756 1959 1829 interpretationibus
1991 1751 2033 1810 Β

364 1825 761 1893 praedictorum
794 1835 1091 1902 nominum,
1135 1843 1384 1912 quisquis
1420 1825 1671 1917 voluerit,
1701 1852 1958 1911 facillime

363 1932 669 1988 cognoscet.
711 1922 947 1982 Zabulon
993 1947 1061 2000 qu
1086 1948 1188 2001 ppe
1229 1936 1586 1996 habitaculum
1631 1945 1834 2001 virtutis
1877 1949 1959 2003 in-

364 2021 714 2082 terpretatur.
782 2017 870 2072 llla
923 2021 1102 2090 itaque
1156 2025 1246 2080 lux
1279 2069 1294 2092 ,
1351 2045 1489 2098 quae
1545 2036 1856 2092 sedentibus
1903 2041 1957 2094 in

355 2104 603 2170 tenebris
630 2116 748 2160 orta
777 2117 880 2172 est,
910 2111 1082 2166 virtus
1119 2125 1174 2168 et
1222 2119 1485 2186 sapientia
1525 2123 1702 2180 Patris
1749 2137 1849 2182 est.
1892 2129 1959 2183 Et

363 2193 504 2257 quod
556 2202 639 2249 est
668 2195 690 2226 ³
721 2197 838 2267 ejus
865 2201 1275 2261 habitaculum?
1310 2207 1496 2267 Nonne
1527 2226 1709 2270 nostra
1737 2228 1951 2285 natura,

363 2285 421 2339 in
465 2301 570 2355 qua
625 2305 723 2358 per
784 2292 1216 2353 incarnationem
1261 2301 1506 2359 habitare
1553 2307 1768 2362 voluit?
1815 2312 1955 2366 Audi

361 2378 759 2447 Evangehstam
794 2381 900 2437 :Et
951 2384 1198 2454 Verbum,
1237 2391 1434 2462 inquit,
1468 2412 1591 2449 caro
1632 2397 1828 2466 factum
1858 2413 1954 2468 est,

360 2480 410 2520 et
458 2470 713 2526 habitauit
767 2475 822 2528 in
867 2478 1033 2531 nobis.
1098 2479 1332 2537 Proinde
1379 2486 1673 2554 spiritualis
1714 2491 1951 2548 Zahulon

363 2560 670 2617 humanitas
699 2562 897 2620 Christi
935 2577 1034 2633 est,
1068 2570 1125 2625 in
1149 2588 1254 2642 qua
1282 2590 1382 2629 nos
1411 2592 1598 2634 omnes
1647 2582 1779 2636 salvi
1827 2585 1953 2639 facti

358 2663 564 2715 sumus,
587 2661 643 2706 et
672 2654 864 2708 salvati
892 2657 1215 2724 habitamus,
1247 2671 1299 2716 et
1328 2663 1384 2717 in
1421 2677 1698 2722 aeternum
1743 2671 1953 2727 habita-

358 2740 576 2807 bimus;
634 2745 746 2813 ipse
800 2759 885 2802 est
935 2751 1078 2804 enim
1126 2752 1296 2808 virtus
1340 2766 1526 2812 nostra
1575 2769 1627 2814 et
1672 2761 1947 2819 fortitudo.

361 2827 664 2899 Nepthalim
695 2833 715 2864 ⁸⁵
746 2851 961 2904 quoque
1012 2839 1234 2894 latitudo
1264 2843 1480 2900 dicitur.
1534 2849 1601 2903 Et
1645 2867 1782 2920 quae
1816 2865 1899 2910 est
1931 2857 1952 2888 '

359 2928 544 2974 nostra
604 2921 830 2979 latitudo
879 2925 921 2992 ⁸,
979 2928 1081 2982 nisi
1133 2929 1402 3000 Christus,
1453 2935 1605 3005 cujus
1647 2942 1846 2998 caritas
1895 2957 1949 3000 el

361 3010 649 3066 clementia
686 3022 854 3069 totum
895 3033 1064 3088 genus
1101 3023 1447 3092 amplectitur
1485 3029 1821 3101 humanum,
1853 3038 1944 3106 qui

2078 490 2378 533 convertam
2402 484 2684 539 restituens
2702 502 2788 541 eas
2809 492 3140 546 conversione
3159 493 3511 550 Sodomorum
3528 517 3646 554 cum

2079 569 2292 635 ﬁliabus
2315 575 2444 638 suis,
2465 585 2513 628 et
2534 580 2862 633 conversione
2878 579 2950 633 Sa
2961 585 3161 638 mariue
3181 596 3229 638 et
3247 587 3484 656 ﬁliarum
3505 592 3640 659 ejus,

2077 667 2128 710 ct
2168 671 2465 715 convertam
2497 665 2841 719 reret-sionem
2875 677 3021 720 tuam
3057 672 3097 700 ¹¹
3127 673 3182 725 in
3215 676 3385 726 medio
3435 675 3641 732 eorum.

2075 745 2152 799 Ex
2175 763 2306 815 quo,
2325 759 2382 802 ut
2406 752 2482 807 ait
2505 765 2725 807 sanctus
2751 753 3128 828 Hieronymus,
3155 763 3506 830 perspicuum
3536 776 3640 830 est,

2081 848 2190 888 non
2217 851 2335 892 esse
2367 841 2667 895 naturalem
2692 844 2826 896 iram
2852 845 2966 911 Dei,
2992 847 3088 900 sed
3121 850 3326 904 nostris
3347 853 3498 906 vitiis
3523 853 3635 908 cle-

2073 925 2475 979 mentissimum
2503 940 2558 982 et
2583 932 3086 986 inausuetissitnum
3124 935 3294 989 Deum
3321 939 3386 991 ad
3414 938 3638 994 iracun-

2079 1011 2222 1066 diam
2253 1017 2562 1082 provocari.
2590 1018 2852 1087 Sequitur
2879 1036 2894 1073 :
2926 1020 2992 1073 Et
3023 1039 3177 1076 soror
3205 1035 3298 1078 tua
3325 1025 3560 1081 Soloma
3587 1040 3636 1084 et

2068 1098 2214 1166 ﬁliae
2233 1103 2351 1169 ejus
2373 1114 2694 1159 revertentur
2715 1110 2784 1160 ad
2797 1111 3162 1178 antiquitatem
3183 1129 3357 1177 suam,
3379 1125 3430 1168 et
3445 1117 3642 1170 Sama-

2075 1189 2155 1240 ria
2179 1200 2226 1240 et
2245 1189 2390 1257 ﬁliae
2416 1191 2532 1259 ejus
2560 1205 2882 1249 reuertentur
2911 1202 2980 1250 ad
3001 1203 3363 1270 antiquitatem
3391 1223 3567 1268 suam,
3589 1218 3639 1258 et

2069 1286 2124 1327 tu
2157 1286 2204 1328 et
2231 1275 2374 1343 ﬁliae
2399 1289 2517 1331 tuae
2549 1286 2879 1337 rerertemini
2899 1287 2967 1339 ad
2989 1291 3360 1358 antiquitatem
3382 1306 3637 1350 uestram.

2071 1365 2424 1434 Septuaginta
2447 1379 2463 1420 1
2490 1367 2557 1420 Et
2589 1387 2793 1426 sorores
2823 1385 2944 1428 tuae
2965 1377 3007 1407 ¹⁸
3033 1375 3263 1432 Sodoma
3284 1391 3334 1433 et
3352 1381 3500 1446 ﬁliae
3519 1387 3640 1453 ejus

2071 1456 2437 1518 restituentur,
2459 1457 2594 1508 sicut
2623 1459 2834 1526 fuerunt
2859 1481 2892 1515 a
2915 1465 3172 1532 principia
3193 1483 3212 1529 ;
3240 1478 3288 1518 et
3309 1467 3563 1525 Sansaria
3588 1483 3641 1527 et

2077 1543 2222 1609 ﬁliae
2239 1543 2354 1610 ejus
2376 1545 2740 1611 restituentur,
2759 1551 2893 1601 sicut
2913 1560 3062 1603 erant
3079 1569 3110 1604 a
3134 1556 3389 1622 principio
3411 1557 3492 1622 “;
3511 1569 3563 1612 et
3578 1571 3639 1612 tu

2072 1645 2119 1684 et
2139 1632 2284 1698 ﬁliae
2307 1642 2428 1686 tuae
2456 1636 2822 1700 restituemini,
2839 1638 2972 1690 sicut
2996 1638 3202 1707 {ueritis
3220 1645 3275 1695 in
3295 1647 3554 1715 principio
3573 1647 3637 1704 ⁸⁵.

2078 1719 2220 1774 llaec
2248 1721 2409 1774 verba
2443 1722 2764 1790 praphetae,
2793 1725 2904 1778 imo
2945 1725 3154 1782 Domini
3191 1746 3288 1798 per
3311 1735 3637 1804 prophetam

2073 1813 2265 1868 beatus
2299 1811 2666 1883 Hieronymus
2685 1830 2963 1885 exponens
2996 1837 3009 1872 :
3038 1819 3255 1888 Judaei,
3281 1824 3477 1894 inquit,
3503 1830 3647 1884 inter

2070 1915 2268 1958 ceteras
2289 1906 2498 1974 fabulas
2520 1915 2570 1960 et
2595 1910 3001 1964 interminabiles
3021 1914 3347 1982 genealogias
3368 1927 3417 1971 et
3439 1920 3646 1974 delira-

2054 2007 2278 2066 ‘menta,
2312 2013 2447 2065 quae
2464 1998 2690 2068 ﬁngunt,
2716 2003 2877 2054 etiam
2909 2005 3003 2056 hoc
3027 2007 3294 2060 somniant
3326 2009 3390 2063 de
3413 2015 3644 2067 aduentu

2056 2069 2274 2142 'Cltristi
2296 2092 2403 2152 sui,
2429 2107 2579 2158 quem
2603 2108 2694 2145 nos
2716 2083 3335 2160 scimus'AnticItristutn,
3355 2105 3473 2155 etin
3496 2106 3645 2159 mille

2082 2194 2338 2234 annorum
2375 2196 2533 2249 regno
2560 2174 2844 2236 Sodomam
2875 2188 3247 2242 restituendam
3278 2192 3333 2244 in
3363 2196 3641 2264 antiquum

2071 2279 2291 2336 statum,
2310 2271 2384 2323 ita
2411 2279 2469 2324 ut
2492 2275 2560 2327 sit
2590 2277 2740 2342 quasi
2765 2277 2811 2307 “
2832 2281 3111 2345 paradisus
3132 2280 3247 2343 Dei,
3266 2294 3316 2337 et
3339 2283 3642 2342 Samariam

2072 2363 2351 2432 pristinam
2371 2365 2598 2432 recipere
2620 2366 2946 2435 felicitatem,
2968 2381 3023 2424 ut
3040 2373 3106 2426 de
3122 2375 3354 2444 Assyriis
3373 2392 3639 2434 reuertan-

2077 2466 2162 2508 tur
2187 2459 2240 2510 in
2275 2467 2474 2511 terram
2500 2457 2764 2512 Judaeum
2795 2477 2816 2523 ;
2839 2459 3140 2518 Jerusalem
3162 2483 3364 2536 quoque
3388 2480 3508 2522 tunc
3534 2488 3648 2525 esse

2078 2545 2468 2614 fabricandum.
2494 2551 2561 2602 Et
2577 2551 2738 2619 paulo
2763 2561 2914 2620 post:
2950 2551 3062 2607 Nos
3089 2567 3286 2620 autem,
3316 2561 3512 2627 inquit,
3543 2565 3643 2614 lio-

2081 2653 2197 2690 rum
2224 2642 2507 2707 perfectam
2540 2641 2812 2695 scientiam
2841 2643 2935 2697 Dei
2951 2644 3156 2715 judicio
3186 2650 3536 2718 relinquentes
3578 2654 3646 2719 ",

2074 2730 2177 2782 imo
2195 2730 2392 2799 liquido
2411 2733 2736 2799 conﬁtentes,
2762 2735 3003 2802 dicimus,
3020 2750 3133 2806 post
3150 2743 3436 2796 secundum
3453 2748 3652 2800 adm-

2077 2831 2187 2872 tum
2221 2821 2431 2875 Domini
2463 2821 2755 2876 Saluatoris
2789 2826 2918 2879 nihil
2957 2829 3177 2894 humile,
3211 2833 3344 2885 nihil
3397 2834 3643 2898 futurum

2072 2925 2182 2963 esse
2211 2922 2477 2966 terrenum
2497 2953 2512 2979 ,
2547 2916 2638 2967 sed
2661 2931 2817 2983 regna
2851 2917 3118 2988 caelestia,
3155 2937 3288 2989 quae
3321 2925 3556 2979 primum
3583 2930 3646 2982 in

2051 3029 2335 3099 Evangelia
2361 3032 2733 3099 promittuntur
2754 3033 2818 3087 ¹⁸.
2853 3031 3042 3090 Cetera
3070 3043 3271 3102 autem,
3297 3050 3434 3106 quae
3461 3036 3529 3090 de
3557 3035 3647 3091 hin

362 3116 460 3169 pro
491 3103 670 3172 impiis
699 3117 945 3163 mortuus
974 3121 1078 3174 est,
1119 3130 1236 3167 cum
1261 3133 1355 3184 pro
1388 3117 1520 3173 bona
1561 3120 1788 3191 forsitan
1830 3103 1945 3196 quis

2060 3119 2326 3188 praefatus
2370 3121 2415 3152 ¹⁹
2452 3123 2720 3192 interpres
2762 3125 3308 3196 exponit,propterea
3351 3125 3650 3181 intermisi.

359 3193 549 3247 audeat
584 3198 758 3250 mori?
781 3200 872 3268 qui
895 3201 914 3231 ⁷
938 3215 1125 3256 omnes
1150 3204 1394 3261 homines
1417 3211 1716 3278 aequaliter
1734 3193 1945 3279 dilexit,

359 3285 576 3353 quando
599 3302 698 3356 pro
726 3290 974 3345 omnibus
995 3293 1230 3363 scipsum
1260 3297 1499 3352 tradidit.
1528 3298 1673 3356 llaec
1695 3312 1777 3357 est
1802 3304 1945 3359 enim

361 3378 692 3446 amplissima
731 3380 817 3435 lex
855 3392 1111 3452 naturae,
1152 3403 1312 3456 quam
1363 3391 1416 3445 in
1467 3393 1644 3463 seipso
1683 3394 1943 3466 implevit,

362 3477 586 3522 mortem
625 3484 723 3538 pro
763 3471 1015 3528 omnibus
1059 3476 1295 3533 subiens.
1336 3479 1446 3535 Lex
1487 3485 1681 3552 quippe
1719 3495 1944 3543 naturae

357 3568 444 3614 est
485 3561 786 3617 communis
840 3565 1081 3620 omnium
1131 3567 1409 3625 hominum
1468 3573 1683 3630 dilectio
1740 3578 1943 3648 absque

359 3651 465 3704 nlla
499 3667 846 3739 personarum
874 3660 1186 3728 acceptione
1215 3703 1228 3725 ,
1257 3677 1400 3732 quae
1428 3665 1480 3718 in
1509 3665 1724 3723 Christo
1765 3671 1940 3739 perfe-

359 3729 598 3798 ctissime
630 3745 845 3814 impleta
877 3757 984 3813 est,
1011 3759 1066 3803 et
1098 3767 1129 3805 a
1160 3729 1317 3808 Patre
1347 3758 1628 3823 processit,
1677 3729 1780 3829 qui.
1819 3779 1944 3831 pro-

357 3834 473 3894 prio
494 3833 607 3903 ﬁlio
643 3853 744 3890 non
771 3843 1014 3908 pepercit,
1040 3844 1129 3896 sed
1150 3859 1244 3912 pro
1284 3846 1429 3900 nobis
1457 3849 1694 3904 omnibus
1720 3853 1939 3906 tradidit

357 3939 493 3977 eum.
538 3924 632 3979 Est
683 3926 848 3982 etiam
895 3930 999 3985 alia
1045 3934 1202 3999 ratio,
1255 3952 1360 4006 qua
1409 3936 1657 3994 Christus
1709 3941 1939 3998 latitudo

359 4013 693 4087 intelligitur.
746 4018 998 4076 Latitudo
1039 4024 1234 4094 quippe
1263 4037 1348 4082 est
1373 4032 1640 4099 apparitio
1666 4042 1721 4086 et
1753 4049 1936 4104 super-

357 4105 526 4172 ﬁcies,
561 4107 788 4178 ideoque
819 4112 963 4182 graia
989 4113 1381 4185 significatione
1413 4121 1693 4190 epiphania
1717 4123 1932 4178 dicitur.

355 4194 601 4252 Christus
630 4198 811 4269 itaque
846 4211 930 4256 est
969 4214 1150 4260 nostra
1177 4207 1458 4277 epiphania
1483 4251 1498 4276 ,
1526 4213 1632 4268 hoc
1661 4221 1743 4268 est
1772 4230 1935 4286 appa-

360 4287 482 4342 ritio
512 4298 568 4343 et
593 4292 928 4361 superﬁcies,
958 4297 1080 4367 quia
1113 4314 1234 4352 cum
1279 4309 1392 4356 tres
1419 4302 1526 4356 sint
1551 4312 1574 4344 ⁸
1599 4308 1933 4366 substantiae

353 4383 555 4436 summi
577 4383 724 4448 boni,
752 4401 857 4439 una
884 4387 1095 4442 illarum
1125 4390 1176 4443 in
1207 4392 1424 4448 homine
1462 4394 1709 4465 Christo,
1753 4399 1938 4456 Verbo-

354 4470 602 4525 videlicet
651 4473 928 4530 inearnato

353 4565 629 4633 corporeis
673 4571 1212 4636 comprehensibiiem
1261 4590 1318 4629 sc
1364 4575 1511 4632 fecit.
1583 4579 1749 4635 Nemo
1789 4585 1934 4637 enim

353 4639 588 4720 i’atrem,
629 4672 790 4713 nemo
830 4659 1086 4729 Spiritum
1113 4673 1356 4720 sanctum
1382 4668 1433 4720 in
1458 4669 1662 4726 unitate
1688 4655 1939 4727 substan-

357 4744 461 4797 line
509 4761 630 4799 cum
676 4758 925 4803 creatura
952 4748 974 4780 ’
1006 4751 1158 4806 vidit.
1201 4755 1269 4808 Et
1306 4755 1555 4813 Ezechiel
1584 4776 1800 4832 quoque
1838 4764 1937 4818 sub

355 4835 524 4904 ligura
588 4836 746 4891 trium
815 4839 1092 4896 civitatum
1157 4845 1388 4899 reditum
1447 4850 1610 4903 totius
1673 4852 1941 4907 humanae

354 4933 582 4980 naturae
618 4927 932 4997 prophetice
968 4931 1268 4988 denuntiat.
1328 4937 1537 4992 Dicitur
1573 4941 1717 4994 enim
1747 4956 1762 4994 :
1789 4942 1942 4996 Jeru-

349 5014 510 5068 salem
542 5016 608 5079 ιθ,
634 5027 680 5070 et
705 5027 761 5072 tu
787 5019 1124 5089 confundere,
1156 5034 1202 5079 et
1222 5036 1373 5095 porta
1408 5029 1747 5098 ignominiam
1771 5042 1938 5091 tuam,

349 5120 481 5173 quae
493 5105 803 5176 justi/icain
823 5126 1026 5166 sorores
1048 5123 1167 5168 tuas
1178 5131 1200 5180 ;
1221 5131 1285 5171 ac
1305 5116 1556 5190 deinceps
1577 5121 1824 5176 subditur
1853 5123 1898 5152 η
1924 5139 1936 5170 :

2050 3227 2187 3276 mus,
2219 3213 2343 3281 quia
2374 3213 2600 3268 moralia
2625 3223 2771 3279 sunt,
2803 3223 2858 3269 et
2885 3213 2953 3270 de
2988 3215 3158 3269 reditu
3197 3215 3470 3287 gentilium
3507 3216 3647 3270 hae-

2049 3303 2448 3374 reticorumque
2485 3315 2539 3359 et
2578 3306 2936 3374 peccatricum
2971 3305 3306 3362 solummodo
3334 3321 3646 3361 ammarum

2046 3395 2114 3448 ad
2164 3396 2483 3452 catholicam
2533 3398 2693 3452 tidem
2744 3397 3040 3466 disputant.
3101 3397 3379 3470 Mysticam
3423 3412 3647 3468 quoque

2045 3485 2376 3557 legalemque
2413 3489 2790 3558 septimanam,
2831 3503 2995 3558 quam
3032 3489 3505 3559 quinquagesimus
3548 3503 3642 3542 se-

2045 3581 2313 3648 quebatur
2332 3595 2521 3644 annus,
2552 3581 2642 3651 qui
2667 3581 2712 3613 ⁸⁸
2741 3581 2994 3636 hebraice
3023 3597 3180 3637 sonat.
3199 3623 3214 3648 ,
3245 3583 3346 3637 hoc
3371 3592 3453 3636 est
3474 3582 3640 3637 liber-

2042 3680 2123 3725 tas
2143 3675 2458 3738 vocabatur,
2473 3674 2726 3742 quoniam
2749 3675 2801 3728 in
2825 3674 2938 3743 ipso
2960 3690 3150 3730 omnes
3170 3674 3470 3730 libertatem
3492 3675 3644 3729 acci-

2041 3762 2285 3832 piebant,
2305 3770 2360 3815 et
2381 3763 2746 3833 unusquisque
2769 3763 2835 3818 ad
2856 3764 3136 3833 pristinam
3152 3764 3540 3819 habitationem
3556 3780 3647 3819 re-

2039 3855 2370 3916 Vertebatur,
2385 3854 2528 3907 omni
2546 3853 2679 3923 lege,
2694 3869 2795 3922 qua
2810 3853 3168 3916 detinebatur,
3185 3853 3475 3916 absolutus,
3490 3855 3641 3910 hunc

2039 3946 2308 4011 reditum,
2332 3948 2398 3999 de
2421 3961 2526 4014 quo
2553 3946 2728 4013 agitur
2747 3986 2762 4006 ,
2785 3945 3294 4016 apertesigniiicare
3316 3960 3421 4000 non
3445 3947 3636 3999 incon-

2039 4051 2170 4106 grue
2183 4036 2306 4105 quis
2318 4036 2533 4102 dixerit,
2568 4036 2714 4089 [inita
2735 4037 3036 4106 septenaria
3062 4037 3360 4106 praesentis
3381 4039 3523 4091 vitae
3543 4052 3642 4092 re-

2038 4127 2326 4181 volutione.
2361 4127 2526 4181 David
2554 4143 2646 4182 rex
2667 4136 2720 4182 et
2743 4129 3002 4198 prepheta
3034 4129 3435 4182 renovationem
3459 4136 3636 4180 natu-

2039 4234 2129 4273 rae
2158 4220 2444 4288 promittit,
2465 4219 2649 4274 dicens
2673 4239 2685 4272 :
2717 4219 2908 4273 Emitte
2934 4219 3188 4288 Spiritum
3213 4231 3382 4281 tuum,
3408 4229 3455 4272 et
3478 4234 3639 4272 crea-

2037 4310 2251 4374 buntur,
2298 4320 2344 4364 at
2389 4311 2658 4364 renovabis
2707 4308 2896 4378 facient
2944 4319 3136 4364 terrae.
3185 4310 3325 4376 Quid
3354 4309 3532 4363 dicam
3563 4310 3641 4364 de

2035 4400 2363 4472 evangelicis
2405 4401 2697 4472 parabolis,
2739 4401 2804 4456 de
2847 4402 3072 4473 prodigo
3094 4401 3340 4457 videlicet
3363 4401 3489 4465 ﬁlio,
3532 4403 3637 4471 qui

969 4518 989 4541 ,
1040 4479 1194 4533 nobis
1245 4484 1493 4552 apparuit
1518 4525 1533 4550 ,
1583 4489 1937 4562 sensibusque
1967 4489 2015 4547 D
2041 4492 2096 4545 in
2127 4501 2269 4545 terra
2299 4491 2471 4546 aliena
2496 4500 2703 4561 partem
2730 4492 3083 4558 substantiae,
3108 4508 3270 4561 quam
3296 4508 3325 4545 a
3353 4502 3508 4561 patre
3536 4507 3643 4547 ao-

2042 4589 2278 4650 eeperat,
2323 4581 2611 4652 dissipans,
2656 4591 2894 4652 egestate
2935 4590 3156 4636 coactus
3201 4582 3436 4651 seipsum
3473 4597 3638 4636 reco-

2045 4687 2311 4743 gnoscens
2334 4714 2348 4737 ,
2392 4674 2833 4748 poenitentiaquc
2868 4674 3079 4738 ductus,
3105 4675 3171 4728 ad
3202 4685 3407 4743 patrem
3465 4689 3636 4728 suum

2047 4779 2297 4820 reversus
2322 4776 2423 4830 est,
2458 4781 2486 4818 a
2518 4781 2626 4836 quo
2647 4767 2887 4836 piissime
2914 4767 3443 4836 clementissimeque
3471 4783 3638 4825 rece-

2043 4864 2168 4923 ptus
2192 4871 2294 4909 non
2319 4857 2491 4910 solum
2505 4858 2788 4924 pristinam
2810 4858 3032 4927 adeptus
3054 4867 3137 4912 est
3153 4857 3409 4930 gratiam,
3434 4873 3634 4913 verum

2043 4945 2208 4997 etiam
2248 4961 2346 5014 pro
2384 4946 2686 5000 reverentia
2731 4946 2814 5001 sui
2855 4947 3056 5002 vitulus
3099 4949 3375 5016 saginatus
3404 4949 3634 5003 occisus

2043 5035 2162 5089 est?
2196 5035 2328 5101 Quis
2357 5048 2438 5090 est
2472 5054 2600 5106 ergo
2647 5037 2788 5094 filius
2817 5040 2954 5094 iste?
2989 5037 3180 5095 Nonne
3208 5041 3369 5095 homo
3395 5039 3461 5092 ad
3486 5041 3636 5093 inra-

2042 5126 2219 5195 ginem
2247 5128 2338 5181 Dei
2365 5126 2573 5182 factus?
2603 5127 2765 5184 Pater
2792 5130 3052 5198 siquidem
3082 5131 3329 5185 caelestis
3358 5130 3492 5182 duas
3522 5145 3634 5182 na-

1631 5253 1886 5311 VARIAE
1943 5257 2343 5314 LECTIONES.

425 5358 564 5440 “Sic
591 5359 999 5440 C_Fﬁ;_A‘diluit.
1077 5370 1097 5400 ³
1130 5367 1220 5423 Sic
1242 5369 1369 5440 CF;
1401 5372 1441 5425 Α
1491 5371 1724 5440 Inﬁnite.

350 5436 546 5508 nostra.
582 5433 644 5508 “7
674 5431 765 5508 Sic
793 5435 912 5500 CF;
941 5441 983 5492 A
1015 5439 1160 5508 quia.
1233 5439 1255 5471 ⁸
1286 5431 1375 5495 Sic
1402 5441 1520 5507 CF;
1548 5431 1590 5495 Ᾱ
1620 5454 1760 5498 sunt.

349 5497 507 5563 gitur.
582 5498 626 5530 “
660 5501 702 5553 Λ
735 5497 967 5561 tuarum.
1026 5497 1091 5540 ’³³
1121 5509 1163 5563 Α
1193 5526 1344 5564 soror
1369 5521 1479 5564 tua.

349 5581 457 5638 uin.
490 5565 594 5620 CF.
675 5572 716 5601 ¹⁶
743 5578 893 5638 quasi
921 5593 1030 5634 om.
1062 5577 1168 5638 CF.

352 5633 567 5704 beatus,
626 5638 672 5672 ³⁸
702 5633 785 5697 CF
821 5648 969 5712 quia,

1803 5375 1824 5405 ³
1849 5389 1920 5428 est
1955 5392 2064 5431 om.
2117 5377 2182 5430 A.

1837 5445 1857 5477 ⁹
1882 5446 1922 5498 Α
1953 5457 2147 5501 creata.

1558 5511 1604 5587 ίξ
1634 5525 1680 5568 et
1714 5511 2048 5587 Samaria—
2071 5535 2100 5570 a
2141 5518 2396 5587 principio
2436 5533 2544 5573 om.
2576 5518 2678 5572 CF.

1247 5581 1288 5613 ³⁷
1319 5581 1411 5637 Sic
1436 5580 1551 5647 CF;
1580 5583 1621 5637 A
1657 5584 2020 5655 relinquemus.

2819 5381 2841 5410 ³
2863 5390 2934 5432 est
2973 5393 3080 5431 om.
3109 5378 3172 5432 Α.
3248 5381 3269 5409 ⁸
3310 5379 3352 5430 Α
3389 5377 3628 5430 latitudo

2261 5376 2281 5408 δ
2310 5377 2392 5432 CF
2427 5377 2742 5447 Neptuleim.
2819 5381 2841 5410 ⁵
2863 5390 2934 5432 est
2973 5393 3080 5431 om.
3109 5378 3172 5432 Α.
3248 5381 3269 5409 ⁸
3310 5379 3352 5430 Α
3389 5377 3624 5456 latitudo

2261 5449 2266 5477 '
2297 5446 2380 5502 CF
2435 5450 2489 5501 in
2539 5448 2921 5514 lliemsalem._
2973 5448 3015 5480 "
3049 5448 3140 5502 Sic
3168 5447 3285 5511 CF;
3314 5447 3354 5500 Α
3384 5447 3624 5514 σώμαι-

2225 5448 2266 5480 ¹⁰
2435 5450 2489 5501 in
2513 5446 2519 5447 ⁷
2539 5448 2921 5529 Hierusalem...
2973 5447 3285 5529 "‘SieCF;
3314 5447 3354 5500 Α
3384 5447 3588 5528 σιξὺῙῃιε

2762 5520 2807 5551 ⁸⁵
2838 5519 2968 5572 sicut
3019 5519 3223 5584 fueritis
3256 5519 3312 5571 in
3353 5519 3632 5584 principio

2102 5583 2149 5620 ιε
2179 5589 2269 5643 Sic
2290 5583 2404 5655 CF;
2437 5588 2478 5641 Α
2520 5592 2909 5659 promittuntur.
2987 5583 3031 5620 "
3080 5589 3183 5643 Pro
3230 5583 3500 5658 praefatus
3524 5583 3618 5642 αν
