3952 6162
310 255 445 312 rios
1072 248 1095 261 ’
1132 257 1240 331 DE
1278 259 1618 318 uivistoai:
1658 260 2009 317 NA'llillAE.
2050 293 2119 303 -
2154 262 2355 321 uasa
2394 251 2696 332 QUINTUS
3426 265 3562 321 inoo

307 380 457 423 turas
485 367 551 422 ad
575 383 643 423 se
667 369 1097 440 cognoscendum
1136 372 1360 437 creavit,
1409 372 1707 441 angelicam
1739 373 1886 430 vide-
1911 381 1960 439 Α
1986 374 2055 435 de
2077 391 2178 432 ove
2204 378 2497 432 centesima
2526 376 2780 449 iiitellige,
2806 394 2944 449 quae
2972 387 3250 435 erraverat
3273 378 3562 434 caelestem

306 460 428 516 licet
452 469 506 516 et
537 461 852 528 humanam,
899 461 1097 532 quibus
1133 462 1344 520 duabus
1377 464 1391 494 ¹
1428 464 1707 520 liliolitatis
1755 482 1881 537 gra—

306 551 435 607 tiam
464 552 698 607 donavit.
737 552 841 609 Sed
881 554 1045 610 homo
1067 555 1461 611 adolescentior
1494 556 1637 611 illius
1666 557 1882 622 dicitur,

303 644 683 715 angelus'vero
709 646 889 717 major
912 650 1393 720 aetate,.quoniam
1418 650 1568 720 prius
1603 650 1884 721 Scriptura

302 736 669 793 conditionem
696 736 892 810 angeli,
911 740 1449 809 posterius-hominis
1473 752 1884 797 commemorat.

302 827 541 883 Partem“
565 829 749 899 itaque
788 830 1065 901 angelicae
1114 832 1539 899 numerositatis,
1580 848 1718 902 quae
1748 849 1886 887 nuu-

299 926 471 988 qnam
506 918 845 975 conditorem
880 934 1037 974 suum
1078 922 1335 986 deseruit,
1372 923 1543 994 major
1563 919 1727 988 ﬁlius,
1754 924 1884 978 ado-

301 1007 595 1065 lescentior
620 1017 791 1066 totum
820 1007 1091 1067 hominem
1120 1011 1327 1081 lapsum
1367 1022 1422 1068 et
1448 1028 1477 1067 a
1504 1012 1763 1071 creatore
1788 1030 1885 1070 suo

297 1104 737 1173 percgrinantem
785 1105 1051 1169 insinuat;
1095 1107 1435 1175 postmodum
1488 1115 1665 1163 tamen
1693 1107 1759 1163 ad
1781 1107 1884 1162 Pa-

300 1204 458 1249 trem
494 1208 653 1250 suum
697 1206 1056 1263 reversurus,
1119 1206 1175 1253 et
1228 1197 1459 1267 primam
1529 1197 1764 1263 stolam,
1832 1197 1883 1252 id

296 1292 406 1348 est,
453 1284 689 1354 primum
733 1285 977 1340 habitum
1017 1296 1613 1356 naturae'recepturus.
1662 1286 1892 1357 Insuper

295 1373 463 1429 etiam
500 1375 761 1430 ambitum
799 1376 1038 1445 virtutis,
1079 1393 1218 1449 quae
1247 1395 1343 1450 per
1369 1379 1587 1434 anulum
1614 1379 1891 1451 signiﬁca-

296 1473 407 1531 tur,
458 1466 760 1536 praemium
812 1483 1028 1538 quoque
1076 1470 1267 1526 mortis
1309 1468 1538 1536 Christi,
1570 1471 1713 1541 quod
1741 1472 1761 1503 '
1787 1486 1884 1541 per

294 1556 667 1613 calceamenta
709 1557 763 1612 in
805 1560 1032 1628 pedibus
1079 1560 1373 1627 formatur,
1415 1562 1663 1632 accipiet,
1710 1573 1885 1618 aeter-

294 1662 421 1704 nam
472 1647 742 1703 videlicet,
777 1650 978 1716 vitam,
1030 1665 1171 1723 quae
1220 1652 1600 1707 universaliter
1647 1653 1884 1708 humano

1988 483 2204 540 gregem
2234 468 2511 535 deserens,
2546 484 2707 539 quam
2741 469 2912 524 houus
2947 477 3153 539 pastor,
3186 469 3279 540 qui
3305 477 3389 523 est
3407 466 3563 524 Chri-

1987 566 2122 625 stus,
2164 558 2434 629 quaesivit
2461 567 2516 613 et
2555 558 2773 629 reperit,
2816 567 3192 629 repertamque
3238 559 3293 614 in
3320 558 3342 591 ⁸
3372 559 3561 613 hume-

1987 673 2079 713 ros
2103 671 2230 713 suos
2268 665 2547 727 acceptam
2591 655 2657 709 ad
2694 670 2932 727 gregem,
2960 669 3119 725 quem
3147 653 3378 709 errando
3404 653 3563 707 deso-

1988 759 2196 815 ruerat,
2227 756 2486 819 reportat.
2526 749 2675 817 Quae
2711 756 2992 817 propterea
3022 747 3317 802 centesima
3359 760 3566 801 connu-

1989 847 2246 903 meratur,
2296 838 2554 908 quoniam
2603 847 2722 909 post
2768 836 2977 908 lapsum
3027 837 3294 891 humanae
3341 844 3567 889 naturae

1987 926 2271 999 perfectio,
2298 942 2436 998 quae
2460 943 2557 998 per
2582 926 2953 982 centenarium
2983 942 3267 981 numerum
3300 924 3565 987 innititur,

1988 1018 2237 1073 caelestis
2261 1016 2584 1083 Ierusalem,
2632 1032 2769 1088 quae
2811 1026 2895 1072 est
2944 1027 3120 1071 mater
3167 1026 3373 1080 nostra,
3405 1014 3565 1071 dimi-

1991 1120 2117 1166 nuta
2144 1119 2252 1175 est,
2302 1110 2456 1180 cujus
2502 1109 2884 1172 numerositas,
2926 1108 3088 1164 veluti
3132 1106 3431 1164 centenarii
3468 1121 3569 1161 nu-

1988 1203 2123 1258 meri
2154 1200 2401 1267 latitudo,
2451 1202 2518 1256 ad
2563 1202 2830 1271 integrum
2865 1199 3188 1270 iniplehitur,
3222 1200 3347 1255 dum
3377 1197 3568 1253 huma-

1988 1309 2117 1349 num
2142 1306 2312 1362 genus
2335 1292 2388 1346 in
2418 1291 2596 1360 capite
2618 1305 2739 1352 suo,
2767 1292 2908 1359 quod
2937 1298 3019 1345 est
3048 1288 3315 1351 Christus,
3369 1288 3419 1341 in
3447 1302 3566 1341 eam

1990 1391 2311 1440 revertetur.
2338 1381 2456 1449 Quo
2480 1381 2533 1436 in
2558 1381 2678 1436 loco
2714 1381 2802 1435 illa
2836 1397 2942 1437 non
2976 1396 3143 1451 parva
3176 1378 3421 1448 quaestio
3452 1379 3567 1433 ori-

1990 1481 2093 1536 tur,
2120 1472 2231 1543 jam
2256 1470 2550 1541 divulgata,
2575 1470 2670 1527 sed
2696 1486 2800 1525 non
2823 1471 2961 1543 jam,
2993 1477 3053 1523 ut
3078 1468 3332 1530 arbitror.
3359 1468 3566 1531 soluta;

1988 1570 2044 1618 et
2077 1563 2121 1617 si
2162 1560 2357 1625 soluta,
2405 1562 2641 1616 nondum
2692 1561 2743 1615 in
2794 1571 3006 1615 nostras
3056 1575 3250 1614 manus
3290 1557 3313 1589 ⁸
3355 1558 3569 1613 venisse

1991 1654 2244 1709 fatemur.
2275 1652 2568 1721 Quaeritur
2590 1652 2758 1718 enim,
2799 1652 2842 1707 si
2874 1660 3055 1707 tantus
3095 1667 3352 1706 numerus
3394 1648 3569 1705 homi-

292 1736 482 1807 gcneri
525 1738 721 1792 merito
761 1741 951 1796 mortis
995 1741 1205 1797 Domini
1256 1744 1588 1813 rependitur.
1640 1743 1707 1798 Et
1753 1752 1883 1799 tunc
1914 1730 1958 1790 Β
1987 1760 2112 1799 num
2144 1744 2197 1799 iu
2222 1744 2553 1799 consortium
2581 1742 2831 1799 caelestis
2855 1742 3112 1804 civitatis,
3139 1741 3241 1795 hoc
3264 1749 3369 1805 est,
3399 1739 3570 1794 socie-

293 1824 501 1882 vitulus
547 1827 828 1899 saginatus
871 1829 1169 1886 adducetur
1214 1840 1269 1886 et
1305 1833 1601 1888 occidetur.
1648 1833 1715 1887 Et
1764 1834 1886 1904 quis

291 1925 383 1971 est
430 1917 521 1971 ille
562 1917 784 1982 vitulus,
818 1920 921 1975 nisi
962 1921 1122 1976 homo
1147 1921 1416 1989 Christus,
1450 1933 1673 1992 septena
1707 1923 1883 1978 sancti

293 2007 533 2078 Spiritus
555 2009 729 2080 gratia
768 2010 976 2080 plenus,
1020 2011 1101 2066 vel
1131 2024 1279 2067 certe
1322 2013 1648 2085 pinguedine
1691 2012 1885 2071 literae

292 2101 635 2170 visibilisque
672 2110 898 2157 naturae
932 2101 1306 2158 incrassatus?
1342 2102 1438 2158 llis
1478 2103 1624 2157 enim
1652 2104 1881 2169 duobus,

294 2191 455 2247 litera
501 2191 754 2246 videlicet
797 2201 853 2247 et
886 2191 1083 2247 visibili
1114 2202 1389 2258 creatura,
1421 2192 1586 2248 veluti
1617 2195 1883 2264 quaedam

294 2279 633 2352 corpulentia
660 2280 866 2336 Christi
894 2291 916 2322 ³
949 2290 1194 2353 apparet,
1224 2281 1479 2351 quoniam
1524 2282 1578 2336 iu
1606 2283 1688 2337 eis
1712 2292 1767 2335 et
1790 2296 1886 2351 per

292 2386 390 2428 eas
434 2371 772 2445 intelligitur,
819 2382 1079 2443 quantum
1119 2371 1347 2442 intelligi
1393 2381 1592 2442 potest.
1651 2372 1887 2443 Spiritus

293 2464 444 2519 enim
470 2461 603 2532 legis
633 2471 717 2517 est
738 2460 1008 2526 Christus,
1035 2472 1081 2517 et
1100 2461 1383 2517 invisibilia
1406 2460 1503 2515 Dei
1531 2478 1625 2531 per
1647 2478 1729 2526 ea,
1752 2477 1887 2532 quae

292 2551 441 2619 facta
477 2561 620 2618 sunt,
665 2551 927 2606 intellecta
956 2553 1370 2619 conspiciuntur,
1395 2552 1712 2621 sempiterna
1748 2567 1883 2622 quo-

290 2661 393 2715 que
413 2644 531 2715 ejus
556 2646 719 2699 virtus
739 2657 785 2700 et
812 2645 1128 2709 aeternitas;
1163 2659 1278 2707 seu,
1309 2651 1370 2698 ut
1391 2641 1585 2698 beatus
1614 2641 1885 2698 Maximus

293 2737 450 2802 dicit,
477 2735 1086 2808 exponensGregorium
1115 2738 1446 2808 Theologum
1469 2737 1523 2792 in
1546 2751 1796 2792 sermone
1818 2738 1885 2793 de
1906 2774 1920 2782 -

292 2828 594 2886 Nativitate
620 2831 889 2886 dicentem
927 2849 945 2884 ι
982 2832 1216 2887 Verbum
1241 2841 1557 2888 crassatur)
1588 2850 1603 2886 :
1636 2831 1880 2897 Verbum,

294 2922 496 2993 inquit,
515 2922 640 2977 dum
663 2922 727 2977 sit
743 2923 962 2994 simplex
982 2934 1028 2978 et
1052 2925 1435 2996 incorporeum,
1450 2935 1499 2979 et
1514 2942 1690 2980 omnes
1706 2941 1885 2979 conse-

290 3025 513 3084 quenter
528 3032 591 3068 ac
609 3016 689 3085 spi
695 3016 953 3071 ritualiter
971 3018 1230 3083 nutriens,
1249 3018 1456 3073 divinas
1477 3019 1529 3073 in
1545 3017 1687 3073 caelo
1700 3028 1880 3089 poten-

1991 1837 2116 1891 tatis
2162 1835 2351 1891 beatae
2392 1834 2755 1890 multitudinis
2787 1834 2886 1889 sub
2926 1847 3030 1888 uno
3067 1832 3176 1887 Deo
3207 1831 3450 1898 dcgcntis
3478 1845 3569 1885 re-

1989 1941 2246 1982 versurus
2290 1934 2402 1989 est,
2458 1932 2692 1994 quantus
2739 1921 3226 1993 praevaricantium
3256 1919 3568 1991 angelorum

1987 2015 2112 2071 inde
2141 2014 2343 2085 lapsus.
2382 2012 2661 2084 Sequitur,
2691 2021 2749 2067 ut
2776 2021 2870 2066 aut
2899 2011 3260 2066 numerositas
3297 2009 3569 2064 humanae

1984 2104 2450 2175 multiplicationis
2487 2119 2518 2158 a
2563 2104 2738 2175 primo
2791 2102 3010 2158 homine
3062 2114 3236 2170 usque
3283 2100 3350 2154 ad
3402 2098 3565 2153 linem

1985 2197 2172 2252 mundi
2201 2203 2347 2251 tanta
2372 2195 2461 2261 sit,
2501 2203 2700 2265 quanta
2737 2203 3106 2263 apostatarum
3134 2191 3467 2262 angelorum,
3495 2191 3566 2243 ita

1985 2298 2047 2345 ut
2089 2289 2301 2344 illorum
2344 2288 2610 2343 caelestes
2650 2285 2830 2351 sedes,
2874 2300 3011 2356 quas
3046 2283 3409 2355 superhiendo
3438 2280 3568 2336 reli-

1987 2389 2241 2449 querant,
2273 2378 2339 2433 ad
2375 2386 2543 2432 totum
2582 2390 2752 2448 genus
2780 2375 3077 2430 humanum
3108 2373 3427 2443 capiendum
3459 2372 3566 2427 illic

1987 2470 2260 2527 redeundo
2298 2469 2610 2526 suﬂ'ecerint
2638 2487 2651 2522 :
2682 2477 2800 2531 aut,
2834 2467 2881 2523 si
2912 2467 3089 2523 minor
3135 2475 3218 2521 est
3257 2465 3564 2522 cadentium

1986 2561 2302 2631 angelorum
2333 2560 2718 2626 numerositas,
2752 2575 2914 2629 quam
2945 2557 3165 2613 humani
3188 2553 3562 2629 generismul.

1987 2652 2261 2722 tiplicitas,
2288 2666 2415 2722 pars
2441 2651 2710 2706 humanae
2732 2657 2957 2704 naturae
2979 2661 3086 2702 non
3110 2645 3438 2711 necessaria,
3460 2658 3567 2714 qua

1987 2740 2281 2795 labentium
2329 2740 2641 2811 angelorum
2689 2753 2978 2793 numerum
3006 2745 3294 2808 exuperat,
3317 2749 3570 2790 remane-

1983 2831 2064 2888 hit
2092 2842 2246 2905 extra
2277 2845 2504 2902 superae
2542 2832 2562 2863 "
2591 2829 2827 2886 civitatis
2849 2827 3261 2887 consortium—
3280 2841 3385 2881 non
3422 2824 3564 2880 enim

1985 2921 2110 2978 illuc
2152 2920 2351 2991 poterit
2399 2919 2719 2983 ascendere,
2769 2933 2874 2987 qua
2906 2917 3090 2973 sedem
3120 2932 3227 2971 non
3258 2915 3455 2971 sinitur
3479 2914 3568 2968 in-

1983 3016 2170 3072 venire
2186 3046 2255 3055 —
2271 3030 2400 3086 pars
2423 3023 2626 3079 autem,
2651 3025 2789 3082 quae
2811 3013 2911 3075 eis,
2945 3010 3110 3081 lapsis
3138 3009 3281 3075 dico,
3312 3008 3573 3078 aequipa-

295 3107 401 3159 tias
430 3120 526 3173 per
550 3122 701 3160 suam
728 3108 784 3160 in
819 3123 977 3162 carne
1000 3109 1351 3179 praesentiam
1379 3125 1445 3165 ea:
1467 3109 1636 3176 nobis,
1672 3118 1882 3179 propter
1908 3078 1953 3138 Ο
1986 3117 2157 3173 ratur,
2202 3121 2485 3163 reversura
2526 3116 2641 3172 est;
2693 3121 2756 3161 ac
2793 3121 2888 3175 per
2925 3104 3025 3159 hoc
3069 3105 3447 3159 incunctanter
3468 3102 3564 3155 da-

298 3210 413 3257 nos,
440 3196 726 3250 secundum
754 3213 871 3261 nos,
905 3197 1017 3251 sine
1044 3197 1257 3269 peccato
1288 3199 1574 3253 incrassari
1607 3197 1879 3268 dignatum
1979 3199 2145 3264 bitur,
2192 3214 2299 3254 non
2339 3214 2527 3254 omnes
2570 3199 2819 3254 homines
2855 3198 3159 3268 redemptos
3194 3195 3360 3249 fuisse
3391 3194 3444 3248 in
3475 3206 3563 3255 eo,

294 3295 393 3340 est.
445 3284 598 3353 Quod
639 3296 819 3340 autem
855 3288 958 3343 iste
995 3288 1138 3344 illius
1166 3289 1391 3360 ﬁguram
1415 3288 1629 3361 generis
1660 3287 1881 3343 humani

294 3387 494 3451 gestat,
523 3389 582 3433 ut
608 3393 715 3434 non
742 3379 918 3435 dicam
943 3379 1166 3436 Joannis
1186 3380 1559 3452 Chrysostomi
1585 3380 1883 3436 sententias

295 3469 365 3525 de
396 3470 500 3526 hac
535 3469 815 3539 parabola,
852 3471 1109 3541 quoniam
1155 3462 1396 3543 prolixae
1439 3480 1586 3537 sunt,
1641 3473 1881 3527 testimo-

298 3562 452 3616 nium
501 3561 655 3616 heati
697 3562 970 3618 Ambrosii
1011 3563 1064 3618 in
1096 3564 1435 3634 expositione
1481 3564 1534 3617 in
1563 3563 1763 3618 Lucam
1797 3569 1881 3617 sat

293 3660 383 3708 est
416 3667 636 3724 ponere.
665 3652 861 3721 Potest,
887 3655 1078 3726 inquit,
1109 3656 1162 3709 in
1188 3672 1313 3718 uno.
1338 3655 1451 3711 ﬁlio
1478 3655 1727 3711 videlicet
1755 3668 1878 3724 pro-

295 3742 444 3815 digo,
490 3744 693 3813 species
731 3744 899 3815 accipi
919 3745 1124 3815 generis
1153 3746 1393 3801 humani.
1439 3743 1566 3799 Fuit
1598 3745 1789 3810 Adam,
1833 3753 1882 3799 et

295 3831 357 3884 in
375 3830 471 3885 illo
494 3829 690 3899 fuimus
716 3847 930 3898 omnes;
951 3834 1103 3904 periit
1133 3836 1326 3901 Adam,
1355 3838 1480 3891 etin
1504 3834 1596 3889 illo
1619 3835 1881 3905 perierunt

297 3936 501 3975 omnes.
530 3918 703 3976 Homo
728 3922 891 3992 igitur
928 3924 985 3977 in
1010 3923 1103 3978 illo
1142 3925 1371 3990 homine,
1403 3926 1494 3996 qui
1519 3927 1767 3996 perierat,
1794 3941 1880 3979 re-

297 4011 586 4080 formatur,
610 4023 657 4067 et
686 4012 794 4079 ille,
820 4013 889 4068 ad
917 4015 1313 4072 similitudinem
1338 4018 1436 4072 Dei
1475 4018 1647 4088 factus
1670 4026 1721 4072 et
1748 4017 1882 4070 ima-

297 4102 497 4168 ginem,
536 4104 713 4158 divina
745 4106 998 4175 patientia
1027 4117 1075 4160 et
1108 4109 1541 4178 magnanimitate
1583 4116 1879 4179 reparatur.

298 4191 535 4247 Videsne
564 4194 747 4265 igitur,
770 4198 914 4266 quod
945 4198 1044 4252 ista
1070 4197 1324 4268 parabola
1348 4216 1453 4255 non
1478 4208 1684 4269 partem
1717 4214 1879 4269 gene-

300 4283 382 4338 ris
403 4283 645 4352 humani,
673 4287 767 4343 sed
797 4297 968 4344 totum
996 4292 1409 4347 restaurandum
1442 4306 1561 4346 esse
1589 4291 1643 4344 in
1662 4289 1883 4345 Christo

302 4376 483 4448 typice
522 4377 747 4433 doceat?
779 4380 980 4436 Eadem
1015 4382 1389 4451 interpretatio
1416 4392 1499 4437 est
1528 4382 1595 4437 de
1624 4381 1879 4437 drachma

299 4468 534 4540 perdita,
565 4479 619 4525 et
644 4479 765 4541 post
802 4474 1141 4528 eversionem
1173 4473 1330 4541 hujus
1363 4473 1571 4538 mundi,
1597 4472 1763 4528 veluti
1788 4488 1883 4528 eu-

294 4560 511 4630 jusdam
556 4562 768 4628 domus,
810 4564 1079 4619 inventaa
1107 4564 1355 4630 muliere,
1393 4565 1486 4620 Dei
1523 4564 1771 4619 videlicet
1798 4580 1884 4619 sa-

302 4652 530 4723 pientia,
566 4668 704 4723 quae
744 4670 864 4709 eam
907 4654 1037 4711 iecit
1077 4665 1132 4711 et
1177 4657 1433 4726 possedit.
1474 4655 1690 4711 Decima
1720 4657 1884 4710 etiam

304 4742 430 4797 ideo
473 4752 837 4815 computatur,
877 4746 1132 4815 quoniam
1165 4747 1401 4801 humana
1429 4757 1624 4801 natura
1660 4761 1767 4801 non
1796 4763 1892 4802 so-

303 4832 415 4887 lum
440 4848 631 4889 novem
661 4835 938 4891 ordinibus
966 4836 1278 4907 angelorum
1322 4838 1562 4908 aequalis
1605 4836 1745 4893 facta
1778 4846 1882 4903 est,

302 4938 494 4979 verum
516 4926 678 4980 etiam
710 4927 884 4982 nullus
922 4928 1197 4999 angelicas
1226 4930 1361 4985 ordo
1389 4939 1495 4995 est,
1528 4930 1615 4984 cui
1646 4931 1881 4985 humana

304 5022 500 5069 natura
544 5024 665 5085 post
708 5018 1160 5074 reStaurationem
1194 5018 1214 5050 ‘
1242 5035 1396 5074 suam
1439 5018 1591 5089 juxta
1633 5019 1887 5091 intelligi-

305 5103 444 5159 biles
468 5106 666 5176 gradus
700 5121 806 5162 non
843 5109 1221 5175 interseratur,
1258 5111 1428 5165 donec
1457 5109 1753 5179 perfectum
1790 5111 1885 5166 de-

306 5195 521 5249 narium
552 5196 802 5254 caelestis
838 5200 1107 5271 compleat
1146 5200 1402 5266 civitatis,
1456 5210 1590 5257 teste
1628 5200 1882 5272 Dionysio

304 5285 653 5356 Areopagita'
683 5290 736 5343 in
788 5289 928 5345 libro
977 5292 1045 5346 de
1097 5293 1316 5348 caelesti
1381 5292 1670 5347 lcrarchia.
1727 5292 1881 5360 Quod

306 5377 471 5431 etiam
497 5380 545 5434 ei
568 5379 812 5436 futurum
836 5396 977 5450 erat,
1005 5384 1049 5438 si
1080 5400 1186 5440 non
1216 5394 1485 5455 peccaret.
1515 5383 1689 5439 Simili
1721 5383 1883 5439 modo

1909 4422 1960 4482 D

1981 3289 2210 3361 quivult
2234 3304 2422 3345 omnes
2464 3290 2712 3345 homines
2739 3289 2760 3321 ”
2791 3288 2969 3344 salvos
2997 3286 3135 3352 ﬁeri,
3166 3295 3216 3341 et
3251 3285 3307 3340 in
3337 3284 3564 3356 agnitio-

1983 3398 2105 3437 nem
2121 3381 2364 3436 veritatis
2381 3382 2586 3436 veuire.
2604 3381 2667 3435 Et
2681 3380 2896 3450 quidem
2915 3393 3086 3450 paene
3108 3391 3300 3434 omnes
3319 3382 3570 3430 auctores

1982 3475 2263 3544 utriusque
2301 3474 2512 3545 linguae
2537 3473 2902 3529 indubitanter
2923 3478 3190 3535 astruunt,
3222 3477 3303 3524 tot
3322 3467 3569 3523 homines

1983 3566 2035 3620 in
2071 3566 2354 3621 caelestem
2383 3566 2657 3622 civitatem
2689 3564 3008 3629 intraturos,
3067 3571 3199 3634 quot
3228 3559 3403 3631 angeli
3432 3558 3569 3630 fugi-

1984 3654 2078 3709 tivi
2101 3656 2168 3711 ab
2197 3671 2258 3710 ea
2297 3656 2499 3727 egressi
2530 3663 2673 3711 sunt.
2706 3654 2773 3709 Et
2792 3654 2837 3710 si
2880 3653 2954 3709 ita
2982 3662 3088 3719 est,
3110 3667 3277 3707 unum
3299 3667 3330 3706 e
3360 3650 3569 3707 duobus

1982 3742 2183 3813 eligere
2219 3758 2494 3815 cogemur,
2537 3753 2631 3799 aut
2669 3744 2948 3814 aequalem
2977 3741 3420 3797 numerositatem
3443 3753 3567 3795 esse

1982 3832 2224 3887 omnium
2279 3832 2559 3890 hominum
2611 3833 2985 3890 numerositati
3035 3832 3301 3888 malorum
3344 3830 3567 3903 angelo-

1982 3937 2127 3987 rum,
2150 3930 2244 3977 aut
2265 3923 2685 3980 numerosiorem
2707 3923 2927 3978 humani
2942 3923 3155 3994 generis
3169 3921 3564 3976 multitudinem

1982 4024 2263 4085 apostatae
2308 4015 2665 4071 multitudinis
2706 4015 3093 4071 numerositate
3122 4054 3137 4079 ,
3186 4026 3250 4067 ac
3311 4026 3410 4081 per
3461 4013 3563 4066 hoc

1982 4121 2090 4161 non
2113 4120 2299 4161 omnes
2325 4105 2674 4160 humanitatis
2695 4105 2985 4176 participes
3004 4104 3071 4158 ad
3090 4102 3412 4175 principium
3435 4116 3564 4156 suae

1984 4195 2308 4252 conditionis
2336 4195 2622 4260 redituros,
2651 4195 2793 4265 quod
2821 4195 3208 4267 praecedentes
3235 4192 3472 4247 rationes
3493 4190 3562 4245 de

1985 4291 2158 4347 salute
2204 4290 2369 4346 totius
2412 4291 2765 4347 humanitatis
2816 4292 2869 4346 in
2918 4289 3136 4346 Christo
3191 4289 3564 4343 incunctanter

1987 4383 2271 4439 rohoratae
2306 4382 2526 4437 omnino
2546 4379 2829 4453 prohibent
2851 4380 3075 4436 assumi.
3121 4379 3188 4433 Et
3215 4377 3467 4447 quoniam
3494 4375 3566 4429 de

1986 4473 2090 4529 hac
2120 4471 2350 4536 ratione,
2404 4471 2508 4526 hoc
2545 4479 2646 4537 est,
2690 4468 3143 4526 restituendorum
3181 4466 3458 4522 hominum
3505 4472 3563 4520 et

1987 4563 2258 4632 lapsorum
2285 4560 2598 4632 angelorum
2642 4560 3063 4631 comparatione,
3112 4565 3423 4613 sanctorum
3457 4553 3561 4608 Pa-

1989 4664 2128 4706 trum
2177 4652 2471 4723 sententias
2513 4650 2853 4707 introducere
2899 4648 3184 4722 prolixum,
3226 4661 3335 4702 uno
3386 4645 3562 4700 sancti

1989 4744 2166 4799 Patris
2213 4742 2499 4813 Augustini
2550 4740 2859 4798 testimonio
2910 4740 3149 4797 contenti
3197 4738 3367 4794 simus
3400 4737 3458 4789 ρο.
3501 4735 3559 4791 lu

1987 4835 2160 4905 primo
2181 4833 2415 4905 capitulo
2435 4833 2673 4889 vicesimi
2703 4831 2923 4890 secundi
2952 4830 3076 4888 libri
3102 4831 3170 4887 de
3188 4818 3420 4886 Civitate
3440 4827 3562 4893 Dei,

1991 4927 2057 4981 de
2092 4934 2286 4980 natura
2336 4925 2661 4981 daemonum
2708 4932 3004 4993 eorumque
3055 4920 3207 4991 lapsu
3253 4920 3574 4991 disputans:

1995 5018 2226 5084 Natura,
2257 5018 2448 5087 inquit,
2482 5034 2614 5087 quae
2638 5010 2914 5086 frueretur
2948 5015 3076 5081 Deo,
3120 5016 3369 5085 Optimam
3396 5026 3451 5065 se
3479 5011 3563 5063 in-

1990 5110 2227 5164 stitutam
2255 5108 2401 5162 docet
2440 5110 2597 5162 etiam
2645 5109 2757 5177 ipso
2801 5107 2948 5172 vitio,
2978 5106 3117 5177 quod
3160 5105 3203 5137 ⁸⁸
3229 5105 3345 5158 ideo
3372 5101 3564 5156 misera

1988 5210 2083 5265 est,
2112 5202 2238 5270 quia
2264 5214 2367 5253 non
2403 5196 2600 5266 fruitur
2636 5197 2765 5263 Deo,
2805 5198 2892 5269 qui
2920 5212 3102 5251 casum
3141 5192 3445 5263 angelorum
3471 5204 3564 5241 oo-

1988 5295 2279 5350 luntarium
2326 5293 2621 5363 justissima
2654 5311 2818 5364 poena
2858 5292 3200 5363 sempiternae
3238 5285 3557 5355 infelicitatis

1990 5385 2288 5449 obstrinxit,
2335 5395 2486 5456 atque
2538 5386 2591 5440 in
2640 5402 2700 5441 eo
2745 5400 2945 5440 summo
2983 5383 3113 5437 bono
3144 5374 3564 5449 permanentibus

1637 5498 1891 5553 VARIAF.
1923 5494 2327 5553 LECTIONES.

384 5609 401 5639 ί
431 5611 470 5662 Α
517 5609 738 5665 duobus.
817 5611 904 5664 Ἀ
933 5628 1087 5682 quae.
1165 5612 1184 5642 ³
1212 5612 1251 5664 Α
1289 5612 1483 5666 Christi
1528 5611 1871 5680 corpulentia.
1949 5610 1970 5642 ‘
2013 5610 2097 5666 (2F
2158 5620 2279 5679 post
2327 5611 2750 5682 resurrectionem
2802 5604 3182 5682 Sualuamih
3213 5595 3415 5675 mque.’
3462 5602 3483 5635 ⁸
3519 5598 3572 5651 in

302 5694 496 5734 manus
527 5693 749 5737 nostras.
825 5691 844 5723 τ
870 5680 958 5738 Sic
985 5680 1068 5739 CF
1087 5699 1101 5749 ;
1132 5682 1175 5737 Α
1202 5699 1472 5753 supernae.
1550 5683 1571 5714 '
1592 5683 1824 5739 homines
1848 5697 1955 5740 Otii.
1989 5684 2052 5737 Λ.

2140 5673 2171 5713 ⁹’
2192 5684 2256 5737 Α.
2287 5680 2523 5739 contenti
2548 5694 2746 5736 sumus.
2825 5677 2866 5710 '°
2890 5673 2980 5733 Sit:
3005 5675 3127 5742 Cl“;
3164 5676 3201 5730 it
3226 5673 3348 5747 quo.
