3952 6162
429 293 566 351 10οἳ

1797 282 2085 344 JOANNIS
2125 284 2322 342 SCOTl

3531 286 3649 346 l008

427 403 628 460 ceteris.
661 410 716 455 ut
747 401 812 456 de
852 418 949 455 sua
1000 402 1111 456 sine
1138 401 1243 470 ﬁne
1262 400 1625 472 permansione
1666 399 1793 457 certi
1821 407 2005 462 essent,
2040 402 2085 459 Α
2114 412 2242 454 vero
2288 399 2525 465 uberior,
2585 398 2891 456 uberiorem
2942 397 3185 468 profecto
3235 396 3433 452 Iaudem
3478 404 3657 472 gratiae

428 504 674 562 tanquam
715 494 885 562 ipsum
925 491 1215 561 praemium
1254 491 1522 548 scientiam
1568 491 1584 521 ¹
1626 491 2008 561 permansionis

427 582 589 645 dedit,
630 583 722 653 qui
761 582 882 652 fecit
913 581 1174 636 hominem
1230 584 1385 636 etiam
1437 584 1607 652 ipsum
1647 592 1842 635 rectum
1891 596 2007 635 cum

426 673 605 728 eodem
632 671 793 726 libero
829 672 1068 738 arbitrio,
1113 682 1375 727 terrenum
1415 673 1625 744 quidem
1668 674 1888 737 animal,
1919 674 2007 728 sed

428 765 572 819 caelo
621 764 858 835 dignum,
898 766 945 818 si
1003 782 1099 818 suo
1162 764 1458 820 cohaereret
1508 766 1749 832 auctori,
1798 766 2009 821 miseria

425 856 685 921 similiter,
715 856 761 909 si
779 873 896 916 eum
938 857 1215 923 desereret,
1246 856 1418 929 qualis
1446 868 1666 911 naturae
1700 858 2009 927 hujusmodi

425 947 754 1013 conveniret;
789 963 941 1019 quem
989 948 1224 1003 videlicet
1273 949 1716 1018 praevaricatione
1744 949 1870 1018 legis
1910 948 2009 1002 Dei

421 1055 515 1106 per
550 1035 645 1091 Dei
670 1037 1013 1094 descrtioucm
1043 1049 1379 1107 peccaturum
1416 1041 1437 1070 ¹
1465 1056 1577 1093 esse
1624 1041 1941 1111 praescierat
1964 1038 2004 1093 ³.

425 1123 537 1181 Nec
563 1127 643 1182 illi
670 1128 863 1182 ademit
889 1128 1042 1185 liberi
1063 1130 1271 1184 arbitrii
1288 1140 1612 1202 potestatem,
1637 1131 1795 1185 simul
1807 1132 2011 1200 praevi-

426 1221 574 1280 d.ns,
611 1221 738 1291 quid
763 1221 882 1275 boni
925 1221 988 1275 de
1025 1222 1163 1275 malo
1188 1220 1302 1293 ejus
1342 1234 1472 1276 esset
1499 1223 1606 1292 ipse
1635 1225 1893 1291 factm-us,
1920 1222 2012 1293 qui

424 1313 488 1366 de
515 1314 725 1366 mortali
739 1313 1004 1383 progenie.
1030 1313 1214 1367 merito
1241 1316 1484 1384 justeque
1508 1314 1780 1379 damnata,
1805 1323 2009 1367 tantum

421 1402 670 1472 populum
693 1404 867 1472 gratia
908 1419 1007 1457 sua
1045 1402 1272 1473 collegit,
1306 1404 1444 1458 unde
1474 1402 1709 1473 suppleat
1736 1413 1782 1456 et
1811 1404 2011 1456 instau-

424 1504 498 1546 ret
518 1503 737 1563 partem,
764 1510 898 1564 quae
938 1494 1086 1563 lapsa
1117 1504 1212 1560 est,
1254 1494 1583 1566 angelorum,
1610 1510 1673 1547 ac
1695 1492 1770 1548 sic
1797 1493 1889 1547 illa
1920 1493 2012 1548 dc-

425 1585 555 1637 lccta
579 1594 626 1639 et
655 1601 881 1656 superna
911 1587 1093 1641 civitas
1134 1603 1350 1641 numero
1377 1587 1568 1640 civium
1606 1602 1709 1640 non
1735 1584 2011 1654 fraudare-

424 1688 537 1744 tur,
561 1679 686 1750 quiu
726 1680 883 1735 etiam
919 1681 1161 1752 fortassis
1187 1692 1234 1736 et
1261 1681 1497 1737 uberiore
1519 1682 1821 1735 laetaretur.
1861 1679 2009 1747 Quae

427 1767 537 1821 sola
586 1769 860 1826 conclusio
900 1772 1228 1831 sanctissimi
1285 1771 1527 1843 magistri
1556 1768 1827 1825 suﬂ'ecerit
1856 1768 2011 1823 nobis

428 1861 495 1918 ad
526 1858 954 1933 intelligendum,
1003 1863 1303 1921 uberiorem
1323 1878 1619 1919 .nmnerum
1668 1861 1887 1917 humani
1920 1875 2011 1931 ge-

428 1952 575 2007 neris
605 1953 657 2007 in
687 1963 931 2008 sanctam
963 1954 1236 2011 civitatem
1262 1955 1545 2009 caelestem
1572 1967 1916 2010 reversurum
1945 1967 2011 2007 eo

429 2057 678 2121 numero,
710 2042 798 2108 qui
827 2058 891 2097 ex
935 2060 995 2098 ea
1035 2044 1216 2114 lapsus
1258 2053 1359 2099 est.
1390 2045 1456 2101 Et
1484 2044 1534 2097 id
1577 2047 1747 2117 ipsum
1777 2045 2013 2102 arbitror

425 2133 591 2189 llavid
621 2135 937 2204 prophetam
987 2136 1185 2191 dixisse
1213 2151 1228 2191 :
1260 2136 1600 2201 Aununtiavi,
1630 2137 1822 2207 inquit,
1854 2149 1900 2190 ct
1931 2134 2008 2190 lo-

424 2235 577 2280 cutus
616 2242 752 2291 sum,
785 2227 1123 2298 multiplicati
1153 2237 1274 2283 sunt
1318 2247 1473 2300 super
1494 2246 1786 2288 numerum.
1825 2230 1898 2284 De
1926 2229 2012 2289 his

424 2315 570 2372 enim
602 2315 752 2379 dixit,
780 2317 870 2386 qui
900 2333 996 2386 per
1024 2317 1350 2373 sacrittcium
1381 2318 1625 2387 corporis
1654 2319 1862 2373 Domini
1887 2335 2014 2390 pur-

426 2407 532 2482 gati
578 2416 632 2461 et
658 2409 917 2478 redempti
955 2418 1100 2473 sunt,
1143 2411 1234 2481 qui
1288 2411 1625 2483 multiplicati
1676 2422 1803 2467 sunt
1848 2410 2013 2485 super

426 2511 710 2574 numerum
754 2498 1078 2569 angelicum.
1128 2514 1226 2569 per
1249 2501 1554 2571 superbiam
1601 2502 1759 2556 unius
1792 2502 2011 2574 refugae

426 2595 493 2649 de
545 2591 888 2648 beatitudinis
942 2593 1110 2665 gloria
1156 2602 1420 2649 ruentem.
1474 2592 1627 2661 Quod
1672 2596 2013 2664 apertissime

424 2699 660 2754 sequens
711 2700 899 2739 versus
953 2684 1232 2740 insinuat:
1294 2684 1647 2754 Sacriﬁcium,
1706 2687 1903 2756 inquit,
1961 2696 2010 2741 et

427 2775 743 2831 oblationem
773 2777 989 2831 noluisti
1005 2795 1025 2842 ;
1048 2793 1235 2846 corpus
1266 2787 1443 2830 autem
1466 2776 1727 2846 perfecisti
1759 2778 1890 2831 mihi
1917 2779 2012 2831 ho-

404 2860 740 2923 locaustum.
769 2869 851 2925 Ac
879 2871 922 2924 si
954 2870 1159 2925 diceret
1185 2883 1202 2925 :
1251 2869 1578 2924 sacrificium
1615 2869 1747 2940 legis
1775 2877 1828 2924 et
1855 2866 2008 2924 obla-

427 2963 625 3017 tionem
650 2979 750 3033 pro
775 2962 1091 3035 purgatione
1115 2970 1170 3015 et
1218 2963 1585 3032 redemptione
1613 2962 1817 3032 peccati
1851 2976 2012 3030 gone.

425 3058 498 3109 τις
549 3052 770 3109 humani
840 3051 972 3109 dare
1038 3053 1280 3117 noluisti,
1335 3067 1533 3122 corpus
1581 3062 1758 3109 autem
1810 3052 2009 3107 Christi

424 3143 693 3216 perfecisti
728 3145 879 3209 mihi,
912 3145 1016 3200 hoc
1061 3153 1165 3209 est,
1211 3160 1309 3213 pro
1357 3160 1441 3199 me
1480 3144 1849 3201 holocaustum
1890 3145 2012 3207 igne
2040 3127 2084 3188 C

422 3237 690 3306 passionis
730 3240 780 3291 in
811 3237 982 3294 altare
1026 3238 1235 3299 erucis;
1273 3253 1339 3292 ac
1376 3252 1472 3308 per
1500 3236 1603 3290 hoc
1652 3251 1749 3307 pro
1788 3244 2012 3306 peccato

426 3341 612 3386 nostro
666 3329 797 3385 nihil
844 3329 990 3385 aliud
1051 3328 1354 3400 postulasti.
1411 3328 1826 3399 Superabundat
1866 3328 2009 3383 enim

424 3424 597 3490 gratia
623 3422 877 3501 delictum
905 3405 928 3487 ;’
953 3422 1455 3493 incomparabiliter
1488 3424 1683 3493 quippe
1715 3423 1831 3488 plus
1855 3422 2013 3478 nobis

425 3514 653 3569 contulit
688 3512 890 3570 Christi
913 3514 1096 3584 passio
1121 3515 1187 3568 ad
1215 3514 1401 3579 vitam,
1440 3529 1603 3580 quam
1634 3514 1802 3567 Adam
1830 3522 2011 3569 trans-

423 3607 631 3676 gressio
659 3607 725 3661 ad
753 3617 1004 3661 mortem.
1039 3605 1165 3661 Sive
1192 3607 1376 3677 itaque
1403 3606 1645 3677 aequalis
1666 3606 1735 3663 sit
1756 3620 2013 3661 numerus

422 3697 915 3765 praevaricantium
958 3698 1241 3753 hominum
1272 3706 1327 3752 et
1368 3697 1705 3769 angelorum,
1739 3699 1854 3754 sive
1884 3699 2009 3753 ube-

420 3790 536 3843 rior
561 3795 616 3842 et
645 3786 1012 3858 multiplicior,
1055 3788 1129 3842 nil
1159 3788 1338 3844 obstat
1370 3790 1616 3855 credere,
1650 3798 1819 3845 totum
1845 3804 2015 3861 genus

421 3881 719 3936 humanum
746 3887 802 3935 et
830 3880 884 3937 in
911 3879 1131 3936 Christo
1164 3881 1528 3952 redemptum,
1564 3880 1694 3935 etin
1726 3880 2015 3936 caelestem

419 3969 720 4032 Jerusalem
782 3987 1149 4029 reversurum.
1195 3970 1253 4029 Si
1299 3975 1445 4031 enim
1497 3972 1739 4044 aequalis
1779 3973 1851 4027 sit
1882 3969 1925 4037 ‘,
1958 3981 2017 4026 ut

422 4062 628 4129 multis,
671 4064 763 4133 qui
789 4063 856 4120 de
897 4065 1093 4120 talibus
1133 4074 1388 4131 tractant,
1420 4066 1654 4131 videtur,
1684 4065 1751 4121 ad
1799 4065 2013 4122 laudem

424 4156 781 4226 redemptoris
831 4157 1001 4211 nostri
1048 4158 1068 4190 ⁸
1111 4157 1416 4223 suffecerit,
1464 4159 1619 4226 cujus
1676 4161 2015 4229 providentia

424 4253 634 4301 tantum
659 4249 930 4304 humanae
955 4251 1361 4306 numerositatis
1383 4251 1808 4321 praeordinavit,
1841 4268 2010 4323 quan-

423 4344 538 4391 tum
570 4346 755 4408 posset
803 4341 986 4396 mundi
1035 4340 1195 4409 hujus
1235 4341 1471 4412 Principi
1525 4343 1809 4410 insultare,
1848 4362 1878 4398 a
1908 4362 2018 4415 quo

2111 490 2281 561 ipsius
2318 489 2575 544 debemus
2603 492 2624 522 ’
2659 490 2888 555 solvere,
2934 492 3027 560 qui
3059 506 3165 545 non
3198 490 3362 544 solum
3392 494 3659 562 possessio-

2109 595 2207 636 nes
2227 582 2433 653 antiqui
2458 583 2627 637 nostri
2662 585 2833 638 hostis
2861 583 3015 637 llOiliS
3039 583 3090 636 in
3120 581 3269 637 caelo
3292 582 3655 645 divisit,veru:n

2109 673 2274 727 etiam
2318 675 2721 730 numerosiores
2768 690 2865 728 nos
2900 676 2966 727 ad
3014 673 3402 729 habitationem
3447 675 3659 732 caelestis

2109 764 2319 834 patriae
2344 767 2686 836 praeparavit
2716 766 2818 831 his,
2843 766 2933 835 qui
2971 782 3034 820 ea
3079 765 3212 835 lapsi
3253 776 3398 819 sunt.
3431 765 3499 820 De
3524 782 3659 837 gene‘

2112 853 2208 906 rali
2259 855 2432 909 reditu
2471 856 2522 909 in
2579 857 2884 926 paradisum
2933 855 3176 927 praefata
3236 854 3657 927 suﬂicitmtpara-

2111 944 2366 1012 digmata,
2402 953 2454 998 ut
2500 947 2710 1016 opinor.
2742 945 2886 1001 Dtsc.
2932 944 3219 1000 Suliiciunt
3271 945 3462 1015 plane;
3508 947 3654 1001 omni:

2110 1036 2254 1091 enim
2276 1035 2458 1090 talium
2480 1036 2742 1108 symbolo,
2766 1052 2904 1108 quae
2930 1037 3158 1107 sparsim
3179 1052 3366 1093 sacrae
3384 1035 3651 1107 Scripturat

2112 1128 2272 1185 insita
2305 1138 2448 1193 Sttltl,
2474 1130 2526 1184 in
2553 1147 2717 1185 unum
2752 1131 3006 1202 colligere
3043 1142 3099 1186 et
3124 1131 3344 1202 longum
3374 1141 3472 1195 est,
3494 1140 3543 1186 et
3567 1130 3660 1187 ior-

2114 1222 2273 1277 tassis
2301 1220 2661 1278 fastidiosum.
2690 1222 2893 1277 Vellem
2925 1233 3101 1278 tamen
3128 1224 3284 1285 scire,
3319 1222 3445 1293 quid
3466 1223 3661 1277 senioris

2114 1313 2208 1366 ﬁlii
2263 1314 2463 1368 invidia
2520 1316 2777 1371 adversus
2828 1314 3311 1369 adniesccntiorem
3374 1315 3440 1369 ad
3484 1323 3662 1383 patrem

2113 1418 2271 1457 suum
2304 1414 2683 1470 revertentem,
2725 1404 3003 1475 vituloqne
3053 1406 3300 1475 saginata
3352 1403 3520 1458 occiso
3550 1419 3662 1472 epu-

2115 1492 2313 1547 lantem
2338 1494 2595 1551 insinuat.
2623 1495 2844 1549 Multum
2879 1495 3144 1564 siquidem
3181 1509 3269 1550 me
3294 1502 3489 1558 movet,
3515 1494 3554 1547 si
3577 1494 3664 1548 duo

2115 1582 2187 1638 illi
2219 1584 2415 1641 fratres
2455 1588 2745 1641 humanam
2775 1587 3183 1658 angelicamque
3221 1596 3466 1641 naturam
3493 1584 3665 1656 signiti~

2115 1686 2263 1743 cant,
2295 1678 2472 1749 qualis
2521 1679 2719 1734 invidia
2752 1680 3017 1734 honorum
3062 1677 3383 1749 angelorum
3423 1676 3484 1731 de
3518 1674 3664 1729 salute

2043 1750 2334 1823 Blmmani
2392 1770 2606 1840 generis
2654 1769 2990 1842 intelligitur,
3031 1767 3216 1839 deque
3267 1767 3389 1837 ejus
3432 1764 3582 1821 reditu
3607 1763 3662 1819 ad

2113 1861 2327 1917 Patrem
2359 1878 2537 1928 suum,
2569 1866 2721 1933 cujus
2750 1863 3128 1924 substantiam,
3181 1861 3286 1916 hoc
3306 1868 3413 1924 est,
3452 1856 3685 1929 imaginis-

2114 1953 2341 2029 gratiam
2392 1954 2446 2007 in
2497 1954 2620 2007 villa
2661 1953 2906 2008 mortalis
2950 1951 3109 2021 hujus
3136 1942 3281 2006 vitae
3311 1949 3547 2006 serviens
3567 1948 3659 2002 dia-

2112 2046 2236 2101 bolo
2262 2046 2540 2115 dissipavit
2564 2058 2611 2100 ι.
2643 2045 2897 2117 Legimus
2927 2045 3093 2108 enim,
3131 2052 3355 2100 sanctos
3393 2040 3586 2113 angelos
3608 2037 3662 2094 de

2114 2137 2335 2194 interitu
2385 2138 2618 2193 hominis
2665 2136 2977 2204 condolcre,
3012 2136 3061 2191 ei
3114 2144 3294 2190 autem
3338 2133 3561 2189 invidere
3587 2145 3662 2185 ne-

2113 2243 2423 2300 quaquam;
2479 2229 2730 2284 concives
2776 2230 2919 2283 enim
2968 2235 3097 2283 sunt
3141 2225 3398 2282 caelestis
3445 2221 3658 2283 civitatis,

2113 2328 2478 2391 paternaeque
2503 2320 2839 2375 substantiae
2867 2328 2920 2374 et
2968 2318 3319 2373 baereditatis
3343 2325 3658 2386 possessores.

2112 2409 2192 2468 De
2267 2424 2480 2484 reperta
2558 2414 2756 2487 quippe
2817 2426 2937 2477 ove,
3015 2410 3176 2482 inque
3231 2409 3470 2464 humeris
3514 2412 3660 2476 pasto

2113 2506 2190 2563 ris
2258 2505 2342 2559 sui
2414 2506 2635 2563 reducta
2670 2546 2684 2570 ,
2761 2504 3035 2575 angelicas
3075 2501 3302 2555 virtutes
3362 2494 3663 2568 congratulr

2114 2600 2159 2655 ri
2219 2599 2476 2655 Dominus
2520 2600 2634 2669 ipse
2689 2607 2954 2663 testatur,
3005 2609 3104 2669 per
3145 2609 3314 2648 unum
3367 2598 3663 2662 peccatorem

2114 2691 2406 2745 lmmanum
2467 2707 2638 2761 genus
2684 2689 2706 2721 ³
2769 2690 3070 2746 insinuans.
3129 2687 3199 2742 Et
3242 2686 3289 2741 si
3334 2683 3510 2740 senior
3550 2678 3666 2734 ﬁlius

2112 2782 2517 2839 universitatem
2598 2781 2859 2837 bonorum
2945 2778 3259 2851 angelorum
3336 2771 3667 2846 symbolizat,

2113 2871 2385 2942 quomodo
2433 2869 2504 2925 de
2540 2885 2671 2945 agro
2717 2869 2915 2943 legitur
2949 2868 3183 2929 venisse,
3227 2865 3556 2932 haedumque
3588 2869 3668 2928 po-

2113 2965 2321 3019 stulans
2346 2964 2486 3033 patri
2517 2964 2928 3025 succensuisse,
2975 2969 3265 3028 ceteraque
3305 2953 3565 3025 angelicae
3588 2962 3666 3004 ca-

2116 3055 2264 3111 ritati
2298 3053 2696 3125 repugnantia?
2724 3052 2864 3109 Man.
2916 3050 3123 3107 Nodum
3170 3047 3330 3118 hujus
3371 3038 3667 3115 quaestionis

2117 3150 2182 3205 ad
2215 3149 2530 3204 solvendum
2561 3146 2828 3204 diﬂicilem
2876 3162 2984 3201 uno
3031 3144 3191 3198 modo
3221 3141 3456 3195 arbitror
3479 3129 3666 3191 enodari

2114 3254 2300 3312 posse;
2330 3239 2418 3308 qui
2451 3232 2831 3309 parabolarum
2864 3236 3123 3293 transitus
3160 3231 3347 3290 vocari
3375 3236 3556 3302 potest.
3583 3222 3668 3278 Pa-

2116 3332 2425 3388 rabolarutn
2454 3332 2718 3401 siquidem
2751 3331 2889 3385 duae
2916 3328 3126 3398 species
3147 3333 3296 3380 sunt.
3328 3323 3555 3393 Quarum
3579 3326 3666 3370 una

2115 3434 2230 3490 est,
2259 3440 2398 3494 quac
2425 3424 2743 3478 continuum
2772 3422 3014 3493 vigorem
3047 3416 3481 3484 unil‘ormemque
3504 3410 3563 3465 de
3581 3416 3666 3461 una

2116 3515 2413 3585 eademque
2443 3530 2500 3569 re
2528 3514 2733 3584 absque
2778 3511 2883 3566 ullo
2927 3509 3154 3565 transitu
3184 3508 3241 3561 in
3285 3505 3445 3559 aliam
3475 3501 3667 3571 ﬁguram

2116 3611 2363 3677 obtinet,
2394 3610 2596 3675 altera,
2625 3624 2764 3679 quae
2796 3607 3080 3662 transitum
3116 3605 3168 3657 in
3208 3601 3453 3656 diversas
3482 3591 3666 3651 contor-

2116 3711 2229 3757 mat
2257 3700 2493 3771 tlguras,
2523 3715 2627 3769 qua
2660 3698 2841 3769 specie
2870 3696 3067 3752 multos
3093 3701 3406 3749 sanctorum
3447 3687 3668 3745 Patrum,

2115 3798 2464 3867 maximeque
2517 3796 2735 3851 beatum
2786 3794 3131 3850 Ambrosium
3188 3792 3334 3846 hanc
3389 3782 3672 3860 parabolam

2116 3890 2440 3959 exposuisse
2490 3889 2874 3959 comperimus.
2941 3885 3123 3942 Prima
3178 3884 3364 3952 itaque
3413 3873 3673 3951 parabolae

2116 3998 2280 4054 pars,
2330 3998 2471 4053 quae
2524 3983 2575 4036 in
2622 3982 2889 4037 divisione
2934 3989 3195 4052 paternae
3237 3971 3592 4032 substantiae,
3628 3971 3676 4019 et

2118 4077 2352 4133 senioris
2392 4076 2486 4130 lilii
2519 4092 2639 4131 cum
2670 4085 2823 4144 patre
2850 4070 3281 4145 perseverantia,
3317 4058 3675 4122 adolescentio-

2119 4168 2304 4239 risque
2351 4167 2788 4237 peregrinatione
2817 4206 2833 4228 ,
2886 4165 3055 4235 partis
3104 4174 3321 4231 quoque
3368 4149 3675 4212 substantiae

2118 4275 2281 4324 suae,
2313 4274 2476 4328 quam
2510 4274 2537 4310 a
2569 4266 2722 4327 patre
2767 4262 3080 4326 susceperat
3100 4250 3519 4334 ,odissipatione,
3550 4246 3677 4297 cete—

2122 4352 2304 4423 risque
2332 4349 2689 4404 incommodis
2707 4387 2725 4412 ,
2751 4362 2889 4415 quae
2916 4361 3101 4400 casum
3130 4338 3487 4399 humanitatis
3511 4336 3675 4387 secuta

428 4445 535 4484 non
563 4432 734 4486 solum
781 4441 949 4487 totum
997 4449 1218 4502 regnum
1263 4444 1482 4490 nostrae
1519 4446 1747 4492 naturae
1772 4437 2018 4509 abstulit,
2050 4476 2101 4537 Β
2127 4455 2285 4511 sunt,
2328 4443 2715 4512 complasmata
2757 4449 2876 4504 est,
2902 4436 3168 4507 duplicem
3211 4434 3679 4537 incunctanter‘ua.

435 4539 620 4577 verum
647 4524 809 4582 etiam
843 4524 960 4593 ejus
992 4525 1401 4591 haereditatem,
1432 4541 1501 4581 ex
1528 4542 1633 4596 qua
1680 4527 1893 4583 intlalus
1918 4544 2007 4584 su-

432 4613 616 4677 perbia
645 4615 884 4685 dejectus
926 4614 947 4646 ⁵
975 4628 1080 4676 est,
1113 4615 1267 4670 nobis
1310 4616 1362 4696 iu
1417 4627 1688 4673 aeternam
1719 4620 2015 4688 posscssio-

427 4720 551 4761 nem
577 4705 872 4785 distribuit,
910 4707 1225 4776 ut'duplieis
1271 4709 1524 4764 tristitiae
1576 4723 1747 4777 poena
1796 4717 2015 4778 torque-

427 4806 597 4862 retur,
647 4814 749 4852 una
797 4799 1037 4868 quidem,
1086 4816 1191 4870 qua
1243 4802 1390 4872 regni
1447 4802 1550 4864 sui,
1599 4801 1741 4870 quod
1777 4801 2011 4870 primum

427 4889 704 4944 hominem
749 4891 1058 4944 seducendo
1102 4892 1326 4959 adeptus
1371 4898 1476 4955 est,
1514 4889 1661 4957 justo
1721 4892 2014 4948 amissione

426 4979 724 5033 secundum
769 4980 1040 5035 hominem
1076 4980 1374 5037 occidendo
1415 4980 1641 5049 injuste;
1675 4981 1868 5047 altera,
1905 4998 2010 5052 qua

428 5072 663 5128 inimicis
699 5074 812 5128 suis
855 5073 1142 5129 caelestem
1184 5090 1336 5129 suam
1390 5075 1801 5139 haereditatem,
1849 5089 2013 5144 quam

428 5166 762 5230 (inseruerat,
815 5166 1208 5236 possidentibus
1256 5167 1540 5224 invidendo
1578 5166 1869 5223 cruciatur.
1917 5164 2011 5221 Sin

2128 4548 2301 4592 turam
2321 4575 2335 4596 ,
2368 4532 2790 4589 intellectualem
2814 4530 2934 4585 dico
2961 4528 3016 4583 in
3042 4524 3249 4595 angelis
3293 4533 3349 4578 et
3391 4512 3676 4576 rationalem

2122 4629 2174 4683 in
2206 4625 2553 4688 hominibus,
2585 4622 2860 4692 speeilicat
2885 4638 2903 4687 ;
2932 4622 2985 4675 in
3016 4619 3330 4675 reversione
3357 4624 3530 4683 autem
3566 4621 3676 4679 pm-

2120 4716 2229 4786 digi
2257 4714 2351 4771 lilii
2380 4713 2635 4784 parabola
2670 4714 2893 4768 inchoat
2923 4709 3208 4766 transitum
3238 4706 3435 4762 facere.
3467 4702 3577 4771 Ipsa
3612 4694 3679 4750 si—

2120 4807 2338 4876 quidem
2368 4806 2607 4860 reversio
2633 4803 2918 4860 biformem
2947 4799 3344 4871 interpretandi
3377 4793 3557 4863 recipit
3580 4800 3679 4844 mo-

2118 4898 2247 4952 dum
2277 4912 2294 4950 :
2343 4896 2662 4965 intelligitur
2705 4896 2850 4950 enim
2879 4890 3205 4963 generaliter
3237 4890 3304 4944 de
3336 4887 3499 4943 reditu
3531 4879 3681 4936 totius

2119 4988 2343 5043 humani
2373 4988 2590 5058 generis
2623 4994 2847 5057 propter
2883 4982 3034 5038 vituli
3070 4981 3303 5051 saginati
3343 4975 3679 5033 occisionem.

2120 5080 2323 5136 Christi
2354 5080 2601 5135 videlicet
2627 5096 2725 5150 pro
2753 5078 2927 5132 salute
2951 5075 3119 5131 totius
3147 5075 3333 5128 mundi
3361 5069 3676 5142 passionem:

2121 5181 2177 5227 ct
2206 5171 2535 5241 specialiter,
2566 5170 2656 5226 ubi
2699 5169 2959 5224 transitus
2994 5165 3340 5235 parabolieae
3384 5161 3575 5232 ﬁgurae
3612 5151 3684 5205 in-

1718 5302 1973 5357 V'ARIAE
2013 5303 2415 5360 LECTIONES.

503 5416 522 5447 ³
559 5417 833 5469 scientiam
881 5431 989 5469 om.
1043 5417 1105 5469 A.

432 5484 481 5545 Α
518 5487 619 5538 sui.

698 5486 720 5518 ⁸
750 5486 842 5541 διο
866 5488 907 5540 Α
931 5503 945 5540 :
973 5486 1014 5541 C
1038 5486 1273 5555 adjectus
1296 5493 1417 5552 est;
1456 5484 1495 5538 ιε
1529 5486 1760 5554 objecta:
1809 5496 1914 5541 est.

1184 5420 1204 5448 ²
1258 5414 1342 5469 CF
1398 5424 1718 5483 precatorem
1762 5430 1899 5470 esse.
1977 5414 1997 5446 ³
2040 5414 2130 5471 Sic
2184 5415 2309 5476 CF;
2361 5415 2403 5468 Α
2451 5415 2752 5482 praesciret.
2829 5411 2944 5466 ‘sit
3002 5415 3111 5465 om'.
3183 5411 3291 5466 CF.
3367 5410 3386 5441 '
3425 5406 3508 5461 Sic
3569 5397 3684 5476 CF;

1989 5484 2013 5519 τ
2041 5487 2132 5541 Sic
2183 5486 2308 5551 CF;
2352 5486 2391 5539 Δ
2422 5486 2743 5538 deberemus.

2819 5484 2843 5518 ³
2873 5484 2919 5537 A
2942 5499 3105 5553 genus
3137 5485 3442 5537 humanum.

1948 5595 2198 5653 NOTAE.

504 5700 534 5739 ί
561 5690 795 5752 Verbis:
842 5695 894 5750 in
954 5697 1076 5752 villa
1124 5695 1358 5752 mortalis
1404 5696 1564 5767 hujus
1611 5693 1745 5750 rita:
1792 5666 2015 5749 ceruicula
2052 5691 2260 5748 diabolo
2298 5684 2916 5766 diuipauitlinitut’cod.
2945 5684 3012 5743 C.
