3936 6160
303 283 443 340 rosa
1125 284 1214 339 ne
1252 285 1589 344 DIVISIONB
1629 285 1982 344 NATL‘RAE.
2023 319 2091 330 —
2127 289 2325 345 LIBER
2369 292 2688 359 QUINTUS.
3438 286 3571 358 lOttt

297 404 460 474 eripit,
501 402 569 457 de
613 401 788 457 reditu
815 401 1033 472 gentilis
1073 403 1286 473 populi,
1320 405 1729 474 quasijunioris
1771 405 1888 470 filii,
1918 409 1966 468 Α
1995 407 2441 477 philosophorum
2493 411 2714 466 semitas
2763 413 3039 480 carpentis
3093 411 3160 478 ιο,
3191 415 3458 484 exposita,
3509 419 3570 471 de

300 510 398 565 per
427 495 591 548 fidem
623 492 826 548 Christi
857 494 923 548 ad
953 493 1168 550 Patrem
1210 496 1528 560 caelestem,
1557 496 1709 564 cujus
1755 499 1887 551 ima-

297 586 476 656 ginem
505 583 847 638 idololatriae
885 585 1138 640 sordibus
1181 587 1650 656 monstruosisque
1694 588 1886 658 imagi-

297 679 606 734 nationibus
632 679 1043 743 contaminavit,
1097 688 1322 750 propter
1368 681 1624 758 invidiam
1677 681 1887 738 Iudaici

296 769 514 842 populi,
545 769 707 824 veluti
739 769 972 824 senioris
1003 769 1094 823 filii
1119 810 1132 833 ,
1162 770 1229 824 de
1259 771 1617 826 conversione
1645 758 1885 842 gentium

294 863 363 916 ad
387 861 546 915 fidem
573 875 670 930 per
691 861 1040 930 apostolicam
1062 863 1544 930 praedicationem.
1571 864 1672 930 Qui
1699 863 1891 918 videli-

292 961 379 1007 cet
423 951 677 1022 populus,
704 951 955 1021 quamvis
1000 953 1316 1022 saepissime
1363 953 1508 1008 cultu
1561 953 1883 1008 daemonum

295 1040 465 1096 fuerit
489 1051 780 1111 corruptus
806 1049 860 1096 et
884 1042 1297 1112 praevaricatus
1316 1084 1331 1108 ,
1377 1059 1655 1113 nunquam
1701 1053 1882 1099 tamen

289 1133 516 1189 omnino
543 1133 716 1187 Deum
747 1133 971 1188 Patrum
1002 1149 1225 1188 suorum
1245 1175 1261 1200 ,
1291 1135 1427 1190 ut'ei
1455 1136 1688 1200 videtur,
1723 1135 1884 1190 abne-

287 1229 441 1296 gavit
465 1244 479 1293 ;
508 1227 793 1298 abnegavit
834 1235 1014 1281 autem
1044 1235 1096 1282 et
1125 1228 1300 1283 adhuc
1326 1230 1560 1298 abnegat
1605 1229 1880 1286 Christum

287 1316 492 1372 Filium
521 1317 615 1373 Dei
643 1332 796 1382 esse,
843 1333 904 1372 ac
943 1334 1039 1388 per
1087 1319 1190 1374 hoc
1236 1328 1292 1374 et
1339 1319 1555 1376 Patrem
1597 1320 1733 1389 ejus.
1779 1321 1882 1388 Qui

287 1409 439 1465 enim
485 1408 684 1464 Filium
726 1418 918 1480 negat,
965 1418 1127 1480 negat
1168 1417 1223 1466 et
1265 1410 1514 1474 Patrem,
1560 1412 1650 1480 qui
1686 1413 1702 1442 ί
1745 1412 1884 1467 Filio
1923 1399 1928 1404 ’

287 1507 489 1570 negato
537 1497 699 1553 Pater
753 1514 858 1552 non
913 1508 1016 1553 est.
1071 1497 1312 1554 Haedum
1357 1515 1386 1554 a
1435 1500 1596 1556 Patre
1643 1501 1879 1567 Christi,

285 1605 451 1658 quem
495 1597 690 1659 negat,
736 1589 976 1659 perfidus
1013 1588 1216 1659 flagitat
1244 1591 1370 1646 :sed
1414 1607 1445 1644 a
1483 1591 1641 1647 Patre
1680 1591 1879 1647 Christi

285 1681 518 1734 haedum
550 1695 657 1736 non
687 1681 916 1750 accipiet
942 1681 992 1747 ';
1049 1683 1280 1753 accipiet
1309 1693 1490 1738 autem
1518 1700 1548 1738 a
1576 1686 1734 1739 Patre
1759 1701 1879 1751 suo,

1989 499 2250 566 symbolis
2279 500 2526 568 specialis
2558 501 2827 555 humanae
2857 510 3081 557 naturae
3111 503 3313 558 reditus
3338 503 3575 560 breviter

1991 592 2353 647 tractandum.
2391 593 2532 648 DISC.
2568 593 2800 663 Tempus
2830 595 2995 664 exigit
3037 595 3106 649 ita
3142 595 3290 660 ﬁeri,
3322 606 3570 653 nostrae-

1989 696 2093 752 que
2123 683 2506 754 disputationis
2531 702 2727 741 cursus
2751 687 3067 755 jamdudum
3103 688 3260 743 finem
3299 700 3570 759 expectat.

1987 773 2056 828 Et
2075 775 2205 829 mihi
2227 775 2378 828 valde
2401 777 2599 831 arridet
2628 777 2821 846 duplex
2841 779 2940 832 ista
2961 779 3572 849 Evangelicarumpara-

1985 867 2229 922 bolarum
2257 869 2486 938 species.
2519 867 2634 924 Non
2657 871 2800 924 enim
2833 871 3169 926 solummodo
3192 871 3244 925 in
3277 872 3571 942 parabolis,

1986 971 2174 1011 verum
2200 959 2363 1012 etiam
2394 960 2446 1012 in
2477 959 2662 1016 multis
2686 961 2898 1016 divinae
2925 960 3238 1032 Scripturae
3265 961 3400 1018 locis
3448 963 3572 1018 talis

1985 1047 2191 1104 formae
2215 1049 2503 1105 locutionis
2526 1051 2762 1106 divinum
2793 1061 2982 1106 nectar
3001 1063 3232 1117 eructat,
3252 1052 3572 1125 facilemque

1987 1139 2453 1210 interpretationis
2484 1142 2622 1195 viam
2667 1144 2926 1199 studiosis
2969 1145 3321 1214 mysticorum
3365 1161 3569 1200 sermo-

1985 1246 2114 1284 num
2141 1231 2385 1286 theoriae
2410 1239 2710 1300 praestant.
2738 1233 2850 1286 Non
2874 1233 3015 1288 enim
3044 1233 3149 1287 alio
3171 1235 3330 1290 modo
3354 1245 3569 1291 sancto-

1985 1336 2104 1374 rum
2135 1321 2518 1391 prophetarum
2547 1322 2824 1393 multiplex
2858 1324 2910 1377 in
2957 1324 3154 1380 divinis
3201 1326 3564 1383 intellectibus

1985 1419 2270 1465 contextus
2301 1419 2479 1480 potest
2525 1411 2794 1476 discerni,
2828 1411 2929 1466 nisi
2963 1427 3060 1482 per
3090 1411 3560 1481 frequentissimos

1985 1516 2092 1555 non
2143 1501 2314 1555 solum
2355 1516 2454 1572 per
2491 1503 2776 1571 periodos,
2804 1517 2993 1556 verum
3047 1503 3209 1557 etiam
3243 1517 3341 1572 per
3368 1503 3482 1557 cola
3513 1513 3566 1558 et

1939 1661 1947 1672 _
1985 1603 2253 1649 commata
2295 1595 2556 1649 transitus
2581 1609 2647 1648 ex
2679 1593 2906 1648 diversis
2935 1593 3180 1648 sensibus
3210 1593 3261 1647 in
3292 1593 3564 1656 diversos.

1986 1684 2122 1739 etab
2135 1685 2336 1739 eisdem
2355 1685 2548 1739 iterum
2569 1685 2619 1738 in
2635 1686 2849 1739 eosdem
2870 1699 2966 1754 per
2980 1685 3022 1716 ¹¹
3041 1684 3436 1739 occultissimas
3452 1699 3568 1739 creo

283 1773 354 1824 de
383 1786 490 1842 quo
520 1769 676 1826 Iesus
703 1771 984 1838 Christus,
1018 1789 1176 1843 quem
1204 1773 1399 1828 Filium
1429 1774 1607 1831 Patris
1633 1791 1756 1831 esse
1786 1791 1879 1830 ne-
1910 1763 1955 1822 Β
1985 1776 2374 1846 brissimasque
2399 1777 2464 1808 η’
2489 1777 2849 1831 reversiones.
2879 1775 3210 1845 Saepissime
3235 1777 3380 1830 enim
3401 1791 3567 1829 unam

284 1873 380 1930 gat
399 1903 414 1927 ,
443 1863 519 1916 ait
547 1881 560 1916 :
599 1861 702 1916 Vos
729 1879 793 1916 ex
821 1873 968 1933 patre
994 1865 1204 1918 diabolo
1231 1866 1356 1919 estis
1375 1907 1388 1930 ,
1417 1867 1590 1936 deque
1622 1868 1722 1922 fide
1759 1883 1887 1939 gen-

289 1954 406 2010 tilis
447 1953 629 2024 populi
680 1955 732 2008 in
773 1971 897 2009 eum
933 1965 1232 2026 torquetur.
1267 1958 1495 2028 Ideoque
1521 1975 1626 2014 non
1659 1961 1883 2015 vitulum

285 2046 644 2116 saginatum,
676 2046 728 2100 id
754 2054 869 2112 est,
913 2046 1186 2102 Christum
1225 2047 1436 2103 Domini
1476 2051 1610 2120 petit
1649 2065 1679 2104 a
1723 2051 1884 2106 Patre

283 2135 356 2192 ad
383 2135 708 2207 epulandum
730 2177 744 2204 ,
773 2137 866 2192 sed
895 2137 1125 2191 haedum
1167 2137 1426 2193 foetidum
1466 2139 1880 2212 petulcumque,

283 2226 342 2280 in
371 2241 694 2295 omnemque
721 2225 997 2281 libidinem
1022 2243 1250 2298 pronum
1273 2269 1287 2294 ,
1317 2230 1712 2286 Antichristum
1739 2232 1880 2298 dico,

283 2318 342 2370 in
395 2331 505 2384 quo
550 2331 608 2371 se
650 2316 671 2348 ⁸
707 2316 1048 2386 epulaturum
1096 2325 1152 2372 et
1192 2330 1541 2389 regnaturum
1589 2321 1883 2378 vanissime

281 2393 563 2474 somniat,
592 2409 829 2481 postulat
854 2419 910 2466 et
935 2418 1186 2480 expectat
1213 2429 1226 2464 :
1259 2427 1323 2466 ac
1349 2413 1418 2467 de
1459 2428 1591 2482 agro
1627 2415 1882 2482 veniens,

285 2501 396 2554 hoc
421 2509 504 2554 est
530 2499 596 2554 de
621 2501 852 2555 terrenis
873 2500 1147 2570 operibus,
1176 2499 1552 2573 laboriosoque
1578 2503 1601 2533 ⁸
1627 2503 1882 2559 colendae

283 2591 424 2660 legis
447 2591 748 2645 secundum
781 2591 995 2646 literam
1051 2592 1276 2646 servitio
1303 2592 1345 2659 ⁸,
1375 2595 1552 2648 audivi
1583 2594 1606 2626 ⁸
1633 2597 1884 2667 sympho-

280 2683 432 2738 niam
457 2691 512 2738 et
531 2683 777 2746 chorum,
800 2684 903 2739 hoc
915 2692 1018 2748 est,
1035 2699 1329 2740 consonam
1351 2687 1696 2756 undiqueque
1709 2687 1732 2720 ⁷
1747 2702 1881 2743 cou-

283 2775 598 2830 venientem
631 2775 850 2846 gentilis
878 2774 1061 2845 populi
1093 2775 1144 2829 in
1173 2773 1392 2831 Christo
1423 2777 1691 2846 epulantis
1716 2789 1771 2834 et
1813 2781 1880 2834 ad

281 2864 506 2920 Patrem
535 2880 690 2921 suum
719 2865 1000 2920 redeuntis
1029 2866 1347 2921 catholicam
1380 2868 1432 2922 in
1465 2868 1568 2923 fide
1601 2868 1840 2938 perfecta
1860 2911 1876 2936 ,

281 2955 455 3027 inque
477 2953 501 2986 ⁸
525 2954 791 3026 spirituali
819 2955 1126 3026 cognitione
1149 2955 1392 3012 veritatis
1415 2958 1754 3013 harmoniam
1774 3000 1788 3024 ,
1816 2971 1881 3013 ac

281 3046 356 3102 de
386 3061 517 3101 suae
546 3043 813 3101 libertatis
838 3053 894 3100 et
925 3047 1314 3116 redemptionis
1337 3062 1560 3103 munere
1588 3046 1872 3102 laetitiam.

1985 1871 2322 1940 eandemque
2343 1871 2699 1940 expositionis
2723 1869 2957 1938 speciem
2979 1868 3184 1938 absque
3202 1868 3311 1922 ullo
3335 1867 3565 1923 transitu

1988 1960 2039 2014 in
2083 1961 2325 2015 diversas
2366 1959 2715 2030 figurationes
2755 1958 3110 2028 sequentibus
3150 1967 3240 2012 aut
3285 1971 3438 2012 error
3475 1965 3568 2011 aut

1986 2053 2224 2105 maxima
2273 2050 2560 2105 diliicultas
2612 2050 2916 2104 innascitur
2963 2047 3396 2118 interpretandi;
3443 2061 3568 2102 cono

1984 2150 2270 2196 catenatus
2301 2141 2499 2211 quippe
2525 2147 2608 2195 est
2644 2140 2860 2194 divinae
2891 2137 3210 2208 Scripturae
3241 2146 3530 2192 contextus
3552 2177 3567 2200 ,

1985 2231 2392 2302 Dacdalicisque
2441 2231 2779 2287 diverticulis
2815 2238 2871 2285 et
2904 2230 3316 2300 obliquitatibus
3359 2229 3570 2298 perplea

1983 2337 2105 2378 xus.
2138 2322 2325 2391 Neque
2356 2323 2460 2375 hoc
2487 2319 2725 2392 Spiritus
2753 2327 2976 2374 sanctus
3003 2319 3204 2373 invidia
3235 2317 3405 2372 voluit
3425 2317 3567 2371 "in-

1983 2411 2296 2482 telligendi,
2325 2411 2468 2479 quod
2523 2410 2668 2464 absit
2715 2407 3060 2475 existimari,
3109 2408 3202 2464 sed
3245 2408 3426 2462 studio
3469 2423 3566 2463 no-

1983 2511 2150 2560 stram
2199 2502 2619 2573 intelligentiam
2667 2501 2976 2566 exercendi,
3017 2500 3336 2568 sudorisque
3384 2508 3438 2555 et
3482 2501 3565 2556 in-

1981 2591 2252 2647 ventionis
2273 2589 2501 2660 praemii
2531 2589 2824 2655 reddendi;
2858 2589 3158 2659 praemium
3186 2591 3382 2662 quippe
3403 2598 3486 2645 est
3511 2589 3565 2644 in

1982 2698 2136 2738 sacra
2169 2680 2452 2752 Scriptura
2483 2679 2842 2735 laborantium
2871 2696 3007 2752 pura
3036 2682 3384 2752 perfectaque
3411 2681 3568 2736 intel-

1980 2772 2226 2846 ligentia.
2256 2773 2301 2828 0
2330 2771 2553 2827 Domine
2595 2770 2757 2840 Iesu,
2803 2772 3006 2827 nullum
3053 2772 3195 2826 aliud
3239 2771 3564 2844 praemium,

1983 2863 2183 2918 nullam
2213 2862 2375 2918 aliam
2421 2862 2811 2917 beatitudinem
2837 2902 2851 2926 ,
2891 2862 3094 2917 nullum
3128 2862 3273 2917 aliud
3312 2862 3564 2933 gaudium

1980 2969 2012 3009 a
2041 2963 2092 3010 te
2126 2953 2355 3024 postulo,
2389 2952 2496 3006 nisi
2527 2961 2587 3006 ut
2631 2953 2699 3008 ad
2745 2967 2941 3022 purum
2995 2953 3197 3023 absque
3240 2951 3347 3006 ullo
3375 2965 3566 3006 errore

1983 3045 2190 3100 fallacis
2219 3044 2461 3099 theoriae
2495 3044 2660 3098 verba
2701 3052 2813 3109 tua,
2840 3059 2980 3114 quae
3007 3057 3104 3112 per
3134 3053 3284 3096 tuum
3315 3049 3561 3097 sanctum

280 3137 359 3192 Et
385 3137 457 3192 ob
481 3137 584 3192 hoc
613 3135 812 3190 invidia
833 3111 1147 3192 commotus
1186 3136 1341 3191 fratri
1381 3151 1481 3192 suo
1525 3137 1875 3194 similitudine
1903 3111 1947 3173 Ο
1980 3136 2239 3206 Spiritum
2273 3134 2533 3203 inspirata
2565 3142 2720 3200 sunt,
2763 3111 3076 3204 intelligam.
3124 3131 3270 3188 Haec
3298 3141 3382 3188 est
3417 3132 3562 3187 enim

286 3237 560 3293 naturae,
595 3226 816 3283 inimico
845 3243 978 3282 vero
1006 3228 1441 3285 dissimilitudine
1468 3228 1725 3286 Iudaicae
1754 3247 1865 3302 per-

282 3319 452 3374 fidiae
499 3327 552 3374 et
582 3318 926 3375 Christianae
953 3319 1230 3390 religionis
1259 3321 1531 3388 irascitur,
1560 3333 1878 3394 patremque

280 3409 447 3464 suum
476 3409 542 3462 de
571 3408 884 3478 receptione
906 3408 1034 3475 ﬁlii,
1063 3411 1154 3480 qui
1181 3411 1322 3466 bona
1349 3421 1577 3468 naturae
1607 3427 1737 3469 suae
1761 3431 1878 3485 per-

279 3499 454 3563 didit,
483 3499 760 3570 increpat,
794 3501 919 3555 dum
949 3499 1070 3570 plus
1099 3500 1216 3570 ipse
1244 3509 1472 3558 naturae
1501 3519 1632 3560 suae
1658 3505 1877 3562 divitias

279 3588 548 3658 dissipat,
577 3589 668 3659 qui
698 3589 914 3644 unicum
945 3588 1039 3655 Dei
1069 3588 1266 3644 Filium
1301 3590 1616 3647 Creatorem
1658 3602 1713 3648 et
1751 3592 1874 3648 Sal-

277 3688 530 3734 vatorem
557 3679 800 3734 omnium
828 3689 1008 3752 negat.
1041 3680 1240 3736 Perfidi
1273 3681 1540 3752 siquidem
1567 3682 1754 3739 Judaei
1780 3701 1878 3755 per

278 3770 568 3834 invidiam,
588 3770 836 3825 nationes
859 3779 1039 3825 autem
1065 3771 1374 3828 incredulae
1393 3787 1491 3842 per
1513 3774 1879 3843 ignorantiam

275 3859 526 3916 Verbum
573 3859 666 3916 Dei
698 3861 963 3918 abnuunt.
995 3861 1062 3916 Et
1087 3862 1341 3932 quoniam
1380 3863 1712 3920 tolerabilius
1749 3881 1876 3936 pec-

277 3963 466 4008 catum
498 3962 584 4010 est
613 3954 952 4026 ignorantiae
978 3970 1141 4024 quam
1174 3956 1410 4012 invidiae
1430 3997 1444 4021 ,
1490 3959 1669 4013 minus
1700 3960 1873 4031 genti-

278 4044 414 4098 lium
460 4060 622 4114 quam
663 4041 989 4101 Iudaeorum
1041 4047 1270 4118 populus
1315 4049 1590 4105 naturales
1636 4051 1874 4120 perdidit

279 4137 592 4192 thesauros.
648 4136 884 4208 Ideoque
934 4147 1183 4208 receptae
1232 4147 1357 4195 sunt
1401 4151 1605 4210 gentes,
1637 4144 1874 4200 tenebris

277 4228 624 4298 ignorantiae
669 4229 984 4294 absolutae,
1029 4239 1084 4285 et
1125 4231 1176 4285 in
1222 4230 1396 4287 lucem
1435 4235 1679 4289 veritatis
1719 4250 1875 4290 revo-

276 4332 475 4378 catae:
506 4321 694 4379 Iudaei
729 4339 858 4378 vero
885 4323 1103 4394 perfidi,
1135 4324 1330 4379 Filium
1362 4337 1636 4397 negantes,
1671 4328 1723 4381 in
1749 4344 1874 4398 pas-

278 4420 525 4476 sionibns
551 4419 880 4491 ignominiae
920 4419 1259 4489 invidiaeque
1297 4420 1634 4489 gravissimis
1668 4421 1870 4476 dolori-

276 4512 382 4566 bus
413 4511 586 4566 relicti
619 4520 744 4565 sunt
767 4552 780 4575 ,
811 4511 983 4565 donec
1032 4511 1084 4565 in
1129 4510 1233 4566 fine
1277 4511 1460 4565 mundi
1505 4512 1761 4568 ineﬁ‘abili
1791 4513 1864 4567 di-

281 4601 438 4654 vinae
467 4600 728 4654 bonitatis
774 4600 1217 4671 magnanimitate
1259 4602 1613 4670 recipiantur,
1654 4604 1869 4673 quando

283 4702 648 4746 convertentur
672 4693 741 4746 ad
769 4709 1030 4762 vesperam
1050 4733 1064 4756 ,
1098 4703 1144 4747 et
1173 4693 1362 4761 fantem
1387 4696 1670 4763 patientur,
1699 4706 1754 4749 ut
1782 4715 1866 4751 ra-

274 4799 403 4848 nes,
447 4792 494 4838 et
532 4783 876 4838 circumibunt
922 4785 1213 4848 civitatem,
1263 4787 1578 4852 societatem
1621 4787 1869 4844 videlicet

279 4874 582 4930 catholicae
625 4876 789 4939 fidei,
833 4875 1076 4930 volentes
1121 4877 1172 4929 in
1214 4892 1332 4930 eam
1379 4877 1577 4947 recipi,
1609 4886 1696 4942 et,
1725 4881 1866 4949 quod

278 4965 406 5019 alibi
435 4967 574 5020 idem
606 4966 679 5018 ait
700 4968 960 5037 propheta
985 5008 998 5030 ,
1025 4966 1365 5036 itnpleinitur:
1392 4965 1799 5036 Confundanmr
1819 4981 1866 5024 et

279 5068 612 5108 revereantur
638 5057 662 5088 '
687 5072 864 5110 omnes
892 5055 1092 5109 inimici
1117 5057 1216 5109 mei
1236 5097 1250 5119 ,
1284 5067 1654 5110 convertantur
1684 5069 1875 5113 retror-

280 5160 424 5206 sum,
460 5154 508 5198 et
541 5145 937 5214 confundantur
966 5146 1116 5200 valde
1149 5145 1408 5200 velociter.
1448 5146 1557 5200 liae
1587 5147 1752 5217 igitur
1781 5163 1874 5218 pa-

281 5235 466 5290 rabola
497 5250 597 5306 pro
626 5243 947 5308 paupertate
977 5239 1227 5309 ingcnfoli
1259 5241 1426 5294 nostri
1453 5281 1465 5303 ,
1508 5241 1869 5311 spiritualium

1977 3241 2188 3282 summa
2230 3224 2505 3279 felicitatis
2537 3227 2720 3289 ‘meae,
2756 3223 2984 3293 finisque
3020 3222 3291 3294 perfectae
3322 3230 3408 3278 est
3436 3237 3566 3277 cou-

1982 3316 2427 3388 templationis“,
2463 3316 2717 3385 quoniam
2756 3315 2889 3369 nihil
2919 3314 3058 3368 ultra
3083 3314 3418 3369 rationabilis
3449 3314 3565 3369 ani-

1978 3424 2066 3464 ma
2086 3409 2259 3462 etiam
2299 3406 2587 3478 purissima
2634 3404 2919 3470 inveniet,
2970 3405 3097 3474 quia
3129 3403 3265 3458 nihil
3292 3405 3433 3458 ultra
3460 3411 3567 3457 est.

1979 3502 2052 3558 Ut
2076 3503 2218 3557 enim
2267 3516 2374 3556 non
2415 3501 2542 3555 alibi
2573 3499 2751 3568 aptius
2777 3497 3078 3569 quaereris,
3107 3512 3266 3566 quam
3298 3497 3353 3551 in
3383 3494 3566 3551 verbis

1979 3595 2108 3660 tuis,
2139 3595 2212 3649 ita
2240 3608 2346 3648 non
2387 3591 2515 3648 alibi
2545 3593 2785 3663 apertius
2807 3588 2852 3622 ιδ
2879 3590 3156 3652 inveniris,
3184 3604 3346 3660 quam
3377 3589 3431 3644 in
3457 3589 3557 3644 eis.

1975 3683 2050 3738 lbi
2072 3684 2269 3755 quippe
2289 3684 2522 3749 habitas,
2539 3691 2593 3738 et
2605 3683 2732 3737 illuc
2749 3689 3074 3752 quaerentes
3091 3690 3146 3736 ct
3159 3680 3440 3752 diligentes
3452 3687 3504 3735 te
3520 3678 3566 3711 “

1976 3773 2305 3838 introducis;
2357 3773 2430 3828 ibi
2482 3773 2790 3842 spirituales
2840 3773 3028 3844 epulas
3051 3787 3214 3827 verae
3241 3771 3565 3843 cognitionis

1975 3864 2165 3918 electis
2206 3864 2313 3918 tuis
2356 3879 2668 3934 praeparas,
2710 3863 2817 3918 illic
2852 3865 3123 3917 transiens
3155 3863 3433 3917 ministras
3458 3862 3560 3917 eis.

1976 3956 2043 4010 Et
2070 3957 2193 4026 quis
2230 3965 2313 4012 est
2352 3957 2453 4012 iste
2475 3957 2543 4021 ¹⁶,
2575 3955 2821 4020 Domine,
2854 3955 3117 4009 transitus
3150 3965 3303 4017 tuus,
3336 3953 3439 4008 nisi
3466 3969 3564 4022 per

1977 4049 2217 4104 infinitos
2265 4047 2740 4116 contemplationis
2813 4055 2937 4102 tuae
3004 4045 3201 4117 gradus
3256 4043 3562 4098 ascensus?

1978 4140 2205 4210 Semper
2228 4140 2372 4194 enim
2401 4139 2451 4193 in
2472 4139 2514 4171 "
2545 4137 2906 4193 intellectibus
2925 4136 3301 4206 quaerentium
3329 4143 3386 4188 et
3413 4135 3562 4188 inve~

1977 4231 2240 4286 nientium
2273 4238 2326 4284 te
2356 4229 2644 4284 transitum
2691 4227 2848 4282 facis.
2878 4225 3170 4295 Quaereris
3199 4225 3342 4279 enim
3386 4223 3454 4278 ab
3479 4223 3560 4278 eis

1975 4339 2210 4393 semper,
2242 4331 2297 4378 et
2337 4336 2549 4391 semper
2577 4321 2855 4385 inveniris,
2901 4328 2955 4373 et
2983 4333 3090 4373 non
3131 4317 3390 4372 inveniris
3417 4329 3558 4370 scm-

1975 4431 2072 4486 per
2097 4433 2110 4468 :
2145 4413 2402 4468 inveniris
2429 4412 2643 4481 quidem
2671 4411 2722 4464 in
2757 4411 2862 4466 tuis
2892 4409 3249 4480 theophaniis,
3279 4408 3330 4462 in
3361 4405 3558 4476 quibus

1977 4506 2365 4575 multipliciter,
2396 4504 2558 4559 veluti
2593 4506 2645 4558 in
2669 4504 2988 4574 quibusdam
3030 4501 3282 4571 speculis,
3313 4497 3559 4554 oceurris

1973 4598 2246 4663 mentibus
2292 4595 2704 4666 intelligentium
2745 4605 2816 4661 te,
2853 4610 2918 4650 eo
2963 4594 3158 4659 modo,
3204 4609 3311 4662 quo
3343 4601 3394 4648 te
3421 4591 3558 4648 sinis

1974 4686 2220 4756 intelligi,
2247 4702 2350 4740 non
2379 4686 2507 4756 quid
2535 4701 2614 4751 cs,
2648 4687 2740 4741 sed
2771 4686 2897 4756 quid
2925 4701 3028 4740 non
3055 4699 3130 4749 es,
3162 4694 3218 4739 et
3245 4685 3368 4754 quia
3398 4699 3459 4738 es
3475 4683 3551 4744 ης

1975 4797 2080 4836 non
2127 4779 2387 4834 inveniris
2429 4788 2606 4834 autem
2654 4779 2705 4832 in
2769 4787 2857 4832 tua
2902 4775 3457 4849 superesseutialitate
3489 4775 3550 4834 ⁸⁸.
3613 4813 3622 4820 ι

1973 4885 2078 4941 qua
2107 4871 2308 4925 transis
2349 4879 2400 4924 et
2432 4885 2698 4940 exuperas
2743 4885 2959 4924 omnem
3007 4867 3337 4923 intellectum
3369 4867 3553 4921 volen-

1976 4974 2086 5018 tcm
2136 4973 2190 5019 et
2235 4965 2612 5020 ascendentem
2667 4963 3124 5033 comprehendere
3179 4969 3250 5015 te.
3287 4958 3557 5013 Ministras

1978 5058 2140 5128 igitur
2163 5058 2270 5110 tuis
2297 5057 2653 5126 praesentiant
2687 5064 2830 5108 tuam
2855 5053 3108 5108 ineffabili
3136 5053 3367 5121 qttodam
3399 5047 3554 5101 modo

1975 5149 2329 5221 apparitionis
2366 5157 2518 5212 tuae;
2567 5148 2768 5201 transis
2808 5147 2875 5202 ab
2914 5147 2994 5200 eis
3029 5135 3552 5212 incomprehensibili

1971 5239 2364 5297 “celsitudine
2413 5247 2469 5292 et
2519 5237 2784 5293 infinitate
2832 5236 3096 5292 essentiae
3145 5241 3284 5286 tuac.
3343 5227 3553 5294 Quaeso

847 5431 850 5433 .
1577 5373 1831 5428 γΑιιιΑΕ
1871 5370 2276 5429 LECTIONIES.

354 5477 372 5554 ξ
403 5476 493 5533 Sic
523 5473 601 5554 Ἐς
631 5477 672 5534 Α
697 5481 839 5549 quin.
912 5483 938 5554 _’
965 5479 1005 5534 Ρ
1056 5482 1296 5554 accipiat.
1374 5482 1396 5513 ³
1416 5499 1476 5554 se
1501 5497 1608 5536 om.
1645 5482 1704 5537 F.
1784 5487 1804 5514 ⁸
1830 5482 1876 5539 Α
1895 5483 2273 5554 laborioseque.
2353 5481 2375 5514 ³
2402 5481 2440 5535 A
2470 5482 2683 5554 servitii.
2740 5481 2762 5513 ⁸
2791 5481 2831 5554 Ε
2858 5479 3101 5554 audiunt.
3123 5550 3132 5554 Α
3225 5476 3268 5531 Α
3297 5478 3545 5554 undique.

279 5546 308 5582 τ
330 5547 435 5604 Pro
462 5551 690 5618 perlecta
710 5546 870 5620 inque
897 5552 935 5606 Α
969 5546 1370 5622 perfectamque.
1412 5552 1432 5583 ’
1461 5555 1503 5608 Α
1533 5563 1876 5607 revertantur.
1935 5557 1977 5586 ¹⁰
2011 5554 2048 5608 F
2076 5546 2364 5624 carpentes.

281 5635 390 5674 om.
427 5621 468 5673 Α
571 5619 613 5652 ι’
647 5621 690 5673 Α
723 5621 993 5680 perfectae
1024 5633 1096 5676 est
1147 5623 1638 5680 contemplationis.
1743 5623 1786 5656 ⁵⁵
1822 5624 1866 5680 Α
1898 5627 2090 5680 aptius.
2192 5625 2234 5658 ¹⁹
2269 5633 2317 5678 te

1898 5635 2090 5693 aptms.

281 5635 390 5692 tua.
427 5621 468 5673 Α
571 5619 613 5652 ι’
647 5621 690 5673 Α
721 5619 993 5692 perfectae
1024 5619 1096 5676 es:
1147 5619 1638 5692 contnuplatieuis.

2449 5553 2488 5584 ⁸³
2516 5569 2607 5620 per
2636 5567 2742 5620 orn.
2778 5551 2858 5604 Λα
2898 5551 2961 5583 ¹¹⁹
2989 5549 3079 5620 Sic
3109 5547 3216 5603 Al“.
3267 5619 3271 5620 ν
3298 5549 3338 5582 ³¹
3390 5547 3548 5607 vti/uit

2192 5625 2234 5658 η
2269 5633 2317 5678 te
2367 5639 2473 5678 om.
2511 5617 2572 5676 Ρ.
2677 5619 2729 5692 ¹⁶Α
2758 5622 2852 5675 iste
2881 5634 2991 5677 om.
3025 5617 3086 5678 Ρ.
3174 5620 3218 5656 ⁸⁷
3256 5619 3310 5681 ir.
3339 5635 3447 5692 om.
3479 5623 3548 5682 .1.

291 5691 336 5726 “
363 5691 404 5747 Ε
432 5705 540 5763 (pio
573 5701 622 5748 te
645 5689 778 5746 sinis
808 5691 1058 5766 intelligi,
1087 5709 1192 5748 non
1216 5695 1341 5766 quid
1367 5689 1449 5765 ἐδ,
1476 5695 1566 5750 sed
1595 5696 1717 5766 quia
1749 5711 1823 5753 es.
1899 5689 1941 5728 ¹⁶
1979 5696 2023 5752 Α
2049 5697 2100 5750 in
2135 5703 2223 5750 tua
2252 5709 2450 5766 semper
2485 5689 2880 5748 essentialitate.
