3952 6162
459 269 586 330 lett

1864 279 2147 337 JOANNIS
2184 280 2377 338 SCOTI

3530 295 3631 352 10ιῖ

458 401 640 458 itaque
669 390 735 443 ad
764 389 1013 456 specialis
1061 391 1261 446 reditus
1302 391 1790 447 considerationem
1823 394 2033 450 accele-
2065 401 2110 456 Α
2139 396 2335 459 εἰοιθιιι,
2372 412 2478 452 non
2517 407 2694 454 autem
2744 401 2860 469 ipso
2904 400 3104 458 lumine
3149 404 3484 462 illuminantttr
3504 420 3639 467 etor-

461 497 603 546 rare,
637 491 694 535 ut
739 481 790 534 in
821 495 883 534 ea
913 491 1128 535 nostrae
1167 481 1544 551 disputationis
1586 483 1807 569 limitem
1837 486 2038 540 consti-

463 581 694 624 tuaums.
725 569 839 623 Non
883 570 1026 623 enim
1064 569 1265 623 diulius
1299 579 1381 625 est
1412 571 1806 626 immorandum
1848 574 1898 627 in
1933 575 2038 640 his,

459 675 599 728 quae
636 657 1002 728 multipliciter
1033 659 1320 726 apertioris
1356 662 1723 729 persuasionis
1752 664 1926 733 gratia
1957 680 2041 717 re—

463 753 627 821 petita
654 761 799 815 sunt,
829 767 894 805 ne
925 750 1063 806 forte
1097 751 1218 821 plus
1251 751 1302 806 in
1334 754 1533 818 verbis,
1563 769 1722 822 quam
1757 756 1808 809 in
1839 759 1854 786 ⁸
1887 755 2042 810 intel-

462 844 689 899 lectibus
719 855 958 898 nostram
1003 845 1418 913 disputationem
1461 847 1713 916 implesse
1739 848 2038 903 videamur.

462 939 601 994 ΜΑο.
645 940 834 994 'l‘otius
862 939 1199 994 rationabilis
1227 949 1534 1005 creaturae,
1561 957 1702 1011 quae
1734 942 2044 1010 specialiter

462 1028 515 1082 in
551 1029 769 1083 homine
801 1038 983 1082 creata
1015 1038 1116 1088 est,
1147 1037 1203 1082 et
1251 1029 1335 1084 cni
1383 1031 1700 1086 naturaliter
1737 1033 1882 1087 inest
1914 1032 2044 1087 affe-

462 1128 579 1173 ctus
602 1119 972 1183 beatitudinis,
995 1127 1046 1171 et
1068 1119 1390 1186 cognitionis
1414 1123 1609 1175 summi
1640 1123 1763 1176 boni
1793 1123 2042 1187 facultas,

463 1210 563 1264 hoc
586 1217 668 1265 est
693 1209 1092 1264 excelsissimae
1117 1211 1421 1273 Trinitatis.
1454 1229 1519 1268 ex
1547 1230 1651 1284 qua
1679 1223 1864 1268 manat
1885 1226 2046 1266 omne

463 1303 685 1367 bonum,
709 1303 824 1372 ipse
851 1303 1106 1358 Dominus
1133 1305 1184 1356 in
1210 1305 1503 1377 Evangelio
1532 1307 1714 1360 decem
1746 1306 2045 1377 virginibus

461 1392 779 1446 assimilavit
798 1393 1235 1458 universitatem;
1259 1412 1395 1464 (tuae
1422 1398 1749 1466 accipientes
1772 1397 2047 1466 lampadas

463 1496 626 1545 suas,
675 1482 776 1535 hoc
822 1493 902 1537 est
949 1484 1306 1551 capacitatem
1352 1497 1605 1540 aeternae
1660 1487 1794 1542 lucis
1850 1503 2046 1556 cogno-

461 1572 716 1636 scendae,
738 1573 991 1628 exierunt
1017 1576 1230 1629 obviam
1261 1592 1456 1645 sponso
1478 1585 1533 1631 et
1555 1594 1806 1646 sponsae,
1829 1577 2047 1633 Christo

462 1665 712 1719 videlicet
737 1675 791 1719 et
822 1665 1114 1731 Ecclesiae,
1148 1684 1287 1737 quae
1310 1667 1422 1737 jam
1451 1670 1505 1723 in
1535 1671 1684 1724 caelo
1720 1679 1821 1732 est,
1850 1670 2044 1738 partim

2143 497 2340 544 nantur
2365 489 2408 555 ⁸,
2432 491 2645 546 obviam
2667 492 2884 548 Christo
2905 496 3206 564 procedent,
3221 497 3316 553 hoc
3334 507 3424 562 est,
3448 515 3534 554 non
3551 504 3639 557 solo

2141 579 2459 634 naturaliter
2486 580 2647 636 insito
2670 583 2690 615 ⁹
2727 585 2985 652 appetitu,
3017 585 3109 640 sed
3144 586 3298 640 etiam
3329 587 3481 655 reipsa
3503 599 3547 644 et
3567 606 3640 646 ex-

2141 671 2444 738 perimento
2467 671 2534 724 ad
2564 673 2676 726 sola
2707 673 2972 726 naturalia
3011 675 3346 730 humanitatis
3370 676 3507 739 bona,
3535 696 3644 748 quae

2142 761 2196 814 in
2234 759 2452 814 Christo
2502 762 2820 828 subsistunt,
2871 758 3238 826 ascenderit“,
3276 780 3372 819 non
3414 774 3561 819 autem
3595 770 3646 823 ad

2143 852 2610 920 supernaturalem
2641 853 2999 908 rfeificationis
3037 855 3090 907 in
3123 869 3188 910 eo
3215 856 3425 923 gratiam
3459 866 3502 911 et
3529 857 3646 911 laeti-

2145 943 2275 998 tiam
2304 944 2639 1012 pervenient.
2682 944 2746 998 Et
2784 945 2887 998 hoc
2913 953 3016 1008 est,
3053 947 3190 1015 quod
3219 947 3452 1001 denariae
3475 949 3648 1016 quanti-

2143 1035 2274 1089 tatis
2311 1034 2504 1090 divisio
2529 1035 2787 1091 insinuat.
2829 1035 2921 1090 Ait
2950 1037 3101 1092 enim
3131 1055 3144 1090 :
3176 1035 3402 1106 Quinque
3428 1048 3573 1091 autent
3602 1055 3650 1092 es

2144 1128 2219 1180 eis
2245 1135 2392 1180 erant
2419 1124 2622 1194 fatuae,
2655 1125 2708 1179 id
2732 1135 2818 1181 est
2851 1127 3235 1196 imprudentes,
3265 1138 3311 1182 et
3336 1131 3530 1198 quinque
3551 1146 3648 1198 prn-

2145 1219 2341 1272 denles.
2375 1218 2491 1273 Sed
2517 1218 2695 1275 fatuae
2718 1220 2862 1275 solas
2889 1221 3182 1291 lampadas,
3206 1239 3304 1276 non
3329 1235 3489 1277 autem
3515 1223 3651 1277 oleant

2147 1326 2330 1366 secum
2357 1321 2739 1381 sumpserunt;
2785 1312 3078 1382 prudentes
3105 1330 3229 1367 vero
3259 1331 3357 1367 non
3378 1315 3526 1368 solum
3550 1315 3652 1368 laut-

2147 1403 2333 1471 padas,
2367 1416 2552 1456 vermn
2589 1403 2753 1458 etiam
2780 1403 2956 1459 oleum
2988 1403 3041 1457 in
3071 1403 3397 1472 lampadibus
3427 1405 3520 1459 suis
3541 1419 3656 1458 acoe-

2148 1503 2362 1561 perunt.
2408 1492 2548 1547 Vasa
2590 1495 2772 1561 itaque
2800 1493 2996 1551 similia
3028 1505 3157 1550 sunt
3183 1495 3496 1564 prudentium
3519 1506 3564 1549 et
3583 1496 3657 1548 im-

2148 1581 2492 1652 prudentium
2540 1582 2829 1653 virginum,
2862 1583 3118 1653 quoniam
3168 1586 3330 1649 ratio,
3373 1600 3494 1654 quae
3531 1585 3657 1640 veluti

2152 1671 2414 1726 naturalis
2482 1672 2648 1727 divini
2719 1672 2938 1728 luminis
2988 1675 3146 1728 sedes
3215 1683 3322 1739 est,
3383 1673 3658 1728 uniformiter

466 1757 516 1809 in
544 1759 747 1813 sanctis
776 1759 997 1828 angelis,
1031 1761 1224 1828 partim
1255 1761 1308 1814 in
1337 1761 1734 1830 purgatissimis
1765 1762 2041 1837 hominum
2078 1751 2120 1810 Β
2151 1761 2449 1830 integritati
2504 1762 2664 1816 veluti
2722 1763 2954 1832 cuipiam
3017 1763 3310 1833 virginitati
3363 1772 3556 1817 naturae
3598 1762 3658 1814 in-

462 1846 765 1912 animabns,
799 1849 851 1902 in
893 1851 1086 1917 quibus
1132 1851 1401 1918 primitiae
1450 1862 1674 1905 naturae
1704 1853 1970 1907 humanae
2000 1854 2042 1918 ',

464 1951 602 2006 quae
634 1939 808 1994 adhuc
853 1940 904 1993 in
953 1940 1267 2009 captivitate
1305 1951 1407 2004 est,
1441 1943 1684 1996 mortalis
1710 1942 1854 1997 vitae
1880 1943 2043 2012 fragi-

463 2028 701 2098 liumque
747 2033 1106 2087 membrorum
1147 2033 1394 2088 caelestis
1437 2035 1640 2104 patriae
1669 2035 1875 2089 civibus
1905 2035 2044 2088 inse-

465 2130 677 2175 runtur.
703 2122 807 2176 Sed
831 2139 1000 2191 quare
1025 2124 1274 2178 obviam?
1299 2125 1434 2191 Quia
1462 2127 1710 2180 videlicet
1741 2125 2048 2196 redemptor

465 2221 520 2265 et
553 2228 784 2282 sponsus
823 2214 1102 2270 rationalis
1149 2224 1375 2270 naturae
1423 2217 1674 2272 ineffabili
1728 2216 2048 2272 clementiae

465 2317 596 2357 suae
623 2304 1080 2360 condescensione
1106 2314 1160 2360 et
1189 2305 1406 2361 solertia
1448 2323 1662 2375 semper
1690 2307 1754 2360 ad
1785 2307 2048 2376 reeipien-

466 2395 564 2448 dos
590 2410 687 2448 nos
713 2396 1066 2464 spiritualiter
1091 2397 1256 2461 venit,
1286 2397 1608 2453 caelestibus
1638 2399 1925 2452 virtutibus
1951 2407 2004 2451 et
2027 2399 2048 2430 ⁸

465 2484 748 2539 animabus
772 2487 975 2541 sanctis
999 2487 1049 2541 ei
1075 2491 1524 2554 commeantibus,
1552 2489 1834 2544 affectione
1863 2490 2052 2546 salutis

468 2584 686 2629 nostrae
715 2586 1037 2632 commotae.
1093 2579 1184 2633 llle
1225 2579 1487 2648 siquidem
1533 2595 1763 2648 sponsus
1811 2580 1867 2633 in
1922 2595 2052 2634 aure

469 2666 649 2721 cordis
675 2668 998 2738 generaliter
1046 2672 1296 2724 universo
1342 2671 1521 2739 generi
1576 2669 1810 2723 lnnnano
1855 2669 2054 2724 clamat

469 2758 656 2812 dicens
687 2776 698 2810 :
740 2756 918 2812 Venite
948 2761 1015 2811 ad
1045 2777 1126 2814 nte
1156 2777 1356 2825 omnes,
1381 2761 1472 2829 qui
1499 2759 1749 2814 laboratis
1777 2769 1823 2813 et
1853 2761 2054 2814 onerati

468 2848 622 2912 estis,
663 2857 711 2901 et
739 2863 830 2918 ego
856 2848 1090 2916 reﬁciam
1123 2867 1228 2904 vos.
1275 2848 1462 2903 Tollite
1482 2849 1672 2920 jugum
1695 2866 1866 2903 meum
1899 2866 2055 2916 super

472 2957 580 3004 ros,
614 2949 663 2994 et
693 2941 876 2994 discite
909 2960 939 2995 a
968 2957 1064 3003 me,
1096 2943 1220 3012 quia
1252 2941 1392 2996 mitis
1419 2958 1536 2994 sum
1565 2951 1612 2994 et
1638 2940 1851 2994 humilis
1874 2940 2052 3006 corde,

471 3042 517 3084 et
541 3031 803 3087 invenietis
827 3035 1050 3104 requiem
1074 3032 1347 3087 animabus
1378 3033 1580 3086 vestris.
1612 3030 1770 3086 Venit
1799 3046 1928 3101 ergo
1953 3030 2051 3084 ob-

472 3123 614 3176 viam
642 3123 893 3180 omnibus
917 3140 1038 3178 cum
1065 3139 1261 3193 sponsa
1288 3138 1384 3177 sua
1411 3163 1427 3188 ,
1471 3121 1768 3177 Jerusalem
1807 3121 2057 3177 videlicet
2083 3107 2127 3168 C

475 3214 730 3278 caelesti,
783 3217 872 3284 qui
919 3217 1162 3286 recipere
1203 3230 1392 3270 onmes
1431 3216 1654 3270 devotus
1701 3225 1784 3270 est
1830 3215 1884 3269 in
1933 3230 2060 3270 con-

476 3309 701 3360 sortium
732 3323 860 3362 suae
891 3308 1144 3362 civitatis.
1188 3308 1255 3362 Et
1298 3308 1670 3362 animadverte
1697 3348 1713 3371 ,
1759 3307 1902 3377 quod
1949 3317 2058 3362 tota

481 3397 785 3450 humanitas
833 3395 1055 3451 denario
1109 3413 1334 3452 numero
1388 3408 1757 3469 comparatur,
1803 3396 2058 3468 quoniam

480 3487 746 3541 decimam
770 3488 822 3540 in
850 3487 1223 3542 aedificatione
1250 3504 1477 3559 superae
1507 3491 1528 3519 ⁸
1557 3489 1795 3544 civitatis
1823 3490 2062 3558 possidet

485 3579 780 3647 regionem.
825 3579 1018 3632 Decem
1059 3579 1240 3648 itaque
1267 3581 1523 3649 virgines,
1557 3580 1660 3633 hoc
1688 3587 1792 3644 est,
1824 3587 1934 3634 tota
1963 3581 2061 3636 bu-

487 3690 678 3730 manae
715 3685 940 3731 naturae
987 3676 1348 3730 numerositas
1393 3674 1623 3729 naturali
1676 3675 1915 3744 appetitu
1961 3681 2059 3730 ob-

485 3766 626 3819 viam
672 3766 912 3834 diligenti
943 3781 1002 3822 se
1030 3775 1084 3821 et
1113 3766 1179 3820 ad
1206 3781 1325 3820 eam
1360 3765 1591 3819 venienti
1622 3765 1756 3828 exit,
1785 3781 1889 3819 non
1915 3782 2063 3836 gres-

485 3859 636 3915 sibus
663 3858 907 3926 corporis
927 3900 940 3923 ,
971 3859 1065 3913 sed
1109 3856 1386 3912 affectibus
1418 3858 1631 3912 mentis.
1680 3857 1783 3912 Sed
1818 3857 2063 3927 quamvis

482 3950 727 4020 aequalis
753 3960 927 4004 motus
951 3949 1020 4003 sit
1050 3949 1326 4003 rationalis
1351 3963 1576 4003 naturae
1604 3949 1669 4002 ad
1699 3949 1858 4004 finem
1883 3966 2058 4014 suum,

485 4043 576 4112 qui
611 4050 696 4096 est
723 4041 988 4103 Christus,
1017 4041 1363 4110 aequalisque
1403 4041 1608 4094 aeterni
1661 4040 1896 4107 luminis,
1924 4057 2064 4111 quae

485 4149 581 4203 per
617 4131 889 4202 lampades
935 4132 1286 4202 significatur,
1337 4132 1637 4200 appetitio,
1684 4149 1789 4186 non
1837 4131 2063 4185 wtnen’

489 4225 787 4295 aequaliter
810 4219 1172 4288 lucentillam,
1200 4241 1338 4293 quae
1364 4225 1626 4280 illuminat
1653 4241 1866 4279 onmem
1893 4224 2068 4279 homi-

488 4329 608 4368 nem
633 4314 933 4368 venientcm
959 4315 1010 4367 in
1035 4315 1174 4367 hunc
1200 4313 1222 4343 °
1248 4315 1526 4376 mundum,
1557 4314 1862 4384 participat.
1893 4312 2066 4366 Lnum

486 4417 560 4460 est
587 4406 729 4460 enim
755 4446 770 4470 ,
811 4415 869 4460 ut
893 4407 1082 4461 beatus
1111 4404 1396 4474 Dionysius
1424 4404 1745 4474 Areopagita
1778 4405 1887 4470 ait,
1928 4404 2066 4472 quod

488 4495 664 4548 outuia
731 4494 1043 4548 naturaliter
1091 4495 1409 4564 participare
1463 4502 1754 4562 appetunt;
1825 4491 1916 4546 sed
1966 4507 2069 4546 non

489 4583 777 4653 aequaliter
801 4586 974 4638 omnia
1001 4600 1160 4636 unum
1183 4584 1518 4653 participant.
1546 4581 1756 4636 Nullum
1785 4590 1962 4635 tamen
1989 4588 2069 4635 est

492 4675 545 4728 iu
579 4683 770 4728 natura
814 4690 1015 4740 rerum,
1051 4676 1193 4744 quod
1241 4675 1357 4745 ejus
1400 4674 1806 4743 participatione
1849 4672 2068 4726 omnino

492 4766 757 4836 privetur,
789 4767 1015 4836 ideoque
1042 4784 1147 4820 non
1174 4767 1471 4836 aequaliter
1509 4766 1720 4821 obviam
1743 4766 1763 4796 "
1788 4781 1984 4834 sponso
2015 4773 2071 4820 et

493 4872 728 4926 sponsae
753 4857 988 4926 virgines
1015 4858 1257 4912 exibunt.
1291 4857 1424 4912 Nam
1461 4857 1552 4927 qui
1577 4873 1682 4911 non
1715 4856 1884 4911 solum
1916 4871 2074 4926 capa-

495 4948 715 5001 citatem
748 4947 860 5001 veri
889 4946 1126 5011 luminis,
1157 4960 1342 5001 verum
1385 4947 1547 5001 etiam
1579 4954 1632 5000 et
1662 4947 1833 5016 ipsum
1865 4944 2070 5011 lumen,

496 5039 640 5108 quod
665 5039 846 5093 oleum
879 5039 1201 5105 conformat,
1238 5039 1536 5108 possident,
1578 5039 1646 5093 ad
1692 5039 1864 5108 ipsum
1911 5052 2073 5106 spon-

496 5145 617 5184 sum
659 5132 1014 5202 pervenient,
1055 5143 1106 5186 et
1137 5147 1258 5186 cum
1291 5133 1406 5202 ipso
1443 5132 1494 5185 in
1525 5130 1834 5202 spirituales
1862 5129 2076 5200 nuptias

498 5221 797 5279 intrabunt.
829 5223 931 5291 Qui
966 5240 1093 5279 vero
1119 5223 1287 5280 solam
1316 5223 1530 5279 luminis
1564 5223 1919 5295 capacitatem
1947 5235 2074 5291 pos-

2148 1851 2556 1921 corruptibilis,
2602 1867 2744 1921 quae
2807 1854 2859 1906 in
2935 1853 3082 1908 nullo
3134 1862 3352 1922 augetur
3397 1853 3469 1907 vel
3513 1853 3660 1906 minui~

2151 1941 2324 2004 tur“,
2376 1941 2664 1996 distributa
2716 1952 2840 2009 est,
2891 1945 3146 2012 quamvis
3171 1944 3211 1974 "
3241 1959 3341 1998 non
3389 1943 3660 1998 uniformitet

2150 2033 2388 2086 divinum
2429 2033 2607 2087 lumen
2654 2034 2903 2102 accipiat.
2956 2032 3065 2088 Nec
3115 2035 3218 2089 hoc
3265 2034 3314 2087 in
3361 2033 3494 2103 culpa
3533 2033 3661 2102 ipsius

2149 2125 2386 2190 luminis,
2411 2134 2504 2180 aut
2525 2126 2747 2191 invidia,
2775 2135 2866 2188 aut
2893 2127 3069 2196 inopia
3090 2127 3444 2189 constituitur,
3463 2138 3660 2194 quoniam

2150 2214 2399 2268 omnibus
2423 2230 2681 2284 praesens
2703 2223 2808 2280 est,
2836 2216 3195 2286 omnibusque
3223 2214 3492 2285 aequaliter
3517 2226 3661 2280 super-

2149 2306 2388 2377 fulgens,
2424 2317 2477 2361 et
2514 2307 2831 2361 inexhausta
2867 2293 3134 2362 effusione
3170 2307 3408 2361 omnibus
3430 2301 3664 2374 aequaliter

2152 2399 2423 2469 profluens
2453 2417 2466 2452 :
2496 2399 2588 2454 sed
2621 2399 2876 2469 quoniam
2905 2413 3010 2453 non
3035 2398 3228 2454 eadem
3259 2399 3423 2451 virtus
3437 2405 3509 2450 est
3527 2393 3665 2448 oculo-

2153 2503 2306 2554 rum,
2348 2488 2543 2557 quibus
2569 2489 2657 2542 lux
2694 2489 2954 2542 mentium
2986 2488 3316 2559 percipitur,
3355 2485 3590 2555 sequitur,
3626 2491 3666 2535 ut

2153 2580 2242 2634 alii
2278 2580 2430 2650 plus,
2464 2581 2553 2633 alii
2596 2581 2774 2634 minus
2803 2595 2864 2632 ea
2904 2579 3186 2643 fruantur,
3221 2577 3309 2631 alii
3340 2577 3530 2648 penitus
3552 2572 3604 2625 ab
3624 2585 3668 2623 ea

2154 2671 2546 2736 excludantur;
2578 2680 2643 2723 ut
2669 2669 2932 2723 immundi
2966 2668 3225 2738 Spiritus,
3268 2669 3354 2737 qui
3389 2666 3446 2720 ad
3473 2680 3572 2720 eam
3597 2679 3670 2715 uo-

2154 2766 2272 2819 lunt
2296 2765 2558 2830 converti,
2594 2780 2698 2819 non
2726 2765 2867 2834 quod
2887 2773 2942 2819 et
2960 2763 3062 2833 ipsi
3088 2763 3380 2819 secundum
3408 2759 3674 2816 intellectua-

2154 2853 2262 2910 lem
2289 2854 2643 2908 substantiam
2661 2895 2674 2917 ,
2705 2854 2757 2907 in
2787 2869 2892 2925 qua
2923 2867 2952 2906 a
2975 2867 3196 2908 summo
3223 2853 3360 2907 bono
3384 2849 3530 2906 creati
3553 2854 3672 2907 sunt,

2155 2945 2566 3016 participatione
2608 2959 2733 2999 vere
2772 2943 3056 2998 existentis
3101 2943 3323 2998 luminis
3365 2939 3673 2997 secludantur:

2158 3036 2395 3105 alioquin
2427 3035 2495 3090 ad
2522 3033 2747 3090 nihilum
2777 3033 2990 3105 penitus
3027 3035 3436 3106 redigerentur;
3469 3043 3603 3085 omne
3620 3028 3677 3082 si-

2159 3126 2376 3197 quidem
2413 3125 2825 3196 participatione
2853 3122 2970 3193 ejus
2991 3123 3266 3194 privatum
3305 3122 3507 3178 omnino
3536 3119 3581 3172 in
3604 3131 3680 3170 na-

2161 3227 2282 3272 tura
2306 3233 2487 3272 rerum
2517 3231 2622 3270 non
2647 3223 2749 3280 est,
2776 3215 2828 3268 in
2849 3221 3113 3283 quantum
3141 3228 3270 3268 vero
3289 3204 3681 3267 irrationabililtus

2157 3323 2447 3381 perversae
2471 3323 2599 3363 suae
2623 3306 2909 3361 voluntatis
2925 3305 3164 3361 motibus
3181 3302 3599 3362 contaminamur,
3621 3312 3686 3349 ve

2160 3413 2253 3454 rae
2274 3397 2408 3453 lucis
2427 3396 2786 3452 excluduntur
2809 3395 3256 3464 participatione;
3288 3408 3389 3448 non
3410 3391 3536 3446 enim
3562 3384 3614 3441 ad
3635 3383 3685 3438 il-

2161 3492 2289 3558 lam,
2319 3490 2411 3547 sed
2443 3491 2511 3545 ad
2540 3491 2881 3559 semetipsos,
2914 3487 3017 3544 hoc
3046 3497 3156 3553 est,
3183 3486 3249 3544 ad
3277 3483 3550 3557 nequitiam
3571 3492 3689 3535 suam

2159 3589 2568 3640 wnvertuntur.
2599 3580 2654 3634 Si
2687 3580 2830 3634 enim
2854 3579 2920 3632 ad
2942 3586 3195 3632 naturam
3220 3591 3369 3634 suam
3397 3573 3687 3643 respicerent.

2161 3686 2216 3730 et
2234 3675 2302 3730 ad
2328 3673 2444 3744 ejus
2457 3673 2792 3734 Creatorem,
2815 3669 3060 3742 profecto
3078 3670 3224 3725 beati
3248 3671 3446 3722 llcrent.
3468 3663 3527 3719 Et
3547 3662 3584 3717 si
3602 3659 3693 3730 quis

2160 3767 2361 3822 dixerit
2393 3785 2406 3820 :
2438 3765 2616 3832 Quare
2657 3763 2956 3832 aequaliter
2978 3762 3227 3817 intuendi
3262 3759 3422 3814 divini
3454 3758 3492 3789 ¹³
3523 3753 3696 3809 luminis

2164 3859 2444 3914 universae
2490 3855 2739 3911 rationali
2774 3862 2997 3909 naturae
3021 3869 3130 3908 non
3154 3852 3314 3908 datur
3342 3853 3384 3883 ¹⁶
3401 3846 3695 3919 possibilitas,

2161 3964 2270 4006 non
2292 3957 2471 4002 autem
2494 3946 2733 4001 intuendi
2765 3943 2894 3999 illud
2930 3943 3054 3999 data
3079 3953 3164 3998 est
3183 3943 3473 4014 aequaliter
3497 3938 3639 3992 virtus
3657 3941 3699 3986 et

2163 4037 2445 4101 actio,sive
2461 4035 2512 4088 in
2529 4035 2630 4090 bac
2649 4034 2898 4100 vita,sive
2915 4033 2965 4087 in
2985 4032 3218 4087 futura"
3234 4033 3256 4086 ?
3274 4035 3549 4098 interroget
3560 4023 3700 4085 illum,

2165 4129 2257 4200 qui
2287 4126 2618 4197 stupefactus
2647 4133 2701 4180 et
2729 4123 3090 4179 inaccessibili
3122 4123 3243 4179 luce
3285 4130 3606 4192 repercussus
3629 4126 3703 4166 ac-

2167 4221 2367 4277 clamat
2407 4219 2474 4286 ¹⁸,
2504 4217 2693 4272 dicens
2719 4234 2732 4271 :
2761 4215 2806 4270 Ο
2834 4215 3062 4270 altitudo
3093 4215 3396 4268 divitiarum
3423 4207 3638 4264 scientiae
3667 4210 3705 4255 et

2169 4313 2457 4382 sapientiae
2486 4309 2620 4366 Dei!
2648 4309 2820 4374 Quam
2848 4307 3220 4362 inscrutabilia
3249 4316 3368 4360 sunt
3383 4300 3574 4374 judicia
3598 4296 3707 4364 ejus.

2172 4414 2218 4456 et
2271 4400 2647 4472 investigabiles
2700 4400 2811 4453 viae
2853 4399 2966 4468 ejus
3016 4398 3072 4451 in
3124 4398 3270 4450 omni
3314 4389 3556 4463 tempore!
3605 4383 3710 4450 Quit

2175 4496 2310 4549 enim
2348 4495 2582 4564 cognovit
2619 4508 2827 4547 sensum
2854 4490 3103 4544 Domini?
3138 4491 3247 4542 Aut
3279 4489 3392 4560 quis
3427 4477 3711 4538 consiliarius

2177 4585 2289 4653 ejus
2319 4583 2465 4652 fuit?
2506 4583 2571 4636 Et
2601 4583 2716 4651 quis
2743 4582 2886 4651 prior
2909 4580 3049 4634 dedit
3081 4578 3184 4645 illi,
3217 4589 3274 4631 ut
3314 4575 3610 4630 retribuatur
3639 4565 3715 4621 ei!

2179 4674 2439 4738 Quoniam
2474 4689 2539 4726 ea:
2572 4672 2702 4740 ipso,
2739 4681 2785 4726 et
2807 4686 2901 4741 per
2924 4672 3124 4739 ipsum,
3167 4677 3218 4723 et
3250 4669 3304 4722 in
3337 4667 3478 4736 ipso,
3502 4672 3545 4716 et
3568 4659 3628 4713 ad
3651 4658 3714 4723 ip-

2175 4781 2290 4820 sum
2309 4776 2428 4819 sunt
2458 4762 2980 4832 omniaJnterroget
2999 4762 3185 4823 etiam,
3216 4774 3316 4814 cur
3334 4768 3562 4816 omnium
3579 4751 3717 4805 bono-

2178 4873 2298 4912 rum
2327 4857 2549 4928 largitor
2571 4870 2674 4910 non
2699 4852 2996 4923 aequaliter
3014 4850 3269 4906 omnibus
3293 4847 3562 4903 ordinibus
3582 4851 3718 4928 auge:

2177 4948 2350 5002 lorum
2402 4922 2652 5001 virtutem
2701 4922 3176 5014 contemplationis
3221 4955 3354 4995 suae
3382 4922 3718 4992 distribuerit?

2177 5039 2356 5093 Altius
2392 5038 2658 5108 siquidem
2695 5035 3057 5104 liquidiusque
3103 5029 3570 5116 propinquiusqu:
3595 5018 3719 5116 iliutn

2181 5127 2611 5196 contemplantur
2653 5123 2936 5192 Seraphim
2978 5131 3036 5176 et
3073 5119 3371 5176 Cherubim
3413 5125 3468 5170 et
3516 5111 3719 5167 Thmui.

2181 5215 2594 5290 quam.Virtutes
2616 5225 2669 5269 et
2683 5213 2983 5270 Potestates
3005 5209 3506 5280 et‘Dominationes;
3529 5209 3578 5258 et
3597 5198 3720 5269 ipm

1778 5375 2030 5431 VARIAE
2067 5371 2466 5429 LECTIONES.

573 5531 588 5560 '
630 5531 680 5580 in
720 5545 829 5581 om.
859 5527 924 5580 Α.
1002 5529 1022 5558 ¹
1061 5529 1320 5581 humanae
1347 5541 1454 5581 om.
1483 5528 1546 5580 Α.
1625 5527 1645 5556 ³
1684 5537 1729 5580 et
1767 5542 1875 5581 om.
1907 5525 1970 5579 Α.

2047 5525 2069 5555 ⁸
2109 5523 2150 5576 Α
2190 5539 2463 5592 supernae.
2537 5527 2559 5557 ⁸
2599 5532 2774 5575 tamen
2822 5533 2932 5592 om.
2966 5517 3026 5571 F.

3100 5516 3119 5546 ‘
3154 5516 3295 5567 hunc
3324 5528 3430 5566 om.
3483 5510 3539 5564 Ρ.
3601 5499 3618 5527 ’
3648 5503 3720 5558 οὗ·

506 5574 923 5651 niani-omium“
949 5606 972 5638 ο
1483 5574 1580 5648 ΤΛ
1617 5574 2272 5649 nonsolani—naturaliterf
2297 5594 2348 5647 in
2379 5610 2494 5647 suo.
2572 5593 2613 5622 ¹⁰
2653 5594 2694 5645 Α
2723 5591 3030 5642 ascendunt.
3105 5586 3146 5617 ¹¹
3189 5586 3230 5637 Α
3265 5593 3413 5653 anget
3443 5581 3519 5636 rel
3541 5574 3716 5632 minui!-

515 5667 555 5698 "
589 5667 631 5718 Α
657 5682 832 5718 ouant.
911 5669 954 5701 ³³
988 5667 1148 5718 divini
1175 5683 1280 5720 om.
1309 5667 1368 5720 F.
1449 5670 1490 5698 “
1519 5683 1622 5720 non
1652 5666 1808 5720 datur
1842 5681 1948 5722 om.
2002 5665 2058 5718 ι’.

2140 5665 2183 5694 ¹⁵
2222 5664 2264 5716 Α
2299 5663 2410 5718 sive
2437 5663 2490 5718 in
2525 5661 2700 5716 ftttura
2738 5661 2860 5714 rita.

2941 5658 2983 5690 ¹⁶
3024 5658 3068 5713 Α
3115 5654 3328 5708 clamat.

3851 888 3853 932 ἱ
