3952 6162
259 299 399 355 ωιδ

1114 299 1202 356 DE
1242 297 1584 357 Dl\'lSl0i\‘E
1624 291 1977 359 NA‘IURAE,
2017 323 2086 333 —
2124 290 2325 348 Lllllsll
2364 288 2689 360 QUNTUS.

3398 287 3532 346 10H

256 411 453 466 iterum
484 409 835 467 excellentius
862 411 1168 482 clariusque
1186 452 1202 478 ,
1235 428 1398 482 quam
1428 412 1770 482 Principatus
1792 416 1849 465 et
1874 410 1924 469 Α
1953 408 2251 477 appetitor;
2276 406 2574 477 praecessit
2602 406 2747 461 enim
2767 401 3074 474 lnsipientia
3102 407 3154 456 et
3181 400 3536 473 imprudentia

255 499 583 570 Archangeli
610 509 665 553 et
685 499 894 570 Angeli.
917 499 986 556 Et
1014 502 1135 572 quis
1162 504 1288 559 huic
1316 502 1725 575 interrogationi
1763 515 1850 556 re-

254 584 591 660 spondebit?
614 589 804 657 Nemo,
836 592 940 646 nisi
971 592 1215 663 cogitans
1240 594 1381 648 intra
1412 594 1646 663 seipsum
1665 634 1681 659 ,
1700 591 1850 662 quod

256 680 521 750 scriptum
548 688 672 735 est:
717 679 910 735 Omnia
949 682 1007 737 in
1045 698 1294 737 mensura
1320 692 1367 737 et
1394 700 1610 737 numero
1638 692 1686 736 et
1717 698 1852 752 pon-

255 772 402 836 dere,
440 771 493 825 id
518 778 603 826 est
628 771 838 835 ordine,
870 772 988 840 fecit
1018 773 1180 828 Deus.
1211 774 1280 829 Et
1309 775 1484 845 qualis
1508 774 1850 844 pulchritudo

256 863 631 919 miiversitatis
669 878 701 917 a
750 864 865 919 Deo
893 867 1158 923 conditae
1185 867 1349 933 foret,
1395 869 1440 923 si
1477 868 1657 923 oiunia
1706 868 1848 922 Deus

255 952 563 1024 aequaliter
583 956 979 1011 constitueret!
1003 955 1138 1011 Nam
1162 967 1217 1014 ct
1242 958 1514 1013 sensibilis
1530 958 1851 1012 harmoniae

254 1045 490 1102 dulcedo
520 1053 577 1102 et
602 1046 950 1117 pulchritudo
978 1064 1084 1104 non
1124 1064 1193 1104 ex
1229 1050 1498 1105 similibus
1534 1050 1708 1114 souis,
1752 1050 1846 1104 sed

252 1152 321 1195 ex
347 1138 586 1196 diversis
603 1181 619 1205 ,
647 1141 781 1195 ratis
804 1149 987 1196 tamen
1025 1143 1463 1213 proportionibus
1487 1143 1587 1198 sibi
1618 1143 1847 1197 invicem

252 1232 555 1302 compactis
576 1233 875 1289 ordinatur.
903 1234 1177 1305 Proponat
1200 1235 1326 1291 item
1355 1253 1367 1289 :
1392 1235 1437 1291 si
1455 1236 1661 1307 primus
1687 1236 1849 1293 homo

250 1336 363 1377 non
390 1334 667 1393 peccaret,
693 1325 849 1395 cujus
876 1326 1085 1396 peccati
1113 1326 1320 1382 ultione
1344 1343 1444 1398 per
1466 1328 1766 1383 masculum
1796 1337 1851 1384 et

254 1414 515 1470 feminam
538 1416 929 1486 multiplicatur
952 1433 1123 1490 genus
1151 1418 1446 1473 humanum
1464 1429 1597 1474 —et
1620 1436 1725 1475 non
1751 1436 1852 1491 per

253 1503 556 1557 masculum
586 1512 642 1559 et
662 1503 918 1559 feminam
952 1515 1345 1577 propagaretur
1367 1512 1407 1572 ⁸,
1435 1510 1528 1564 sed
1549 1524 1613 1565 ex
1645 1509 1849 1566 intimis

251 1598 483 1646 naturae
506 1590 715 1648 sinibus
751 1602 845 1648 aut
892 1594 1088 1650 simul'
1112 1610 1304 1651 omnes
1347 1597 1594 1652 homines
1632 1597 1685 1652 in
1727 1614 1850 1668 spe-

250 1682 365 1739 cies
388 1684 639 1755 proprias
664 1701 1025 1759 numerosque
1051 1689 1350 1759 prodirent,
1382 1690 1847 1760 quemadmodum

1933 505 2255 575 peccatum.
2288 496 2474 566 Neque
2514 497 2618 551 hoc
2645 505 2854 566 accepit
2882 510 2948 550 ex
2975 493 3157 549 causis
3175 492 3503 549 conditionis
3520 534 3538 559 ,

1951 589 2045 644 sed
2072 587 2436 644 mutabilitate
2472 587 2723 657 propriae
2746 586 3073 650 voluntatis,
3110 599 3250 655 quae
3277 600 3344 640 es
3378 594 3540 640 natu—

1950 678 2154 733 ralibus
2183 678 2364 734 causis
2406 690 2746 746 nequaquam
2774 676 3047 741 nascitur;
3084 675 3343 745 insipiens
3374 673 3542 743 igitur

1948 778 2088 834 erat,
2127 777 2180 823 et
2226 767 2541 838 imprudens
2588 775 2716 820 ante
2762 764 3255 836 transgressionem
3295 763 3538 819 mandati

1948 876 2047 931 per
2076 860 2311 929 seipsum
2351 858 2528 914 factus
2568 866 2676 913 cst.
2713 856 2967 913 Attamen
3004 856 3050 911 si
3075 856 3389 911 mandatum
3430 869 3542 909 non

1950 951 2443 1023 transgrederetur,
2471 950 2720 1005 fortassis
2744 964 2920 1020 neque
2942 965 3008 1005 cx
3035 947 3283 1020 paradiso
3308 945 3547 1017 expelle-

1950 1057 2123 1109 retur,
2147 1046 2240 1101 sed
2263 1045 2393 1100 solis
2415 1054 2641 1099 naturae
2660 1058 2793 1099 suae
2808 1042 2984 1107 bonis,
3001 1057 3141 1112 quae
3156 1041 3209 1095 in
3227 1041 3399 1111 prima
3416 1054 3549 1101 con-

1950 1136 2156 1191 ditione
2175 1136 2258 1191 sui
2282 1143 2587 1206 acceperat,
2609 1133 2900 1196 frueretur,
2922 1132 3084 1201 inque
3104 1130 3189 1185 eis
3206 1130 3440 1200 quadam
3469 1126 3551 1184 fev

1950 1225 2154 1281 licitate
2168 1226 2491 1289 laetaretur,
2502 1224 2758 1294 quamvis
2774 1219 3190 1293 participatione
3201 1216 3446 1274 summac
3459 1234 3552 1273 sar

1952 1320 2189 1390 pientiae
2224 1328 2280 1373 et
2309 1318 2629 1388 prudentiae
2676 1315 2874 1370 merito
2904 1329 3034 1369 suae
3085 1311 3347 1367 stultitiae
3369 1320 3427 1366 et
3465 1308 3549 1364 ﬁr-

1954 1411 2161 1465 tuitatis
2189 1410 2516 1479 privaretur.
2542 1407 2738 1462 Multos
2765 1405 3032 1475 siquidem
3057 1419 3122 1459 ac
3157 1417 3332 1474 paene
3357 1418 3547 1459 omnes

1951 1501 2282 1572 improvidos
2311 1509 2367 1555 et
2382 1499 2714 1570 insipientes,
2734 1497 2907 1552 laetos
2937 1504 3114 1550 tamen
3138 1495 3164 1527 ⁸
3184 1501 3553 1549 clcontcntos

1951 1605 2072 1648 esse
2097 1591 2340 1646 videmus
2366 1589 2388 1622 '
2417 1591 2485 1644 de
2508 1588 2792 1643 nobilitate
2819 1585 3055 1658 generis,
3076 1585 3142 1640 de
3162 1583 3405 1655 pluribus
3420 1598 3555 1638 cort-

1953 1682 2286 1754 sangulneis,
2311 1683 2378 1737 dc
2399 1682 2685 1736 honestate
2711 1678 2955 1748 corporis
2974 1675 3289 1745 viribusque
3327 1682 3383 1730 et
3403 1674 3551 1730 sani-

206 1804 211 1808 ι
251 1786 307 1831 et
341 1754 537 1834 omnes
571 1781 750 1851 angeli
793 1796 862 1836 ex
890 1754 1004 1838 suis
1034 1754 1214 1840 eausis
1247 1754 1723 1854 simul-prodiere,
1757 1794 1852 1840 ειη
1879 1754 1926 1814 Β
1957 1782 2086 1838 tate,
2108 1774 2174 1828 de
2190 1772 2389 1827 astutia
2408 1772 2625 1834 mentis,
2648 1771 2716 1826 de
2731 1770 3023 1824 verborum
3038 1767 3335 1838 lepiditatc,
3358 1766 3424 1820 de
3439 1763 3551 1836 pul-

253 1869 447 1927 ordine
476 1879 781 1943 temporum
805 1875 1102 1931 constituto
1127 1876 1498 1947 unusquisque
1520 1877 1724 1947 absque
1745 1876 1854 1932 ulla

254 1962 611 2031 corruptione
632 1973 688 2019 et
714 1964 1069 2022 similitudine
1094 1967 1461 2036 generationis
1482 1966 1853 2037 jumentorum

253 2052 307 2106 in
333 2053 480 2108 hunc
511 2056 767 2111 mundum
792 2058 1110 2127 procederet
1140 2089 1216 2099 —
1246 2075 1372 2114 num
1398 2075 1590 2116 omnes
1612 2061 1856 2116 homines

252 2143 491 2214 aequalis
527 2143 878 2217 ejusdemque
916 2149 1133 2205 virtutis
1176 2158 1231 2205 et
1258 2150 1466 2207 ordinis
1496 2161 1711 2217 essent,
1745 2166 1813 2205 an
1837 2191 1854 2217 ,

254 2234 398 2289 sicut
422 2237 626 2304 angeli,
659 2237 733 2292 ita
749 2246 805 2294 et
833 2239 1083 2296 homines
1111 2241 1225 2297 suis
1249 2241 1532 2297 ordinibus
1560 2243 1855 2298 secundum

252 2326 492 2382 divinam
531 2329 928 2398 providentiam
962 2339 1017 2389 et
1046 2332 1365 2401 sapientiam
1401 2331 1859 2403 disponerentur?

257 2416 622 2488 Respondebit
649 2419 744 2486 illi,
773 2420 953 2486 credo,
984 2422 1077 2493 qui
1099 2422 1372 2492 promittit
1397 2423 1710 2478 hominibus
1734 2432 1860 2491 post

256 2510 733 2576 resurrectionem,
752 2511 894 2580 quod
923 2524 1076 2568 erupit
1102 2514 1242 2569 sicut
1268 2513 1444 2585 angeli
1470 2514 1524 2568 in
1551 2513 1717 2568 caelo.
1744 2515 1857 2568 An-

252 2600 355 2669 geli
380 2612 565 2657 autem
588 2603 825 2673 propriis
845 2604 1125 2660 ordinibus
1145 2605 1541 2675 disponuntur;
1570 2604 1859 2674 disponen-

253 2701 343 2746 tur
359 2693 541 2763 itaque
557 2694 877 2751 ethomines
889 2695 1116 2754 diversis
1137 2696 1393 2752 virtutum
1408 2696 1859 2753 ordinationibus.

250 2784 319 2837 At
355 2782 401 2838 si
436 2784 511 2838 ita
544 2782 710 2839 futuri
754 2796 903 2852 sunt,
949 2785 1077 2843 licet
1110 2797 1233 2859 post
1260 2796 1574 2858 peccatum,
1612 2787 1860 2859 profecto

251 2869 421 2930 futuri
451 2886 636 2932 essent
700 2878 743 2932 si
774 2894 880 2933 non
914 2890 1224 2950 peccaram,
1256 2882 1360 2938 hoc
1389 2892 1473 2938 est
1493 2924 1507 2947 ,
1533 2898 1644 2937 non
1670 2883 1858 2939 eodem

257 2966 420 3021 modo
442 2968 907 3039 contemplatione
927 2971 1176 3027 veritatis
1198 2972 1534 3029 fruerentur.
1560 2974 1731 3029 Porro
1766 2975 1811 3029 si
1839 2974 1860 3005 ³

250 3056 462 3125 primus
499 3056 681 3124 homo,
714 3068 774 3114 ut
815 3061 891 3115 ait
925 3069 1150 3118 sanctus
1187 3062 1549 3134 Augustinus,
1587 3064 1639 3118 in
1681 3064 1857 3135 prima

252 3162 352 3202 sua
382 3147 728 3213 conditione,
761 3149 1080 3222 priusquam
1103 3162 1393 3223 peccaret,
1420 3168 1601 3225 neque
1639 3155 1860 3224 sapiens

251 3245 371 3291 erat
400 3250 578 3308 neque
608 3237 881 3309 insipiens
905 3269 978 3281 —
1001 3241 1047 3298 si
1087 3242 1233 3297 enim
1264 3243 1503 3313 sapiens,
1540 3259 1648 3300 non
1688 3246 1857 3300 Deum

252 3327 551 3394 desereret,
582 3337 646 3383 ut
684 3326 843 3385 uxorii
869 3345 1001 3387 suae
1036 3332 1394 3400 consentiret,
1422 3346 1598 3403 neque
1642 3335 1859 3391 incaute

253 3426 471 3489 ageret,
496 3431 564 3472 ne
588 3418 892 3478 diabolicae
915 3422 1151 3479 astutiae
1171 3424 1483 3494 superbiam
1512 3424 1856 3491 imitaretur;

258 3524 366 3564 non
393 3511 543 3565 enim
570 3510 827 3569 seductus
852 3524 958 3580 est,
999 3516 1096 3571 sed
1125 3516 1380 3586 superbia
1402 3517 1619 3573 inﬂatus
1644 3532 1659 3572 :
1687 3519 1733 3574 si
1763 3534 1859 3573 au-

257 3611 365 3656 tem
392 3602 678 3672 insipiens,
706 3605 830 3676 quis
858 3605 1336 3663 credideritDeum
1360 3608 1553 3665 fecisse
1582 3610 1857 3665 hominem

255 3693 602 3763 msipieutem
619 3694 685 3750 ad
700 3697 991 3767 imaginem
1007 3707 1063 3753 et
1076 3698 1488 3754 similitudinem
1504 3713 1857 3772 suam—pro-

259 3788 404 3843 iacto
429 3789 665 3857 quadam
697 3791 989 3847 medietate
1015 3791 1245 3848 libratus
1277 3793 1420 3848 inter
1448 3792 1773 3861 sapientiam
1803 3802 1862 3849 et

259 3875 633 3944 insipientiam
652 3878 904 3933 conditus
929 3888 1042 3945 est,
1067 3889 1122 3935 et
1149 3878 1392 3937 futurum
1421 3882 1470 3936 ei
1498 3892 1618 3937 erat
1644 3882 1861 3953 sapiens

258 3966 403 4032 ﬁeri,
435 3966 484 4023 si
511 3969 823 4024 mandatqu
848 3970 944 4047 Dei
970 3980 1234 4028 servaret.
1263 3971 1381 4027 Non
1402 3974 1548 4029 enim
1574 3975 1648 4029 ait
1675 3974 1860 4046 Scrip-

258 4068 385 4113 tura
413 4058 437 4089 ⁵
470 4077 484 4113 :
518 4058 802 4117 Faciamus
836 4063 1112 4118 hominem
1146 4064 1434 4136 imaginem
1466 4075 1523 4121 et
1547 4067 1860 4122 similitudi-

259 4162 387 4205 nom
414 4159 655 4206 nostram
678 4193 693 4217 ,
723 4153 819 4208 sed
852 4155 922 4208 ad
953 4156 1229 4225 imaginem
1257 4166 1303 4210 et
1338 4157 1733 4213 similitudinem
1762 4177 1859 4214 rw-

258 4250 450 4293 atrarn.
485 4239 566 4296 Ac
598 4242 642 4297 si
670 4242 830 4314 plane
869 4243 1144 4301 diceretur
1171 4263 1183 4300 :
1216 4246 1297 4302 Ad
1335 4247 1438 4303 hoc
1468 4248 1733 4304 faciamus
1757 4250 1859 4304 ho-

262 4332 469 4388 minem
495 4334 536 4399 ',
552 4343 635 4399 ut,
655 4336 700 4389 si
720 4348 1069 4407 praeceptum
1094 4347 1340 4395 nostrum
1363 4342 1705 4406 custodierit,
1725 4342 1860 4397 ima-

1954 1866 2086 1921 chra
2137 1864 2516 1934 morigeraque
2561 1862 2602 1892 ‘°
2649 1876 2842 1926 uxore,
2881 1859 2953 1913 de
2995 1858 3326 1914 fecunditate
3353 1856 3544 1926 prolis,

1957 1971 2411 2028 terrenarumquc
2460 1972 2635 2011 rerum
2670 1954 2968 2020 afﬂuentia,
3030 1962 3089 2007 ut
3138 1969 3244 2008 non
3278 1952 3457 2007 dicam
3484 1951 3553 2007 dc

1955 2053 2309 2125 dignitatibus
2328 2053 2370 2083 υ
2396 2062 2451 2105 et
2479 2050 2800 2114 honoribus,
2826 2047 3149 2116 ceterisque,
3175 2045 3370 2114 quibus
3396 2059 3554 2098 mun-

1956 2145 2060 2201 dus
2089 2145 2192 2200 istc
2222 2143 2452 2207 arridet,
2485 2143 2537 2197 in
2566 2151 2798 2205 tantum,
2830 2148 2891 2194 ut
2915 2138 3156 2208 optarint
3184 2146 3449 2207 perpetuo
3473 2136 3553 2191 sic

1958 2236 2163 2302 vivere,
2199 2234 2332 2289 nihil
2361 2234 2429 2289 de
2471 2232 2848 2305 spiritualibus
2888 2229 3097 2286 deliciis
3134 2227 3324 2283 audire
3347 2224 3431 2282 vel
3460 2239 3555 2280 co-

1955 2325 2133 2396 gitare
2175 2323 2439 2379 volentes.
2487 2323 2568 2376 Ad
2601 2323 2747 2377 hunc
2773 2321 2963 2389 itaque
2993 2326 3197 2372 statum
3251 2317 3551 2386 primorum

1960 2414 2241 2470 hominum
2272 2428 2399 2468 amc
2440 2412 2720 2475 delictum,
2756 2412 2859 2465 hoc
2904 2417 3009 2474 est,
3034 2409 3100 2462 ad
3126 2406 3243 2462 sola
3280 2405 3550 2460 mturalia

1958 2506 2099 2562 bona
2130 2506 2337 2575 absque
2383 2504 2645 2558 virtutum
2673 2501 3028 2562 ornamentis,
3062 2507 3274 2570 partem
3326 2497 3551 2551 humani

1959 2596 2176 2669 generis
2196 2611 2382 2660 uuam,
2403 2608 2541 2665 quae
2585 2603 2711 2665 typo
2736 2592 3010 2648 futuat-um
3037 2590 3277 2661 quinque
3306 2588 3351 2619 ⁸³
3382 2587 3553 2659 virgi-

1958 2703 2090 2744 num
2123 2686 2518 2758 configuratur,
2557 2697 2935 2748 reversuram;
2982 2682 3050 2736 ad
3092 2681 3260 2751 ipsam
3291 2693 3425 2733 vero
3451 2692 3551 2732 cit-

1961 2779 2361 2843 celsitudinem,
2398 2776 2466 2831 ad
2503 2790 2667 2846 quam
2690 2773 2854 2829 homo
2883 2788 2982 2843 per
3009 2771 3241 2841 gratiam
3270 2768 3337 2833 ¹³,
3370 2767 3416 2823 si
3443 2782 3550 2822 non

1961 2882 2236 2946 peccaret,
2268 2884 2596 2927 ascensurus
2626 2878 2793 2932 esset,
2823 2867 2927 2923 hoc
2946 2873 3050 2931 est,
3074 2865 3141 2918 ad
3180 2861 3555 2934 participatio-

1964 2982 2087 3024 nem
2105 2980 2350 3023 summac
2369 2963 2671 3035 sapientiae
2688 2961 3041 3032 omniumque
3056 2961 3260 3015 virtutn
3269 2974 3342 3024 m,
3365 2972 3551 3027 quam,

1905 3106 1929 3128 ,
1963 3059 2432 3131 participationem
2464 3057 2606 3121 dico,
2646 3053 2921 3111 deiﬁcatio
2948 3062 3004 3110 et
3026 3050 3411 3122 contemplatio
3455 3064 3552 3103 ve-

1955 3154 2140 3216 ritatis
2186 3151 2478 3221 sequitur,
2527 3149 2753 3204 alteram
2817 3148 3090 3202 humanae
3143 3141 3554 3199 numerositatis

1959 3254 2192 3318 partem,
2219 3242 2373 3313 cujus
2416 3239 2721 3312 symbolum
2758 3246 2844 3292 est
2877 3234 3163 3306 quinarius
3207 3230 3551 3303 prudentium

1956 3334 2227 3407 virginum
2256 3345 2538 3394 numerus,
2578 3327 2975 3384 sublimandam
3024 3324 3166 3379 ultra
3192 3321 3375 3377 omnia
3408 3320 3549 3375 bona

1957 3423 2251 3488 naturalia,
2281 3431 2338 3478 et
2364 3421 2430 3477 ad
2457 3418 2768 3491 spirituales
2789 3417 3008 3488 nuptias
3038 3413 3225 3485 sponsi
3252 3412 3335 3465 sui
3380 3411 3552 3464 intra-

1957 3528 2140 3573 turam
2168 3516 2236 3582 ",
2268 3530 2377 3569 non
2430 3514 2729 3584 incongrue
2755 3508 3178 3566 existimandum
3210 3506 3286 3573 ⁸⁸;
3319 3505 3388 3560 ad
3418 3519 3556 3574 quas

1960 3621 2122 3664 nemo
2167 3604 2568 3669 intromittitur,
2604 3601 2713 3656 nisi
2752 3600 3057 3671 sapientiae
3101 3598 3222 3653 luce
3261 3595 3551 3665 refulgens,

1958 3697 2239 3767 divinique
2290 3695 2495 3751 amoris
2551 3691 3066 3748 inﬂammationibus
3116 3688 3346 3751 ardens,
3413 3700 3554 3755 quae

1963 3790 2088 3855 duo,
2155 3786 2483 3858 sapientiam
2538 3785 2661 3839 dico
2745 3791 2801 3839 et
2851 3782 3169 3844 caritatem,
3229 3777 3555 3848 pinguedine

1961 3879 2224 3936 scientiae
2252 3888 2308 3933 et
2343 3875 2575 3931 actionis
2618 3874 2968 3938 nutriuntur;
3019 3880 3075 3926 et
3103 3871 3172 3925 ad
3200 3884 3295 3923 eas
3334 3868 3554 3937 nuptias

1959 3971 2142 4027 nullus
2181 3969 2441 4025 scientiae
2480 3976 2535 4023 et
2568 3966 2803 4022 actionis
2857 3979 3071 4035 expers,
3105 3960 3358 4032 quamvis
3398 3970 3559 4014 natu-
3620 4001 3625 4004 .

1961 4063 2168 4118 ralibus
2196 4061 2354 4117 bonis
2404 4057 2757 4129 integerrime
2784 4063 2838 4111 et
2886 4052 3253 4125 pulcherrime
3282 4050 3550 4113 ﬂoruerit,

1961 4156 2160 4211 sinitur
2180 4138 2490 4215 ascendere,
2518 4149 2616 4204 sed
2641 4147 2867 4202 omnino
2889 4147 2958 4201 ab
2978 4145 3057 4199 eis
3082 4141 3399 4198 mluditur.
3433 4138 3553 4194 Non

1963 4247 2111 4302 enim
2141 4244 2267 4298 illuc
2295 4251 2488 4297 natura
2545 4240 2840 4295 humanam
2890 4246 3129 4292 mentem
3165 4232 3550 4297 sublevat,sed

1960 4337 2157 4408 gratia,
2175 4344 2228 4389 et
2251 4333 2523 4388 mandatis
2544 4332 2637 4387 Dei
2650 4331 3012 4396 obcdientiae,
3033 4325 3465 4400 purissimaeque
3478 4324 3549 4389 “,

263 4436 334 4491 go
357 4432 542 4518 nostra
571 4432 623 4479 et
655 4426 950 4482 similitudo
978 4427 1093 4483 ﬂat.
1122 4427 1241 4485 Non
1272 4446 1402 4504 ergo
1434 4432 1652 4501 sapiens
1679 4432 1855 4488 factus
1883 4459 1933 4518 υ
1962 4437 2223 4500 quantum
2250 4428 2304 4483 in
2331 4427 2432 4482 hac
2460 4426 2568 4480 vita
2596 4424 2776 4491 datur,
2811 4423 2904 4479 Dei
2932 4436 3030 4493 per
3078 4421 3293 4489 literam
3314 4426 3372 4472 et
3397 4431 3552 4472 crea-

260 4522 382 4577 est,
422 4515 516 4570 sed
563 4530 767 4586 capax,
814 4521 860 4575 si
908 4520 1091 4586 vellet,
1134 4523 1452 4592 sapientiae.
1489 4522 1668 4579 Potuit
1704 4526 1848 4579 enim

259 4606 584 4675 sapientiam
626 4625 886 4690 .capere,
940 4622 997 4668 et
1056 4614 1123 4668 ad
1189 4616 1431 4672 habitum
1486 4616 1605 4687 ejus
1648 4619 1671 4651 ⁸
1721 4633 1847 4687 per-

260 4697 484 4763 venire,
533 4699 579 4755 si
627 4701 869 4757 divinum
917 4706 1201 4761 consilium
1255 4709 1518 4765 noluisset
1566 4724 1846 4780 spernere.

261 4785 531 4854 Quoniam
578 4806 707 4847 vero
751 4809 856 4849 non
892 4811 1114 4852 sursum
1165 4814 1358 4855 versus
1408 4814 1506 4870 per
1546 4801 1846 4855 custodiam

260 4879 503 4935 mandati
549 4882 616 4936 ad
667 4885 992 4954 sapientiam
1044 4903 1105 4943 se
1154 4899 1441 4956 erexerat,
1504 4890 1601 4945 sed
1647 4906 1851 4960 pronus

261 4982 364 5037 per
382 4968 501 5039 ejus
517 4976 538 5008 τ
556 4976 1053 5042 transgressionem
1086 4979 1139 5032 in
1178 4979 1456 5034 libidinem
1476 4980 1855 5050 temporalium

259 5064 319 5110 et
338 5058 676 5115 sensibilium
700 5076 880 5118 rerum
903 5080 1000 5120 sua
1021 5069 1237 5137 propria
1260 5068 1535 5124 voluntate
1556 5079 1852 5133 corruerat,

259 5146 384 5216 plus
397 5149 656 5222 insipiens
666 5164 828 5223 atque
844 5156 1157 5226 imprudens
1168 5157 1561 5213 existimandus
1574 5167 1676 5225 est,
1693 5161 1856 5215 etiam

1960 4531 2140 4578 turam
2172 4520 2498 4592 cegnitionis
2527 4518 2783 4574 meritum
2815 4515 3087 4572 subvehit.
3120 4514 3338 4569 Intuere
3369 4512 3550 4578 itaque

1958 4616 2117 4686 hujus
2145 4614 2434 4686 parabolae
2488 4612 2802 4679 medullam,
2854 4620 2912 4667 et
2947 4608 3220 4682 quomodo
3259 4605 3550 4662 transitum

1957 4709 2088 4763 facit
2132 4709 2199 4762 de
2253 4722 2452 4778 genere
2483 4709 2524 4742 "
2578 4707 2646 4762 ad
2695 4706 2955 4777 speciem,
2995 4703 3452 4775 quemadmodum
3493 4698 3547 4753 in

1955 4796 2196 4869 praefata
2224 4796 2477 4867 parabola
2506 4796 2575 4852 de
2600 4796 2812 4853 duobus
2840 4795 2968 4850 filiis
2992 4794 3162 4865 patris
3185 4793 3268 4848 sui
3293 4791 3547 4848 substan-

1961 4892 2091 4946 tiam
2122 4891 2265 4945 inter
2311 4905 2371 4945 se
2420 4887 2801 4959 partientihus.
2845 4886 2904 4941 lu
2950 4900 3013 4940 ea
3070 4883 3338 4954 siquidem
3386 4880 3551 4936 totius

1959 4981 2176 5052 generis
2197 4980 2416 5035 humani
2444 4977 2710 5049 generalis
2747 4977 2954 5030 reditus
2980 4974 3181 5045 primo,
3209 4971 3402 5028 deinde
3422 4985 3549 5041 spe-

1960 5072 2115 5127 cialis
2139 5070 2356 5142 gentilis
2383 5068 2563 5139 populi
2603 5066 2976 5121 conformatur
3006 5082 3020 5118 :
3056 5065 3108 5120 in
3140 5066 3246 5120 hac
3272 5072 3452 5118 autem
3478 5061 3551 5115 si-

1961 5163 2163 5216 militer
2187 5160 2231 5192 ⁸⁸
2252 5174 2350 5229 per
2377 5159 2563 5213 decem
2592 5158 2832 5228 virgines
2853 5156 3069 5212 obviam
3097 5168 3297 5224 sponso
3340 5165 3547 5206 creua-

260 5240 578 5345 priusquam
607 5256 886 5317 peccaret,
921 5264 1084 5319 quam
1115 5251 1412 5320 sapientiae
1440 5261 1497 5308 et
1535 5253 1857 5322 prudentiae
1958 5264 2046 5309 tes
2075 5252 2241 5307 totius
2279 5251 2548 5307 humanae
2576 5250 2980 5306 numerositatis
3009 5245 3279 5319 generalis
3333 5243 3399 5298 ad
3429 5240 3548 5311 pri-

324 5360 354 5405 θ’
1548 5361 1805 5417 VARIAE
1845 5360 2249 5419 LECTlONES.

330 5467 371 5551 fr
400 5475 445 5519 et
471 5482 575 5551 non
594 5484 686 5551 per
707 5471 998 5551 masculum
1020 5504 1090 5551 _——
1114 5485 1495 5551 propagaretur
1515 5475 1719 5551 oin._A.
1795 5485 1816 5516 ί
1846 5477 1891 5530 Α
1931 5473 2190 5551 similiter.
2272 5474 2292 5506 ³
2325 5473 2372 5528 si
2418 5488 2529 5551 om.
2574 5473 2638 5527 A.
2715 5473 2736 5503 ⁸
2778 5473 2822 5527 ιθ
2842 5471 3131 5551 _Scri_ptura
3159 5472 3255 5551 ait.
3333 5471 3354 5500 ⁸
3385 5468 3546 5551 περ.

262 5536 802 5626 Ἶᾷξῄΐέξίϐάϐῦῑξίδκ
865 5542 953 5626 '“A
982 5544 1096 5626 eius
1114 5536 1377 5626 habitant.
1508 5547 1551 5600 A
1592 5547 1705 5626 eius
1734 5562 1825 5626 per
1856 5544 2360 5626 transgressionem.
2440 5548 2461 5576 ⁸⁸
2481 5553 2658 5597 tamen
2680 5558 2797 5626 om.
2968 5536 3060 5622 {A
3090 5540 3354 5595 audimus.

266 5605 618 5695 afﬁgere:
864 5612 1137 5695 dignitate.
1216 5616 1259 5647 ι’
1370 5616 1564 5695 quippe
1615 5605 1904 5695 virginum.
1985 5605 2038 5695 {’V
2089 5631 2185 5695 per
2220 5614 2731 5695 gratuitumque.
2762 5612 2927 5695 “"A
2989 5614 3042 5666 in
3084 5621 3349 5668 naturam.
3430 5609 3472 5642 "
3500 5612 3543 5664 Δ

266 5680 626 5733 existimatur.
708 5680 750 5714 "
778 5680 823 5735 Δ
887 5680 1217 5752 purissimae.
1302 5685 1343 5716 ¹τ
1369 5680 1409 5739 F
1450 5680 1512 5739 de
1572 5680 1753 5760 genere
1794 5689 1918 5760 facit
1950 5687 2016 5743 ad
2047 5680 2299 5758 speciem.
2375 5685 2417 5717 ⁸³
2444 5685 2489 5742 Α
2518 5682 2878 5740 similitudine.
