3952 6162
470 255 608 312 1015

1824 252 2108 309 JOANNIS
2148 239 2345 310 scen

3579 245 3699 303 ιῡιε

467 370 668 423 stinum
724 378 951 424 naturae
991 377 1190 424 statum
1251 369 1516 435 reversio;
1570 367 1818 439 specialis
1863 376 2042 422 autem
2072 370 2121 430 Α
2150 368 2400 432 batorum
2425 367 2476 420 in
2503 366 2705 422 sanctis
2727 365 2952 436 angulis,
2978 364 3284 432 sanctisque
3309 359 3626 421 hominibus,
3653 373 3701 418 et

467 475 565 530 per
589 460 826 531 quinque
851 460 1140 530 prudentes
1180 460 1418 514 onmium
1448 459 1790 514 Sanctorum.
1820 457 2043 532 Species

466 549 611 602 eiiim
661 549 876 601 immani
920 549 1135 617 generis
1161 559 1240 603 est
1269 548 1564 604 electorum
1618 563 1890 603 nmnerns.
1924 546 2040 600 Non

469 639 644 691 solum
701 638 863 707 igitur
886 639 901 668 ¹
932 639 999 691 ad
1049 640 1329 707 antiquum
1357 649 1580 694 naturae
1608 639 1926 709 principium
1959 653 2042 692 re-

466 731 608 784 ditus
655 729 705 782 in
750 730 1159 799 generalitatem
1210 732 1580 794 humanitatis,
1642 747 1824 785 verum
1877 732 2040 785 etiam

464 820 600 873 ttltra
648 829 894 875 naturam
930 822 980 874 in
1015 822 1186 890 ipsum
1220 822 1385 875 Deum
1419 823 1470 875 in
1512 822 1847 891 specialitate
1888 820 2043 875 deiﬁ-

461 912 690 966 cationis
766 912 1051 968 inelTabilis
1122 915 1428 969 insinuatur
1497 930 1775 969 ascensus.
1839 914 2042 969 Omnes

457 1002 655 1072 quippe
682 1002 732 1056 in
754 1005 1090 1073 paradisum,
1119 1007 1578 1072 utpraediximus,
1605 1015 1729 1059 sunt
1745 1005 2035 1065 reversuri,
2059 1012 2064 1017 ’

458 1091 552 1144 sed
601 1107 704 1144 non
751 1108 941 1148 omnes
990 1094 1055 1147 de
1104 1095 1124 1124 ¹
1168 1094 1312 1165 ligno
1354 1095 1497 1149 vitae
1535 1103 1660 1149 sunt
1684 1093 1928 1159 l‘ruituri;
1957 1095 2041 1148 vel

458 1197 603 1240 certe
631 1204 818 1243 omnes
867 1189 934 1243 de
985 1190 1128 1259 ligno
1157 1191 1299 1244 vitae
1335 1200 1461 1244 sunt
1487 1192 1780 1261 accepturi,
1811 1191 1903 1245 sed
1933 1206 2040 1245 non

457 1278 774 1344 aequaliter.
822 1277 953 1332 Nam
999 1288 1056 1333 et
1096 1281 1360 1334 naturalia
1402 1281 1560 1343 bona,
1590 1296 1820 1348 quormn
1849 1297 2040 1336 omnes

457 1367 758 1435 aequaliter
783 1369 1072 1438 participes
1104 1381 1278 1431 erunt,
1314 1372 1549 1426 fructum
1579 1371 1706 1442 ligni
1731 1372 1874 1426 vitae
1894 1386 2037 1433 esse,

455 1458 651 1512 stultus
678 1462 766 1528 qui
813 1460 1046 1528 ignorat.
1082 1468 1182 1517 Πᾶν
1208 1461 1353 1527 ξῦλον
1383 1463 1602 1532 quippe,
1636 1472 1694 1517 ιιι
1723 1465 1774 1516 in
1797 1465 2042 1532 superio—

457 1548 607 1601 ribus
661 1551 1032 1615 tractavimus,
1093 1552 1141 1604 id
1205 1561 1306 1613 est,
1345 1568 1508 1605 omne
1564 1552 1765 1622 lignum
1815 1561 2039 1606 vocatur

457 1635 737 1703 Christus;
763 1642 959 1711 quippe
980 1644 1218 1697 omnium
1248 1644 1508 1710 bonorum
1531 1643 1730 1714 lignum
1750 1651 1831 1698 est
1853 1641 2038 1696 fructi-

453 1727 651 1795 ferum,
683 1734 805 1800 quia
841 1735 953 1802 ipse
1002 1745 1085 1790 est
1117 1752 1278 1791 omne
1321 1737 1518 1790 bonmn
1551 1737 1897 1806 onmiumque
1939 1735 2038 1789 bo-
2069 1717 2111 1776 Β

452 1837 644 1876 norum
678 1823 919 1894 largitor.
959 1826 1228 1881 Fruentur
1254 1829 1432 1897 itaque
1459 1845 1647 1883 omnes
1677 1829 1923 1883 homines
1959 1828 2041 1896 ip-

450 1914 566 1968 sius
581 1914 755 1969 l'ructu
773 1918 1184 1986 participatione
1199 1920 1522 1972 naturalimn
1539 1919 1800 1973 bonorum
1823 1933 2041 1988 genera-

450 2003 613 2071 liter;
641 2006 890 2062 fruentur
917 2003 1072 2063 electi
1103 2011 1187 2062 sui
1221 2011 1609 2064 excelsitudine
1639 2011 2038 2065 deiﬁcationnm

450 2095 587 2150 ultra
602 2111 816 2151 onmem
835 2108 1081 2153 naturam
1100 2101 1428 2170 specialiter.
1447 2101 1821 2156 Deilicationes
1837 2104 2036 2171 itaque,

445 2202 586 2260 quas
611 2189 708 2242 soli
730 2190 860 2259 justi
893 2192 1314 2260 participabunt,
1347 2193 1715 2262 spiritualibns
1741 2194 2039 2263 ﬁgurantur

449 2276 675 2344 nuptiis,
722 2279 774 2331 in
823 2294 963 2348 quas
1008 2281 1300 2348 prudentes
1349 2281 1690 2336 intraverunt
1727 2283 1963 2351 virgines
1989 2284 2033 2337 ³.

449 2362 566 2420 Νοη
591 2367 733 2420 enim
763 2383 955 2424 omnes
1001 2370 1502 2439 sopernatnralibus
1553 2370 1801 2424 fruentur
1860 2372 2035 2436 bonis,

449 2456 544 2509 sed
569 2455 642 2510 illi
674 2457 796 2520 soli,
825 2458 1036 2528 quibus,
1058 2469 1118 2514 ut
1137 2459 1433 2531 Gregorius
1457 2462 1533 2515 ait
1558 2460 1887 2532 Theologus,
1915 2462 2034 2517 licet

445 2557 692 2616 superata
721 2551 976 2604 materia‘
1003 2563 1051 2605 et
1081 2569 1260 2616 carne,
1287 2553 1444 2607 veluti
1471 2555 1783 2624 quibusdam
1813 2556 2034 2610 nubibus

446 2647 494 2689 et
536 2637 879 2693 velaminibus
914 2641 1252 2704 transcensis,
1300 2659 1393 2710 per
1437 2643 1691 2696 rationem
1725 2653 1773 2696 et
1805 2654 2035 2698 content-

452 2728 736 2797 plationem
759 2749 879 2785 cum
903 2733 1013 2787 Deo
1050 2734 1188 2801 ﬁeri,
1216 2745 1262 2788 et
1285 2735 1564 2803 purissimo
1587 2736 1610 2768 '
1630 2736 1824 2790 lumine
1846 2739 2029 2804 teneri,

446 2833 700 2892 quantum
747 2825 993 2892 possibile
1041 2836 1116 2880 est
1164 2828 1428 2882 humanae
1477 2843 1717 2883 naturae.
1767 2828 1858 2883 Isti
1907 2837 2035 2884 sunt

446 2913 611 2978 beati,
643 2915 768 2969 hinc
809 2917 1150 2979 ascensione.
1180 2927 1234 2971 et
1264 2918 1370 2974 illic
1391 2918 1752 2973 deiﬁcatione.
1786 2918 1894 2972 Sed
1928 2919 2032 2973 bu-

444 3003 532 3073 jus
562 3005 817 3069 nominis,
868 3007 1228 3064 deiﬁcationis
1256 3009 1396 3074 dico,
1450 3009 1502 3064 in
1543 3009 1724 3064 latinis
1753 3009 2030 3066 codicibus

447 3096 758 3152 rarissimus
802 3107 886 3153 est
940 3116 1102 3166 usus;
1159 3101 1490 3156 intellectum
1533 3117 1664 3157 vero
1721 3102 1839 3172 ejus
1890 3104 2029 3172 apud

449 3189 650 3245 multos
681 3201 734 3245 et
763 3193 998 3249 maxime
1026 3193 1166 3264 apud
1197 3194 1542 3250 Ambrosium
1572 3195 1896 3250 invenimus.
1923 3194 2030 3250 Sed

449 3297 621 3350 quare
660 3283 762 3338 hoc
788 3287 989 3351 evenit,
1034 3302 1140 3342 non
1188 3289 1321 3343 satis
1365 3289 1524 3344 nobis
1568 3298 1734 3359 patet.
1780 3289 1861 3343 An
1895 3290 2033 3345 forte

451 3375 576 3442 quia
602 3375 623 3404 ⁸
648 3391 839 3432 sensus
867 3378 1036 3447 ipsius
1077 3382 1334 3447 nominis,
1369 3384 1514 3452 quod
1535 3392 1621 3437 est
1647 3384 1893 3448 Tbeosis,
1923 3399 2032 3454 quo

450 3465 684 3520 maxime
697 3465 888 3522 Graeci
908 3471 1523 3542 utnntur,signilicantes
1537 3482 1844 3528 sanctorum
1863 3483 2033 3529 trans-

451 3557 586 3611 itum
618 3559 668 3612 in
703 3560 866 3614 Deum
892 3578 997 3616 non
1020 3563 1192 3617 solum
1214 3565 1412 3629 anima,
1431 3565 1523 3620 sed
1537 3568 1700 3620 etiam
1716 3577 1769 3622 et
1784 3584 2029 3638 corpore,

451 3654 510 3698 ut
558 3663 722 3701 unum
776 3651 828 3703 in
859 3651 976 3720 ipso
1005 3661 1200 3708 etcum
1233 3655 1349 3724 ipso
1379 3657 1507 3720 sint,
1539 3658 1754 3724 quando
1777 3659 1828 3714 in
1854 3661 1932 3716 eis
1957 3661 2030 3714 nil

450 3735 704 3801 animale,
726 3738 796 3792 nil
817 3754 1164 3810 corporeum,
1189 3743 1262 3798 nil
1290 3745 1626 3811 bumanum,’
1650 3747 1723 3802 nil
1746 3751 2030 3806 naturale'

451 3827 775 3893 remanebit,
815 3829 955 3886 altus
982 3832 1204 3886 nimium
1233 3835 1383 3890 visus
1411 3833 1455 3899 ⁸,
1491 3836 1738 3907 ultraque
1784 3842 2028 3898 carnales

448 3921 804 3990 cogitationes
833 3926 1126 3981 ascendere
1152 3943 1257 3981 non
1286 3929 1590 3984 valentibus
1615 3931 2028 4001 incomprehen—

448 4010 623 4065 sibilis
663 4021 720 4066 et
765 4013 1110 4078 incredibilis,
1145 4031 1208 4071 ac
1239 4033 1333 4086 per
1377 4018 1480 4073 hoc
1506 4035 1610 4074 non
1639 4020 1852 4088 publice
1875 4039 2029 4093 prae-

449 4099 733 4156 dicandus.
791 4101 896 4158 Sed
947 4105 1012 4158 de
1060 4121 1126 4160 eo
1174 4107 1312 4161 inter
1362 4109 1636 4178 sapientes
1666 4115 2026 4170 tractandum.

448 4190 612 4246 Multa
639 4195 836 4264 quippe
873 4197 1053 4252 divina
1084 4201 1341 4268 mysteria
1371 4216 1399 4252 a
1430 4203 1635 4257 sanctis
1661 4202 1908 4260 Patribus
1936 4211 2025 4264 in-

450 4291 590 4339 tacta
638 4287 708 4341 ob
743 4287 881 4344 hanc
911 4303 1129 4344 causam
1179 4293 1562 4360 praetermissa
1608 4305 1770 4361 sunt;
1826 4298 2026 4354 inﬁrmi

2144 457 2453 527 implebitur
2497 458 2687 513 domus
2725 459 2839 520 Dei,
2892 459 2946 512 in
2988 472 3094 525 qua
3146 454 3516 524 unusquisque
3568 453 3699 507 orrii-

2140 563 2208 602 ne
2258 549 2360 602 sibi
2407 563 2645 618 congruo
2691 548 3051 602 constituetur
3087 549 3132 611 ',
3184 545 3276 598 alii
3329 543 3576 606 inferius,
3621 543 3697 597 alii

2141 639 2412 707 superius,
2464 640 2553 693 alii
2596 640 2648 692 in
2706 639 3036 694 sublimitate
3093 645 3346 702 naturae,
3406 636 3499 689 alii
3562 647 3701 705 super

2139 746 2354 786 ornnem
2388 733 2688 786 naturalem
2720 733 2976 786 virtutem
3031 730 3176 784 circa
3223 729 3397 798 ipsum
3430 728 3614 782 Deum.
3638 729 3706 784 Ac

2139 824 2220 878 sic
2243 840 2408 878 coena
2449 825 2534 878 illa
2569 841 2762 895 magna
2794 824 3137 878 oadinabitur
3162 835 3216 877 et
3237 823 3620 880 celebrabitur.
3647 841 3701 878 ex

2139 927 2244 981 qua
2299 913 2496 966 nullius
2547 913 2871 977 substantia,
2933 913 3058 982 quia
3114 927 3182 967 ex
3249 912 3360 964 Deo
3423 910 3570 964 facta
3616 921 3706 966 est.

2140 1011 2425 1072 reSpuetur
2451 1043 2464 1067 ,
2514 1003 2712 1058 nullius
2741 1005 2952 1067 vitimn,
2983 1005 3108 1072 quia
3140 1019 3204 1056 ex
3245 1004 3354 1057 Deo
3383 1003 3587 1056 factum
3615 1018 3702 1056 non

2140 1105 2244 1158 est,
2295 1095 2689 1150 introducetur.
2716 1095 3043 1166 Purgabitur
3065 1095 3209 1149 enim
3253 1103 3470 1157 natura,
3496 1097 3702 1148 vetula-

2140 1188 2284 1241 bitur
2304 1188 2513 1252 vitium,
2531 1188 2891 1243 recondentur
2910 1185 3282 1240 substantialia
3304 1199 3493 1255 grana,
3513 1181 3701 1236 ﬁamma

2139 1279 2354 1331 divinae
2399 1278 2702 1332 sententiae
2737 1276 3053 1331 delictorum
3085 1275 3294 1328 ardebit
3325 1273 3501 1342 palea,
3552 1274 3701 1326 llumi-

2140 1369 2411 1421 nabuntur
2438 1368 2752 1423 abscondita
2786 1368 3152 1430 tenebrarum,
3183 1366 3362 1418 omnia
3396 1365 3450 1417 in
3478 1362 3704 1418 onmibus

2139 1459 2407 1513 videbitur
2429 1460 2590 1513 Deus.
2627 1460 2770 1514 Dtsc.
2807 1458 3093 1513 Sulliciunt
3123 1452 3411 1521 sane;'scd
3447 1454 3606 1524 hujus
3627 1472 3701 1525 pa-

2139 1552 2357 1606 rabolae
2387 1553 2601 1606 residua
2633 1553 2869 1606 breviter
2902 1567 3140 1620 exponas
3167 1550 3371 1621 ﬂagito.
3406 1549 3546 1604 Msa.
3576 1550 3705 1617 Quae

2140 1649 2264 1692 sunt
2291 1640 2413 1693 illa?
2442 1640 2584 1695 Dtsc.
2615 1640 2762 1694 Mora
2791 1641 2995 1708 sponsi,
3021 1640 3306 1701 dormitus,
3333 1647 3385 1691 et
3411 1638 3704 1692 dormitatio

2141 1733 2382 1786 omnium
2407 1734 2696 1804 virginum,
2722 1742 3029 1800 ceteraque,
3055 1748 3191 1801 quae
3215 1732 3413 1784 intacta
3443 1730 3698 1799 reliquisti.
3742 1778 3748 1784 .

2141 1823 2281 1878 MAG.
2312 1823 2456 1877 Mora
2489 1824 2670 1894 sponsi
2702 1833 2804 1886 est,
2839 1832 2896 1876 ut
2922 1825 3198 1885 existimo,
3231 1822 3523 1892 temporale
3555 1823 3700 1875 inter-

2140 1914 2358 1979 vallum,
2411 1917 2552 1985 quod
2596 1916 2737 1968 inter
2788 1916 3020 1984 primunt
3070 1915 3282 1968 Domini
3334 1925 3388 1968 et
3428 1913 3696 1968 secundum

2143 2005 2465 2060 transcurrit
2509 2007 2832 2069 adventum;
2889 2005 2970 2058 vel
3017 2016 3168 2059 certe
3219 2006 3286 2056 ab
3333 2005 3489 2057 initio
3536 2003 3698 2057 mundi

2140 2112 2307 2167 usque
2349 2098 2416 2151 ad
2456 2096 2616 2151 linem
2658 2095 2793 2164 eius.
2842 2095 3054 2150 Nullum
3090 2097 3236 2150 enim
3281 2107 3486 2165 tempus
3534 2105 3690 2149 trans-

2138 2202 2317 2246 actmn
2347 2191 2563 2255 est,.vel
2593 2192 2921 2261 transigetur
2942 2206 3040 2260 per
3066 2206 3158 2246 sex
3191 2191 3373 2244 mundi
3406 2197 3622 2252 aetates,
3649 2188 3691 2241 in

2137 2299 2244 2352 quo
2268 2283 2568 2353 virginitas,
2603 2284 2706 2338 hoc
2732 2292 2837 2348 est,
2865 2283 3145 2353 integritas
3180 2283 3448 2337 humanae
3470 2291 3692 2344 naturae,

2136 2389 2274 2444 quae
2322 2374 2376 2428 in
2425 2373 2574 2429 nullo
2621 2374 3022 2443 corrumpitur,
3070 2359 3318 2443 quamvis
3370 2373 3424 2426 in
3466 2372 3692 2426 omnibus

2135 2477 2364 2538 excepto
2405 2469 2624 2524 Christo
2672 2469 3041 2523 contaminata
3093 2468 3200 2531 sit,
3246 2467 3462 2521 obviam
3512 2479 3691 2536 sponso

2134 2577 2231 2617 suo
2280 2578 2384 2617 non
2423 2563 2552 2618 velit
2575 2563 2874 2617 ascendere
2906 2562 2973 2625 ¹⁰,
3008 2561 3059 2615 ἰιι
3095 2559 3416 2630 quibusdam
3449 2558 3609 2622 fatua,
3643 2558 3690 2611 in

2134 2651 2459 2721 quibusdam
2521 2652 2805 2723 prudens,
2869 2653 2923 2706 in
2977 2651 3228 2705 omnibus
3279 2651 3569 2706 conditoris
3619 2648 3688 2702 sui

2133 2758 2510 2812 supernaeque
2553 2744 2782 2812 patriae,
2813 2758 2976 2812 quain
3009 2743 3347 2806 deseruerat,
3389 2741 3687 2811 appetitrix;
3741 2755 3744 2758 ’

2133 2836 2401 2906 appetitus
2447 2836 2645 2906 quippe
2690 2833 3042 2890 beatitudinis
3087 2832 3336 2887 omnibus
3385 2830 3690 2900 sapientibus

2132 2936 2186 2980 et
2219 2926 2616 2995 insipientibus,
2649 2925 2806 2979 bonis
2839 2933 2895 2979 et
2929 2923 3105 2988 malis,
3144 2921 3505 2977 communiter
3529 2930 3580 2974 et
3607 2935 3692 2972 na-

2135 3017 2382 3072 turaliter
2407 3016 2564 3071 inest.
2587 3015 2644 3070 ln
2674 3015 2920 3086 praefato
2944 3012 3226 3068 intervallo
3252 3011 3503 3066 mundani
3519 3024 3690 3064 cursus

2134 3124 2230 3179 per
2272 3109 2519 3164 ordinata
2570 3115 2815 3178 tempora
2864 3107 3083 3176 quidam
3129 3106 3447 3166 dormiunt.
3490 3101 3686 3173 quidam

2134 3203 2453 3258 dormitant.
2494 3203 2779 3258 Dormiunt
2805 3203 3041 3271 quidem,
3081 3203 3170 3272 qui
3192 3202 3307 3272 jam
3337 3201 3528 3256 mortui
3554 3207 3683 3260 sunt,

2131 3305 2187 3349 et
2213 3297 2389 3350 adhuc
2420 3295 2700 3360 morituri;
2730 3293 3028 3349 dormitare
3057 3299 3236 3349 autem
3270 3294 3536 3354 dicuntur.
3563 3305 3683 3359 quos

2134 3385 2257 3440 linis
2298 3385 2480 3440 mundi
2527 3385 2680 3440 vivos
2706 3386 2758 3438 in
2786 3399 2950 3438 carne
2989 3385 3304 3438 inventurus
3335 3393 3439 3438 est.
3468 3381 3561 3448 Qui
3590 3395 3682 3432 non

2131 3477 2386 3542 dormire,
2431 3477 2525 3532 sed
2570 3477 2860 3532 dormitare
2900 3476 3270 3545 perhibentur,
3309 3475 3554 3546 quoniam
3580 3487 3683 3541 per«

2131 3567 2270 3622 fecta
2319 3578 2492 3623 morte
2541 3585 2649 3624 non
2701 3577 2827 3623 sunt
2875 3568 3146 3632 morituri,
3199 3568 3416 3622 nullove
3451 3568 3489 3598 "
3533 3565 3682 3635 spatio

2134 3659 2413 3729 temporali
2465 3659 2518 3713 in
2565 3673 2630 3713 ea
2674 3667 2834 3715 erunt
2882 3659 3106 3722 detenti,
3153 3659 3246 3713 sed
3292 3658 3457 3720 veluti
3498 3653 3680 3728 gravati

2131 3765 2341 3811 somno,
2374 3765 2478 3804 non
2506 3759 2683 3804 autem
2707 3748 2989 3818 prostrati,
3019 3747 3159 3802 nulla
3191 3757 3367 3802 morte
3395 3745 3678 3815 interposita

2131 3840 2186 3894 in
2234 3825 2394 3895 aliam
2448 3841 2617 3896 vitam
2670 3843 3039 3897 mutabuntur.
3070 3840 3186 3906 Quo
3207 3842 3259 3894 in
3289 3840 3407 3895 loco
3431 3835 3680 3894 videtur“

2129 3941 2350 3986 sanctus
2410 3932 2742 4002 Augustinus
2797 3931 3105 3986 consentire
3157 3931 3288 3994 his,
3345 3931 3435 3998 qui
3487 3929 3680 3987 dicunt,

2132 4024 2390 4078 tantillam
2423 4033 2649 4080 mortem
2693 4025 2747 4078 in
2791 4024 2906 4093 ipso
2931 4024 3274 4078 velocissimo
3310 4032 3460 4092 raptu
3490 4033 3678 4079 eorum,

2129 4115 2219 4184 qui
2268 4115 2322 4169 in
2365 4114 2469 4169 line
2508 4115 2693 4169 mundi
2745 4113 2850 4168 vivi
2898 4114 3060 4168 futuri
3087 4125 3236 4174 sunt,
3279 4128 3401 4168 esse
3443 4111 3674 4164 loturam.

2128 4204 2217 4258 Ait
2259 4206 2403 4258 enim
2449 4205 2502 4258 in
2549 4204 2808 4259 vicesimo
2850 4205 2988 4258 libro
3023 4205 3090 4259 de
3134 4203 3366 4258 Civitate
3409 4203 3494 4257 Dei
3523 4198 3675 4268 capite

2128 4295 2389 4349 vicesimo
2423 4295 2596 4364 primo
2624 4313 2636 4347 :
2667 4293 2728 4348 Si
2769 4303 2998 4360 sanctos,
3027 4295 3116 4364 qui
3149 4295 3470 4362 reperientur
3491 4290 3676 4345 Christo
3702 4269 3774 4364 ’βε

445 4377 711 4447 siquidem
737 4381 880 4435 oeuli
901 4383 1202 4437 claritatem
1234 4384 1451 4441 luminis
1473 4386 1696 4444 sulferre
1728 4401 2020 4460 nequeunt.
2047 4425 2103 4488 υ
2131 4387 2356 4440 veniente
2385 4388 2628 4450 riventes,
2664 4388 2811 4456 eique
2836 4387 2892 4439 in
2917 4387 3120 4439 obviam
3151 4387 3439 4454 rapientur,
3468 4381 3675 4436 credide-

446 4465 626 4488 o__m--
712 4479 725 4488 Α
826 4482 836 4488 .
950 4473 962 4488 I
989 4475 1018 4488 ι.
1170 4475 1182 4488 ι
1683 4480 1712 4488 ι.
2165 4479 2175 4488 .
2335 4479 2344 4488 .
2503 4478 2513 4488 .
2841 4477 2851 4488 ι
3043 4487 3049 4488 ,
3097 4477 3148 4488 ι..
3470 4475 3498 4488 ιι
3632 4486 3650 4488 η

446 4465 751 4533 Sulliciunt,
785 4482 843 4525 ut
885 4473 1143 4538 arbitror,
1169 4475 1302 4530 haec
1329 4493 1496 4545 pauca
1531 4480 1918 4551 paradigmata,
1953 4500 2019 4540 ex

441 4557 639 4616 divinis
667 4563 938 4630 parabolis
964 4575 1263 4636 assutnpta,
1291 4570 1356 4623 ad
1377 4570 1681 4640 generalem
1706 4575 2023 4641 specialem-

443 4664 550 4717 que
587 4652 807 4710 bumani
835 4658 1050 4725 generis
1079 4661 1418 4716 suadendum
1459 4663 1689 4719 reditum
1731 4666 1781 4720 in
1822 4669 2023 4736 princi-

443 4741 592 4808 pium
626 4757 802 4808 suum,
833 4747 1234 4814 primordialem
1261 4750 1382 4804 dico
1419 4753 1807 4819 conditionem,
1860 4758 2022 4827 inque

447 4834 618 4901 ipsum
673 4835 861 4902 Deum,
901 4839 952 4892 in
984 4839 1090 4904 bis,
1116 4842 1207 4910 qui
1259 4843 1623 4898 sincerissima
1657 4845 1774 4914 ejus
1801 4848 2022 4914 partici-

445 4924 664 4992 patione
696 4927 839 4997 digni
873 4940 997 4984 sunt
1021 4930 1148 4996 frui,
1176 4933 1349 5000 deque
1381 4934 1546 4988 totius
1573 4935 1844 4991 sensibilis
1870 4953 2024 4992 crea-

448 5024 621 5077 turae,
645 5031 783 5084 quae
807 5017 859 5071 in
881 5017 1101 5075 homine
1131 5031 1184 5075 et
1207 5031 1427 5091 propter
1457 5023 1727 5078 hominem
1758 5025 2022 5081 fabricata

443 5115 545 5170 est,
579 5107 630 5162 in
657 5125 850 5165 causas
876 5126 1006 5166 suas
1037 5115 1363 5178 reversione,
1395 5115 1612 5184 quando
1643 5117 1748 5170 erit
1792 5133 1898 5173 non
1930 5134 2020 5173 so-

439 5201 552 5256 tum
596 5202 846 5273 generale
910 5205 1191 5259 sabbatum
1250 5206 1300 5260 in
1361 5208 1618 5262 omnibus
1661 5209 1856 5263 divinis
1897 5225 2024 5279 ope-

442 5291 614 5357 ribus,
674 5309 859 5350 verum
909 5297 1070 5352 etiam
1134 5306 1188 5350 ct
1259 5298 1491 5367 speciale
1552 5298 1832 5354 sabbatum
1900 5303 2026 5358 sab-

2130 4479 2293 4532 rimus
2328 4479 2381 4531 in
2418 4478 2594 4531 eodem
2633 4490 2785 4543 raptu
2817 4477 2882 4530 de
2918 4477 3224 4530 mortalibus
3277 4475 3566 4544 corporibus
3596 4486 3674 4524 ex-

2128 4571 2318 4633 i.’uros,
2348 4579 2394 4621 et
2425 4568 2493 4621 ad
2523 4572 2700 4622 eadem
2732 4584 2852 4621 mox
2874 4567 3190 4620 immortalia
3213 4567 3488 4627 redituros,
3517 4562 3668 4616 nullas

2127 4659 2179 4712 in
2213 4657 2375 4712 verbis
2403 4658 2635 4727 Apostoli
2675 4659 2932 4726 patiemur
2959 4658 3251 4726 angustias,
3283 4658 3389 4710 sire
3423 4655 3504 4708 ubi
3526 4654 3669 4706 dicit:

2132 4749 2208 4803 Tu
2227 4751 2362 4821 quod
2375 4751 2621 4812 seminas,
2637 4766 2740 4802 non
2759 4749 3068 4817 vivi/icatur.
3082 4749 3184 4802 nisi
3202 4749 3348 4816 prius
3363 4747 3406 4778 “
3419 4746 3670 4805 moriatur;

2126 4844 2232 4895 sire
2262 4841 2349 4894 ubi
2377 4841 2502 4895 dicit
2527 4857 2545 4894 :
2576 4838 2766 4894 Omnes
2793 4840 2999 4910 quidem
3030 4856 3378 4908 resurgemus,
3407 4848 3492 4891 aut
3517 4849 3670 4890 omnes

2127 4935 2465 4996 dormiamus,
2512 4934 2633 5002 quia
2683 4949 2773 4985 nec
2811 4930 2888 4983 illi
2921 4947 3012 5001 per
3047 4929 3488 4984 immortalitatem
3529 4923 3665 4991 υἱιιὶρο

2127 5024 2408 5086 cabuntur,
2439 5023 2538 5076 nisi
2572 5020 2797 5091 qualibet
2836 5029 2999 5073 morte
3038 5019 3315 5088 Paululum
3362 5029 3523 5071 tamen
3564 5025 3668 5065 ante

2127 5117 2442 5176 moriantur,
2488 5127 2548 5164 ac
2592 5126 2683 5179 per
2716 5109 2813 5162 hoc
2850 5119 2897 5162 et
2931 5125 2963 5160 a
3000 5109 3374 5161 resurrectione
3404 5122 3500 5158 non
3536 5110 3666 5156 erunt

2127 5207 2306 5270 alieni,
2348 5223 2504 5276 quum
2530 5203 2839 5257 dormitione
2872 5202 3211 5270 praecedunt,
3246 5199 3472 5271 quamvis
3502 5193 3660 5249 ὁτιτὲεο

2125 5301 2280 5362 sima,
2308 5313 2410 5350 non
2447 5305 2617 5348 tamen
2665 5291 2830 5345 nulla.
2879 5291 3047 5346 Media
3101 5306 3230 5355 nox,
3279 5291 3458 5358 inqua
3489 5286 3667 5341 clamor

1727 5417 1980 5475 VARIAE
2020 5416 2416 5474 LECTIONES.

502 5525 518 5555 ¹
568 5523 730 5591 igitur
755 5541 862 5578 om.
896 5526 961 5579 Α.
1038 5530 1056 5559 ¹
1089 5527 1149 5580 de
1175 5541 1281 5579 om.
1317 5526 1380 5580 A.
1458 5527 1478 5555 ³
1545 5529 1763 5597 t'irgittcs
1813 5546 1920 5582 οιιι.
1957 5531 2018 5582 Α.
2095 5530 2116 5562 ⁸
2147 5530 2180 5582 Α
2220 5527 2444 5581 malitia.
2517 5526 2538 5556 ⁸
2578 5525 2617 5578 Α
2662 5525 2957 5597 purissime.
3034 5523 3055 5556 ⁸
3092 5524 3228 5597 quia
3269 5539 3377 5597 mn.
3439 5522 3497 5574 Α.
3565 5514 3668 5597 ’νζίῖ

447 5592 730 5645 Aumatium
787 5597 858 5647 nil
911 5597 1148 5648 naturale
1204 5613 1310 5648 om.
1345 5598 1404 5650 Α.

517 5662 558 5692 ⁸⁸
590 5661 734 5714 nullo
757 5680 891 5717 rcro.
975 5667 1015 5696 "
1039 5667 1081 5719 Α
1128 5669 1379 5736 rideatur.
1465 5667 1506 5696 "
1532 5669 1680 5736 prim
1707 5685 1810 5721 om.
1847 5671 1907 5723 Α.

1483 5598 1503 5626 ⁸
1526 5599 1562 5648 Α
1621 5591 1792 5652 ἓσδιιε.
1868 5603 1888 5630 ⁸
1919 5601 1958 5652 Α
2005 5601 2354 5653 consumitur.
2435 5597 2478 5626 ¹⁰
2503 5614 2632 5667 quae
2662 5591 2725 5646 in
2757 5595 2898 5648 nullo
2923 5627 2990 5635 —-
3023 5596 3138 5649 veli!
3188 5594 3462 5646 ηδειτηάενε
3488 5607 3585 5643 om.
3614 5591 3664 5638 Α.
