3952 6162
326 344 467 402 1017

1229 343 1315 398 DE
1352 340 1692 398 DlVlSlONE
1732 342 2079 399 NATL'RAE.
2121 375 2190 385 —-—
2229 346 2428 401 LIBER
2470 347 2790 415 QUINTUS.

3455 353 3594 415 iOIB

318 462 503 512 tactus
527 463 631 521 est,
663 463 715 510 et
746 467 973 524 sponsus
1004 454 1173 519 venit,
1214 455 1479 509 incertum
1507 453 1693 508 mundi
1721 454 1906 518 tinem,
1938 462 1984 519 Α
2014 444 2132 512 sera
2146 460 2468 528 quandoque
2479 462 2804 531 poenitentia
2822 462 3149 533 compuncti,
3167 479 3270 519 non
3295 465 3594 535 intrabunt,
3671 460 3685 470 ’

328 556 706 615 remotumque
752 543 819 597 ab
866 542 1011 597 omni
1060 541 1077 573 ¹
1123 543 1349 597 scientia
1393 541 1690 611 spiritualis
1730 544 1910 611 sponsi

326 638 617 693 adventum
672 636 927 697 insinuat,
977 635 1117 689 sicut
1160 634 1274 703 ipse
1314 633 1489 688 dixit:
1519 633 1598 688 De
1625 635 1709 687 die
1739 643 1911 688 autem

318 728 422 783 illa
446 739 493 783 et
518 728 648 781 liora
701 724 795 780 illa
841 743 987 779 nemo
1031 726 1148 789 scit,
1201 741 1366 794 neque
1418 723 1591 794 angeli
1641 725 1697 776 in
1741 724 1908 788 caelo,

314 835 489 890 neque
535 815 709 871 Filius
763 816 1009 879 hominis,
1059 816 1159 869 nisi
1199 814 1364 868 Pater
1409 814 1572 868 solus.
1623 814 1688 868 Et
1723 814 1776 867 in
1804 814 1910 868 ﬁne

322 908 627 980 praesentis
670 906 1001 976 parabolae:
1044 903 1266 975 Vigilate
1317 906 1658 975 itaque,quia
1698 905 1908 959 nescitis

321 1004 483 1066 diem,
516 1016 677 1071 neque
698 1001 902 1053 horam.
925 997 1141 1052 Clamor
1165 997 1254 1051 ille
1276 996 1545 1065 signiﬁcat
1571 997 1906 1065 apertissima

321 1094 508 1163 signa,
568 1106 708 1161 quae
753 1090 1081 1160 praecedent
1113 1089 1530 1143 destructionem
1582 1088 1792 1165 piandi,
1856 1097 1909 1142 et

321 1185 611 1237 adventurm
662 1180 907 1242 Domini,
962 1180 1028 1233 de
1076 1179 1271 1248 quibus
1326 1180 1441 1247 ipse
1498 1179 1693 1233 sedens
1746 1194 1910 1247 super

318 1283 562 1326 montem
607 1271 871 1326 olivarum
919 1269 1197 1338 discipulis
1228 1270 1591 1338 prophetavit.
1629 1267 1907 1323 Surrectio

313 1365 562 1418 omnium
629 1363 899 1433 virginum
953 1361 1418 1431 regenerationem
1473 1360 1636 1414 totius
1686 1359 1905 1412 humani

316 1456 535 1525 generis
557 1453 846 1525 praesagit.
875 1451 1174 1505 Prndentcs
1194 1450 1432 1520 virgines
1454 1449 1731 1519 lampadas
1757 1465 1903 1515 suas,

314 1544 671 1599 rationabiles
694 1542 949 1597 videlicet
981 1549 1182 1604 motus,
1222 1539 1397 1595 bonae
1423 1539 1654 1594 actionis
1676 1539 1903 1608 pingue-

314 1636 483 1700 dine,
539 1648 817 1705 puraeque
869 1629 1237 1686 conscientiae
1289 1628 1535 1683 claritate
1602 1634 1902 1693 exornant;

314 1726 514 1795 quibus
540 1725 769 1788 duobus,
798 1731 921 1777 actu
948 1723 1070 1777 dico
1094 1731 1148 1774 et
1174 1720 1423 1785 scientia,
1458 1719 1641 1774 fatuae
1669 1719 1903 1790 virgines

2015 549 2289 604 dicentes:
2309 549 2548 614 Domine,
2567 551 2801 618 Domine,
2825 553 2972 623 aperi
2990 554 3154 608 nobis.
3172 554 3276 610 Ista
3301 564 3479 611 autem
3506 573 3596 628 ge-

2013 640 2241 695 minatio
2290 641 2551 697 Dominici
2598 644 2836 699 nominis
2876 654 2968 699 aut
3004 648 3279 701 assiduum
3325 649 3595 704 humanae

2012 741 2241 785 naturae
2290 734 2589 802 appetitum
2637 735 2703 787 ad
2751 735 3261 806 contemplationem
3292 740 3595 795 conditoris

2011 820 2128 883 sui,
2179 819 2321 873 nulla
2363 822 2700 890 ignorantiae
2744 823 2937 877 nebula
2982 825 3331 896 interposita,
3377 828 3428 881 in
3478 829 3590 890 his.

2009 910 2100 979 qui
2131 911 2184 963 in
2215 911 2313 965 hac
2345 912 2451 965 vita
2484 912 2646 966 nullis
2677 914 2849 968 bonae
2887 914 2911 947 ⁸
2949 918 3379 971 conversationis
3407 920 3586 971 subsi-

2007 999 2117 1054 diis
2166 999 2369 1055 suli‘ulti
2409 1002 2625 1065 vixere,
2671 1003 2752 1055 vel
2796 1012 2946 1059 certe
2986 1005 3309 1075 simplicium
3352 1007 3592 1062 ﬁdelium

2006 1091 2187 1145 minus
2217 1091 2238 1123 ⁸
2263 1092 2561 1146 catholicae
2591 1091 2710 1145 lidei
2749 1092 3084 1148 altitudinem
3131 1096 3589 1150 considerantitnn

2009 1170 2276 1252 ignaviam
2306 1181 2607 1253 signiﬁcat,
2636 1192 2885 1252 putantes
2917 1185 3199 1239 Dominum
3231 1194 3472 1239 nostrum
3502 1185 3588 1241 Je-

2007 1286 2124 1325 sum
2156 1271 2432 1327 Christum
2476 1270 2685 1326 duabus
2707 1274 3024 1327 substantiis
3046 1288 3168 1329 esse
3199 1276 3552 1345 compositum
3571 1314 3587 1342 ,

2005 1362 2131 1416 dum
2162 1362 2235 1415 sit
2274 1378 2379 1416 una
2426 1362 2729 1416 substantia
2774 1362 2826 1415 in
2867 1363 3077 1418 duabus
3117 1365 3360 1428 naturis,
3402 1375 3458 1419 et
3495 1380 3592 1433 pe-

2006 1458 2160 1512 tunt,
2187 1464 2328 1519 quae
2357 1451 2459 1505 sibi
2490 1466 2593 1504 non
2636 1452 2982 1506 conveniunt.
3024 1453 3255 1523 ideoque
3295 1457 3586 1525 responde—

2007 1547 2096 1594 tur
2122 1540 2144 1571 "
2176 1540 2256 1593 eis
2284 1557 2298 1592 :
2332 1537 2518 1593 Petitis
2543 1549 2592 1593 et
2620 1555 2724 1592 non
2751 1541 3020 1609 accipitis,
3054 1542 3178 1612 quin
3221 1542 3357 1595 male
3394 1544 3586 1612 petitis.

2003 1628 2198 1697 Quanti
2220 1638 2367 1695 sunt,
2388 1630 2483 1699 qui
2507 1631 2742 1686 divinam
2764 1632 3053 1686 essentiam
3079 1632 3130 1686 in
3154 1631 3327 1686 tribus
3346 1634 3591 1686 snt-stan-

2003 1720 2125 1785 tiis,
2154 1729 2207 1775 et
2240 1728 2349 1775 tres
2378 1721 2712 1776 substantias
2740 1721 2792 1775 in
2826 1738 2929 1776 una
2966 1722 3201 1777 essentia
3238 1731 3334 1776 aut
3370 1723 3587 1791 penitus

313 1823 524 1870 carent.
562 1813 714 1881 Quod
749 1822 928 1867 autem
972 1812 1266 1881 prudentes
1295 1811 1535 1881 virgines
1562 1811 1629 1863 de
1657 1810 1777 1865 oleo
1805 1826 1904 1866 suo
1931 1810 1977 1871 B
2008 1810 2296 1880 ignorant,
2326 1820 2421 1865 aut
2451 1813 2668 1881 penitus
2694 1813 2992 1883 abnegauit,
3035 1822 3092 1868 et
3124 1828 3222 1884 per
3260 1828 3392 1869 suas
3424 1813 3589 1870 falsas

310 1910 479 1962 fatuis
523 1907 825 1976 virginibus
874 1903 1139 1974 impertiri
1168 1905 1462 1971 abnegauit,
1496 1902 1570 1956 nil
1591 1901 1735 1957 aliud
1760 1902 1902 1957 veri-

309 2000 568 2064 similius,
590 2008 647 2053 ut
672 1997 888 2068 opinor,
922 1995 1097 2065 typice
1120 1993 1448 2056 conformat,
1479 2008 1641 2062 quam
1668 1993 1902 2063 pruden-

310 2101 397 2144 tes
420 2091 653 2151 animas,
684 2087 880 2157 quibus
905 2088 1032 2140 vilia
1061 2095 1116 2139 et
1140 2100 1246 2138 non
1274 2082 1590 2137 sullieientia
1620 2083 1671 2135 in
1703 2084 1790 2137 illa
1814 2083 1903 2138 die

310 2176 686 2241 intellectuali,
716 2176 769 2229 in
797 2189 902 2243 qua
925 2173 1294 2242 unusquisque
1320 2171 1582 2242 profunda
1614 2171 1900 2225 conscien-

312 2267 423 2320 tiae
455 2280 586 2319 suae
624 2263 863 2326 rimabit,
910 2262 1103 2317 merita
1146 2262 1507 2331 apparebunt,
1543 2268 1901 2331 aeternaeque

304 2357 561 2413 l’clicitati
604 2355 751 2411 nullo
796 2355 955 2410 modo
986 2352 1381 2423 comparanda,
1406 2352 1545 2407 sicut
1569 2352 1646 2406 ait
1671 2352 1903 2421 Aposto-

308 2450 435 2504 lus:
473 2445 595 2501 Non
636 2456 755 2500 sunt
784 2446 1086 2515 condignae
1127 2443 1395 2513 passiones
1442 2444 1601 2512 hujus
1656 2441 1901 2511 temporis

307 2541 381 2593 ad
415 2548 844 2608 superventuram
870 2536 1122 2607 gloriam,
1150 2551 1285 2606 quae
1310 2533 1622 2589 revelabitur
1647 2535 1701 2588 in
1730 2535 1898 2588 nobis.

303 2630 451 2687 Hinc
480 2630 738 2685 Dominus
780 2631 896 2699 ipse
925 2627 1120 2682 :Beati
1151 2644 1424 2699 pauperes,
1472 2627 1666 2696 inquit,
1690 2628 1896 2696 spiritu,

298 2723 419 2779 ‘boc
462 2730 567 2785 est,
616 2720 784 2784 beati,
814 2719 918 2789 'qui
968 2728 1024 2773 et
1062 2720 1273 2789 seipsos
1320 2728 1376 2773 ct
1415 2718 1607 2773 merita
1653 2733 1748 2772 sua
1801 2731 1899 2787 pro

310 2814 487 2869 nihilo
532 2813 759 2877 ducunt,
808 2819 864 2866 et
913 2811 1136 2866 omnino
1184 2825 1246 2866 se
1292 2811 1348 2865 in
1395 2810 1597 2865 divitiis
1636 2810 1899 2864 virtutum

306 2920 517 2977 egenos
537 2904 802 2972 iudicant,
827 2904 1076 2975 quoniam
1104 2903 1334 2973 ipsorum
1366 2912 1440 2956 est
1485 2917 1696 2971 regnum
1727 2899 1901 2954 caelo-

304 3013 455 3051 rum.
507 2995 737 3064 Ideoque
784 2995 1032 3048 dicturae
1077 3002 1204 3047 sunt
1244 2992 1551 3061 petentibus
1579 3007 1608 3045 a
1642 3005 1701 3046 sc
1744 2990 1899 3044 auxi-

308 3089 470 3152 lium,
495 3102 560 3140 ne
598 3085 732 3155 forte
769 3100 872 3138 non
899 3084 1129 3153 sufﬁciat
1170 3084 1316 3137 nobis
1345 3092 1393 3137 et
1421 3083 1584 3136 vobis.
1613 3081 1765 3147 Quod
1795 3080 1894 3134 du-

2001 1899 2359 1969 cogitationes
2419 1900 2774 1970 earualesque
2837 1901 3119 1970 opiniones
3154 1901 3176 1933 '
3214 1902 3282 1956 ad
3348 1901 3589 1957 internas

2000 1991 2217 2044 divinae
2244 1993 2518 2060 puraeque
2547 1991 3016 2060 contemplationis
3061 1992 3276 2062 nuptias
3314 1992 3588 2062 postulant

2000 2080 2245 2134 intrare!
2294 2080 2491 2146 Quanti
2535 2088 2696 2144 sunt,
2738 2081 2830 2149 qui
2872 2080 3159 2136 Dominum
3196 2081 3379 2136 Jesum
3430 2083 3585 2137 Chri-

2000 2180 2142 2227 stum
2178 2171 2252 2226 ita
2283 2180 2593 2243 segregant,
2630 2180 2688 2224 ut
2717 2187 2893 2241 neque
2918 2172 3256 2227 divinitatem
3298 2172 3445 2228 illius
3483 2173 3585 2228 hu-

2001 2264 2281 2328 manitati,
2312 2278 2489 2333 neque
2517 2264 2909 2319 humanitatem
2938 2263 3210 2320 divinitati
3238 2265 3292 2319 in
3320 2266 3583 2321 unitatem

2000 2355 2358 2419 substantiae,
2372 2369 2469 2409 seu
2491 2364 2550 2408 ut
2571 2354 2749 2410 Latini
2766 2356 3017 2411 usitatius
3028 2357 3306 2423 dicunt,in
3322 2360 3582 2414 unitatem

2000 2460 2265 2517 personae
2290 2447 2583 2501 adunatam
2623 2448 2706 2501 vel
2735 2448 2980 2509 credant,
2997 2446 3082 2503 vel
3107 2448 3429 2518 intelligant,
3453 2464 3578 2505 cum

2001 2538 2170 2610 ipsius
2202 2538 2514 2593 humanitas
2541 2545 2596 2592 et
2617 2537 2870 2592 divinitas
2901 2554 3065 2592 unum
3093 2547 3148 2593 et
3172 2538 3195 2570 ⁸
3225 2539 3584 2609 inseparabile

2001 2645 2165 2684 unum
2197 2630 2326 2692 sint,
2347 2629 2493 2684 salva
2524 2630 2806 2698 utriusque
2833 2638 3058 2684 naturae
3085 2631 3252 2701 ipsius
3280 2631 3489 2687 ratione
3514 2632 3580 2686 “.

1998 2718 2411 2776 Geminanlibus
2442 2719 2624 2789 itaque
2657 2720 3013 2775 substantiam
3056 2719 3261 2777 Christi
3298 2732 3355 2777 et
3392 2722 3576 2777 dicen-

2002 2815 2143 2870 tibus
2170 2833 2183 2868 :
2218 2814 2462 2881 Domine,
2492 2814 2734 2875 Domine.
2767 2814 2913 2883 aperi
2947 2814 3114 2878 nobis,
3141 2813 3289 2882 juste
3317 2828 3578 2888 congrue-

2000 2906 2159 2977 que“
2188 2906 2544 2975 respondetur
2569 2923 2582 2960 :
2612 2906 2775 2959 Amen
2804 2905 2921 2959 dico
2951 2907 3113 2970 vobis,
3144 2909 3315 2961 nescio
3340 2924 3451 2972 vos,
3481 2908 3582 2962 hoc

1999 3006 2081 3051 est
2102 3036 2116 3061 ,
2146 2995 2365 3050 intimas
2395 3003 2747 3063 secretasque
2778 3008 2927 3049 meae
2967 2995 3263 3049 divinitatis
3300 3006 3355 3051 et
3394 2998 3583 3051 huma-

2000 3084 2187 3138 nitatis
2215 3083 2455 3154 nuptias,
2474 3097 2609 3151 quas
2639 3083 2775 3136 meis
2803 3083 3092 3153 purissime
3126 3083 3580 3154 iuteliigentibus,

309 3164 439 3249 plici
472 3178 633 3232 modo
661 3177 881 3247 intelligi
929 3185 1105 3246 potest
1132 3195 1145 3229 :
1173 3186 1265 3230 aut
1293 3176 1437 3230 enim
1467 3176 1715 3246 nrgative
1745 3174 1899 3244 poni—
1923 3164 1968 3225 C
2000 3176 2316 3246 priusquam
2357 3176 2511 3229 ﬁeret
2549 3175 2781 3229 mundus
2803 3215 2818 3238 ,
2860 3175 3212 3244 praeparavi,
3253 3185 3306 3230 et
3345 3178 3411 3229 ad
3447 3192 3581 3246 quas

310 3279 403 3324 tur
432 3284 519 3333 ne,
547 3278 599 3321 et
623 3267 957 3338 producitur,
1003 3276 1096 3320 aut
1141 3267 1460 3321 haesitative
1498 3274 1552 3319 ct
1579 3266 1893 3334 corripitur,

308 3363 456 3417 sicut
480 3363 534 3415 in
582 3360 718 3415 libro
748 3359 1023 3415 Geneseos
1052 3376 1065 3411 :
1095 3357 1177 3411 Ne
1219 3358 1356 3426 forte
1396 3357 1637 3410 extendat
1682 3372 1895 3410 manum

306 3471 487 3517 suam,
507 3464 558 3507 et
578 3464 752 3507 sumat
784 3454 848 3506 de
871 3451 1012 3521 ligno
1042 3452 1193 3506 vitae.
1234 3451 1298 3504 Et
1325 3465 1392 3504 nc
1421 3450 1558 3504 forte
1585 3449 1899 3503 viderentur

300 3543 550 3613 quadam
623 3540 821 3594 invidia
878 3539 1193 3593 meritorum
1249 3553 1469 3592 suorum
1523 3544 1898 3606 paupertatem

309 3632 582 3703 impertiri
628 3633 789 3685 fatuis
828 3631 1085 3693 noluisse,
1131 3630 1462 3700 aliut-gantes
1501 3629 1705 3694 oleum,
1764 3628 1899 3683 dant

308 3725 623 3789 consilium,
679 3725 1105 3794 respondentes:
1138 3723 1219 3777 lle
1259 3722 1430 3792 potius
1482 3721 1551 3774 ad
1599 3721 1895 3786 uendentes,

302 3830 357 3871 et
388 3818 541 3869 emite
563 3817 723 3879 vobis,
762 3815 863 3869 hoc
893 3823 992 3876 est,
1030 3815 1101 3868 ite
1154 3813 1220 3866 ad
1251 3828 1367 3877 cos,
1394 3812 1483 3881 qui
1512 3813 1820 3866 eximietate
1843 3819 1900 3865 et

310 3905 588 3960 amnentia
637 3920 854 3959 suorum
910 3906 1225 3959 meritorum
1293 3918 1398 3957 non
1457 3903 1629 3956 solum
1679 3902 1897 3957 sibimet

304 3997 608 4065 sulliciunt,
630 4012 820 4051 verum
851 3996 1012 4051 etiam
1041 3997 1144 4060 his,
1193 3996 1283 4065 qui
1323 4010 1419 4050 eos
1446 3995 1496 4049 in
1531 3996 1633 4049 hac
1663 3994 1769 4048 vita
1800 3994 1899 4050 ho-

304 4090 606 4145 norificare
660 4097 945 4159 poterant,
1002 4099 1225 4158 possent
1283 4088 1541 4157 praebere
1597 4087 1893 4153 auxilium,

308 4186 637 4253 futuraeque
675 4182 1025 4237 beatitudinis
1068 4180 1346 4235 meritum.
1382 4178 1492 4233 Hac
1516 4188 1696 4233 autem
1730 4177 1896 4233 tardi-

302 4283 427 4328 tate
481 4282 536 4329 et
592 4273 915 4343 negligentia
970 4272 1283 4341 interposita
1339 4270 1487 4324 venit
1540 4285 1804 4339 sponsus,
1844 4279 1898 4325 et

309 4375 533 4436 paratas
554 4366 807 4434 virgines,
841 4366 1002 4434 inque
1035 4380 1133 4419 suo
1168 4365 1399 4419 adventu
1426 4373 1647 4419 ornatas
1672 4378 1897 4434 praeoc-

309 4455 554 4523 cupavit,
593 4464 648 4508 et
690 4454 757 4509 ad
804 4470 933 4510 snas
976 4456 1190 4525 nuptias
1223 4454 1542 4518 introduxit,
1575 4454 1675 4509 hoc
1702 4463 1807 4518 est,
1840 4453 1892 4507 in

1994 3268 2105 3337 jam
2134 3266 2286 3321 ﬁnito
2313 3267 2515 3322 mundo
2546 3267 2815 3321 introduxi
2836 3306 2851 3331 ,
2885 3268 3097 3322 nescire
3125 3282 3220 3322 vos
3248 3269 3576 3337 permittam.

1999 3355 2116 3412 Non
2155 3358 2297 3412 enim
2326 3358 2453 3413 dum
2485 3359 2664 3414 adhuc
2695 3359 2747 3412 in
2776 3373 2943 3414 carne
2977 3360 3191 3414 vixistis
3213 3400 3227 3425 ,
3256 3360 3450 3430 dignos
3482 3373 3579 3412 vos

2000 3453 2210 3508 illarum
2262 3454 2464 3511 laetitia
2517 3454 2903 3524 praeparastis.
2953 3452 3093 3507 intra
3147 3461 3325 3508 tamen
3366 3462 3580 3507 natura-

1998 3542 2128 3599 lium
2160 3547 2423 3600 bonorum
2444 3586 2459 3610 ,
2494 3560 2633 3616 quae
2674 3546 2726 3599 in
2758 3544 2912 3600 vobis
2942 3544 3121 3599 creavi
3145 3585 3159 3609 ,
3200 3545 3461 3599 terminos
3500 3558 3586 3597 rc-

1999 3636 2178 3691 sitlere
2214 3651 2312 3690 vos
2351 3636 2610 3690 concedo.
2642 3635 2909 3691 Similiter
2936 3636 3236 3706 promittit,
3267 3650 3327 3690 se
3356 3648 3579 3705 respon-

1998 3740 2184 3780 surum
2220 3725 2337 3789 his,
2378 3728 2469 3796 qui
2500 3727 2552 3780 in
2579 3726 2668 3782 die
2695 3727 2885 3797 jndicii
2924 3727 3235 3781 clamabunt
3266 3743 3279 3779 :
3323 3724 3575 3786 Domine.

1997 3814 2249 3880 Domine,
2294 3832 2463 3869 nonne
2496 3817 2552 3870 in
2590 3826 2679 3869 tuo
2721 3815 2931 3869 nomine
2970 3817 3183 3870 virtutes
3220 3814 3416 3867 multas
3451 3813 3579 3882 feci-

1997 3909 2153 3963 mus?
2182 3908 2404 3964 Dicetur
2431 3909 2575 3963 enim
2607 3909 2688 3962 eis
2717 3924 2730 3959 :
2773 3905 2965 3961 Nescio
2996 3923 3104 3971 ros,
3143 3905 3364 3960 recedite
3390 3922 3422 3958 a
3450 3920 3530 3959 me
3558 3922 3575 3966 ;

1997 4006 2054 4054 et
2085 3997 2209 4053 alibi
2242 4016 2256 4050 :
2297 3995 2416 4050 Non
2454 3996 2656 4059 omnis,
2695 3996 2786 4065 qui
2817 3996 2946 4047 dicit
2983 3996 3141 4058 milii,
3181 3992 3429 4056 Domine,
3470 3991 3578 4045 Do-

1997 4093 2169 4156 mine,
2197 4091 2414 4145 intrabit
2449 4092 2504 4142 in
2542 4104 2757 4159 regnum
2796 4085 3083 4141 caelorum.
3116 4083 3352 4139 Verbum
3396 4085 3579 4153 itaque

1998 4181 2291 4235 adunatum
2320 4179 2467 4233 carni
2491 4219 2505 4241 ,
2532 4188 2587 4232 et
2612 4192 2740 4232 caro
2767 4176 3002 4231 adunata
3028 4176 3205 4230 Verbo
3234 4173 3286 4227 in
3318 4175 3576 4227 unitatem

2000 4271 2415 4341 inseparabilem
2479 4270 2639 4324 unius
2703 4267 3055 4336 ejusdemque
3109 4265 3447 4320 substantiae
3507 4279 3574 4319 cx

1998 4362 2206 4416 duabus
2253 4360 2494 4424 naturis,
2541 4359 2722 4414 divina
2772 4356 3022 4411 videlicet
3067 4364 3120 4408 ct
3159 4354 3427 4418 humana,
3468 4369 3574 4407 non

2000 4453 2134 4508 alios
2176 4451 2399 4520 recipit,
2441 4450 2540 4503 nisi
2582 4463 2713 4513 eos,
2751 4447 2843 4518 qui
2881 4445 3109 4515 simplici
3149 4441 3418 4514 perfectae
3449 4458 3577 4499 con-

308 4562 469 4600 suam
533 4545 927 4624 dedicationem
957 4587 970 4608 ,
1030 4560 1135 4613 qua
1193 4530 1615 4613 perfectissimus
1680 4543 1896 4598 animos
1929 4511 1976 4571 υ
2005 4543 2368 4612 templationis
2390 4540 2544 4596 oculo
2569 4541 2828 4595 unitatem
2855 4536 3187 4593 substantiae
3213 4550 3341 4591 suae
3365 4536 3579 4590 intuer-

309 4633 713 4703 snpernaturali
734 4633 1202 4703 contemplationis
1225 4649 1353 4689 suae
1375 4633 1547 4701 gratia
1564 4634 1583 4665 '
1606 4631 1894 4702 glorificat,

310 4726 515 4780 ceteris
546 4726 599 4777 in
626 4724 947 4778 naturalium
980 4724 1244 4777 honorum
1295 4723 1625 4794 plenitudine
1672 4724 1892 4790 relictis,

308 4826 365 4868 ct
415 4813 807 4868 “celsitudine
850 4812 1136 4870 inefi‘abilis
1181 4813 1561 4880 dcilicationis,
1597 4829 1756 4883 quam
1801 4831 1893 4868 nec

2007 4644 2116 4699 tur,
2148 4634 2217 4686 ita
2245 4642 2301 4686 ut
2324 4641 2375 4686 et
2403 4633 2560 4685 homo
2587 4630 2638 4684 in
2664 4627 2841 4682 Verbo
2865 4641 2990 4681 vere
3017 4623 3158 4681 illius
3185 4624 3313 4689 Dei,
3349 4632 3404 4680 et
3440 4624 3576 4680 Ver-

2004 4723 2128 4778 bum
2161 4722 2214 4776 in
2246 4721 2461 4775 homine
2490 4734 2612 4774 vere
2643 4718 2810 4774 Filius
2850 4716 3082 4772 hominis
3104 4717 3309 4784 absque
3332 4714 3441 4769 ulla
3480 4729 3574 4767 na-

2001 4824 2244 4870 turarum
2276 4812 2317 4842 ¹³
2349 4809 2812 4869 transmutatione,
2842 4820 2984 4860 unus
3011 4805 3261 4874 idemque
3286 4800 3457 4857 Filius
3482 4800 3576 4856 Dei

310 4904 499 4961 oculus
545 4905 693 4969 vidit,
745 4920 839 4958 nec
891 4905 1038 4958 auris
1086 4903 1308 4967 audivit,
1348 4919 1438 4957 nec
1464 4902 1520 4957 in
1546 4920 1634 4957 cor
1668 4903 1927 4961 hominis.
1997 4911 2053 4958 et
2084 4901 2315 4957 hominis
2342 4899 2601 4953 Dominus
2637 4904 2822 4950 noster
2848 4892 3005 4950 Jesus
3032 4893 3283 4949 Christus
3311 4890 3575 4960 intelliga-

311 4997 572 5061 asundit,
616 4996 872 5052 exclusis.
920 4995 985 5050 Et
1030 4996 1133 5051 hoc
1179 5007 1263 5051 est
1296 4998 1438 5065 quod
1464 4997 1539 5052 ait
1569 5014 1582 5052 :
1614 4995 1682 5052 Et
1708 5000 1889 5053 clausa

310 5101 390 5144 est
420 5093 616 5160 janue,
654 5091 909 5148 introitus
949 5089 1201 5146 videlicet
1254 5089 1724 5161 contemplationis
1759 5090 1895 5146 divi-

315 5196 417 5235 nae
442 5179 465 5213 ³
490 5182 623 5237 facie
656 5182 721 5238 ad
762 5181 980 5247 faciem,
1013 5182 1078 5236 ad
1117 5197 1278 5252 quam
1325 5182 1544 5237 incauto
1572 5183 1626 5236 in
1657 5183 1756 5237 hac
1786 5181 1892 5235 vita

312 5271 580 5335 viventes,
593 5270 876 5341 oleumque
888 5271 1115 5327 actionis
1126 5282 1180 5327 ct
1193 5271 1451 5327 scientiae
1462 5271 1515 5325 in
1530 5270 1752 5326 rationis
1767 5283 1899 5325 suae

314 5360 655 5430 receptacula
688 5375 794 5413 non
840 5357 1206 5426 infundentes,
1232 5358 1446 5414 etiamsi
1479 5359 1829 5413 clamaveriat
1851 5360 1901 5421 δ,”

1992 5001 2099 5046 tur.
2126 4990 2369 5047 Celerem
2399 4986 2685 5058 parabolae
2711 4983 3195 5054 cxpositiunculam
3216 5023 3232 5049 ,
3255 4983 3409 5054 juxta
3435 4980 3577 5048 quod

1994 5081 2152 5137 nobis
2200 5080 2373 5133 visum
2424 5087 2537 5142 est,
2578 5076 2924 5133 verisimilem
2960 5073 3147 5131 habes.
3201 5075 3341 5131 Disc.
3396 5073 3578 5128 Habeo

1996 5187 2128 5227 sane
2158 5170 2220 5224 “.
2255 5169 2394 5225 hinc.
2419 5168 2557 5236 Quid
2593 5183 2723 5238 ergo
2762 5176 2963 5230 restat,
3002 5176 3058 5221 et
3096 5167 3255 5218 tinem
3290 5163 3438 5232 operi
3477 5161 3576 5214 im-

1996 5263 2144 5334 pedit
2194 5259 2519 5331 imponere?
2571 5254 2718 5314 Dtsc.
2779 5257 2919 5313 Nihil
2961 5257 3116 5311 video
3156 5255 3219 5317 “,
3259 5254 3359 5307 nisi
3399 5262 3456 5307 ut
3497 5264 3577 5304 ιο)-

2000 5356 2106 5409 tius
2156 5352 2337 5422 operis
2374 5350 2658 5418 materiae,
2708 5350 2813 5405 hoc
2845 5357 2948 5413 cst,
2989 5344 3312 5401 universalis
3348 5353 3575 5398 naturae

1602 5469 1854 5524 VARlAE
1891 5465 2292 5525 LECTIONES.

388 5585 406 5615 ¹
441 5578 485 5638 F
510 5584 577 5639 ab
607 5586 839 5638 omnium
860 5564 1105 5637 scicntia.
1169 5585 1189 5614 '
1214 5584 1257 5638 Α
1286 5583 1471 5652 gloria.
1526 5581 1560 5652 7’
1582 5582 1618 5634 A
1637 5580 1843 5634 divinae
1864 5580 2337 5652 contemplationis.
2382 5580 2412 5652 f
2444 5578 2883 5652 F‘clrimarernnt.
3072 5571 3235 5625 bonis.
3300 5568 3569 5652 ‘Animis.

320 5652 338 5681 ¹
367 5652 405 5706 Α
440 5656 849 5722 respondebitur.
923 5654 946 5683 ⁸
974 5656 1013 5706 Α
1044 5646 1609 5721 δίη-νιαΙίδᾖρὶηἱωιὶδ.⁸
1654 5654 1676 5684 ⁹
1705 5668 1863 5705 unum
1917 5646 1980 5706 et.
2014 5646 2121 5706 om.
2158 5651 2221 5702 A.

392 5724 435 5754 ¹²
463 5721 916 5778 Aet'eaturtti'urtt.
995 5724 1037 5754 "
1067 5726 1109 5776 Α
1145 5722 1314 5791 plane.
1393 5721 1435 5755 “
1471 5722 1512 5774 Α
1552 5733 1605 5775 ut
1638 5723 1815 5775 video.

2300 5648 2409 5701 “A
2464 5648 2866 5717 signiﬁcatione.
2944 5642 2983 5674 ¹¹
3016 5644 3059 5696 Α
3113 5650 3571 5711 congruenterque.
