3952 6162
342 319 478 375 1019

1685 306 1970 366 JOANNIS
2010 308 2205 363 SCOl‘l

3467 309 3484 361 ι
3494 304 3603 360 09.3

305 414 614 488 divisionis
693 424 1079 496 aliquantulam
1159 424 1582 496 ἀνακεφαλαίωσιν
1640 425 1915 495 subjicias.
1948 429 1995 484 Λ
2023 425 2168 478 nium
2197 425 2599 494 dispositionem
2626 424 2920 494 perturbet.
2963 423 3027 478 Et
3056 432 3176 494 post
3212 425 3608 493 quadrifariam

403 522 492 576 59.
522 520 661 575 illac.
689 517 1120 586 Quadriformem
1148 515 1470 571 universalis
1498 526 1752 582 naturae,
1778 530 1918 587 quae

335 615 388 670 in
419 613 530 667 Deo
559 621 613 665 et
646 617 896 664 creatura
925 606 1261 676 intelligitur,
1301 607 1530 663 fecimus
1569 608 1912 663 divisionem.

336 708 502 776 Cujus
530 704 701 774 prima
741 702 948 770 species
985 709 1103 765 est,
1141 715 1279 768 quae
1316 707 1564 754 naturam
1600 701 1919 758 creatricem

336 806 390 851 et
415 811 520 849 non
543 801 804 853 creatam,
821 789 1076 850 secunda,
1102 803 1240 858 quae
1260 799 1504 842 naturam
1526 799 1579 843 et
1608 799 1844 844 creatam
1869 799 1922 844 et

335 887 683 946 creatricetn,
717 883 871 936 tertia
892 922 908 946 ,
938 895 1080 951 quae
1110 889 1348 934 creatam
1375 889 1430 934 et
1455 897 1562 934 non
1610 891 1884 934 cruanlcm
1903 921 1918 945 ,

334 988 527 1048 quarta
547 1015 560 1040 ,
593 990 732 1044 quae
762 988 938 1042 neque
966 981 1207 1026 creatam
1236 987 1413 1040 neque
1437 971 1758 1026 creatricem
1787 985 1920 1025 con-
1963 998 1970 1005 -

335 1067 535 1121 siderat
565 1073 725 1132 atque
752 1060 1029 1115 discernit.
1069 1059 1134 1113 Et
1173 1060 1347 1128 prima
1385 1059 1602 1128 quidem
1645 1067 1700 1112 et
1727 1069 1921 1128 quarta

337 1154 511 1209 forma
565 1154 629 1207 de
687 1153 800 1205 Deo
853 1151 1188 1205 solummodo
1228 1152 1594 1220 praedicatur,
1635 1167 1742 1205 non
1781 1151 1922 1221 quod

337 1246 506 1314 ipsius
557 1255 784 1308 natura,
834 1259 973 1313 quae
1018 1242 1248 1311 simplex
1287 1249 1342 1296 et
1370 1242 1656 1311 plusquam
1693 1242 1922 1310 simplex

336 1349 448 1399 est,
483 1337 698 1388 dividua
730 1336 834 1396 sit,
867 1333 960 1387 sed
990 1333 1132 1402 quod
1164 1332 1393 1402 duplicis
1425 1332 1668 1387 theoriae
1701 1334 1921 1386 modum

340 1427 550 1495 recipit.
587 1425 722 1478 Dum
754 1425 897 1477 enim
931 1424 1102 1492 ipsam
1135 1437 1254 1476 esse
1285 1435 1465 1474 rerum
1496 1422 1735 1475 omnium
1768 1420 1922 1489 prin-

339 1519 538 1588 cipium
566 1526 621 1571 et
647 1530 866 1570 causam
900 1515 1136 1576 intueor,
1163 1513 1406 1568 occurrit
1436 1513 1567 1566 mihi
1598 1528 1724 1566 vera
1762 1512 1920 1576 ratio,

341 1629 480 1684 quae
521 1611 842 1666 fiducialiter
879 1609 1155 1680 suggerit,
1198 1608 1436 1662 divinam
1469 1606 1760 1660 essentiam
1787 1644 1803 1670 ,
1840 1602 1926 1658 vel

341 1705 739 1765 substantiam,
772 1700 1070 1755 bonitatem
1090 1739 1104 1761 ,
1133 1698 1423 1760 virtutem,
1453 1695 1769 1764 sapientiam
1790 1734 1805 1759 ,
1832 1708 1923 1748 ce-

2021 517 2344 572 uuiversalis
2380 526 2604 572 naturae
2631 517 2891 572 theoriam
2936 517 2989 571 in
3029 517 3322 586 praedictis
3343 510 3614 587 quattuor

2019 606 2324 674 speciebus,
2363 622 2592 676 quarum
2646 607 2779 661 duas
2826 607 3043 676 quidem
3081 607 3133 660 in
3179 607 3361 662 divina
3409 616 3611 661 natura

2017 703 2241 763 propter
2271 696 2532 750 rationem
2575 695 2821 764 principii
2867 704 2922 749 et
2956 694 3097 761 finis,
3129 696 3264 750 duas
3315 697 3370 750 in
3416 705 3614 750 natura

2020 785 2253 848 condita,
2307 786 2516 840 ratione
2559 785 2809 839 videlicet
2857 800 3144 840 causarum
3191 795 3245 842 et
3293 784 3613 847 eﬂ‘ectuum.

2021 874 2364 942 contemplati
2392 889 2599 938 sumus,
2631 874 2803 927 visum
2827 883 2913 927 est
2945 875 3122 937 nobis,
3160 876 3419 944 quasdam
3450 875 3613 930 theo—

2022 960 2131 1014 rias
2160 961 2225 1016 de
2252 963 2427 1017 reditu
2453 962 2740 1018 ell‘ectuum
2772 964 2824 1016 in
2855 978 3066 1027 causas,
3097 965 3200 1020 hoc
3227 973 3330 1030 est,
3361 965 3412 1019 in
3442 966 3617 1020 ratio-

2025 1065 2141 1116 nes,
2171 1051 2224 1104 in
2252 1052 2446 1122 quibus
2471 1052 2800 1116 subsistunt,
2827 1053 3172 1124 subjungere.
3211 1053 3376 1124 Cujus
3407 1055 3613 1108 iterum

2023 1143 2227 1198 reditus
2272 1143 2466 1214 triplex
2506 1143 2829 1198 occurrebat
2872 1144 3081 1198 modus.
3111 1143 3351 1211 Quorum
3400 1146 3619 1214 primus

2023 1234 2240 1302 quidem
2270 1235 2595 1306 generaliter
2619 1235 2671 1288 in
2703 1235 3150 1290 transmutatione
3179 1236 3344 1291 totius
3369 1238 3617 1291 sensibi-

2025 1325 2092 1378 lis
2119 1335 2426 1390 creaturae,
2461 1338 2599 1394 quae
2629 1326 2766 1380 intra
2797 1325 2958 1394 hujus
2977 1327 3158 1381 mundi
3185 1327 3445 1382 ambitum
3473 1345 3621 1383 conv

2025 1416 2248 1481 tinetur,
2281 1416 2386 1470 hoc
2432 1426 2536 1483 εει,
2582 1417 2822 1471 omnium
2862 1432 3184 1488 corporum,
3216 1435 3308 1474 seu
3359 1421 3619 1474 sensibus

2025 1512 2298 1582 corporeis
2343 1510 2830 1579 succumbentium,
2875 1529 2972 1568 seu
3002 1528 3100 1568 eos
3137 1527 3267 1582 prae
3313 1514 3480 1568 nimia
3521 1515 3616 1568 sui

2025 1601 2322 1658 subtilitate
2367 1603 2710 1674 fugientium,
2737 1603 3112 1659 consideratur
3131 1606 3176 1669 ν,
3204 1605 3276 1658 ita
3307 1614 3367 1658 ut
3395 1605 3613 1658 nullum

2025 1706 2223 1762 corpus
2247 1694 2317 1748 sit
2345 1693 2486 1748 intra
2519 1701 2723 1748 textum
2748 1709 3043 1765 corporeae
3071 1705 3296 1750 naturae
3320 1735 3336 1759 ,
3380 1697 3494 1750 sive
3519 1696 3610 1749 vi-

345 1805 568 1864 teraque
587 1835 601 1856 ,
631 1806 771 1862 quae
797 1791 864 1846 de
891 1790 1001 1846 Deo
1028 1789 1431 1860 praedicantur,
1464 1803 1494 1840 a
1534 1786 1679 1840 nullo
1709 1786 1921 1851 creari,
1952 1791 2000 1850 Β
2029 1782 2120 1837 tali
2154 1790 2301 1837 motu
2330 1780 2686 1844 solummodo,
2712 1796 2805 1837 seu
2841 1782 3073 1848 occulte,
3102 1798 3196 1838 seu
3226 1792 3408 1853 aperte
3438 1799 3614 1854 vege-

343 1885 470 1954 quia
522 1883 762 1936 divinam
813 1889 1064 1934 naturam
1118 1877 1250 1931 nihil
1303 1876 1552 1946 superius
1607 1874 1923 1945 praecedit;

341 1974 526 2028 omnia
555 1982 735 2026 autem
759 2011 773 2035 ,
804 1984 943 2039 quae
969 1976 1096 2022 sunt
1122 1976 1178 2020 et
1207 1981 1347 2034 quae
1381 1980 1487 2018 non
1528 1972 1683 2026 suttt,
1721 1963 1789 2017 ab
1826 1977 1889 2017 ea
1909 2001 1924 2026 ,

345 2073 400 2117 et
424 2079 520 2134 per
549 2078 671 2116 eam
693 2101 708 2125 ,
736 2071 790 2115 et
822 2076 876 2112 tn
907 2074 967 2113 ea
988 2097 1002 2121 ,
1037 2065 1091 2111 et
1126 2056 1194 2110 ad
1225 2070 1345 2110 eam
1385 2053 1586 2108 creari.
1630 2052 1766 2105 Dum
1801 2065 1930 2107 vero

345 2155 572 2208 eandem
620 2166 741 2206 esse
783 2149 947 2204 linem
993 2146 1238 2202 omnium
1284 2141 1930 2214 intransgressibilemque

347 2243 674 2300 terminum,
707 2254 865 2308 quem
907 2237 1088 2290 omnia
1138 2242 1431 2304 appetunt,
1459 2241 1513 2286 et
1547 2232 1601 2286 itt
1644 2247 1751 2301 quo
1791 2232 1931 2286 limi-

349 2342 454 2388 tem
506 2339 682 2384 ntotus
734 2329 814 2382 sui
871 2325 1132 2381 naturalis
1185 2323 1558 2386 constituunt,
1616 2321 1928 2390 conspicor,

347 2419 596 2483 invenio,
622 2433 740 2472 eam
768 2431 941 2484 neque
965 2421 1206 2468 creatam
1235 2425 1387 2477 esse,
1421 2424 1596 2480 neque
1626 2418 1928 2464 creantem.

346 2511 390 2565 Λ
421 2509 567 2564 nullo
594 2507 858 2578 siquidem
885 2503 1060 2559 creari
1086 2510 1263 2573 potest
1293 2509 1510 2565 natura,
1539 2513 1676 2569 quae
1699 2513 1729 2551 a
1757 2497 1931 2568 seipsa

274 2621 289 2674 ί
349 2610 454 2656 est.
487 2598 670 2668 Neque
705 2595 906 2665 aliquid
933 2603 1102 2648 creat.
1132 2591 1266 2646 Cum
1295 2591 1443 2644 enim
1468 2589 1672 2650 omnia,
1699 2603 1839 2659 quae
1864 2587 1933 2643 ab

273 2677 276 2688 ’
351 2693 464 2763 ipsa
497 2707 595 2760 per
624 2688 1028 2758 generationem
1063 2682 1452 2752 intelligibilem
1485 2696 1577 2735 seu
1617 2681 1932 2736 sensibilcm

350 2776 793 2850 processerunt‘,
813 2773 1046 2828 mirabili
1096 2775 1329 2841 quadam
1353 2779 1406 2824 et
1429 2769 1682 2823 iuelfahili
1711 2783 1934 2840 regene-

352 2872 560 2926 ratione
588 2883 868 2924 reversura
891 2867 1000 2921 sint
1029 2865 1094 2918 ad
1118 2880 1238 2918 eam
1259 2904 1274 2927 ,
1303 2872 1357 2917 ct
1383 2863 1435 2917 in
1467 2877 1530 2916 ea
1560 2863 1741 2916 omnia
1773 2870 1935 2916 erunt

350 2969 564 3034 quieta,
595 2962 851 3033 qttoniant
884 2961 1108 3015 ulterius
1138 2959 1272 3012 nihil
1301 2959 1369 3013 ab
1399 2975 1461 3013 ca
1491 2974 1590 3028 per
1623 2957 1934 3028 generatio—

353 3071 474 3108 nem
532 3053 816 3124 prolluet',
861 3051 996 3104 nihil
1033 3051 1230 3103 dicitttr
1283 3065 1488 3104 creare.
1531 3049 1667 3115 Quid
1738 3049 1882 3102 enim
1911 3047 1931 3077 ³

2029 1879 2224 1934 tatum,
2261 1887 2354 1927 seu
2405 1871 2759 1928 irrationabili
2812 1875 2991 1928 anima
3035 1891 3403 1945 corporeoque
3444 1892 3612 1932 sensu

2025 1963 2253 2036 pollens,
2284 1965 2426 2034 quod
2454 1981 2561 2020 non
2603 1967 2654 2021 in
2676 1982 2804 2022 suas
2825 1968 3064 2024 occnitas
3103 1984 3298 2026 causas
3321 1973 3343 2003 '
3373 1981 3614 2026 reverta-

2030 2062 2118 2109 tur
2138 2070 2234 2125 per
2267 2056 2411 2110 vitae
2453 2071 2583 2112 suae
2627 2058 2972 2114 medietatem
2997 2059 3054 2124 ';
3086 2060 3154 2114 ad
3199 2061 3428 2116 nihilum
3459 2063 3610 2116 enim

2028 2143 2166 2198 nihil
2197 2145 2240 2178 ¹⁰
2272 2146 2544 2216 redigetur
2571 2147 2624 2202 in
2651 2148 2758 2214 his,
2779 2163 2919 2217 quae
2942 2150 3364 2206 substantialiter
3390 2166 3420 2205 a
3444 2167 3610 2206 causa

2028 2237 2270 2292 omnium
2298 2239 2586 2294 substituta
2622 2248 2769 2294 sunt.
2799 2239 3080 2296 Secundus
3106 2257 3235 2297 vero
3257 2244 3448 2298 modus
3481 2259 3614 2298 suae

2031 2328 2416 2398 speculationis
2444 2331 2650 2386 obtinet
2678 2332 2858 2388 sedem
2885 2334 2938 2386 in
2969 2333 3141 2388 reditu
3176 2335 3414 2403 generali
3447 2337 3617 2389 totius

2021 2416 2301 2474 humanae
2327 2429 2555 2476 naturae
2600 2422 2654 2476 in
2702 2422 2920 2478 Christo
2957 2422 3198 2478 salvatae
3243 2424 3294 2478 in
3325 2425 3615 2492 pristinum

2033 2521 2164 2564 suae
2187 2509 2514 2566 conditionis
2539 2518 2762 2577 statum,
2793 2527 2857 2566 ac
2887 2512 3049 2566 veluti
3077 2513 3131 2567 in
3154 2514 3421 2582 quendam
3449 2528 3614 2582 para-

2033 2597 2210 2654 disum
2243 2600 2298 2654 in
2325 2600 2539 2656 divinae
2565 2602 2815 2673 imaginis
2841 2603 3176 2673 dignitatem,
3210 2605 3404 2658 merito
3430 2605 3616 2666 unius,

2032 2685 2188 2756 cujus
2209 2690 2428 2759 sanguis
2459 2692 2818 2747 communiter
2844 2707 2944 2761 pro
2969 2692 3142 2748 salute
3170 2694 3334 2748 totius
3360 2695 3617 2749 humani-

2033 2778 2164 2832 tatis
2203 2775 2358 2833 fusus
2403 2789 2524 2846 est,
2577 2781 2648 2834 ita
2680 2790 2740 2836 ut
2776 2796 2933 2838 nemo
2973 2783 3253 2838 hominum
3279 2785 3620 2840 naturalibus

2031 2869 2206 2931 bonis,
2242 2871 2297 2924 in
2343 2872 2540 2941 quibus
2583 2875 2830 2928 conditus
2873 2883 2982 2935 est,
3012 2876 3285 2944 privetur,
3335 2877 3448 2932 sive
3477 2877 3621 2932 bene

2034 2959 2147 3012 sive
2173 2959 2311 3013 male
2337 2961 2391 3013 in
2423 2962 2528 3016 hac
2555 2962 2662 3015 vita
2694 2963 2908 3018 vixerit.
2941 2964 3017 3020 Ac
3044 2965 3123 3022 sic
3160 2964 3372 3020 divinae
3401 2966 3622 3021 bonita-

2036 3049 2104 3104 tis
2133 3059 2190 3105 et
2207 3050 2473 3122 largitatis
2500 3051 2786 3108 ineﬂ‘abilis
2821 3064 2877 3110 et
2913 3054 3471 3124 incomprehensibilis
3509 3057 3618 3110 dil-

352 3148 595 3211 creabit,
636 3146 763 3198 dum
805 3143 919 3212 ipsa
957 3142 1136 3196 omnia
1176 3142 1227 3194 in
1265 3141 1518 3196 omnibus
1553 3139 1744 3203 fuerit,
1787 3147 1841 3193 et
1879 3139 1931 3193 in
1957 3134 2006 3199 C
2037 3138 2176 3195 fusio
2202 3141 2254 3194 in
2282 3155 2499 3197 omnem
2545 3144 2834 3198 humanam
2865 3155 3112 3200 naturam
3159 3147 3458 3216 apparebit,
3485 3149 3616 3202 dum

355 3238 500 3292 nullo
540 3237 642 3291 uisi
676 3250 788 3304 Ipsa
816 3231 1142 3303 apparebit?
1174 3233 1246 3286 De
1278 3226 1486 3285 duabus
1525 3241 1701 3284 autem
1742 3231 1933 3284 mediis

355 3329 548 3384 formis
579 3330 632 3380 in
667 3324 1040 3393 superioribus
1069 3322 1201 3375 satis
1227 3331 1310 3376 est
1332 3332 1513 3375 actum
1534 3360 1549 3386 ,
1580 3329 1934 3389 prompteque

353 3435 449 3475 eas
487 3416 873 3488 quaerentibus
917 3415 1064 3468 claro
1104 3413 1306 3469 lumine
1341 3412 1707 3468 circumfusae
1745 3427 1935 3466 occur-

354 3522 498 3568 runt.
531 3511 645 3566 Una
671 3509 814 3563 enim
847 3507 900 3560 in
929 3506 1104 3560 causis
1133 3506 1455 3578 perspicitur
1479 3505 1932 3574 primordialibus,

354 3604 522 3658 altera
562 3603 615 3655 in
653 3614 940 3654 causarum
977 3595 1277 3652 eﬂ‘ectibus.
1318 3597 1384 3650 Et
1415 3612 1476 3649 ea
1513 3598 1726 3665 quidem
1749 3637 1765 3658 ,
1797 3610 1934 3665 quae

354 3696 409 3750 in
440 3694 619 3748 causis
648 3689 1020 3750 constituitur,
1049 3687 1100 3740 iu
1129 3687 1406 3757 unigenito
1434 3687 1526 3741 Dei
1554 3686 1722 3751 Filio,
1753 3687 1804 3740 in
1830 3701 1934 3755 quo

354 3793 411 3838 et
437 3798 535 3851 per
561 3795 718 3850 quem
746 3778 926 3831 omnia
967 3777 1106 3831 facta
1144 3787 1303 3838 sunt,
1347 3786 1582 3840 creatur,
1623 3785 1678 3831 et
1712 3779 1893 3833 omnia
1916 3819 1931 3842 ,

356 3889 494 3944 quae
523 3872 590 3926 ab
620 3885 682 3924 ea
711 3865 1012 3939 proﬂuunt,
1041 3868 1143 3920 hoc
1167 3874 1252 3919 cst
1272 3905 1286 3928 ,
1314 3880 1504 3919 omnes
1531 3864 1755 3920 eﬂ‘ectus
1785 3883 1931 3931 suos,

357 3965 473 4018 sive
509 3956 875 4029 intelligihiles
910 3957 1024 4011 sive
1063 3955 1347 4010 sensibiles
1378 3994 1393 4020 ,
1431 3964 1601 4010 creat.
1645 3956 1722 4010 Ea
1757 3972 1887 4012 vero
1915 3997 1929 4020 ,

361 4068 503 4124 quae
542 4053 595 4105 itt
635 4048 918 4104 ell‘ectibtts
957 4061 1244 4101 causarum
1281 4046 1574 4104 substituta
1636 4057 1720 4101 est
1759 4045 1802 4113 ⁸,
1839 4063 1929 4102 so-

358 4143 633 4198 lummodo
665 4155 693 4192 a
723 4139 903 4193 causis
930 4138 1045 4191 suis
1071 4145 1308 4200 creatur,
1349 4137 1482 4190 nihil
1523 4146 1705 4192 autem
1745 4148 1928 4205 creat,

359 4236 483 4305 quia
515 4231 648 4287 nihil
675 4232 728 4285 in
761 4240 954 4286 natura
979 4243 1158 4280 rerum
1180 4226 1401 4280 inferius
1420 4237 1503 4281 est
1526 4229 1638 4297 ipsa
1664 4245 1678 4294 ;
1707 4229 1935 4298 ideoque

359 4325 594 4382 maxime
626 4323 680 4375 in
710 4321 873 4374 rebus
898 4315 1244 4372 sensibilihus
1278 4317 1526 4371 ordinata
1552 4327 1654 4371 est.
1697 4318 1806 4372 Nec
1839 4320 1935 4373 ob-

358 4423 497 4478 stat,
524 4410 666 4482 quod
694 4407 870 4478 angeli
900 4405 984 4460 vel
1012 4403 1289 4467 homines,
1324 4404 1437 4459 sive
1463 4405 1589 4460 boui
1641 4406 1746 4460 sint
1777 4407 1797 4438 '
1822 4407 1936 4462 sive

2037 3228 2093 3283 in
2121 3229 2267 3285 nullo
2297 3235 2539 3301 punitur,
2569 3235 2710 3302 quod
2757 3249 2787 3287 a
2824 3249 3034 3290 summo
3065 3235 3207 3290 bono
3250 3246 3448 3291 manat.
3483 3237 3620 3293 Ter~

2039 3319 2145 3373 tius
2176 3319 2241 3374 de
2285 3320 2460 3374 reditu
2499 3321 2740 3376 theoriae
2782 3324 2970 3377 modus
3009 3333 3259 3378 versatur
3288 3325 3340 3378 in
3370 3325 3474 3389 his,
3521 3329 3614 3396 qui

2037 3424 2144 3464 non
2174 3410 2344 3464 solum
2376 3411 2427 3465 in
2453 3412 2834 3467 sublimitatem
2861 3423 3085 3469 naturae
3111 3415 3162 3468 in
3192 3415 3272 3470 eis
3293 3416 3617 3471 substitutae

2037 3501 2337 3566 ascensuri,
2385 3517 2572 3555 verum
2620 3503 2780 3556 etiam
2828 3519 2922 3573 per
2971 3505 3351 3559 abundantiam
3401 3507 3618 3560 divinae

2037 3591 2262 3661 gratiae,
2290 3605 2428 3660 quae
2451 3606 2548 3660 per
2577 3591 2848 3647 Christum
2878 3604 2934 3648 et
2964 3594 3016 3647 in
3045 3593 3260 3649 Christo
3286 3593 3471 3649 electis
3499 3597 3615 3649 suis

2039 3684 2310 3749 tradetur,
2346 3698 2509 3753 supra
2555 3699 2741 3740 omnes
2789 3693 3012 3741 naturae
3058 3685 3202 3756 leges
3244 3701 3309 3739 ac
3357 3687 3616 3741 terminos

2038 3776 2563 3845 superessentialiter
2609 3777 2663 3831 in
2713 3777 2887 3846 ipsum
2933 3777 3101 3832 Deum
3143 3779 3416 3836 transituri
3443 3789 3613 3843 sunt,

2038 3881 2311 3934 unumque
2340 3866 2394 3920 in
2423 3867 2537 3937 ipso
2569 3876 2626 3922 et
2652 3882 2774 3922 cum
2799 3869 2914 3938 ipso
2935 3864 3124 3922 futuri.
3151 3867 3389 3934 Quorum
3423 3884 3613 3924 recur-

2039 3956 2121 4010 sio
2146 3955 2310 4010 veluti
2340 3971 2436 4027 per
2459 3959 2499 3988 “
2523 3957 2782 4026 quosdam
2809 3957 3007 4029 gradus
3035 3968 3242 4028 septem
3263 3958 3611 4015 discernitur.

2039 4045 2117 4100 Ac
2144 4046 2351 4116 primus
2394 4046 2499 4101 erit
2528 4047 2755 4102 mutatio
2784 4049 2983 4103 terreni
3017 4050 3259 4120 corporis
3308 4050 3360 4103 in
3408 4062 3612 4103 motum

2039 4136 2287 4201 vitalem;
2320 4137 2588 4193 secundus
2617 4137 2794 4192 vitalis
2837 4147 3014 4193 motus
3042 4139 3093 4192 in
3129 4154 3382 4204 sensum;
3420 4140 3614 4194 tertius

2037 4242 2230 4282 sensus
2260 4228 2310 4281 itt
2340 4229 2636 4294 rationem;
2671 4229 2865 4283 dehinc
2901 4229 3124 4284 rationis
3153 4230 3207 4284 in
3243 4230 3479 4284 animum
3505 4270 3522 4294 ,
3560 4231 3613 4283 iu

2039 4333 2145 4387 quo
2167 4317 2287 4373 finis
2309 4319 2471 4374 totius
2494 4319 2773 4374 rationalis
2793 4329 3074 4375 creaturae
3093 4321 3460 4376 constituitur.
3483 4320 3617 4378 Post

2041 4409 2179 4464 hanc
2203 4411 2508 4478 quinariam
2533 4412 2576 4442 ¹²
2608 4411 2770 4466 veluti
2801 4411 2842 4443 ⁸³
2867 4413 3099 4482 partium
3128 4422 3344 4468 nostrae
3387 4424 3614 4470 naturae

359 4504 519 4568 mali,
546 4499 763 4570 aliquod
790 4511 985 4551 novum
1012 4494 1367 4564 humanisque
1395 4495 1579 4549 usibus
1607 4495 1934 4566 incognitum
1960 4495 2014 4556 D
2038 4499 2417 4554 adunationetn
2442 4540 2458 4565 ,
2503 4503 2744 4570 corporis
2784 4502 3063 4568 videlicet,
3106 4512 3164 4557 et
3205 4503 3383 4558 vitalis
3413 4514 3610 4564 motus.

359 4599 414 4653 in
452 4598 556 4652 hoc
600 4591 801 4648 mundo
847 4603 1008 4658 saepe
1053 4595 1316 4657 putantur
1365 4600 1586 4650 creare,
1634 4587 1760 4642 dum
1802 4587 1940 4642 nihil

359 4692 582 4746 creant,
637 4680 732 4736 sed
788 4679 856 4734 de
911 4686 1161 4732 creatura
1219 4675 1518 4738 materiali,
1567 4690 1597 4730 a
1647 4675 1757 4731 Deo
1793 4673 1936 4732 iacta

361 4776 418 4832 in
455 4771 735 4828 eﬂectibus
788 4783 886 4838 per
921 4781 1116 4821 causas
1142 4765 1185 4829 ⁸,
1222 4765 1423 4836 aliquid
1461 4764 1703 4822 eﬂiciunt
1740 4767 1937 4823 divinis

361 4867 569 4936 legibus
621 4860 936 4916 ohedientes
991 4865 1046 4912 et
1098 4856 1466 4925 jussionibus,
1513 4858 1559 4913 si
1598 4859 1724 4914 boni
1767 4869 1933 4925 sunt;

361 4957 642 5013 fallacibus
691 4967 818 5006 vero
879 4950 1177 5006 diabolicae
1237 4949 1471 5004 astutiae
1533 4951 1936 5005 machinamen-

363 5052 432 5107 tis
490 5045 744 5104 commoti
798 5051 960 5112 atque
1013 5041 1264 5111 decepti,
1315 5041 1361 5096 si
1418 5039 1547 5096 mali
1602 5053 1746 5096 sunt.
1807 5041 1935 5097 Om-

360 5141 448 5198 nia
489 5147 670 5194 tamen
699 5135 881 5191 divina
913 5133 1250 5204 providentia
1276 5132 1616 5194 ordinantur,
1647 5143 1706 5187 ut
1732 5133 1932 5188 nullum

361 5229 560 5285 malum
610 5228 660 5282 in
692 5237 883 5280 natura
935 5239 1112 5279 rerum
1150 5222 1574 5279 substantialiter
1606 5224 1930 5290 inveniatur,

362 5335 460 5376 nec
474 5318 674 5388 aliquid
711 5317 851 5391 quod
880 5314 1260 5384 rempublicam
1274 5315 1529 5390 civilemq
1564 5330 1595 5368 e
1619 5331 1795 5370 rerum
1817 5331 1933 5371 om.

2038 4605 2353 4658 sensusque,
2369 4583 2716 4662 rationisque,
2735 4593 3157 4662 intellectusque,
3174 4593 3244 4647 ita
3260 4603 3318 4648 ut
3331 4609 3435 4649 non
3450 4595 3609 4665 quin-

2036 4697 2162 4752 que,
2194 4681 2288 4736 scd
2323 4698 2487 4736 unum
2517 4684 2645 4749 sint,
2680 4685 3027 4740 inferioribus
3053 4699 3264 4755 semper
3289 4700 3322 4739 a
3362 4685 3611 4755 superioo

2038 4772 2188 4826 ribus
2215 4773 2631 4836 consummatis,
2681 4790 2784 4830 non
2814 4786 2873 4829 ut
2915 4763 3019 4830 non
3050 4776 3178 4840 sint,
3203 4777 3296 4830 sed
3344 4784 3401 4830 ut
3443 4791 3611 4830 unum

2035 4866 2164 4933 sint,
2192 4874 2484 4935 sequentur
2514 4865 2602 4920 alii
2634 4873 2744 4920 tres
2773 4865 3103 4921 ascensionis
3129 4865 3348 4936 gradus,
3377 4880 3610 4934 quorum

2039 4975 2179 5014 unus
2208 4960 2467 5014 transitus
2511 4959 2674 5012 animi
2720 4959 2770 5012 in
2816 4959 3098 5014 scientiam
3146 4958 3417 5020 omnium,
3469 4973 3614 5027 quae

2043 5058 2164 5119 post
2193 5048 2360 5104 Deum
2402 5058 2550 5110 sunt,
2586 5053 2852 5105 secundus
2885 5049 3140 5105 scientiae
3187 5050 3238 5104 in
3269 5049 3611 5120 sapientiam,

2041 5139 2145 5193 hoc
2169 5146 2270 5203 est,
2303 5139 2803 5208 contemplationem
2854 5140 3096 5194 intimam
3136 5141 3397 5206 veritatis,
3441 5157 3618 5210 quan-

2042 5239 2152 5282 tum
2183 5238 2462 5282 creaturae
2507 5229 2838 5294 conceditur,
2891 5232 3100 5294 tertius,
3129 5233 3218 5301 qui
3257 5241 3315 5294 et
3346 5247 3614 5294 summus,

2041 5317 2539 5388 purgatissimorunt
2570 5319 2871 5373 animorum
2915 5319 2968 5375 in
3001 5321 3174 5391 ipsum
3220 5321 3384 5376 Deum
3423 5338 3620 5392 supcr-

1614 5429 1870 5487 VARIAE
1906 5428 2308 5490 LECTIONES.

436 5546 450 5576 ¹
485 5545 528 5599 Α
565 5551 938 5613 processerint.
1004 5544 1024 5575 ¹
1062 5541 1108 5597 Α
1136 5542 1370 5613 proﬂuit.
1444 5541 1466 5572 ³
1495 5543 1631 5595 enim
1658 5557 1765 5613 om.
1797 5543 1862 5597 Α.

363 5629 471 5668 om.
505 5611 573 5666 A.
641 5613 663 5647 ⁷
691 5616 731 5666 Α
761 5611 1179 5667 considerantur.
1254 5616 1277 5645 ⁸
1311 5614 1354 5665 Δ
1381 5628 1570 5665 causas
1598 5611 1845 5690 occultas.

440 5692 477 5722 “
511 5693 553 5743 Δ
592 5703 723 5744 uost.
800 5695 842 5724 ⁸²
870 5691 1022 5755 Conj.
1053 5693 1098 5744 Α
1133 5694 1378 5759 quinque,
1414 5691 1451 5744 F
1482 5693 1664 5758 quina.

1939 5542 1959 5574 ⁸
1987 5552 2062 5598 est
2088 5555 2198 5595 om.
2231 5539 2292 5593 A.

1925 5615 1945 5646 ’
1977 5629 2066 5680 per
2091 5612 2222 5664 vitae
2267 5626 2394 5663 suae
2453 5610 2776 5665 medietatem
2819 5625 2929 5665 om.
2975 5611 3040 5663 A.

1746 5690 1789 5720 ¹³
1817 5691 1854 5744 Α
1896 5691 2055 5743 veluti
2085 5691 2329 5763 quinque.

2373 5540 2394 5572 '
2423 5539 2524 5594 sint
2563 5554 2672 5594 om.
2702 5540 2766 5594 Α.
2843 5540 2864 5571 ⁸
2892 5541 2948 5594 in
2984 5539 3253 5609 cautibus
3281 5555 3374 5609 per
3420 5555 3618 5598 ccum:

3121 5610 3162 5640 "
3199 5609 3331 5664 nihil
3376 5623 3489 5664 om.
3544 5615 3615 5666 Α.
