3952 6162
286 347 413 404 lt”!!!

279 550 676 607 inaccessib‘ilis
722 551 859 607 lucis
889 552 1139 607 tenebrae
1167 552 1293 619 I,,in
1316 552 1513 621 quibus
1536 567 1735 607 causae
1754 566 1868 606 om-

277 642 430 697 nium
462 642 872 698 absconduntur
904 661 917 697 :
950 653 1007 699 et
1053 653 1182 699 tunc
1208 657 1317 698 nox
1343 644 1485 698 sicut
1517 643 1633 699 dies
1672 642 1871 698 illumi—

277 733 522 799 nabitur,
571 734 674 790 hoc
726 744 826 799 cst,
891 737 1255 790 secretissima
1315 736 1495 791 divina
1542 747 1563 777 ι
1610 737 1868 808 mysteria

277 826 456 880 beatis
481 834 537 881 et
568 824 887 881 illuminatis
935 827 1297 883 intellectibus
1342 826 1594 883 ineﬂ'abili
1637 828 1868 897 quodam

277 918 441 971 modo
471 918 805 987 aperientur.
838 916 990 973 Tunc
1020 918 1336 988 perﬁcietur
1358 918 1622 973 octonarii
1662 919 1868 972 numeri

277 1005 445 1060 veluti
476 1004 906 1075 supernaturalis
935 1007 1059 1061 cubi
1090 1011 1112 1042 ³
1148 1007 1544 1077 perfectissima
1594 1007 1868 1071 soliditas,

276 1097 331 1151 in
360 1095 515 1165 cujus
543 1107 668 1168 typo
696 1103 883 1151 sextus
912 1096 1160 1149 tilulatur
1187 1086 1454 1166 psalmus,
1486 1095 1732 1149 Psalmus
1765 1095 1873 1149 Da-

278 1188 365 1242 vid
413 1205 508 1259 pro
536 1189 558 1220 ⁵
609 1197 812 1242 octava.
867 1187 1217 1243 Resurrectio
1266 1202 1480 1257 quoque
1512 1187 1721 1241 Domini
1763 1202 1871 1242 non

273 1279 440 1332 aliam
463 1280 532 1332 ob
553 1292 774 1333 causam
800 1287 992 1332 octava
1027 1277 1117 1332 die
1146 1276 1285 1331 facta
1328 1285 1438 1342 est,
1468 1277 1573 1331 nisi
1610 1285 1669 1330 ut
1715 1277 1871 1331 beata

274 1369 365 1422 illa
415 1370 545 1432 vita,
576 1384 717 1439 quae
778 1378 900 1436 post
954 1369 1318 1438 septenariam
1370 1366 1529 1436 hujus
1583 1367 1727 1423 vitae
1776 1382 1875 1438 per

272 1467 484 1528 septem
536 1459 653 1512 dies
701 1457 1095 1513 revolutionem
1142 1466 1228 1512 est
1276 1455 1460 1511 futura
1511 1465 1635 1526 post
1684 1457 1870 1511 mundi

273 1552 838 1615 consummationem,
897 1551 1127 1623 mystice
1172 1550 1605 1622 significaretur,
1654 1551 1872 1619 quando

276 1643 514 1697 humana
543 1653 760 1707 natura,
785 1650 844 1696 ιιι
864 1643 1255 1712 praediximus,
1283 1641 1336 1696 in
1359 1656 1517 1697 suum
1543 1641 1869 1712 principium

274 1747 375 1802 per
421 1733 755 1787 octonariam
800 1732 1177 1787 ascensionem
1229 1732 1471 1786 reditura
1517 1732 1618 1795 sit;
1676 1732 1871 1801 quina-

1177 347 1265 403 DE
1306 345 1646 403 DIVISIONE
1682 343 2032 401 NATURAE.
2077 375 2146 385 -—
2184 344 2386 401 LKDER
2424 345 2741 414 QUINTUS.

279 458 602 514 naturaliter
627 471 885 523 occasus,
917 473 980 513 ac
1005 457 1170 513 veluti
1211 458 1771 530 incomprehensibilis
1809 469 1866 513 et
1892 463 1940 522 Α
1967 464 2139 528 putet,
2171 457 2548 528 unanimisque
2596 459 2647 511 in
2684 457 2915 513 caritate
2941 457 3164 529 spiritus
3206 459 3412 530 gratias
3439 464 3561 516 uni-
3643 453 3660 465 ’

3423 348 3559 404 ιιιιη

1969 547 2166 603 versati
2224 548 2468 602 omnium
2515 549 2783 603 bonorum
2845 551 3058 612 causae,
3103 550 3221 604 sine
3266 566 3370 620 qua
3421 552 3556 610 nihil

1968 652 2255 706 possumus
2283 637 2482 703 facere,
2514 639 2795 693 nobiscum
2826 638 3044 703 referat,
3075 641 3220 696 nulla
3266 644 3562 713 reprehen-

1969 728 2138 781 sionis
2164 727 2386 782 libi’dinc
2431 737 2716 791 attractus,
2747 729 2907 783 nullis
2937 729 3144 786 facibus
3180 731 3412 788 invidiae
3435 748 3564 788 snc-
3606 750 3611 753 ‘

1970 820 2245 884 census“,
2291 835 2430 888 quae
2471 820 2581 875 sola
2610 837 2740 891 prae
2784 824 2979 878 ceteris
3019 824 3168 878 \‘iliis
3221 826 3473 880 raritatis
3502 834 3560 880 et

1970 910 2326 965 fraternitatis
2354 911 2627 965 vinculum
2658 926 2907 982 rumpere
2937 913 3165 968 laborat.
3202 914 3258 970 In
3289 931 3421 984 pace
3460 931 3559 969 au-

1970 1009 2080 1057 tem
2111 1004 2373 1066 omnium,
2404 1003 2714 1073 quaeinter
2737 1020 2834 1058 nos
2856 1004 3099 1060 confecta
3128 1016 3271 1071 sunt,
3300 1007 3559 1061 benevole

1971 1095 2367 1164 recipientium,
2414 1108 2657 1165 puraque
2700 1095 2896 1149 mentis
2926 1096 3043 1151 acie
3089 1095 3431 1161 intuentium,
3461 1112 3554 1151 seu

1970 1185 2234 1240 malevole
2284 1186 2670 1255 respuentium,
2722 1194 2777 1239 et
2828 1199 3141 1254 priusquam
3190 1195 3554 1253 cognoscant,

1971 1277 2101 1346 quid
2122 1285 2177 1330 et
2205 1276 2385 1346 qualia
2415 1276 2544 1340 sint,
2570 1277 3076 1346 praejmlicantium,
3103 1277 3203 1332 hoc
3223 1291 3359 1347 Opus
3383 1278 3558 1348 primo

1969 1369 2213 1423 omnium
2238 1368 2367 1430 Deo,
2395 1369 2486 1436 qui
2516 1369 2653 1422 dixit
2679 1383 2694 1420 :
2724 1367 2892 1422 Petite
2912 1380 2959 1422 et
2980 1369 3195 1423 dabitur
3211 1369 3376 1435 vobis,
3402 1386 3558 1438 quae-

1972 1463 2069 1516 rite
2097 1471 2145 1516 et
2173 1463 2466 1526 invenietis,
2496 1462 2700 1533 pulsate
2742 1473 2788 1517 et
2837 1465 3102 1534 aperietur
3131 1463 3291 1528 vobis,
3330 1463 3559 1518 subinde

1971 1552 2319 1609 dilectissimo
2349 1554 2466 1618 tbi,
2490 1554 2658 1608 frater
2684 1557 2737 1608 in
2759 1553 2978 1609 Christo
3004 1552 3256 1608 Wulfade
3279 1555 3320 1585 “
3343 1567 3392 1619 ι,
3424 1564 3477 1609 et
3503 1555 3557 1610 in

1971 1645 2165 1700 studiis
2194 1646 2490 1714 sapientiae
2510 1646 2874 1714 cooperatori,
2906 1655 2961 1699 et
2981 1645 3398 1700 examinandum
3426 1645 3562 1703 ole-

1974 1750 2055 1802 ro,
2084 1744 2139 1790 et
2168 1738 2545 1808 corrigendum
2585 1739 2887 1792 committo.
2912 1737 3045 1792 Nam
3081 1748 3135 1793 et
3164 1738 3271 1792 tuis
3298 1739 3558 1792 exhorta-

275 1823 418 1876 riant
468 1821 709 1892 quidem,
756 1822 899 1875 intra
947 1830 1177 1876 naturae
1229 1822 1522 1888 terminos;
1578 1821 1945 1890 ternarium];
1974 1828 2214 1883 tionibus
2266 1837 2350 1883 est
2403 1829 2752 1890 inchoatum,
2810 1837 3009 1897 tuaque
3052 1828 3290 1891 solertia,
3342 1843 3561 1898 quoquo

273 1926 427 1976 veto,
462 1906 950 1982 supernaturaliter
975 1922 1031 1967 et
1057 1912 1585 1983 superessentialiter
1614 1912 1753 1965 intra
1784 1912 1867 1980 ip-

273 2018 399 2058 sum
454 2002 656 2069 Deum;
704 2003 922 2073 quando
965 2004 1247 2073 quinarius
1289 1988 1572 2059 creaturae
1612 2018 1870 2058 numerus

276 2094 522 2149 ternario
551 2092 831 2149 Creatoris
861 2094 1209 2160 adunabitur,
1240 2094 1313 2148 ita
1344 2104 1402 2149 ut
1430 2094 1484 2148 in
1527 2095 1674 2148 nullo
1705 2106 1871 2165 appa-

274 2192 399 2237 reat
425 2184 525 2238 nisi
553 2184 699 2239 solus
720 2184 882 2248 Deus,
909 2185 1361 2255 quemadmodum
1407 2185 1459 2240 in
1489 2185 1616 2240 aére
1638 2186 1866 2255 purissi-

275 2291 369 2329 mo
399 2275 475 2330 nil
515 2276 656 2331 aliud
683 2276 889 2332 arridet
909 2276 931 2308 '
953 2278 1054 2331 nisi
1085 2277 1202 2331 sola
1238 2276 1351 2331 lux.

348 2370 444 2425 40.
482 2369 626 2427 Haec
662 2380 747 2427 est
777 2371 964 2441 itaque
1012 2371 1172 2441 hujus
1209 2371 1410 2441 Operis,
1442 2369 1586 2439 quod
1631 2369 1871 2438 quinque

274 2463 437 2519 ltbris
468 2465 785 2531 includitur,
812 2466 1135 2522 universalis
1162 2467 1413 2520 materia.
1442 2462 1515 2519 De
1542 2481 1647 2535 qua
1674 2467 1716 2518 si
1743 2465 1866 2535 quis

279 2570 384 2609 nos
424 2556 691 2611 invenerit
721 2558 900 2613 adhuc
922 2558 942 2589 '
972 2558 1303 2628 incognitum
1339 2567 1433 2611 aut
1471 2559 1493 2589 "
1541 2554 1868 2626 superﬂuum

278 2646 485 2716 aliquid
514 2649 824 2717 scripsisse,
856 2658 1074 2703 nostrae
1103 2648 1555 2720 intemperantiae
1603 2648 1873 2702 incuriae-

275 2754 387 2808 que
416 2739 663 2810 imputet;
691 2741 886 2812 pioque
913 2742 1077 2796 corde
1106 2740 1377 2796 humanae
1413 2739 1806 2810 intelligentiae
1825 2740 1867 2802 ⁸,

273 2833 463 2887 carnis
489 2834 665 2888 adhuc
700 2833 1006 2890 habitaculo
1042 2844 1332 2906 gravatae,
1380 2832 1599 2888 humilis
1625 2841 1870 2887 contem-

275 2923 459 2981 plator
489 2924 783 2994 indulgeat.
812 2924 898 2982 Ni:
921 2929 1064 2981 enim
1094 2926 1394 2997 perfectum
1423 2934 1507 2981 est
1537 2926 1589 2979 in
1619 2924 1873 2979 humanis

272 3015 477 3071 studiis
516 3017 713 3083 adhuc,
766 3025 827 3073 ut
870 3021 1082 3090 opinor,
1135 3019 1187 3073 in
1242 3020 1343 3073 hac
1387 3018 1679 3089 caliginosa
1736 3015 1871 3077 vita,

272 3105 426 3175 quod
451 3106 600 3159 omni
630 3121 820 3162 errore
844 3117 1047 3171 careat,
1079 3109 1297 3177 quando
1328 3116 1403 3161 et,
1422 3107 1555 3177 justi
1606 3121 1710 3162 non
1750 3106 1871 3162 ideo

1972 1918 2130 1972 modo
2157 1917 2245 1981 sit,
2275 1919 2341 1971 ad
2387 1917 2548 1971 finem
2585 1934 2753 1988 usque
2801 1919 3141 1988 perductum.
3192 1916 3248 1972 Si
3287 1926 3468 1973 autem
3494 1921 3563 1974 de

1970 2007 2077 2069 his,
2107 2023 2246 2078 quae
2275 2008 2328 2062 in
2357 2017 2612 2062 contextu
2668 2008 2825 2077 hujus
2862 2011 3042 2079 operis
3069 2009 3112 2041 ¹³
3159 2009 3420 2081 gravitate
3447 2025 3562 2064 tua-

1972 2100 2139 2153 teriae
2169 2110 2457 2169 rerumque
2479 2102 2918 2169 exponemlarum
2956 2102 3108 2171 copia
3135 2113 3356 2156 coactus
3403 2115 3563 2172 prae-

1972 2193 2181 2247 termisi
2211 2192 2275 2256 ¹’⁶,
2313 2194 2486 2262 deque
2536 2195 2615 2248 eis
2660 2194 3197 2265 quantulumcunque
3240 2196 3563 2265 quandoque

1970 2285 2236 2341 rationem
2261 2300 2346 2339 me
2374 2285 2707 2339 redditurum
2738 2286 2962 2355 promisi
2988 2287 3052 2351 ’⁸,
3080 2286 3347 2351 solicitus,
3377 2302 3439 2341 ac
3463 2302 3558 2339 vc-

1971 2375 2067 2430 luti
2095 2376 2483 2446 promissorum
2511 2386 2735 2431 exactor
2764 2376 2931 2432 fueris
2955 2378 3019 2443 ¹⁶,
3047 2392 3212 2446 opere
3242 2391 3467 2432 recurso
3490 2378 3557 2442 ι’.

1972 2467 2393 2535 omnibusque“
2422 2456 3155 2537 promissionibus’repertis,
3200 2467 3363 2538 inque
3391 2481 3558 2520 unum

1972 2559 2213 2614 collectis
2237 2560 2438 2613 cursim
2469 2558 2912 2629 capitulatimque
2938 2572 3039 2628 pro
3066 2557 3272 2613 viribus
3305 2555 3561 2613 tractabi-

1976 2659 2063 2704 tur
2090 2653 2150 2704 η.
2184 2649 2399 2703 Interim
2440 2650 2505 2703 de
2535 2649 2641 2712 his,
2669 2663 2811 2719 quae
2846 2645 2960 2716 jam
3005 2648 3246 2704 discussa
3277 2654 3423 2713 sunt,
3446 2645 3559 2701 lec.

1975 2741 2185 2797 tores”
2214 2750 2498 2796 contentos
2525 2755 2650 2795 esse
2695 2738 2901 2811 ﬂagito,
2939 2754 3044 2794 non
3088 2738 3195 2794 mei
3238 2737 3557 2810 ingenioli“

1973 2834 2248 2898 virtutem,
2278 2848 2418 2904 quae
2455 2842 2549 2887 aut
2582 2833 2668 2887 vix
2693 2842 2761 2898 II,
2810 2843 2903 2887 aut
2933 2832 3077 2887 nulla
3107 2840 3209 2890 est.
3242 2832 3338 2887 sed
3380 2830 3562 2887 solici-

1975 2925 2176 2980 tudinis
2200 2939 2353 2979 meae
2375 2924 2423 2955 ³³
2455 2921 2693 2987 intimae,
2729 2922 2955 2977 devotae
2977 2920 3025 2957 ”
3055 2930 3256 2984 tamen,
3293 2921 3436 2975 circa
3472 2921 3557 2975 di—

1974 3019 2222 3072 vinarum
2250 3017 2298 3051 ¹⁸
2344 3031 2526 3071 rerum
2573 3015 3014 3085 investigationcs
3045 3011 3353 3068 facultatem
3385 3011 3564 3066 consi-

1975 3112 2267 3175 derantes;
2317 3125 2480 3181 quam
2537 3123 2643 3163 non
2710 3108 2892 3161 minus
2943 3103 3151 3159 viribus
3216 3101 3563 3157 acutissimae

270 3198 409 3266 justi
440 3198 691 3252 dicuntur
708 3199 820 3270 jam
854 3200 905 3253 in
936 3213 1104 3254 carne
1129 3199 1392 3262 viventes,
1419 3200 1561 3269 quod
1579 3198 1710 3267 justi
1739 3199 1866 3261 sint,
1977 3211 2099 3258 tuac
2124 3202 2171 3234 ¹⁶
2186 3202 2611 3272 intelligentiae,
2665 3215 2826 3269 quam
2885 3212 3037 3252 meae
3085 3204 3289 3251 conten
3306 3193 3562 3264 plationis

273 3288 374 3341 sed
410 3289 555 3357 quod
586 3303 644 3343 se
665 3287 841 3357 justas
880 3304 999 3344 esse
1045 3289 1234 3355 velint,
1272 3288 1675 3359 perfectamque
1707 3287 1869 3356 justi—

276 3379 415 3430 tiam
440 3377 675 3433 foturam
705 3387 1040 3449 appetentes,
1086 3378 1203 3434 solo
1234 3380 1430 3434 mentis
1474 3377 1666 3434 aﬂ‘ectu
1703 3380 1871 3433 deno-

278 3469 496 3523 tninati.
550 3468 666 3523 Non
715 3471 861 3525 enim
923 3471 1274 3533 crediderim,
1332 3470 1499 3526 ullum
1552 3470 1870 3525 mortalibus

242 3560 542 3614 ‘membris
564 3561 984 3632 carnalibusque
1023 3560 1276 3618 sensibus
1300 3573 1583 3634 gravatum
1600 3601 1615 3626 ,
1643 3571 1870 3633 excepto

274 3650 538 3719 Christo,
584 3653 651 3708 ad
696 3652 996 3724 perfectum
1024 3655 1261 3711 _virtutis
1306 3657 1551 3711 habitum
1604 3666 1871 3723 veraeque

272 3744 758 3814 contemplationis
825 3744 1168 3801 altitudinem
1243 3745 1556 3816 pervenisse
1584 3785 1601 3809 ,
1664 3741 1871 3798 Joanne

279 3836 628 3907 Evangelista
659 3847 947 3894 attestante
973 3856 986 3893 ε
1023 3834 1085 3895 Si
1113 3840 1424 3904 dixerimus,
1454 3839 1647 3906 inquit,
1690 3837 1817 3907 quia
1846 3836 1868 3868 ⁸

264 3941 551 4003 peccatum
584 3948 687 3985 non
716 3932 986 3994 habemus,
1018 3949 1113 3986 nos
1148 3933 1285 4001 ipsos
1313 3930 1629 3991 seducimus,
1662 3939 1707 3982 et
1740 3927 1872 3982 veri-

278 4036 365 4077 tas
394 4025 451 4077 in
475 4026 621 4078 nobis
650 4042 752 4079 non
784 4036 879 4079 est.
920 4025 1051 4080 Item
1088 4024 1376 4095 Apostolus
1402 4042 1415 4076 :
1455 4021 1701 4076 Videmus
1734 4036 1871 4074 nunc

275 4130 375 4175 ver
400 4114 668 4184 speculum
697 4117 753 4170 in
786 4119 1113 4188 aenigmate;
1144 4126 1198 4171 et
1247 4116 1411 4171 alibi:
1461 4113 1547 4168 Ea:
1593 4124 1741 4184 parte
1783 4129 1874 4167 co-

275 4204 582 4274 gnoscimus
604 4216 652 4259 et
680 4222 746 4259 ex
769 4216 918 4275 parte
940 4209 1328 4277 prophetamus.
1367 4205 1462 4260 Sin
1497 4214 1678 4263 autem
1725 4204 1775 4258 in
1804 4220 1871 4259 co

280 4292 418 4348 utile
445 4303 499 4347 et
523 4296 588 4349 ad
618 4295 1044 4350 aedificationem
1086 4297 1391 4351 catholicae
1436 4295 1559 4349 fidei
1597 4295 1871 4365 pertinens

280 4382 557 4447 arriserit,
586 4384 683 4438 soli
711 4384 842 4449 Deo,
876 4387 968 4456 qui
1002 4385 1148 4441 solus
1177 4385 1491 4444 abscondita
1526 4386 1869 4440 tenebrarum

279 4484 514 4540 reserat,
536 4487 591 4533 et
613 4488 935 4549 quaerentes
962 4480 1027 4533 ad
1052 4495 1110 4535 se
1133 4481 1303 4551 ipsum
1343 4477 1487 4533 nunc
1507 4494 1695 4534 errore
1715 4480 1871 4533 dece-

1979 3294 2205 3350 obtusae
2243 3293 2287 3332 ¹⁷
2342 3291 2822 3354 lucubrationibus,
2858 3297 2918 3342 ut
2969 3293 3015 3326 ²⁸
3062 3300 3168 3341 non
3222 3285 3395 3339 dicam
3438 3299 3561 3338 eum

1979 3382 2228 3448 aemulis,
2268 3383 2461 3439 saltem
2498 3398 2621 3438 cum
2659 3381 2850 3436 amicis
2874 3387 2931 3433 et
2977 3376 3228 3433 veritatis
3278 3374 3570 3445 inquisito-

1979 3475 2131 3529 ribus
2157 3474 2447 3529 defendere
2494 3473 2713 3528 studeas
2735 3470 2803 3523 ".
2852 3467 2962 3523 Nec
2993 3466 3219 3522 multum
3252 3466 3304 3520 in
3337 3466 3461 3527 hoc,
3501 3473 3562 3519 ut

1978 3566 2189 3635 opinor,
2248 3563 2520 3620 laborabit;
2577 3562 2643 3617 ³⁸.
2677 3561 2799 3617 Mox
2839 3562 2982 3631 enim
3008 3568 3070 3614 ut
3109 3557 3236 3613 talia
3271 3557 3326 3612 in
3372 3571 3564 3612 manus

1978 3667 2127 3713 recte
2183 3654 2674 3727 philosophantium
2725 3650 3103 3722 pervenerint,
3163 3649 3207 3703 si
3254 3648 3300 3679 “
3351 3646 3563 3702 illorum

1979 3748 2433 3818 diSpntationibus
2457 3746 2804 3804 conveniunt.
2858 3757 2964 3799 non
2991 3740 3165 3797 solum
3212 3739 3402 3795 libenti
3442 3739 3563 3794 ani-

1978 3854 2068 3892 tuo
2107 3838 2402 3907 recipient,
2451 3851 2639 3892 verum
2685 3836 2849 3890 etiam
2896 3842 2954 3887 ut
3005 3847 3102 3888 sua
3154 3829 3562 3886 osculabantur.

1980 3929 2074 3984 Sin
2106 3943 2236 3983 vero
2266 3929 2318 3982 in
2345 3943 2459 3990 eos,
2488 3928 2579 3997 qui
2618 3924 2979 3995 promptiores
3007 3930 3134 3976 sunt
3162 3919 3230 3974 ad
3271 3919 3566 3988 reprehen-

1979 4022 2231 4086 dendum,
2247 4035 2407 4090 quam
2434 4020 2499 4072 ad
2520 4015 2979 4085 compaticndum,
3006 4011 3334 4067 incnrrerint
3355 4008 3422 4074 ³³,
3456 4024 3565 4062 non

1977 4128 2304 4186 magnopere
2335 4126 2456 4166 cum
2493 4109 2573 4164 eis
2620 4107 3039 4163 colluctandnm.
3074 4102 3457 4171 Unusquisque
3508 4100 3565 4153 itt

1978 4222 2078 4262 suo
2104 4220 2265 4261 sensu
2303 4202 2559 4266 abundet,
2596 4200 2767 4255 donec
2812 4197 2990 4253 veniat
3039 4195 3130 4251 illa
3175 4193 3288 4259 lux,
3330 4207 3469 4263 quae
3497 4191 3565 4245 de

1980 4298 2097 4351 luce
2129 4294 2264 4351 falso
2310 4290 2804 4364 philosophantium
2838 4289 2969 4344 facit
3010 4287 3285 4350 tenebras,
3308 4299 3364 4339 et
3409 4291 3563 4337 teuc-

1977 4390 2105 4442 hras
2130 4394 2280 4440 recte
2300 4382 2743 4455 cognoscentium
2775 4379 2820 4410 ³³
2849 4379 3118 4434 convertit
3143 4377 3193 4431 in
3224 4374 3419 4428 lucem.
3445 4370 3560 4425 Ex-

1978 4477 2121 4547 plicit
2159 4476 2287 4529 liber
2321 4475 2439 4551 napi
2476 4472 2680 4538 φύσεων
2739 4472 3015 4543 μερισμῡῦ,
3060 4469 3155 4521 Itoc
3208 4478 3280 4520 est
3331 4481 3395 4518 ue
3449 4461 3563 4515 Na-

280 4577 426 4633 ptos,
457 4569 550 4623 sed
579 4571 622 4601 ¹⁰
666 4571 735 4624 ab
762 4574 1040 4625 errorilus
1080 4575 1393 4626 emendatos
1444 4571 1755 4634 introducit,
1788 4572 1879 4625 de-
1907 4580 1957 4638 Β
1986 4580 2136 4620 tnrae
2170 4564 2419 4619 divisione
2447 4562 2510 4616 ".

1563 4747 1819 4804 VARlAE
1867 4744 2158 4802 LECTlOtV
2165 4746 2267 4801 ES.

360 4902 377 4935 ⁸
398 4899 439 4955 F
472 4902 735 4957 tenebras.
810 4904 831 4934 '
854 4904 1033 4958 dicina
1058 4919 1174 4957 om.
1203 4905 1268 4958 Α.
1344 4909 1366 4941 ³
1399 4902 1436 4958 F
1471 4904 1605 4972 rybi.
1686 4902 1706 4933 ⁸
1743 4903 1784 4955 Α
1814 4918 1925 4971 rer.
2004 4901 2026 4932 ⁸
2053 4901 2249 4955 arridet
2281 4900 2487 4972 omne.
2510 4898 2790 4972 u‘ndhuc
2816 4912 2926 4972 om.
2954 4897 3046 4972 Ατ,
3096 4900 3117 4929 ⁷
3149 4900 3399 4972 Aatque.
3472 4897 3563 4972 ‘A

284 4972 633 5046 indigentiae.
696 4975 718 5006 ’
743 4972 784 5027 Α
818 4974 979 5046 quod.
1059 4974 1101 5006 ¹⁰
1130 4973 1171 5028 F
1199 4984 1290 5046 aut
1333 4976 1400 5032 ab
1436 4972 1737 5046 erroribus.

296 5042 412 5098 “A
464 5043 634 5097 coai‘ti
681 5042 1149 5112 praetermisimus.

286 5114 423 5166 ritis.

288 5185 384 5236 nii.
465 5183 510 5214 ”
542 5184 586 5236 Α
626 5199 766 5252 quae
819 5186 907 5238 via:
952 5202 1137 5254 parua.

286 5254 334 5291 |'
362 5256 403 5307 Α
438 5265 658 5308 vestrae.
732 5257 774 5292 ⁸⁷
808 5260 1023 5310 obtusae
1065 5272 1175 5308 om.
1210 5254 1273 5311 F.

287 5324 580 5378 incurrent.
659 5324 705 5357 ³³
733 5325 776 5379 Λ
810 5326 1062 5401 tenebras
1089 5324 1590 5396 recognoscentium.

1390 5255 1435 5288 ³⁸
1472 5264 1525 5306 ιιι
1562 5271 1672 5308 om.
1720 5255 1786 5307 Α.

1251 4976 1400 5075 :tAab
1436 4972 1737 5075 erroribus.
1817 4973 1857 5003 “
1884 4972 1926 5026 Α
1969 4987 2241 5026 accensus.

1384 5061 1477 5075 κη.
1524 5060 1595 5075 ναι
1656 5045 1819 5075 humu
1854 5044 2186 5075 .mnﬁn'u’nnm

504 5045 634 5096 anti
681 5046 1149 5112 praetermisimus.
1227 5045 1271 5076 ¹⁸
1299 5045 1341 5097 Α
1384 5061 1477 5096 nos
1524 5045 1819 5096 reddituros
1852 5059 1881 5110 ρ

504 5113 545 5145 ⁸⁷
573 5114 618 5166 Α
640 5130 813 5169 cursu.
882 5116 928 5148 ⁸³
951 5117 997 5169 Α
1027 5116 1285 5169 omnibus.
1355 5116 1394 5152 ιδ
1421 5115 1464 5166 Α
1494 5128 1592 5183 pro
1624 5114 1829 5167 viribus
1858 5129 1890 5166 η

1974 5045 2207 5096 uisimus.
2287 5045 2332 5072 "
2360 5045 2400 5093 A
2433 5045 2646 5093 solliciti
2675 5045 2823 5094 eritis
2866 5053 2931 5093 ac
2968 5053 3016 5091 ν.
3048 5055 3098 5109 p.
3156 5049 3422 5092 exactores
3449 5045 3565 5104 [tte-

1980 5116 2048 5164 ris
2079 5111 2421 5165 tractabimus
2503 5109 2557 5183 ξθ
2589 5111 2634 5183 ῥ
2662 5127 2751 5163 vos
2787 5118 3067 5183 contentos
3096 5119 3199 5167 aet.
3262 5110 3304 5138 ἰ
3332 5109 3376 5160 Α
3417 5110 3565 5183 inge-

1214 5185 1259 5218 ³³
1288 5186 1332 5238 Α
1380 5183 1474 5240 sed
1495 5152 1711 5238 l’restrae
1758 5182 2121 5237 solicitudinis
2179 5193 2447 5250 meaeque.
2497 5176 2541 5250 ’9
2591 5178 2630 5232 F
2669 5182 2874 5235 devota.
2947 5180 2992 5212 "
3020 5183 3318 5250 dirtuarum
3366 5152 3564 5250 ontjA‘.

1859 5252 1904 5284 ²⁹
1943 5255 1985 5307 Δ
2017 5251 2232 5305 debetis.

1669 5325 1713 5355 ³³⁵
1746 5324 1839 5379 Sic
1866 5323 1945 5379 A:
1978 5323 2016 5377 ιδ’
2049 5322 2313 5392 Explicuit
2340 5322 2573 5392 quintus.

2321 4970 2363 5002 ³³
2394 4968 2646 5038 Wulfade
2707 4986 2817 5025 om.
2863 4970 2931 5024 Α.
3007 4967 3049 4999 ³³
3078 4970 3246 5038 operis
3294 4967 3410 5021 om.
3467 4970 3565 5038 Α.

2287 5041 2332 5072 ¹⁶
2360 5042 2400 5093 A
2433 5036 2646 5093 solliciti
2675 5038 2823 5094 eritis
2866 5053 2931 5093 ac
2968 5053 3016 5091 τ.
3048 5036 3117 5109 pf
3156 5049 3422 5092 exactores
3449 5036 3565 5104 fne-

2344 5244 2462 5304 ⁵⁰Λ
2513 5249 2842 5306 labarttbilis.
2920 5250 3031 5304 “A
3084 5249 3352 5319 quoniam.
3438 5244 3485 5279 ⁸⁸
3520 5245 3567 5295 Α

1806 5482 2057 5540 NOTAE.

362 5668 387 5696 ι
411 5648 453 5707 C
486 5654 706 5724 uulfatte
733 5653 834 5717 (sic
851 5653 915 5721 ι).
940 5650 1059 5724 1am
1084 5649 1282 5706 Petrus
1307 5649 1543 5724 Alixins,
1568 5657 1717 5724 teste
1734 5647 1881 5724 'l_'ho‘o

295 5742 378 5781 tua
404 5726 537 5782 Gate
560 5720 911 5789 ,Wulfadum
942 5723 1266 5778 Remensem
1293 5722 1617 5778 canonicum
1642 5759 1660 5786 ,
1688 5720 1881 5775 deinde

1987 5646 2377 5704 Bituricensem
2420 5646 2731 5714 episcopum
2759 5684 2774 5704 ,
2826 5639 2972 5695 innui
3021 5640 3348 5714 coniecerat.
3387 5637 3471 5694 Cf.
3500 5635 3568 5694 de

1989 5720 2096 5773 div.
2129 5718 2249 5773 Nat.
2282 5717 2371 5773 ed.
2402 5710 2752 5771 osoniHBSI
2773 5753 2786 5778 ,
2816 5710 3057 5781 Appcnd.
3095 5726 3140 5780 p.
3179 5710 3270 5767 80.
3344 5788 3345 5791 η
