3952 6162
247 267 382 322 ⁸025
1024 266 1273 329 VERSIO
1311 270 1595 327 OPERUM
1639 273 1694 326 S.
1740 271 2058 328 DlONYSll.
2098 302 2166 312 -
2202 273 2637 330 TESTIMONIA.
3354 269 3490 324 i026

1540 469 2212 550 TESTIMONIA.

391 790 600 855 Nic-nlui
625 801 687 856 P.
717 803 742 856 Ι
773 796 842 857 ad
868 804 1115 858 Catolunt
1147 803 1361 857 Calvum
1385 803 1565 858 literae
1585 805 1649 858 de
1668 806 1874 859 Joanne
1897 802 2052 858 Scoto
2081 799 2630 872 0pcrumS.Diongsii
2653 801 2994 870 Areopagitae
3029 801 3310 870 interprete
3329 839 3346 866 ,

1621 912 1748 949 ann.
1779 895 1876 949 861
1905 894 1981 948 vel
2005 894 2129 949 869..

302 1049 516 1104 Naudaei
539 1051 739 1103 Collect.
761 1064 826 1105 ex
847 1050 960 1103 bibl.
987 1055 1158 1104 Oxom.
1185 1053 1237 1115 [i.
1266 1067 1311 1103 e.
1337 1053 1632 1115 Oxonieusi,
1671 1052 1748 1103 vel
1771 1051 2080 1114 Oxomensi},
2106 1049 2184 1102 ed.
2211 1050 2419 1101 Bulaeus
2441 1050 2650 1100 Historia
2679 1052 2898 1104 Univers.
2940 1052 3076 1102 Paris
3100 1057 3133 1098 t.
3160 1051 3199 1112 l,
3225 1064 3272 1113 p.
3319 1049 3429 1102 184.

451 1201 719 1257 NICOLAUS
750 1200 806 1255 S.
849 1201 906 1255 S.
950 1200 1013 1253 D.
1052 1200 1250 1253 dilecto
1281 1199 1389 1252 ftlio
1418 1197 1635 1252 Canow
1655 1197 1890 1266 glorioso
1913 1196 2246 1250 Francorum
2276 1195 2409 1265 regi.

315 1291 460 1346 Sane
489 1291 774 1362 plurimum
807 1306 903 1345 nos
935 1289 1209 1352 laetificat,
1246 1289 1387 1358 quod
1427 1288 1477 1341 in
1519 1287 1744 1354 imperio
1777 1297 1828 1340 et
1860 1301 2026 1354 regno
2055 1296 2268 1351 vestro,
2301 1295 2354 1340 et
2384 1283 2691 1354 specialiter
2719 1280 2977 1348 Parisius,
3011 1285 3270 1341 bonarum
3299 1289 3495 1342 artium

241 1381 419 1436 studia
457 1383 930 1451 praedecessorum
956 1389 1258 1434 vestrorum
1286 1393 1414 1432 cura
1456 1376 1694 1432 stabilita
1727 1375 2066 1444 repullulent,
2102 1391 2326 1444 quarum
2363 1375 2657 1430 seminibus
2693 1377 2927 1430 Ecclesia
2971 1377 3067 1430 Dei
3101 1376 3408 1442 fructificat,
3447 1389 3503 1433 et

243 1473 413 1525 animi
443 1481 757 1542 vegetamur
783 1473 851 1526 ad
882 1467 1024 1525 illius
1053 1469 1439 1524 defensionem.
1459 1466 1564 1521 Sed
1598 1480 1770 1534 nuper
1791 1465 2085 1528 doluimus,
2116 1472 2175 1517 ut
2218 1465 2442 1518 relatum
2479 1473 2562 1518 est
2597 1464 2912 1533 apostolatui
2961 1473 3164 1529 nostro,
3199 1468 3339 1535 quod
3366 1482 3502 1536 opus

242 1565 484 1634 Dionysii
515 1561 1046 1634 Arcepagitae,quod
1077 1561 1142 1616 de
1183 1559 1378 1615 divinis
1410 1557 1729 1612 Nominibus
1757 1565 1811 1611 et
1836 1556 2161 1612 caelestibus
2189 1554 2478 1611 Ordinibus
2498 1571 2690 1625 graeco
2717 1557 2999 1626 descripsit
3028 1557 3498 1628 eloquio,quidam

239 1655 327 1706 vir
347 1653 610 1716 Joannes,
630 1653 845 1706 natione
859 1652 1075 1715 Scotus,
1105 1665 1276 1719 nuper
1298 1647 1571 1709 transtulit
1597 1647 1648 1700 in
1671 1646 1919 1699 Latinum
1943 1664 1955 1698 :
1985 1645 2127 1715 quod
2148 1644 2301 1713 juxta
2329 1660 2534 1700 morem
2572 1645 2843 1701 Ecclesiae
2865 1647 3017 1701 nobis
3037 1648 3198 1713 mitti,
3227 1660 3283 1703 et
3317 1659 3501 1705 nostro

239 1745 446 1814 judicio
474 1744 660 1797 debuit
693 1743 1014 1813 approbari;
1043 1740 1364 1812 praesertim
1397 1754 1522 1794 cum
1563 1737 1706 1792 idem
1745 1737 1982 1793 Joannes
2013 1737 2214 1794 multae
2242 1736 2498 1793 scientiae
2536 1751 2654 1794 esse
2693 1740 3035 1808 praedicetur
3061 1739 3210 1803 olim,
3241 1741 3335 1795 sed
3395 1757 3500 1795 non

241 1849 376 1888 sane
409 1851 601 1904 sapere
625 1837 675 1889 in
707 1836 1023 1904 quibusdam
1051 1834 1322 1905 frequenti
1354 1848 1573 1888 rumore
1605 1833 1838 1888 dicatur.
1869 1830 2007 1886 Hinc
2034 1840 2137 1896 est,
2167 1830 2309 1902 quod
2336 1831 2608 1886 dilectioni
2638 1843 2848 1888 vestrae
2875 1835 3224 1888 vehementer
3246 1845 3502 1904 rogantes

245 1928 586 1988 mandamus,
615 1938 879 1996 quatenus
918 1927 1235 1996 apostolatui
1278 1936 1465 1981 nostro
1488 1924 1824 1995 praedictum
1872 1923 2131 1980 Joannem
2157 1917 2562 1994 repraesentari
2608 1925 2835 1989 faciatis,
2879 1938 2970 1980 aut
2999 1938 3145 1982 certe
3169 1928 3409 1983 Parisius
3447 1931 3498 1983 itt

243 2015 461 2081 Studia,
493 2017 647 2085 cujus
675 2019 867 2087 capital
903 2017 1013 2087 jam
1058 2019 1186 2072 olim
1234 2017 1400 2073 fuisse
1436 2016 1768 2086 perhibetur,
1809 2015 2013 2069 morari
2055 2031 2163 2070 non
2207 2014 2419 2080 sinatis,
2451 2029 2517 2068 ne
2561 2029 2682 2069 cum
2723 2015 2900 2071 tritico
2939 2019 3077 2073 sacri
3111 2017 3310 2088 eloquii
3335 2033 3501 2090 grana

244 2107 491 2162 zizaniae
532 2119 588 2162 et
633 2108 739 2163 lolii
789 2109 1016 2164 miscere
1042 2107 1409 2178 diguoscatur,
1436 2115 1489 2162 et
1522 2119 1714 2176 panem
1746 2105 2133 2175 quaerentibus
2164 2119 2424 2160 venenum
2458 2104 2717 2176 porrigat.
2750 2105 2943 2162 Datum
2974 2125 3062 2164 an.
3089 2108 3173 2164 ΙΙΙ.

836 2433 1084 2514 Ejusdem
1112 2441 1359 2512 epistolae
1379 2442 1727 2512 fragmentum
1751 2452 1818 2493 ea:
1841 2435 2058 2494 Decreto
2081 2437 2260 2494 Ivonis
2299 2439 2637 2496 Carnotensis
2665 2443 2908 2512 episcopi.

1364 2597 1467 2648 lvo.
1493 2597 1685 2649 Carnot.
1713 2609 1794 2660 ep.
1819 2593 2024 2648 Decret.
2049 2596 2107 2648 P.
2133 2609 2180 2648 tv
2215 2610 2260 2648 c.
2290 2596 2396 2650 104.

320 2745 573 2800 Relatum
609 2753 692 2800 est
730 2744 1049 2813 apostolatui
1099 2755 1305 2809 nostro,
1337 2741 1480 2811 quod
1516 2755 1654 2808 opus
1694 2741 1840 2797 beati
1884 2741 2126 2813 Dionysii
2166 2741 2547 2812 Areopagitae,
2577 2741 2719 2811 quod
2749 2741 2814 2797 de
2846 2742 3043 2798 divinis
3075 2743 3390 2802 Nominibus
3419 2749 3503 2803 vel

247 2835 573 2888 caelestibus
603 2834 895 2889 Ordinibus
939 2848 1134 2903 graeco
1173 2833 1460 2901 descripsit
1488 2831 1723 2900 eloquio,
1767 2829 1988 2902 quidam
2036 2832 2121 2886 vir
2167 2831 2425 2898 Joannes,
2459 2847 2656 2902 genere
2709 2832 2923 2899 Scotus,
2967 2849 3140 2904 nuper
3172 2837 3222 2890 in
3251 2837 3500 2894 Latinum

246 2924 609 2979 transtulerit.
642 2924 793 2990 Quod
837 2926 991 2995 juxta
1037 2941 1240 2980 morem
1290 2924 1446 2980 nobis
1482 2925 1643 2990 mitti,
1671 2933 1728 2979 et
1761 2935 1946 2979 nostro
1995 2924 2409 2979 debuitsudicio
2464 2925 2771 2995 approbari,
2811 2928 3130 2995 praesertim
3186 2943 3306 2983 cum
3359 2930 3492 2986 idem

243 3014 505 3079 Joannes,
537 3014 664 3070 licet
701 3016 903 3071 multae
949 3017 1206 3072 scientiae
1241 3032 1359 3071 esse
1390 3016 1751 3096 praedicetur,
1789 3015 1917 3068 olim
1950 3030 2055 3070 non
2085 3030 2223 3074 sane
2267 3030 2458 3086 sapere
2497 3015 2551 3070 in
2606 3016 2930 3085 quibusdam
2977 3017 3242 3086 frequenti
3285 3035 3501 3076 rumore

244 3109 537 3162 diceretur.
580 3110 762 3178 Itaque
782 3111 924 3179 quod
954 3112 1214 3166 hactenus
1239 3110 1496 3164 omissum
1541 3118 1646 3172 est,
1677 3117 1856 3164 vestra
1903 3107 2165 3162 industria
2198 3108 2461 3179 suppleat,
2491 3115 2547 3163 et
2571 3108 2726 3164 nobis
2755 3107 3054 3178 praefatum
3085 3125 3217 3180 opus
3244 3111 3360 3166 sine
3391 3111 3497 3165 ulla

244 3197 595 3250 εειηριτιιίοηε
619 3198 817 3262 mittat,
844 3207 1131 3266 quatenus,
1163 3198 1289 3253 dum
1319 3214 1348 3252 a
1378 3199 1544 3254 nostri
1564 3198 1898 3267 apostolatus
1921 3196 2128 3266 judicio
2155 3196 2319 3254 fuerit
2343 3200 2716 3271 approbatum,
2743 3203 2812 3258 ab
2849 3204 3098 3260 omnibus
3125 3205 3502 3261 incunctanter

250 3296 435 3341 nostra
464 3291 784 3363 auctoritate
815 3289 1087 3360 acceptius
1122 3288 1406 3343 habeatur.

1807 3395 1938 3502 ως

394 3601 664 3659 Anastasii
693 3604 754 3661 S.
779 3597 1046 3661 Romanae
1083 3599 1340 3659 Ecclesiae
1376 3601 1759 3658 bibliothecarii
1791 3603 1859 3656 ad
1890 3602 2140 3658 Carolum
2167 3604 2384 3661 Calvum
2409 3607 2590 3664 literae
2613 3609 2676 3664 de
2695 3608 2901 3666 Joanne
2927 3610 3106 3677 Scoto,
3135 3609 3357 3682 Operam

1364 3697 1420 3752 S.
1453 3697 1690 3767 Dionysii
1713 3697 2068 3768 Areopagitae
2090 3701 2386 3770 interprete.

247 3853 3498 3911 i-IditioBasileensisa.1503..............................P

247 3915 411 3979 ﬁditio
437 3915 685 3979 Usseriitu
709 3918 1422 3979 Ivlpistolaranibernicarum
1445 3913 1804 3976 sylloge,p.45
1876 3952 1890 3966 .
1963 3953 1974 3965 .
2046 3951 2060 3966 .
2126 3953 2140 3966 .
2209 3957 2222 3970 .
2288 3957 2300 3968 .
2371 3954 2382 3968 .
2452 3957 2462 3966 .
2536 3955 2548 3966 .
2612 3951 2628 3968 .
2699 3956 2709 3967 .
2777 3956 2791 3969 .
2857 3955 2871 3970 .
2942 3955 2956 3970 .
3022 3957 3035 3969 .
3106 3956 3115 3966 .
3188 3954 3198 3965 .
3269 3955 3282 3968 .
3349 3954 3361 3966 .
3461 3919 3499 3966 U

245 3975 365 4025 Cod.
393 3989 482 4024 ms.
507 3975 771 4030 Florentia.
797 3982 930 4032 Hlut.
957 3995 1181 4044 r.xxxtx.,
1208 3994 1315 4043 sup.
1341 3980 1416 4041 15,
1440 3975 1727 4038 membran.,
1751 3990 1856 4034 sec.
1883 3993 1930 4026 ιι
1957 3979 2033 4030 vel
2059 3994 2139 4029 ιιι.
2201 4016 2214 4030 .
2280 4017 2294 4032 .
2365 4013 2380 4030 .
2449 4017 2460 4028 .
2527 4013 2542 4027 .
2609 4013 2624 4027 .
2693 4015 2706 4028 .
2776 4017 2788 4028 .
2857 4016 2870 4029 .
2935 4017 2948 4030 .
3015 4013 3030 4028 .
3100 4016 3113 4029 .
3184 4015 3196 4028 .
3266 4013 3280 4026 .
3347 4015 3360 4027 .
3472 3979 3499 4026 J

312 4124 465 4177 Inter
492 4129 672 4175 cetera
718 4122 914 4188 studia,
952 4140 1092 4194 quae
1129 4134 1237 4180 tam
1286 4123 1571 4180 laudabilis
1605 4125 1768 4190 actio,
1806 4139 1970 4194 quam
2002 4122 2357 4180 saluberrima
2397 4123 2770 4190 commonitio,
2809 4125 2940 4196 quin
2979 4125 3143 4180 etiam
3174 4129 3189 4158 ¹
3231 4125 3499 4182 odorifera

245 4215 440 4270 volans
463 4217 644 4284 opinio
669 4217 734 4270 de
765 4218 1022 4272 virtutum
1047 4231 1111 4270 ac
1153 4231 1363 4270 morum
1391 4215 1650 4286 quailtate
1696 4224 1717 4255 ει
1756 4225 1996 4280 tuorum,
2022 4230 2055 4270 ο
2103 4214 2344 4270 Dictator
2368 4214 2583 4286 inclyte,
2621 4214 2928 4271 mortalium
2960 4225 3171 4272 mentes
3199 4217 3419 4283 excitat,
3448 4229 3504 4273 et

248 4305 315 4358 ad
348 4305 705 4361 eifodiendam
736 4308 1055 4377 sapientiam
1082 4307 1103 4339 ³
1134 4308 1383 4362 hortatur
1417 4305 1562 4360 velut
1602 4306 1887 4360 thesauros
1915 4303 1955 4370 ⁸,
1986 4304 2115 4358 illud
2161 4319 2376 4375 quoque
2416 4321 2521 4359 non
2565 4296 2916 4361 iuediocriter
2957 4306 2978 4338 ⁸
3013 4315 3095 4362 est
3141 4308 3504 4365 admiratione

247 4397 598 4465 stupendum,
629 4399 771 4468 quod
818 4415 922 4453 non
957 4402 1130 4455 solum
1178 4399 1377 4454 latinos
1413 4397 1625 4464 Patres,
1655 4400 1748 4453 sed
1774 4407 1829 4453 et
1863 4411 2088 4469 graecos
2123 4397 2307 4452 rimari
2341 4412 2446 4451 non
2475 4412 2675 4463 cessas,
2700 4407 2756 4453 et
2781 4412 3003 4452 romana
3033 4397 3212 4469 lingua
3242 4397 3503 4469 pollentes

247 4483 594 4554 peiasgarum
623 4486 644 4517 ⁸
672 4485 808 4542 facis
836 4503 1016 4544 rerum
1046 4505 1152 4545 non
1176 4491 1197 4522 '
1220 4497 1490 4564 expertes.
1514 4489 1595 4544 Tu
1640 4490 1839 4560 quippe
1879 4490 2031 4553 facis,
2065 4490 2153 4558 qui
2183 4490 2248 4545 ad
2291 4488 2594 4545 faciendum
2640 4493 2872 4548 suscitas
2901 4502 2957 4547 et
2999 4494 3254 4560 hortaris,
3287 4495 3414 4564 quia
3449 4506 3504 4550 et

248 4589 350 4626 nos
395 4589 556 4644 saepe
598 4592 845 4647 magnam
881 4579 1097 4633 domum
1139 4555 1330 4634 fecisse
1365 4555 1614 4646 dicimur,
1646 4555 1752 4634 non
1776 4555 1980 4633 itamen
2010 4555 2278 4643 manibus,
2301 4578 2395 4633 sed
2435 4577 2702 4635 affatibus.
2736 4580 2932 4637 Beatus
2964 4583 3142 4652 itaque
3180 4585 3502 4656 Areopagita

249 4663 559 4736 Dionysius,
589 4667 931 4724 Atheniensis
968 4670 1226 4735 antistes,
1249 4685 1405 4737 quem
1451 4670 1589 4724 inter
1615 4677 1795 4724 cetera
1826 4676 2040 4725 constat
2087 4668 2350 4723 industria
2394 4676 2505 4735 tua,
2551 4677 3014 4740 praestantissime
3040 4681 3338 4751 principum
3371 4681 3415 4746 ⁸,
3450 4683 3500 4735 in

248 4769 534 4808 romanum
565 4773 869 4812 sermonem
893 4756 1228 4819 translatum,
1265 4764 1470 4809 tantum
1509 4764 1612 4821 est,
1642 4763 1701 4810 ut
1733 4755 1847 4823 ipse
1880 4755 2149 4826 patentius
2178 4758 2198 4790 ⁹
2225 4757 2387 4822 nosti,
2421 4760 2489 4811 ad
2533 4759 2932 4834 intelligendum
2963 4767 3220 4836 difficilis,
3241 4783 3502 4841 quantum

248 4861 506 4901 sermone
536 4848 576 4878 ¹⁰
604 4849 847 4904 sublimis
875 4870 888 4904 :
919 4852 1026 4906 imo
1063 4847 1520 4920 quantodifficilia
1558 4855 1681 4902 sunt
1722 4846 2018 4911 intellectu,
2047 4855 2102 4902 et
2138 4846 2244 4901 alta
2269 4848 2562 4920 mysteriis,
2593 4866 2732 4920 quae
2771 4853 2883 4923 ipse
2910 4867 3279 4927 perscrutatus
3313 4861 3378 4926 ιι,
3406 4877 3501 4916 su-

247 4954 418 5008 perna
449 4941 721 4995 revelanle
747 4943 916 5012 gratia
943 4943 1146 5007 didicit,
1175 4951 1231 4998 et
1267 4955 1463 4996 arcana
1500 4938 1816 5010 theologiae,
1845 4939 2024 4994 divina
2053 4955 2113 4995 se
2139 4939 2368 4996 ducente
2396 4957 2579 5008 manu,
2609 4944 2882 5014 ingressus
2910 4947 2961 5000 in
2993 4952 3361 5006 sanctuarium
3391 4949 3490 5006 Dei

247 5029 435 5082 ablato
467 5031 735 5088 velamine.
753 5035 1070 5103 penetravit.
1272 5018 1274 5020 ν
2271 5037 2274 5040 ’

325 5121 626 5178 Mirandum
671 5126 833 5194 igitur
877 5127 919 5158 η
961 5133 1062 5189 est,
1092 5126 1218 5194 quia
1252 5125 1422 5194 pietas
1450 5131 1537 5177 tua
1579 5137 1678 5177 nec
1707 5122 1832 5176 talia
1871 5123 2169 5179 indiscussa
2200 5124 2439 5194 reliquit,
2465 5125 2582 5191 sed,
2610 5128 2698 5184 hic
2735 5129 2860 5185 licet
2891 5131 2942 5186 in
2979 5142 3120 5190 terra
3169 5135 3408 5191 ambulat
3431 5135 3498 5198 ³³,

247 5220 512 5282 tanquam
536 5215 588 5268 in
612 5215 778 5270 caelis
799 5230 1127 5272 conversans
1153 5216 1323 5270 ambit
1351 5214 1416 5280 “,
1450 5215 1522 5268 ita
1547 5223 1626 5280 ut,
1649 5214 1812 5269 veluti
1840 5215 2081 5284 quidam,
2132 5224 2190 5270 ut
2235 5217 2308 5270 ita
2355 5216 2641 5286 fateamur,
2671 5223 2889 5292 angelus
2921 5225 3000 5278 vel
3047 5225 3293 5280 caelestis
3340 5225 3500 5278 homo

1590 5353 1676 5410 VA
1688 5355 1845 5410 RIAE
1880 5352 2280 5412 LECTIONES.

326 5464 350 5498 ι
371 5457 500 5538 J_et.
574 5461 702 5538 ’_P_U
725 5465 1031 5538 quantitate.
1109 5465 1128 5497 ³
1170 5466 1258 5521 Stc
1292 5464 1395 5532 PJ;
1446 5465 1490 5521 U
1517 5467 1581 5521 ad
1604 5468 1957 5538 e/fodiergdum‘
1971 5468 2278 5538 sapientiae.
2383 5468 2403 5500 ⁸
2431 5471 2458 5525 J
2494 5472 2627 5525 velut
2662 5474 2928 5527 thesauros
2956 5474 3214 5527 Irattatnr.
3295 5476 3314 5505 ⁵
3339 5474 3367 5527 J
3391 5491 3498 5528 tne-

243 5529 439 5612 tijoeri.
593 5533 616 5565 ⁸
640 5531 668 5587 J
691 5529 1004 5612 gl'ossa_i._e.
1031 5552 1358 5612 graecarurn:
1383 5529 1411 5612 '_
1460 5538 1480 5568 "
1513 5529 1853 5612 ηοιίὸιηηεῐἶ
1982 5535 2053 5612 ⁸]
2088 5539 2344 5612 princeps.
2465 5551 2486 5583 ο
2535 5542 2561 5596 J
2587 5545 2866 5612 potentius.
2968 5545 3008 5574 ‘°
3045 5545 3072 5598 J
3120 5546 3172 5597 in
3229 5560 3497 5603 sermone.

245 5601 288 5628 "
328 5597 359 5652 ,Ι
387 5597 760 5686 νεηεγιιιαιτζν.
785 5679 798 5685 α
868 5602 957 5656 ’τι
1003 5597 1142 5672 ergo.
1259 5604 1354 5660 ³⁸]
1395 5607 1449 5660 in
1489 5610 1640 5661 terris
1675 5607 1923 5661 ambulet.
2012 5608 2054 5638 “
2088 5597 2115 5660 ΣΙ
2156 5597 2288 5663 αάἱιξ

699 5679 970 5755 Pareat.
1017 5694 1273 5765 cxx",
1915 5786 1924 5790 δ
2127 5769 2130 5771 λ
2683 5784 2687 5786 _
3035 5709 3110 5768 33
