3952 6162
424 216 568 286 tm
1810 208 2091 281 iuturus
2127 210 2324 281 SCOTI
3555 228 3674 287 loss

423 343 627 398 Sancta
656 340 977 395 Sanctorum
1024 336 1231 410 ingredi
1271 326 1725 407 contemplatione
1769 337 2025 403 videaris,
2050 346 2106 392 et
2134 337 2200 390 ad
2246 337 2427 392 abdita
2466 346 2523 392 et
2556 337 2714 396 advta
2761 340 2970 394 divinae
3016 338 3406 407 ncffabilitatis,
3438 352 3678 410 quantum

427 432 681 504 possibile
699 439 784 486 est
808 429 1147 493 mortalibus,
1181 429 1355 485 acutis
1385 428 1742 497 spiritualium
1770 426 2050 482 oculorum
2080 426 2281 480 visibus
2306 428 2606 482 accessisse
2634 433 2650 458 ‘
2679 430 2947 483 credaris.
3560 428 3571 437 ’

498 519 796 575 Mirandum
829 528 913 574 est
932 532 1146 589 quoque
1175 520 1219 583 ³,
1258 519 1528 588 quomodo
1556 518 1638 571 vir
1666 518 1757 572 ille
1784 518 2076 587 barbarus,
2095 516 2185 585 qui
2219 512 2239 547 ⁸
2268 517 2320 570 in
2368 516 2563 571 finibus
2592 519 2772 572 mundi
2810 520 3038 589 positus,
3061 528 3265 588 quanto
3291 520 3361 573 ab
3389 520 3680 578 nominibus

319 624 330 633 '
428 610 858 675 conversatione,
888 617 1038 681 tanto
1067 608 1214 663 credi
1244 609 1419 678 potuit
1442 608 1666 662 alterius
1697 609 1909 678 linguae
1943 606 2181 661 dictione
2226 607 2249 636 ⁵
2297 606 2637 677 longinquus,
2678 610 2802 662 talia
2848 610 3119 665 intellectu
3148 625 3368 679 capere,
3420 609 3473 663 in
3504 609 3678 663 aliam-

427 718 534 775 que
561 703 799 772 linguam
831 698 1129 755 transferre
1151 700 1379 754 valuerit
1418 700 1439 731 ⁸
1465 717 1477 752 :
1506 697 1768 753 Joannem
1811 697 1977 751 inuno
2024 695 2391 766 Scotigcnam,
2425 697 2621 762 virum,
2657 712 2817 766 quem
2850 697 2871 728 ⁸
2913 697 3096 751 auditu
3124 697 3363 765 comperi
3392 712 3492 767 per
3518 699 3680 769 omnis

426 800 674 846 sanctum
708 791 752 844 ⁷.
799 790 904 846 Sed
944 790 1045 845 hoc
1066 800 1322 860 operatus
1356 799 1440 845 est
1481 788 1569 843 ille
1618 786 1815 843 artifex
1859 789 1882 820 ⁸
1924 787 2174 857 Spiritus,
2207 788 2297 856 qui
2340 788 2482 843 hunc
2511 789 2789 843 ardentem
2834 789 3041 857 pariter
3059 797 3112 842 et
3141 787 3454 856 loquentem
3490 787 3614 842 fecit
3640 788 3677 841 ⁹.

424 882 536 939 Nisi
584 884 729 939 enim
778 898 846 938 ex
897 883 1069 953 gratia
1111 883 1278 953 ipsius
1320 882 1442 953 igne
1490 880 1736 935 caritatis
1773 878 2078 950 ﬂagrasset,
2125 893 2467 947 nequaquam
2511 880 2709 933 donum
2764 879 2959 950 linguis
2996 877 3246 946 loquendi
3297 876 3483 946 procul
3540 878 3680 933 dubio

421 982 767 1051 suscepisset.
805 975 940 1033 Nam
998 979 1140 1033 hunc
1194 977 1454 1042 magistra
1514 976 1715 1031 caritas
1767 975 1980 1039 docuit,
2035 972 2179 1042 quod
2232 973 2299 1027 ad
2356 973 2645 1028 multorum
2700 972 3111 1028 instructionem
3159 980 3214 1027 et
3264 971 3678 1026 aedificationem

422 1072 653 1143 patravit
681 1071 749 1126 ¹⁰.

496 1162 693 1218 Verum
719 1162 820 1217 etsi
851 1160 918 1215 ad
963 1174 1271 1216 mensuram
1308 1160 1466 1215 datus
1494 1168 1577 1214 est
1613 1159 1661 1213 ci
1690 1156 1953 1229 Spiritus,
1982 1157 2096 1229 ipse
2124 1166 2326 1223 tamen,
2357 1158 2596 1227 paternis
2624 1158 2882 1213 doctrinis
2917 1155 3176 1217 imbutus,
3204 1161 3469 1222 quantum
3498 1151 3678 1221 potuit,

422 1245 651 1319 fecit,et
681 1255 938 1323 prodesse
981 1253 1242 1324 proximis
1280 1252 1419 1306 ultra
1457 1253 1602 1306 vires
1644 1251 1889 1306 tentavit.
1934 1249 2209 1320 Siquidem
2249 1257 2466 1320 praeter
2509 1250 2621 1315 illa,
2653 1266 2793 1320 quae
2840 1251 2986 1306 hunc
3025 1249 3246 1304 latuisse
3285 1248 3590 1317 probantur
3625 1263 3678 1301 ex

420 1348 525 1408 his,
543 1362 680 1415 quae
708 1345 935 1415 sparsim
967 1360 996 1398 a
1027 1328 1345 1415 quibusdam
1370 1343 1436 1397 de
1456 1343 1720 1413 praedicti
1752 1341 1927 1396 Patris
1950 1328 2288 1397 sermonibus
2316 1350 2370 1397 et
2390 1341 2630 1419 epistolis
2654 1351 2779 1396 ante
2814 1357 2913 1396 nos
2944 1341 3301 1410 interpretata
3326 1339 3679 1403 inveniuntur,

418 1439 709 1510 plurimum
732 1439 948 1494 utilitati
979 1432 1018 1471 ιί
1046 1437 1335 1500 subtraxit,
1359 1438 1485 1507 quia
1512 1445 1658 1491 tanto
1679 1435 1861 1490 studio
1890 1434 2110 1491 verbum
2155 1449 2186 1489 c
2232 1434 2274 1465 ¹²
2304 1434 2468 1488 verbo
2504 1432 2701 1487 elicere
2735 1433 2776 1464 ¹³
2805 1432 3135 1503 procuravit,
3156 1431 3300 1501 quod
3330 1445 3502 1499 genus
3529 1430 3679 1484 inter-

423 1528 765 1600 pretationis,
797 1527 924 1582 licet
966 1535 1020 1582 et
1048 1527 1162 1597 ipse
1203 1526 1521 1596 plerumque
1560 1525 1603 1556 ¹⁶
1643 1539 1862 1595 sequar,
1894 1534 2157 1607 quantum
2196 1523 2432 1579 illustres
2478 1524 2805 1595 interpretes
2847 1526 3040 1589 vitent,
3085 1532 3176 1576 tua
3217 1521 3461 1591 profecto
3510 1521 3681 1576 sollers

421 1618 759 1687 experientia
793 1632 895 1671 non
928 1617 1158 1688 ignorat.
1189 1615 1341 1683 Quod
1386 1630 1509 1670 eum
1549 1629 1655 1669 non
1701 1613 1878 1685 egisse
1899 1612 1969 1667 ob
1995 1613 2157 1667 aliam
2187 1628 2409 1668 causam
2451 1612 2493 1644 “
2526 1613 2799 1681 existimo,
2829 1615 2931 1671 nisi
2958 1616 3106 1687 quia,
3140 1630 3264 1670 cum
3295 1623 3442 1669 emt
3480 1614 3681 1669 humilis

417 1707 633 1777 spiritu,
664 1722 769 1761 non
812 1707 1177 1777 praesumpsit
1208 1706 1356 1761 verbi
1389 1706 1776 1777 proprietatem
1804 1706 2079 1770 deserere,
2109 1719 2177 1759 ne
2207 1704 2387 1774 a¥iquo
2416 1706 2577 1760 modo
2615 1721 2646 1760 a
2670 1721 2862 1761 sensus
2889 1709 3116 1775 veritate
3144 1707 3421 1762 decideret
3451 1704 3516 1759 ¹⁶.
3549 1704 3679 1761 Unde

420 1800 620 1856 factum
660 1808 766 1864 est,
795 1806 852 1853 ut
890 1807 1097 1852 tantum
1126 1798 1325 1863 virum,
1357 1798 1449 1866 qui
1497 1812 1594 1867 per
1635 1811 1714 1862 se,
1762 1796 2017 1864 quoniam
2062 1792 2105 1827 ι’
2155 1794 2342 1849 intima
2383 1803 2437 1850 et
2483 1797 2653 1851 ardua
2709 1811 2956 1868 quaeque
2997 1796 3279 1866 utriusque
3328 1796 3679 1866 philosophiae

414 1887 707 1960 penetralia
749 1886 937 1941 rimari
990 1886 1288 1956 proposuit,
1330 1885 1620 1956 perplexus
1665 1885 1864 1940 nostris
1908 1883 2271 1939 intellectibus
2294 1884 2605 1967 videbatur,
2637 1887 2775 1940 intra
2811 1887 3091 1956 cujusdam
3117 1887 3413 1958 labyrinthi
3456 1886 3678 1942 difﬁcilia

415 1979 675 2043 irretiret,
707 1987 762 2032 et
784 1979 837 2047 in
867 1976 1039 2031 antris
1064 1974 1502 2044 profundioribus
1529 1972 1939 2028 invisibiliorem
1981 1971 2376 2055 quodammodo
2409 1972 2724 2041 collocaret,
2766 1983 2822 2031 et
2853 1990 3016 2047 quem
3055 1976 3543 2047 interpretaturum
3574 1990 3676 2032 sus-

405 2079 634 2140 ceperat
663 2070 728 2137 ³⁸,
755 2069 932 2126 adhuc
965 2070 1215 2125 redderet
1251 2067 1733 2137 interpretandum.

488 2167 829 2236 Quapropter
861 2166 996 2236 ipse,
1024 2164 1218 2221 merito
1242 2165 1283 2198 "
1310 2163 1528 2229 anxius,
1558 2161 1710 2231 coepi
1752 2160 1940 2216 sedulo
1966 2176 2251 2231 quaerere,
2278 2163 2324 2217 si
2348 2159 2488 2217 forte
2524 2163 2752 2234 reperiri
2776 2163 3037 2234 potuisset
3060 2173 3385 2235 praeceptor
3407 2166 3673 2236 quisquam

406 2261 499 2317 'vel
526 2261 743 2331 aliquod
771 2260 1054 2330 scriptum,
1083 2275 1191 2330 quo
1220 2258 1539 2315 enucleante
1574 2265 1757 2312 tantus
1783 2255 1947 2311 Pater
1966 2256 2123 2311 nobis
2153 2255 2410 2325 liquidius
2441 2256 2798 2322 illucesceret,
2823 2264 2898 2324 et,
2947 2259 3071 2328 quia
3096 2258 3210 2328 jam
3240 2276 3343 2330 per
3383 2261 3675 2331 interpretis

403 2358 740 2415 industriam
776 2357 992 2428 linguae
1023 2366 1243 2414 nostrae
1280 2355 1459 2411 fuerat
1495 2353 1746 2418 traditus,
1770 2351 1974 2408 nostris
2004 2364 2221 2423 quoque
2244 2351 2292 2382 '°
2310 2351 2524 2422 patulus
2551 2352 2596 2383 “
2620 2353 2938 2408 redderetur
2965 2353 3253 2423 perfectius
3274 2354 3632 2410 intellectibus
3660 2373 3671 2408 :

404 2469 538 2510 cum
561 2468 689 2509 ecce
716 2461 937 2523 repente
959 2452 1277 2523 paratheses
1299 2451 1346 2483 ²²
1384 2452 1500 2506 sive
1529 2449 1735 2506 scholia
1782 2450 1837 2504 in
1883 2463 2032 2514 eum,
2060 2463 2200 2517 quae
2241 2446 2704 2518 Constantinopoli
2740 2449 2947 2527 positus
2966 2450 3228 2515 videram,
3261 2452 3329 2506 ad
3370 2467 3566 2507 manus
3596 2466 3671 2506 vc-

409 2563 563 2616 nere,
595 2551 793 2621 quibus
826 2559 1099 2616 utcunque
1120 2546 1489 2615 interpretatis
1516 2544 1649 2599 mihi
1670 2536 2060 2615 aliquantulum
2087 2543 2258 2614 magis
2279 2544 2537 2610 emicuit,
2563 2560 2704 2615 quae
2726 2546 2976 2601 videlicet
2997 2546 3045 2577 ’³
3073 2546 3127 2601 in
3159 2548 3495 2619 marginibus
3524 2548 3678 2602 inter-

407 2642 607 2712 pretati
653 2640 858 2696 codicis
900 2635 1042 2707 ejus,
1072 2645 1133 2692 ut
1173 2638 1227 2693 in
1270 2636 1479 2693 Graeco
1522 2636 1724 2707 reperi,
1757 2648 1884 2691 mox
1911 2636 2266 2705 interpretata
2301 2644 2595 2707 utcunque,
2616 2636 2788 2692 donec
2838 2653 2867 2692 a
2918 2640 3077 2693 docto
3117 2639 3313 2695 melius
3371 2640 3678 2709 interpreta-

408 2746 601 2792 rentur
641 2736 710 2802 “,
741 2736 1192 2807 respondentibus
1235 2736 1407 2808 signis
1447 2736 1718 2808 interpres
1751 2751 1853 2808 ego
1893 2737 2026 2792 satis
2058 2732 2340 2807 imperitus
2381 2738 2626 2808 apposui,
2657 2748 2978 2810 vestraeque
3003 2740 3273 2811 gloriosae
3301 2741 3349 2774 ⁸⁸
3393 2742 3679 2811 sapientiae

406 2831 747 2901 potissimum
767 2830 885 2888 fore
919 2832 1180 2887 mittenda
1223 2847 1330 2887 non
1363 2831 1635 2887 immerito
1674 2830 1934 2902 iudicavi,
1969 2839 2027 2884 ut
2056 2831 2284 2895 scilicet,
2319 2844 2461 2901 quae
2495 2831 2596 2886 fuit
2641 2832 2865 2888 alterius
2909 2834 3374 2904 interpretationis
3412 2818 3675 2892 hortatrix

404 2934 464 2981 et
489 2927 824 2995 auxiliatrix,
852 2930 926 2985 sit
950 2931 1114 2985 etiam
1148 2937 1368 2985 nostrae
1393 2916 1785 3000 qualiscunque
1813 2927 2120 2999 susceptrix
2156 2936 2217 2983 et
2256 2928 2622 2998 approbatrix.
2650 2927 2892 2998 Ipsorum
2922 2938 3100 2983 autem
3144 2930 3473 2986 scholiorum
3496 2932 3609 2986 sive
3636 2931 3680 2964 "

405 3027 763 3094 paratheseon
795 3040 1148 3098 quaecunque
1174 3028 1229 3082 in
1262 3026 1412 3082 calce
1440 3027 1524 3081 sui
1547 3027 1758 3096 signum
1783 3026 2030 3081 viviticac
2052 3026 2231 3081 crucis
2262 3024 2482 3092 habent,
2507 3042 2535 3080 a
2563 3026 2722 3082 beato
2750 3026 2984 3084 Maximo
3004 3027 3318 3084 confessore
3340 3036 3396 3083 et
3424 3028 3679 3083 monacho

405 3118 629 3175 inventa
649 3118 693 3156 ’⁷
726 3130 1038 3188 narrantur,
1052 3130 1236 3177 cetera
1260 3136 1391 3177 vero
1413 3120 1584 3176 sancti
1605 3119 1851 3186 Joannis,
1874 3116 2307 3191 Scythopolitanl
2332 3121 2380 3157 ⁸⁸
2405 3123 2640 3193 episcOpi
2667 3125 2737 3190 ²⁹,
2755 3139 2875 3180 esse
2897 3124 3156 3180 feruntur.
3184 3125 3329 3180 Sane
3343 3126 3433 3180 ubi
3454 3141 3482 3179 a
3508 3126 3679 3181 verbis

406 3216 720 3287 interpretis
749 3217 954 3273 scholia
996 3219 1112 3289 ipsa
1138 3217 1429 3273 dissentire
1455 3216 1585 3282 vidi,
1615 3228 1675 3271 ut
1704 3216 1898 3283 lector,
1921 3216 2050 3286 quid
2077 3218 2144 3272 de
2169 3218 2416 3287 apposita
2449 3218 2682 3274 dictione
2710 3219 2980 3290 interpres
3002 3219 3256 3287 senserit,
3288 3220 3676 3290 quidscholion

406 3313 664 3375 insinuet,
690 3309 1033 3370 indiliicuiter
1063 3313 1108 3346 ³⁸
1154 3324 1432 3385 agnoscat,
1461 3321 1516 3371 et
1554 3312 1717 3369 verba
1762 3290 2075 3381 interpretis
2125 3312 2329 3367 scholio
2367 3312 2596 3379 inserui,
2624 3320 2697 3378 et,
2742 3314 2979 3384 qualiter
3013 3330 3076 3369 ea
3119 3315 3315 3371 scholii
3349 3317 3678 3387 compositor

402 3409 740 3479 praetulerit,
781 3409 952 3464 innui.
983 3407 1090 3463 Sed
1119 3415 1193 3473 et,
1227 3408 1401 3464 sicubi
1430 3415 1793 3478 opportunum
1836 3406 1954 3462 fore
1992 3391 2250 3476 conspexi
2280 3406 2348 3473 ³ι,
2389 3421 2457 3462 ex
2495 3423 2581 3463 me
2607 3424 2844 3479 quoque,
2873 3411 3130 3479 quoniam
3158 3426 3281 3467 esse
3325 3413 3481 3468 aliter
3505 3413 3551 3446 ³³
3577 3428 3675 3468 non

404 3503 600 3571 potuit,
632 3503 956 3573 paucissima
980 3502 1272 3573 quaedam,
1294 3509 1350 3558 et
1377 3516 1518 3571 quae
1547 3498 1759 3557 facilius
1780 3503 1847 3557 ab
1878 3501 2211 3572 intelligente
2236 3503 2455 3570 agnosci
2483 3513 2734 3572 poterant
2766 3504 2831 3568 ³⁸,
2865 3507 3182 3577 interposui.

475 3596 774 3676 Praeterea
799 3600 1095 3654 notandum
1134 3608 1237 3667 est,
1261 3599 1405 3669 quod
1433 3598 1499 3667 “,
1530 3599 1657 3655 licet
1683 3609 1866 3656 tantae
1888 3600 2093 3672 gloriae
2123 3611 2412 3674 tantaeque
2435 3602 2694 3658 scientiae
2732 3602 2845 3660 sive
2866 3605 2913 3637 ⁸⁵
2961 3606 3305 3677 antiquitatis
3333 3608 3433 3663 iste
3462 3618 3674 3665 sanctus

405 3694 695 3768 Dionysius
734 3695 912 3760 fuerit,
961 3712 1236 3768 nunquam
1281 3704 1459 3753 tamen
1490 3697 1669 3768 aliqua
1708 3697 1963 3769 opuscula
1992 3712 2115 3753 eum
2151 3700 2404 3765 edidisse,
2437 3700 2541 3754 nisi
2579 3699 2734 3755 fallor
2773 3700 2838 3767 ³⁸,
2871 3717 3223 3772 quaecunque
3257 3705 3674 3758 orthodoxorum

404 3788 606 3858 scripta
638 3788 855 3844 traditio
871 3788 1070 3859 prodit,
1099 3789 1416 3860 priusquam
1446 3788 1675 3845 Romani
1705 3789 2010 3861 pontiﬁces,
2041 3790 2291 3847 videlicet
2317 3790 2612 3863 Gregorius
2639 3792 2707 3857 ",
2744 3790 3029 3860 Martinus,
3055 3806 3121 3850 -et
3152 3795 3385 3865 Agatho,
3417 3798 3671 3851 dictorum

403 3883 519 3951 ejus
541 3883 593 3937 in
619 3880 663 3915 "
686 3872 1006 3954 Conscriptis
1032 3870 1493 3941 suis‘mentionem
1522 3883 1751 3940 fecerint
1768 3885 1907 3955 ",et
1928 3898 2001 3941 ea
2023 3896 2119 3956 per
2143 3886 2277 3942 haec
2304 3886 2601 3956 probabilia
2623 3868 2932 3957 judicantes
2958 3888 3278 3946 admiserint
3300 3891 3369 3959 ⁸ο,
3393 3893 3676 3964 Gregorius

402 3977 612 4033 scilicet
639 3979 691 4034 in
714 3979 944 4034 bomelia
972 3979 1189 4051 capituli
1218 3979 1513 4053 evangelici
1538 3979 1582 4012 δι
1605 3981 1671 4036 de
1693 3990 1912 4035 centum
1943 3981 2132 4036 ovibus
2155 3990 2210 4035 et
2231 3981 2416 4036 decem
2444 3982 2741 4046 drachmis,
2768 3982 3029 4040 Martinus
3055 3985 3105 4040 in
3138 3989 3347 4057 synodo
3373 4005 3492 4053 sua,
3513 4004 3672 4058 quam

404 4075 607 4131 Romae
636 4086 825 4131 contra
855 4077 1156 4131 haereticos
1176 4075 1492 4144 celebravit,
1520 4086 1575 4132 et
1597 4072 1804 4148 Agatho
1832 4075 1885 4131 in
1924 4076 2345 4146 epistola,quam
2375 4077 2441 4132 ad
2471 4087 2680 4145 sextam
2712 4079 2976 4148 synodum
3003 4081 3308 4139 destinavit.
3337 4084 3492 4141 Unde
3517 4082 3674 4156 ego“

401 4186 585 4226 veram
610 4176 732 4228 esse
760 4170 1088 4229 Graecorum
1126 4166 1436 4243 opinionem
1463 4173 1693 4242 coniicio
1741 4174 2141 4245 perbibentium
2186 4171 2253 4241 ⁸³,
2280 4174 2447 4230 libros
2480 4172 2598 4243 ejus
2628 4191 2658 4230 a
2706 4176 2978 4247 prioribus
3020 4179 3314 4235 haereticis
3352 4182 3671 4245 occultatas,

400 4269 572 4327 donec
606 4271 763 4345 longo
789 4284 910 4344 post
931 4283 1172 4344 tempore
1200 4290 1266 4330 ex
1299 4275 1574 4345 opusculis
1594 4275 1712 4345 ejus
1741 4274 1888 4347 solus
1913 4274 2103 4338 codex,
2138 4275 2230 4345 qui
2263 4290 2406 4329 nunc
2434 4275 2686 4340 habetur,
2720 4284 2805 4330 est
2834 4274 3037 4331 [lernae
3069 4286 3339 4347 repertus,
3373 4280 3675 4346 ceterisque

402 4369 637 4425 nondum
672 4372 903 4429 inventis
929 4375 979 4429 in
1002 4374 1284 4429 Graeciam
1314 4385 1639 4446 asportatus.
1670 4375 1848 4429 Edidit
1868 4374 2012 4428 enim
2039 4385 2093 4430 et
2120 4374 2165 4406 “
2196 4374 2352 4440 alios,
2387 4384 2445 4429 ut
2474 4375 2590 4444 ipse
2632 4376 2807 4430 innuit
2828 4376 2899 4441 ⁸⁸,
2935 4375 3121 4439 libros,
3154 4389 3292 4444 quos
3320 4374 3670 4430 necGraecus

403 4462 707 4534 quisquam,
741 4482 841 4521 nec
867 4467 1041 4522 adhuc
1076 4468 1251 4538 potuit
1276 4468 1519 4522 invenire
1547 4464 1796 4521 Latinus.
2852 4510 2863 4515 -

470 4560 539 4614 Ει
565 4560 781 4632 quidem
825 4561 999 4618 Lucas
1042 4564 1092 4618 in
1140 4563 1366 4620 Actibus
1407 4562 1773 4634 apostolorum
1803 4574 1851 4625 ιι,
1905 4560 2273 4631 Eusebiusque
2323 4559 2611 4632 Pamphili,
2638 4571 2693 4617 et
2737 4561 3024 4633 Dionysius
3049 4560 3294 4618 Corinthi
3336 4562 3383 4596 "
3420 4563 3667 4626 antistes,

1684 4698 1889 4754 VARIA
1901 4698 1939 4754 E
1982 4696 2373 4756 LECTIONES

474 4806 489 4840 ‘
522 4806 614 4883 Sic
639 4807 697 4873 J;
725 4805 815 4883 Pl]
867 4813 1171 4883 accepisse,
1208 4879 1227 4883 Δ
1256 4811 1276 4841 ²
1302 4809 1331 4865 ,1
1364 4808 1667 4883 Mirandum
1693 4825 1895 4883 quoque
1920 4820 2015 4865 est.
2069 4881 2080 4883 Α
2113 4811 2141 4883 '_
2163 4809 2190 4865 ,Ι
2221 4810 2310 4883 ille
2333 4811 2753 4883 virdbarbanns,
2791 4813 2880 4868 ille
2915 4814 3053 4883 qui,
3123 4813 3146 4845 δ
3174 4813 3266 4869 Sic
3322 4814 3425 4880 l’J;
3479 4813 3521 4883 υ
3549 4815 3666 4869 dis—

400 4878 1064 4953 tinctioneuﬁluvoluerit.
1153 4879 1227 4953 ἔ]
1260 4891 1558 4953 ιιιιτιηιιιιηςΔ
1596 4881 1645 4953 ᾖ
1687 4878 1989 4953 Lauerunt.
2064 4881 2087 4913 ⁸
2113 4880 2141 4936 J
2177 4881 2370 4953 artifex
2400 4880 2565 4953 ille.“
2591 4883 2612 4914 ⁰
2636 4881 2678 4953 ν]
2725 4884 2873 4949 facit.
2933 4878 3000 4914 ’⁸³
3025 4881 3055 4937 J
3089 4885 3313 4953 pararit.
3412 4878 3465 4917 V"
3500 4882 3527 4937 J
3559 4888 3669 4937 mi-

400 4951 584 5023 litatis.
645 4951 700 5023 _"
742 4949 831 5006 PU
887 4952 1210 5023 verbumrde
1258 4944 1440 5023 verbo.
1519 4950 1562 4982 ¹³
1590 4950 1681 5005 Sic
1728 4950 1828 5012 Pl;
1862 4944 1904 5005 U
1933 4951 2122 5005 dicere.
2202 4950 2247 4982 “
2275 4944 2364 5023 Sic
2393 4949 2452 5017 J;
2480 4951 2568 5007 PU
2593 4944 2893 5023 nini-inmiti.
2976 4944 3272 5008 "J'alinm
3316 4955 3377 5007 ob
3424 4972 3663 5008 causam.

402 5021 446 5094 ξέ
482 5019 521 5094 .i
536 5019 835 5094 Αοαᾴενείκ-
883 5022 922 5053 ³⁷
967 5021 1018 5094 U_
1049 5022 1190 5092 quia.
1239 5060 1244 5064 .
1289 5020 1375 5094 ’fJ
1418 5031 1636 5089 ceperat.
1733 5023 1774 5056 "
1803 5022 1923 5094 ἤμδᾳ
1943 5024 2127 5094 merito
2166 5036 2277 5075 om.
2318 5022 2377 5094 _.|_.
2484 5023 2647 5094 "Sic
2675 5024 2733 5085 J;
2778 5020 2980 5094 quaque
3014 5038 3126 5078 mn.
3162 5024 3237 5090 υς
3274 5023 3313 5077 Ρ
3352 5026 3663 5092 nostrisque.

491 5091 581 5165 _Sic
616 5089 644 5147 ,Ι
671 5108 686 5157 ;
745 5088 1086 5165 P_U_patnlis'.
1192 5095 1236 5124 “
1297 5090 1325 5145 J
1348 5094 1661 5165 pm'llrlltesis'
1779 5092 1823 5126 ⁸³
1879 5092 2111 5165 videlicet
2159 5107 2268 5165 otii.
2318 5091 2383 5146 U.
2521 5092 2571 5165 ³⁸⁸,
2604 5088 3125 5165 ΡΙνγίηιέτριίειςιιιτιτ.
3225 5088 3278 5133 ν¹⁸
3311 5094 3336 5150 ι
3369 5088 3663 5161 religiosae.

400 5158 448 5233 ξε
484 5160 651 5233 decu.
761 5158 929 5233 271a
972 5161 1120 5233 beajo
1173 5181 1235 5217 ac
1279 5158 1533 5233 "tenue/to
1568 5164 1797 5216 maxime
1844 5160 2137 5233 confessore
2177 5163 2447 5233 iuventa._
2539 5158 2584 5202 ’δ
2615 5164 2701 5219 PU
2735 5158 3116 5233 Sycopolimni.
3221 5166 3265 5199 "
3302 5165 3328 5218 J
3385 5158 3660 5233 aniis'izis.

402 5232 447 5265 ”
535 5231 888 5304 indi/ﬁcilitcr.
966 5233 1009 5263 ³⁸
1044 5231 1073 5286 J
1119 5233 1338 5304 imperi.
1431 5232 1529 5304 ’V'VJ
1583 5233 1737 5286 aliter
1765 5249 1893 5304 esse.
1915 5232 2025 5304 ﬂ”:
2054 5232 2094 5304 If
2131 5241 2394 5304 poterunt,
2419 5231 2715 5304 rJ_possunt.
2784 5231 2861 5265 ’³⁸
2893 5234 2918 5286 .I
2944 5236 3066 5304 quia
3143 5235 3189 5266 ³⁸
3218 5234 3243 5286 ,1
3274 5251 3383 5287 seu.
3457 5233 3498 5304 '_°
3524 5232 3666 5304 {ni

402 5303 580 5375 (nitor:
649 5300 1062 5375 {prrgorius
1100 5302 1369 5375 rideliret.‘
1450 5303 1495 5333 ³⁸
1522 5304 1575 5355 in
1613 5319 1725 5375 om.
1764 5302 1811 5357 Ι.
1834 5374 1837 5375 ν
1860 5373 1875 5375 ζ
1912 5300 1955 5375 ξθ
1990 5300 2025 5356 J
2059 5302 2330 5375 [ξι-θνριηι.Δ
2384 5301 2862 5375 "fJAarImiseriint.
2961 5303 3002 5337 “
3033 5304 3075 5359 U
3108 5303 3396 5375 Evangelii.
3467 5302 3509 5334 ⁸³
3542 5302 3665 5372 Ego

404 5371 507 5428 tun.
544 5372 595 5427 J.
669 5372 716 5405 ’⁵³
746 5372 790 5428 U
819 5372 1222 5441 prohibentium.
1335 5371 1379 5402 ’δ”
1423 5384 1469 5424 et
1519 5389 1627 5426 om.
1685 5373 1749 5428 li.
1829 5373 1878 5404 "
1904 5371 1930 5426 J
1960 5373 2214 5426 meminit.
2317 5371 2364 5407 “
2401 5372 2429 5428 J
2470 5371 2896 5428 Cariutlziorium.

1933 5476 2175 5576 Norae.

473 5607 494 5633 υ
542 5597 656 5647 .-\ct.
687 5592 848 5655 XV",
880 5592 965 5645 Si.
