3952 6162
342 364 363 416 l
375 361 479 416 035

1165 358 1408 416 VERSlO
1457 357 1740 415 OPERUM
1786 355 1843 412 S.
1894 355 2208 413 DIONYSU.
2239 357 2740 417 —PR.~\EFATIO.

3458 350 3603 413 103‘.

342 480 393 532 lo
441 481 480 542 ³,
513 484 815 532 commotus
856 507 922 518 -—
972 476 1083 546 ipse
1135 477 1398 545 siquidem
1422 517 1435 540 ,
1484 484 1541 529 ut
1586 476 1640 529 in
1691 476 1921 545 quadam
1952 476 1997 534 Α
2029 473 2251 542 scriptio
2281 474 2348 528 de
2388 474 2766 530 Ecclesiastica
2797 473 3090 538 lerarcltia,
3129 471 3419 526 humanae
3444 481 3597 525 natu-

339 584 562 623 Suarum
612 568 962 637 epistolarum
1033 576 1053 606 ²
1099 576 1528 630 commemorat,
1600 566 1726 620 dum
1777 571 1921 619 esset

334 658 490 726 juxta
513 657 831 725 Heliopolim
857 672 979 711 cum
1001 655 1298 725 Polycarpo
1312 657 1565 724 episcopo
1591 655 1917 723 ceterisque,

340 748 433 814 qui
466 757 590 800 tunc
617 745 1071 806 aderant,divina
1105 755 1430 814 procurante
1456 743 1793 813 providentia
1821 745 1921 797 mi-

344 841 566 894 rabilem
600 841 654 893 in
706 840 920 893 modum
949 849 1307 908 conspexerat
1338 839 1518 892 lunam
1546 838 1645 893 soli
1688 822 1921 891 subeun-

343 942 475 993 tem,
513 946 583 984 ao
636 946 731 999 per
774 931 876 983 hoc
907 930 928 960 ³
969 929 1133 982 solem
1159 928 1420 983 defecisse
1441 957 1510 967 —-
1538 942 1770 996 moxque
1796 941 1921 981 san-

341 1020 643 1072 ctissimum
689 1021 884 1082 virum,
931 1017 1293 1087 apostolorum
1339 1016 1657 1087 discipulum
1687 1016 1729 1078 ‘,
1773 1014 1918 1069 iero-

343 1110 528 1161 tlieum
565 1107 587 1139 ⁸
632 1107 882 1160 videlicet
943 1107 1252 1176 episcopum
1281 1147 1296 1171 ,
1343 1115 1597 1167 secutus,
1658 1103 1811 1172 cujus
1865 1103 1919 1155 in

343 1198 504 1251 tertio
534 1197 690 1266 hujus
741 1196 921 1265 operis
956 1197 1090 1250 libro
1131 1196 1447 1250 memoriam
1481 1194 1632 1258 facit,
1660 1193 1920 1246 eundem-

339 1301 448 1355 que
478 1288 792 1355 magistrum
837 1301 992 1338 suum
1025 1286 1383 1339 venerabilem
1409 1285 1671 1348 nominat,
1699 1283 1920 1337 celeris-

338 1393 448 1448 que
498 1386 623 1432 tunc
675 1377 939 1446 temporis
988 1378 1317 1447 coepiscopis
1375 1386 1495 1447 post
1553 1374 1826 1444 apostolos
1865 1374 1916 1426 in

340 1468 605 1536 theologia
635 1467 905 1536 praeferre
932 1483 1036 1521 non
1058 1468 1289 1529 dubitat,
1316 1483 1569 1536 cumquo
1591 1463 1917 1535 multisqnef

337 1560 462 1612 aliis
482 1559 684 1617 sanctis
727 1559 780 1611 in
825 1575 991 1613 unum
1024 1559 1467 1613 convenientibus
1487 1558 1760 1612 Christum
1796 1563 1919 1625 post

339 1651 790 1705 resurrectionem
850 1650 1205 1719 corporaliter
1281 1659 1363 1705 est
1417 1649 1810 1719 contemplatus
1862 1660 1915 1712 ι,

336 1743 669 1810 aderantque
697 1741 717 1770 "
750 1739 842 1803 ibi,
874 1751 930 1795 ut
966 1742 1076 1809 ipse
1106 1742 1198 1805 ait,
1231 1739 1480 1802 Jacobus,
1522 1740 1688 1794 frater
1716 1738 1917 1793 .Domi-

2021 579 2133 629 rae,
2169 565 2467 621 Salvatoris
2491 567 2657 621 nostri
2695 566 2953 637 sanguine
2985 566 3313 635 redemptae,
3337 565 3596 618 unitatem

2021 658 2325 723 denuntiat,
2357 659 2422 711 ad
2482 659 2885 713 similitudinem
2925 657 3178 713 videlicet
3219 655 3470 711 caelestis
3508 669 3597 709 sa-

2019 750 2267 814 cerdotii,
2292 759 2552 819 quantum
2575 751 2830 820 possibile
2858 758 2941 805 est
2962 748 3304 809 mortalibus,
3332 747 3398 802 ad
3423 748 3526 801 hoc
3554 745 3603 779 ³⁸

2019 839 2348 892 ordinatam.
2398 839 2562 908 Cujus
2593 856 2835 895 summus
2871 839 3114 910 pontifex
3141 846 3225 893 est
3262 839 3375 907 ipse
3400 824 3600 906 ",qui

2019 944 2138 984 eam
2156 930 2255 983 sibi
2281 945 2375 999 per
2399 932 2627 1000 gratiam
2644 947 2797 985 suam
2827 930 3123 1001 coaptavit,
3144 927 3415 998 quietiam
3433 926 3605 981 totius

2018 1019 2342 1084 lerarchiae,
2358 1021 2671 1075 caelestium
2691 1021 2906 1090 quidem
2929 1028 2985 1074 et
3012 1018 3376 1079 terrestrium,
3400 1015 3604 1085 princi—

2018 1107 2166 1177 pium
2198 1117 2281 1161 est
2310 1117 2366 1161 et
2393 1109 2629 1162 medium
2660 1116 2714 1162 et
2748 1107 2902 1168 linis,
2934 1108 3001 1161 ad
3037 1121 3196 1175 quem
3240 1104 3422 1159 omnia
3465 1102 3603 1157 refc-

2021 1207 2232 1251 ruutur.
2262 1198 2405 1252 llaec
2435 1200 2617 1267 itaque
2648 1208 2828 1253 nostra
2856 1197 3329 1253 Ierarchiainstar
3357 1194 3607 1249 caelestis

2021 1289 2285 1358 tripartita
2301 1298 2407 1353 est,
2433 1289 2486 1342 in
2515 1298 2624 1342 tres
2648 1290 2851 1343 scilicet
2872 1288 3193 1343 lerarchias.
3226 1286 3463 1352 Quarum
3485 1284 3603 1355 pri-

2020 1394 2104 1431 tua
2136 1379 2414 1448 temporali
2450 1380 2663 1448 quidem
2707 1381 2929 1444 ordine,
2963 1379 3151 1433 ultima
3180 1392 3311 1431 vero
3347 1376 3607 1446 dignitate

2019 1470 2189 1541 legale
2225 1480 2309 1527 cst
2337 1472 2382 1501 ²⁰
2413 1470 2771 1526 sacerdotium
2796 1511 2811 1535 ,
2839 1472 2979 1538 quod
3028 1469 3080 1523 in
3130 1468 3298 1522 variis
3342 1467 3607 1536 valdeque

2020 1561 2263 1615 obscuris
2302 1560 2559 1632 symbolis
2596 1577 2690 1630 per
2718 1560 3079 1629 legislatorem
3117 1557 3331 1629 Moysea
3360 1559 3406 1588 ³³
3447 1557 3605 1626 plane

2027 1652 2233 1707 carnali
2291 1652 2468 1705 adhuc
2522 1650 2756 1719 populo,
2812 1649 3147 1718 literaeque,
3230 1662 3341 1702 non
3393 1644 3603 1716 spiritui

2030 1747 2286 1800 servienti
2318 1744 2665 1799 distributum
2696 1751 2799 1797 est.
2831 1741 2996 1809 Cujus
3023 1740 3608 1797 nmximuscbaracter
3663 1789 3667 1793 .

337 1833 420 1895 ni,
442 1840 499 1885 et
531 1831 737 1895 Petrus,
769 1844 951 1886 vertex
976 1832 1335 1900 apostolorum
1370 1861 1437 1870 —
1461 1831 1655 1884 talibus
1683 1845 1746 1884 ac
1766 1828 1927 1906 tantis
1957 1815 2003 1875 Β
2030 1846 2149 1892 erat
2186 1835 2590 1890 tabernaculum
2640 1834 2769 1888 illud
2808 1834 2859 1887 in
2894 1834 3130 1887 Arabico
3160 1843 3344 1887 monte
3382 1832 3610 1901 ﬁgurate

338 1922 669 1985 admonitus,
698 1922 1108 1991 divinarumque
1132 1921 1154 1952 “
1197 1922 1601 1990 Scripturarum
1648 1920 1922 1991 mysteriis

337 2011 703 2076 illuminatus,
752 2012 967 2080 scripsit
1003 2014 1102 2067 hos
1152 2011 1340 2076 libros,
1368 2013 1620 2067 hortante
1647 2027 1709 2064 ac
1739 2004 1923 2079 postu-

338 2102 488 2156 lante
539 2111 728 2158 sancto
755 2102 1056 2166 Timotheo,
1109 2103 1335 2172 aliisque
1374 2103 1417 2166 ³,
1446 2118 1673 2172 quorum
1705 2102 1922 2155 nomina

337 2190 395 2244 in
448 2203 700 2258 processu
751 2188 910 2256 hujus
947 2191 1128 2259 operis
1182 2190 1495 2259 saepissime
1541 2190 1801 2255 declarat,
1831 2189 1925 2243 do-

338 2279 688 2346 ctrinamque
729 2277 967 2332 breviter
998 2278 1256 2332 insinuat.
1285 2277 1393 2333 Sed
1419 2279 1724 2346 praesentis
1745 2272 1925 2346 operis

337 2368 704 2425 intentionem
753 2368 989 2421 breviter
1035 2368 1288 2421 intimare
1347 2368 1712 2421 necessarium
1765 2368 1923 2421 duxi-

340 2472 490 2521 mus,
521 2471 628 2525 quo
667 2456 877 2511 facilius
921 2456 1091 2511 lector
1115 2457 1385 2513 studiosus
1412 2458 1766 2527 ingrediatur.
1807 2457 1926 2511 Pri-
1949 2455 1961 2467 ⁸

339 2562 465 2601 mus
519 2546 698 2614 itaque
744 2546 901 2611 liber,
959 2548 1051 2616 qui
1124 2547 1437 2601 inscribitur
1493 2547 1537 2579 ³⁸
1594 2547 1661 2601 de
1708 2543 1926 2601 caelesti

338 2636 639 2698 lerarchia,
684 2636 827 2704 quod
878 2650 1000 2700 nos,
1031 2651 1137 2690 non
1169 2637 1415 2701 verbum,
1448 2636 1542 2690 sed
1597 2650 1814 2690 sensum
1840 2650 1929 2688 ex-

336 2728 662 2797 primentes,
700 2742 987 2795 possumus
1010 2726 1177 2781 latine
1207 2727 1401 2781 dicere.
1416 2727 1481 2781 de
1510 2726 1736 2781 caelesti
1753 2726 1929 2796 ponti-

339 2818 531 2879 tieatu,
583 2831 675 2870 seu
726 2817 793 2870 de
844 2831 1056 2871 summo
1084 2818 1122 2848 ¹¹
1156 2816 1481 2880 sacerdotio,
1525 2831 1719 2870 novem
1756 2816 1929 2870 caele-

338 2904 510 2957 stium
549 2904 807 2958 virtutum
873 2906 1258 2973 dispositiones
1317 2914 1637 2971 enumerat,
1691 2908 1925 2971 ordinat,

337 3005 619 3065 segregat,
676 2995 989 3067 coniungit,
1038 3013 1333 3067 earumque
1360 2998 1564 3053 sanctis
1591 2998 1854 3069 theologis
1885 3000 1928 3032 ³³

338 3085 603 3138 divinitus
648 3087 1021 3142 manifestatas
1044 3088 1389 3159 sytubolicas,
1415 3089 1515 3144 hoc
1545 3098 1627 3144 est
1653 3089 1927 3159 significa-

338 3174 482 3227 tivas
497 3173 579 3227 vel
603 3177 860 3245 mysticas
880 3177 1288 3245 imaginationes
1306 3178 1347 3210 ¹²
1371 3178 1669 3234 luculenter
1683 3178 1923 3246 exponit.
1955 3168 1999 3230 C

336 3264 576 3321 Ordinat
610 3269 824 3336 quidem
868 3269 922 3323 in
959 3270 1269 3338 superiores
1293 3279 1349 3325 et
1375 3271 1578 3325 medias
1599 3277 1656 3323 et
1680 3269 1918 3334 ultimas,

338 3368 599 3428 segregat
653 3376 781 3414 vero
813 3361 864 3414 in
896 3369 1077 3416 ternas
1104 3362 1150 3393 “‘
1173 3371 1254 3416 ter
1280 3362 1599 3427 lerarchias,
1647 3362 1926 3433 conjungit

339 3453 551 3519 primas
588 3452 788 3507 ultimis
817 3462 871 3507 ct
912 3453 1129 3507 ultimas
1167 3454 1359 3523 primis
1382 3469 1479 3524 per
1502 3454 1728 3517 medias,
1761 3454 1925 3513 mira-

338 3541 437 3594 bili
464 3543 867 3597 estremitatum
890 3552 946 3598 et
984 3544 1332 3599 medietatum
1363 3545 1570 3598 ratione
1589 3538 1921 3599 eoadunans.

341 3631 697 3685 Dissitnilium
730 3649 944 3703 quoque
971 3634 1266 3688 formarum
1295 3634 1685 3702 descriptiones
1715 3634 1768 3686 in
1799 3649 1925 3702 pro-

340 3723 580 3793 pheticis
631 3725 928 3779 visionibus
976 3726 1095 3794 plus
1139 3741 1301 3794 quam
1351 3725 1605 3779 similium
1663 3724 1925 3779 caelestes

337 3814 681 3868 substantias
733 3816 1038 3884 expressius
1079 3816 1341 3870 insinuari
1378 3816 1421 3848 "
1448 3815 1757 3880 confirmat,
1808 3814 1928 3870 nul-

338 3906 565 3974 lamque
614 3907 905 3959 visibilium
961 3923 1055 3961 seu
1102 3907 1459 3962 invisibilium
1502 3915 1816 3961 naturarum
1857 3906 1925 3961 ab

340 3994 502 4046 initio
556 3993 935 4047 intellectualis
983 4004 1268 4049 creaturae
1304 4011 1474 4065 usque
1503 3997 1569 4049 ad
1620 4004 1921 4050 extremum

340 4092 735 4151 terrenumque
782 4084 1129 4137 vermiculum
1174 4087 1463 4148 nominari,
1491 4101 1556 4140 ex
1588 4102 1693 4155 qua
1741 4086 1924 4140 divina

340 4174 615 4243 theologia
646 4175 912 4243 quandam
944 4176 1350 4231 similitudinem
1396 4178 1461 4232 ad
1515 4178 1923 4248 significandam

337 4264 589 4317 omnium
639 4278 820 4345 rerum
848 4264 890 4295 ³⁸
917 4280 1159 4329 causam,
1200 4267 1366 4320 Deum
1394 4268 1666 4332 videlicet,
1707 4283 1812 4322 non
1845 4269 1925 4321 in-

340 4352 622 4417 troducat,
656 4361 710 4407 et
758 4362 938 4409 cetera
985 4355 1050 4411 ".
1105 4353 1383 4414 Secundus
1421 4371 1570 4424 vero,
1596 4357 1682 4411 cui
1727 4366 1810 4412 est
1838 4357 1923 4412 in-

2022 1936 2405 1982 monstratum.
2438 1925 2685 1980 Secunda
2711 1940 2874 1989 vero,
2904 1940 3044 1993 quae
3082 1931 3136 1979 et
3176 1923 3384 1989 media,
3421 1935 3607 1976 sacer-

2022 2017 2250 2081 dotium,
2284 2016 2425 2085 quod
2464 2030 2606 2069 nunc
2633 2024 2716 2068 est
2736 2055 2750 2079 ,
2780 2014 3077 2073 Ecclesiam
3102 2013 3221 2067 dico
3256 2012 3393 2066 Novi
3418 2010 3608 2066 Testa-

2022 2109 2191 2161 meuti
2212 2148 2226 2171 ,
2250 2108 2350 2161 sub
2378 2106 2551 2177 gratia
2580 2106 2795 2176 quidem
2825 2105 3173 2160 constitutam
3196 2146 3209 2168 ,
3235 2105 3433 2175 partim
3457 2119 3607 2174 sym-

2024 2196 2166 2251 bolis
2196 2196 2493 2250 visibilium
2523 2204 2988 2250 sacramentorum
3028 2195 3344 2264 dispositam
3368 2235 3383 2260 ,
3408 2193 3608 2263 partim

2025 2300 2153 2340 vero
2179 2284 2427 2355 veritatis
2457 2283 2909 2351 contemplatione
2937 2282 3254 2352 perfectam.
3281 2282 3349 2336 Et
3371 2291 3455 2337 est
3484 2281 3608 2336 linis

2024 2375 2355 2446 praete'ritae
2378 2374 2583 2444 primae
2600 2414 2614 2437 ,
2641 2373 2851 2427 initium
2877 2388 3004 2428 vero
3033 2373 3246 2427 futurae
3269 2373 3599 2436 lerarchiae,

2026 2480 2164 2535 quae
2196 2477 2280 2519 est
2314 2463 2504 2527 tertia,
2548 2475 2689 2515 nunc
2716 2462 2762 2494 ³³
2797 2460 2865 2516 es
2899 2452 3055 2531 parte
3107 2460 3360 2515 inchoata
3396 2461 3450 2513 in
3491 2460 3602 2530 pri-

2029 2554 2199 2608 mitiis
2236 2551 2739 2622 contemplationis,
2775 2549 3101 2618 perﬁcienda
3152 2564 3279 2604 vero
3327 2556 3452 2617 post
3494 2548 3607 2619 glo-

2030 2642 2166 2697 riam
2201 2641 2419 2694 futurae
2456 2639 2903 2703 resurrectionis,
2941 2639 3157 2708 quando
3189 2637 3480 2693 visibilium
3521 2652 3612 2691 sa-

2031 2739 2437 2809 cramentorum
2466 2729 2826 2783 velaminibus
2856 2728 3080 2784 sublatis
3114 2728 3301 2799 ipsam'
3322 2728 3606 2782 veritatem

2028 2822 2315 2894 perspicua
2360 2820 2609 2875 claritate
2643 2818 3145 2888 contetnplabimur.
3185 2819 3415 2889 Ideoque
3453 2832 3609 2888 prae-

2032 2930 2159 2971 sens
2189 2914 2561 2969 ecclesiastica
2595 2914 2874 2969 lerarcliia
2894 2955 2908 2979 ,
2940 2922 2998 2967 ut
3026 2914 3287 2979 diximus,
3319 2915 3494 2968 media
3524 2920 3609 2968 est

2032 3006 2173 3060 inter
2220 3003 2446 3075 legalem
2496 3006 2847 3075 praeteritam
2895 3012 2951 3059 et
2999 3005 3291 3060 caelestem
3342 3003 3609 3068 futuram,

2033 3095 2288 3167 quoniam
2340 3110 2445 3154 non
2502 3095 2674 3151 solum
2733 3104 3075 3150 aeternarum
3127 3109 3307 3149 rerum
3362 3093 3609 3164 symbola

2029 3187 2240 3258 peragit
2279 3197 2331 3243 et
2367 3186 2652 3240 visibiliter
2691 3186 3030 3248 considerat,
3065 3194 3124 3240 ut
3162 3185 3347 3255 legalis
3392 3193 3607 3254 praete.

2033 3278 2168 3341 rita,
2207 3278 2303 3330 sed
2334 3284 2388 3328 ct
2410 3275 2741 3345 spiritualem
2780 3291 2968 3331 eorum
2999 3275 3046 3308 ³³
3081 3274 3488 3345 intelligentiam
3524 3275 3607 3327 in-

2027 3366 2295 3436 vestigare
2326 3364 2675 3432 inrenireque
2704 3380 2806 3419 non
2844 3374 3019 3419 cessat
3046 3363 3114 3430 “,
3147 3372 3205 3417 ut
3237 3364 3487 3418 caelestis
3525 3363 3608 3416 lu-

2030 3460 2183 3515 tnra,
2223 3460 2279 3506 et
2310 3461 2507 3506 cetera.
2549 3450 2763 3506 Tertius
2798 3453 2993 3506 dehinc
3027 3452 3267 3506 continet
3306 3452 3606 3506 divinarum

2029 3542 2459 3597 nominationum
2499 3543 2757 3606 virtutes,
2807 3543 3038 3614 ideoque
3079 3544 3146 3599 de
3196 3544 3391 3599 divinis
3430 3542 3611 3598 Nomi-

2026 3634 2186 3689 nibus
2206 3635 2490 3689 vocitatur.
2522 3633 2578 3688 In
2600 3649 2666 3689 eo
2690 3636 2735 3670 ³⁸
2760 3636 3118 3691 secretissima
3150 3635 3611 3704 subtilissimaque

2033 3735 2347 3781 reserantur
2382 3728 2639 3797 mysteria
2677 3728 2744 3783 de
2778 3730 2989 3784 unitate
3021 3737 3076 3784 et
3118 3729 3359 3783 trinitate
3394 3728 3611 3783 divinae

2029 3816 2325 3879 essentiae,
2355 3816 2459 3870 hoc
2488 3825 2590 3881 est,
2623 3831 2762 3884 quae
2790 3818 3010 3872 nomina
3039 3817 3088 3850 ³³
3116 3818 3405 3872 discretam
3425 3858 3438 3881 ,
3472 3832 3623 3887 quae.
3670 3884 3673 3889 ι

2032 3905 2240 3960 unitam
2290 3905 2565 3959 insinuent
2591 3906 2636 3937 "’
2668 3906 2966 3971 Deitatem,
3013 3922 3148 3976 quae
3182 3923 3277 3977 per
3326 3922 3385 3963 se
3434 3908 3610 3963 incar-

2033 4006 2163 4051 nato
2198 3995 2244 4027 ³⁸
2270 3996 2409 4051 Filio
2457 3995 2878 4059 conveniant",
2916 4011 3056 4064 quae
3106 3998 3178 4051 sit
3230 3998 3389 4052 unius
3442 3997 3611 4051 solius

2028 4087 2272 4143 omnium
2308 4100 2506 4140 causae
2540 4085 2595 4138 in
2633 4084 3008 4163 primordiales
3042 4099 3236 4140 causas
3272 4084 3623 4155 primaﬁproa

2028 4178 2233 4241 cessio,
2264 4192 2328 4231 ac
2353 4190 2451 4247 per
2482 4191 2576 4230 cas
2613 4175 2806 4229 iterum
2843 4191 2871 4229 a
2909 4190 3120 4231 summo
3148 4190 3324 4244 usque
3352 4176 3607 4231 deorsum

2027 4267 2319 4337 multiplex‘
2341 4266 2662 4334 theophania
2683 4306 2698 4329 ,
2732 4266 2783 4318 in
2813 4280 3008 4336 genera
3038 4266 3251 4335 quidem
3270 4306 3283 4331 ,
3314 4266 3368 4319 in
3398 4266 3610 4335 species

2028 4376 2390 4432 numerosque
2419 4361 2463 4394 ³⁰
2497 4360 2787 4416 visibilium
2815 4369 2870 4416 et
2896 4360 3239 4425 invisibilium
3268 4368 3601 4417 naturarum.

1617 4510 1870 4567 VARIAE
1908 4512 2299 4570 LECTIONES.

423 4621 442 4653 ³
493 4618 630 4675 CDH
680 4621 912 4688 patibulo
937 4623 1129 4677 crucis.

337 4694 573 4745 thecam.
650 4690 669 4720 ⁸
698 4690 791 4744 Fll
836 4693 1035 4745 multis.

337 4762 521 4814 batur.

336 4916 521 4952 rerum
578 4902 828 4952 omnium.

336 4978 396 5022 et
434 4967 622 5021 Usser.
645 4970 835 5021 adhuc.

337 5037 389 5069 ’³
426 5053 609 5089 eorum
645 5052 755 5090 om.
791 5039 834 5091 E
871 5049 925 5092 et
964 5038 1149 5095 Usser.

339 5115 527 5159 nuent.

1237 5040 1284 5072 “
1318 5058 1421 5095 non
1460 5053 1625 5095 cessat
1656 5058 1765 5097 om.
1799 5042 1861 5095 E.

606 5105 651 5136 ’⁸
683 5107 725 5167 Ε
750 5115 804 5162 et
836 5108 1021 5165 Usser.
1060 5110 1419 5183 inltumanato.

1240 4626 1260 4655 ³
1291 4625 1379 4695 EF
1428 4625 1764 4695 epistolarum
1817 4644 2056 4681 suarum.

1135 4694 1154 4725 ⁷
1194 4693 1236 4749 Β
1276 4692 1804 4767 ειοεεειίνειᾼιιιιὶρρε.
1880 4701 1902 4729 ⁸
1939 4696 2121 4752 BCDH
2146 4705 2565 4767 sanctarumque.
2640 4696 2660 4727 ³
2683 4695 2818 4759 Male
2857 4697 2897 4750 E
2924 4692 3173 4767 aliasque.

523 4830 534 4840 .
627 4761 678 4840 ³³.
723 4761 863 4840 E_et
917 4760 1335 4840 Usser._seu‘d'e.
1371 4760 1845 4840 caelest_i_'suntmo
1902 4768 2226 4840 sacordotio.

335 4832 476 4883 tivas
517 4830 917 4898 imaginationes
965 4834 1210 4901 mysticus
1236 4831 1335 4901 (vel
1357 4833 1511 4901 om.).
1551 4833 1596 4865 “
1632 4834 1715 4889 BC.
1754 4851 1882 4888 vero
1912 4838 2144 4891 internas
2168 4845 2266 4890 ter.

907 4900 947 4930 ³⁷
982 4900 1130 4971 Quae
1162 4900 1274 4969 jam
1304 4900 1568 4971 usquead
1595 4919 1786 4957 versus
1830 4904 2048 4960 Lumine
2076 4907 2276 4960 sidereo
2301 4913 2406 4959 etc.
2455 4904 2724 4971 leguntur,
2785 4907 2836 4958 in
2882 4906 3071 4960 ‘codice
3120 4904 3161 4957 F
3191 4907 3404 4960 desunt.

918 4973 960 5004 ¹⁹
995 4970 1174 5025 Usser.
1204 4972 1310 5038 ipse
1330 4971 1477 5026 est.”
1505 4973 1548 5025 E
1577 4983 1632 5026 et
1661 4973 1843 5028 Usser.
1873 4975 1955 5027 sit.
2031 4977 2075 5007 “
2116 4978 2206 5030 Sic
2238 4975 2369 5029 BCD

918 5052 925 5092 ι
964 5038 1149 5095 Usser.
1237 5040 1284 5072 “
1318 5058 1421 5095 non
1460 5053 1625 5095 cessat
1656 5058 1765 5097 om.
1799 5042 1861 5095 E.
1938 5046 1983 5082 ’⁸
2013 5044 2179 5099 Usser
2204 5045 2328 5099 auia
2356 5045 2372 5095 i

1961 5051 1983 5082 ⁵
2015 5051 2179 5100 Usser
2204 5051 2328 5100 auia
2356 5051 2411 5095 in
2440 5059 2520 5095 eo.

1500 5063 1625 5095 essat
1656 5063 1765 5097 om.
1799 5063 1861 5095 Ib.
1940 5063 1983 5082 ὀ
2017 5063 2179 5100 usscr
2204 5063 2284 5114 qut

1500 5111 1544 5143 ³³
1579 5112 1618 5166 Ε
1646 5122 1699 5167 et
1736 5111 1920 5168 Usser.
1958 5116 2284 5169 conveniunt.

3319 4620 3353 4651 "
3385 4625 3425 4680 E
3472 4626 3631 4679 iero-.

3276 4697 3325 4728 ”
3349 4695 3389 4750 F
3417 4696 3606 4750 inscri-

2345 4766 2392 4839 ‘_’_
2418 4765 2792 4839 Egbeologiis,
2888 4765 2952 4839 _’_’
2981 4766 3020 4819 E
3048 4765 3311 4839 etAUsser.
3347 4765 3607 4839 signiﬁca;

2349 4835 2393 4867 "’
2418 4835 2502 4889 EF
2548 4833 2839 4899 insinuare,
2888 4835 3069 4891 Usser.
3108 4833 3415 4890 insunuare:
3486 4833 3535 4865 7"
3562 4833 3613 4899 Ε,

2349 4920 2406 4958 ;c.
2455 4904 2724 4958 leguntur.
2785 4907 2836 4958 in
2882 4906 3071 4958 ‘codice
3120 4904 3161 4957 F
3191 4907 3404 4958 desunt.
3495 4903 3606 4958 “E

2584 4990 2600 5037 ἶ
2632 4974 2822 5045 υεεθνο
2860 4974 3097 5045 Moysen.
3128 5044 3135 5045 γ
3175 4975 3220 5008 ³³
3255 4974 3433 5030 Usser.
3464 4973 3604 5045 jam.

2599 5043 2644 5073 “
2674 5045 2715 5097 E
2745 5042 2973 5099 nomine.
3051 5046 3094 5076 ³⁷
3124 5044 3166 5098 Ε
3196 5055 3250 5105 et
3282 5045 3444 5107 Usser
3475 5042 3609 5096 insi-t

2360 5113 2404 5144 ³ο
2431 5112 2475 5165 E
2510 5128 2769 5167 numeros.
3262 5150 3267 5151 ν

2162 4627 2184 4658 ³
2218 4628 2316 4679 hoc
2350 4639 2458 4680 om.
2507 4620 2568 4681 Ε.
2648 4627 2695 4697 ³
2732 4627 2778 4681 Π
2817 4625 3210 4697 discipulorum.

2031 4977 2075 5007 “
2116 4978 2206 5030 Sic
2238 4974 2504 5029 BCDEFG

1826 5253 2076 5312 NOTAE.

415 5369 446 5400 α
491 5358 572 5431 Ad
602 5366 804 5431 vocem
849 5361 1217 5431 contemplatus
1245 5362 1288 5415 D
1341 5362 1474 5417 haec
1507 5364 1922 5431 animadvertit:

344 5429 575 5504 .Noveris
589 5430 673 5504 Itis
697 5429 1062 5504 translatarem
1090 5448 1189 5484 non
1213 5434 1336 5486 bene
1358 5434 1576 5487 sensisse
1604 5434 1658 5486 in
1686 5430 1926 5504 eo,’quod

339 5501 560 5570 beatum
589 5499 896 5570 Dionysium
928 5501 1189 5554 Christum
1214 5511 1327 5569 post
1356 5504 1783 5557 resurrectionem
1800 5499 1928 5562 rar-

336 5566 600 5639 poraliter
658 5566 1061 5639 contemplatum
1136 5566 1343 5631 astruit,
1399 5588 1465 5626 ea.
1511 5573 1675 5627 verbis
1729 5573 1933 5633 scilicet,

336 5638 511 5711 ipsius
560 5640 731 5711 sancti
780 5638 1041 5710 Dianysii,
1086 5641 1175 5710 qui
1229 5641 1457 5694 scribens
1510 5642 1584 5695 ita
1647 5642 1921 5711 loquitur:

345 5726 364 5755 ι
403 5708 631 5770 Quando
669 5719 714 5762 et
748 5727 861 5776 nos,
910 5708 962 5764 ut
1010 5708 1333 5777 aestimatur,
1366 5721 1411 5765 et
1445 5722 1523 5777 tu,
1554 5723 1599 5766 et
1626 5708 1776 5766 multi
1803 5729 1929 5766 san—

2032 5373 2231 5435 ctorum
2255 5372 2552 5423 nostrorum
2575 5365 2798 5435 fratrum
2816 5365 2871 5418 in
2892 5363 3134 5435 visionem
3159 5362 3288 5416 vitae
3304 5360 3605 5435 inclinantis

2031 5444 2076 5485 et
2105 5433 2268 5504 Deum
2302 5432 2593 5504 recipientis
2638 5436 2871 5501 corporis
2911 5433 3260 5504 conqgnimus,
3293 5432 3475 5504 aderat
3501 5447 3605 5504 au-

2030 5512 2130 5558 tem
2154 5513 2201 5557 et
2241 5502 2331 5556 Dei
2349 5499 2525 5627 xli-ater
2540 5499 2793 5565 Iacobus,
2826 5521 2842 5553 ι
2880 5511 2986 5556 etc.
3014 5499 3137 5555 Non
3167 5517 3352 5570 corpus
3384 5499 3600 5560 Christi,

2030 5575 2118 5626 sed
2144 5572 2320 5626 beatae
2408 5577 2553 5627 ariae
2576 5574 2685 5627 vult
2734 5582 2917 5625 auctor
2943 5570 3190 5627 intelliai.
3228 5570 3298 5623 ad
3327 5570 3478 5627 cuius
3510 5570 3600 5623 ob-

2029 5575 2118 5626 sed
2144 5572 2320 5626 beatae
2349 5570 2553 5629 Mariae
2576 5574 2685 5628 vult
2734 5582 2917 5625 auctor
2943 5570 3190 5640 intelligi,
3228 5570 3298 5623 ad
3327 5570 3478 5639 cujus
3510 5570 3603 5623 ob-

2032 5643 2159 5695 itum
2183 5643 2404 5712 apostoli
2449 5655 2495 5698 et
2539 5647 2646 5716 ipse
2678 5640 2959 5711 Dionysius
3008 5650 3055 5694 et
3088 5640 3179 5695 alii
3208 5642 3375 5695 sancti
3416 5640 3581 5711 fratre

2028 5723 2370 5767 convenerunt
