3952 6162
390 321 416 374 4
426 320 526 377 059

1777 333 2056 400 JOANNIS
2097 334 2282 396 SCOTI

3515 340 3537 394 ί
3547 336 3650 393 Md

392 429 1141 522 caelestiumulerarchiarum
1193 444 1624 509 supermnndana
1667 447 1966 514 imitatione
1997 455 2037 507 A
2069 460 2125 515 et
2152 460 2295 506 rotas
2317 451 2573 520 quasdam
2601 452 2783 521 igneas
2829 468 2991 522 super
3026 454 3235 508 caelum
3275 454 3653 518 imaginemns,

393 520 610 590 dignam
636 518 907 587 judicans,
953 532 1006 577 et
1026 525 1198 582 dictas
1230 528 1625 598 'immateriales
1671 537 1969 606 lerarchias

392 610 762 665 materialibus
798 610 982 682 ﬁguris
1028 624 1082 670 et
1133 616 1446 677 formalibus
1494 628 1977 695 compositionibus

394 699 681 758 variﬁcans
732 702 987 766 tradidit,
1045 715 1104 758 ut
1151 711 1623 778 proportionaliter
1658 717 1810 771 nobis
1840 717 1972 786 ipsis

394 805 425 844 a
450 790 832 846 sacratissimis
852 792 1265 855 formationibus
1294 800 1345 854 in
1376 802 1596 872 simplas
1622 814 1678 860 et
1704 822 1810 872 non
1839 807 1974 878 figu-

396 888 543 936 ratas
568 882 923 939 ascendamus
968 885 1279 945 altitudines
1324 901 1378 946 et
1411 895 1805 965 similitudines,
1836 914 1971 967 quo.

395 972 539 1025 niam
556 988 731 1043 neque
750 975 1098 1043 possibileest
1112 981 1128 1013 ¹
1146 990 1332 1038 nostro
1347 986 1545 1051 animo,
1564 989 1628 1041 ad
1646 990 1974 1046 immateria-

380 1061 525 1115 .lem‘I
541 1063 689 1118 illam
705 1066 998 1121 ascendere
1011 1071 1325 1127 caeleStium
1345 1075 1732 1132 lerarchiarnm
1748 1090 1801 1136 et
1814 1081 1833 1112 ³
1850 1083 1973 1136 imi-

398 1152 654 1207 tationem
671 1158 1270 1227 etcontemplationem,
1294 1164 1398 1219 nisi
1423 1181 1659 1238 ea,quae
1681 1174 1973 1227 secundum

399 1242 573 1311 ipsum
602 1254 708 1310 est,
752 1249 1017 1304 material:
1046 1255 1462 1314 manuductione
1493 1269 1693 1327 utatur,
1743 1264 1977 1322 visibiles

397 1332 611 1399 quidem
643 1334 843 1393 formas
868 1340 1152 1398 invisibilis
1193 1346 1606 1413 pulchritudinis
1637 1353 1979 1418 imaginatio-

397 1439 495 1513 nes
524 1426 815 1493 arbitrans,
862 1437 918 1483 et
940 1429 962 1461 δ
983 1433 1263 1490 sensibiles
1291 1440 1586 1495 suavitates
1616 1441 1983 1513 ﬁguras'iuvi-

398 1512 573 1567 sibilis
624 1515 1043 1587 distributionis,
1112 1532 1167 1577 et
1214 1526 1588 1586 immaterialis
1657 1512 1983 1591 luculentiae

403 1601 693 1673 imaginem
733 1608 1035 1665 materialia
1082 1611 1281 1668 lumina
1303 1656 1318 1680 ,
1363 1626 1418 1672 et
1451 1622 1744 1675 secundum
1777 1623 1985 1678 intelle-

403 1699 549 1745 ctum
599 1697 1046 1768 contemplativae
1089 1703 1439 1771 plenitudinis
1485 1711 1700 1778 pervias
1734 1722 1755 1754 ι
1800 1730 1984 1770 sacras

2071 550 2125 597 et
2160 543 2380 599 thronos
2429 543 2732 598 matet‘iales
2778 543 3055 599 Divinitali
3094 546 3158 598 ad
3212 546 3514 600 recubitmn
3563 560 3654 598 nec

2071 633 2358 696 cessarios,
2401 641 2456 687 et
2497 625 2667 702 equos
2692 634 2950 703 quosdam
2984 634 3372 698 multicolores,
3412 643 3467 687 et
3496 633 3662 687 armi-

2072 720 2217 777 feros
2245 723 2684 793 arcbistrategos,
2726 734 2780 777 et
2821 739 3175 794 quaecunque
3204 724 3310 778 alia
3341 740 3410 777 ex
3432 721 3658 792 eloquiis

2074 812 2229 866 nobis
2254 826 2407 866 sacre
2428 820 2482 867 et
2506 812 2860 867 formabiliter
2888 814 2930 846 “
2968 814 3022 867 in
3059 813 3325 867 varietate
3349 813 3660 867 manifesta-

2075 902 2306 955 tivorum
2345 901 2707 971 symbolorum
2756 901 2957 956 tradita
2998 909 3124 957 sunt
3163 914 3211 953 ιι.
3263 902 3478 956 Etenim
3508 901 3593 954 val
3618 902 3662 955 ie

2075 989 2432 1046 artificialiter
2448 990 2712 1062 theologia
2741 989 2965 1047 factitiis
2990 992 3159 1045 sacris
3178 991 3224 1022 ¹⁶
3248 990 3663 1046 formationibus

2077 1079 2132 1134 in
2183 1094 2287 1137 non
2328 1080 2571 1150 ﬁguratis
2623 1080 2986 1135 intellectibus
3025 1095 3120 1135 usa
3146 1088 3253 1144 est,
3287 1088 3561 1145 nostrum,
3610 1090 3663 1134 ut

2078 1170 2279 1231 dictum
2334 1180 2434 1231 est,
2488 1171 2725 1229 animum
2781 1170 3045 1231 revelans.
3095 1181 3151 1226 et
3200 1172 3300 1241 ipsi
3355 1172 3575 1242 propria
3614 1181 3663 1225 et

2079 1259 2417 1313 connaturali
2481 1259 2791 1313 reduetione
2854 1259 3189 1330 providens,
3249 1269 3304 1315 et
3366 1262 3434 1315 ad
3488 1262 3663 1330 ipsum

2079 1349 2383 1405 reformans
2436 1351 2756 1421 anagogicas
2792 1366 2978 1405 sacras
3020 1351 3061 1382 "
3106 1350 3432 1422 Scripturas.
3476 1351 3537 1407 Si
3584 1354 3667 1408 cui

2082 1449 2262 1494 autem
2291 1441 2520 1504 videtur,
2545 1456 2726 1497 sacras
2768 1442 2984 1513 quidem
3032 1442 3194 1511 recipi
3230 1445 3668 1515 compositiones,

2084 1537 2338 1598 tanquam
2383 1530 2719 1600 simplicium?
2748 1531 2799 1590 in
2847 1531 3040 1600 seipsis
3070 1531 3483 1603 ignotorumque
3520 1534 3671 1590 nobis

2083 1628 2140 1672 et
2187 1619 2732 1689 incontemplabilium
2773 1619 3199 1686 subsistentium,
3232 1621 3670 1685 ineonvenientes

2086 1726 2215 1767 vero
2266 1712 2517 1769 aestimat
2565 1720 2873 1766 sanctorum
2932 1712 3296 1769 intelleetnum
3344 1714 3398 1767 in
3448 1713 3671 1783 eloquiis

403 1779 738 1852 disciplinas,
766 1795 822 1841 et
848 1789 1065 1845 adunati
1098 1794 1164 1847 ad
1192 1796 1396 1864 divina,
1424 1810 1479 1854 et
1503 1802 1735 1857 ordinati
1766 1805 1980 1860 habitus
2009 1787 2057 1849 Β
2084 1813 2265 1854 sacras
2287 1799 2690 1868 ᾱεπτίριίοηεε.
2719 1807 2773 1853 el
2798 1814 2975 1863 οηιηεο
3007 1801 3085 1855 Sic
3112 1801 3314 1864 dicere.
3346 1779 3671 1857 ἀιπιιῐη-Ιιοε

401 1887 591 1928 earum
619 1916 633 1939 ,
669 1891 806 1946 quae
852 1879 942 1936 hic
982 1892 1145 1949 sunt,
1180 1887 1587 1955 dispositionum
1634 1895 1880 1961 ordines;
1930 1904 1985 1952 et

400 1965 529 2022 Jesu
556 1970 986 2041 participationis
1014 1974 1181 2043 ipsam
1226 1978 1594 2039 divinissimae
1623 1988 1986 2044 eucharistiae

406 2061 828 2136 assumptionem
850 2105 866 2130 ,
896 2073 952 2120 et
978 2082 1329 2138 quaecunque
1367 2073 1471 2127 alia
1511 2077 1831 2133 caelestibus
1861 2082 1985 2150 qui-

406 2151 527 2205 dem
572 2155 821 2211 essentiis
856 2161 1307 2228 supermundane,
1354 2165 1509 2222 nobis
1537 2184 1665 2222 vero
1696 2171 1989 2242 symbolice

408 2243 607 2305 tradita
633 2254 778 2301 sunt.
814 2245 1044 2319 Propter
1082 2251 1222 2307 hanc
1250 2268 1378 2326 ergo
1403 2268 1644 2313 nostram
1673 2261 1695 2292 ⁸
1723 2264 1991 2318 conratio-

407 2333 642 2391 nabilem
676 2337 883 2394 theosin
907 2340 1217 2399 misericors
1231 2345 1576 2413 perfectionis
1590 2350 1993 2420 principium,et

408 2425 676 2491 caelestes
706 2428 1004 2509 lerarchias
1035 2434 1188 2489 nobis
1230 2438 1602 2506 manifestans,
1633 2452 1687 2498 et
1712 2445 1995 2500 commini-

409 2526 581 2575 stram
626 2536 813 2578 earum
860 2527 1152 2596 perﬁciens
1202 2540 1445 2586 nostram
1499 2534 1865 2602 Ierarcbiam,
1928 2539 1995 2592 ad

412 2609 671 2671 virtutem
738 2624 977 2670 nostram
1040 2619 1392 2677 similitudine
1466 2622 1744 2681 deiformis
1812 2633 1995 2683 suae'

411 2704 898 2771 sanctiﬁcationis,
946 2712 1290 2767 sensibilihus
1343 2715 1666 2785 imaginibus
1715 2733 2001 2789 supercae-

410 2795 574 2851 lestes
598 2796 886 2867 descripsit
923 2800 1228 2857 intellectus
1264 2805 1316 2858 in
1349 2808 1725 2877 sacroscriptis
1755 2811 2000 2882 eloquio-

415 2900 535 2939 rum
583 2888 1103 2957 compositionibus,
1153 2898 1471 2963 quatenusa
1521 2914 1625 2955 nos
1668 2901 1951 2958 reduceret
1979 2905 2004 2940 '

411 2989 510 3044 per
539 2978 810 3033 sensibilia
838 2980 891 3033 iu
924 2981 1322 3051 iutellectualia,
1349 2995 1405 3041 et
1433 3002 1495 3041 ex
1529 3005 1679 3046 sacre
1706 2991 2006 3063 ﬁguratis“

414 3070 674 3140 symbolis
716 3070 769 3126 in
811 3072 1034 3145 simplas
1068 3077 1381 3141 caelestium
1424 3079 1814 3140 Ierarchiarum
1860 3101 2006 3151 sums

413 3171 545 3227 mita
554 3172 654 3223 tes.

957 3240 1356 3301 CAPITULUM
1392 3247 1453 3302 II.

417 3343 592 3409 Quam
625 3347 851 3415 prf'ltre.
872 3349 1125 3430 divinaet
1150 3354 1393 3430 caelestia
1423 3359 1579 3411 etiam
1605 3376 1696 3430 per
1725 3362 2004 3419 dissimilia

870 3420 1104 3489 symbolo
1136 3425 1559 3495 manifestatum.

487 3527 711 3595 Oportet
736 3543 884 3600 ergo,
908 3539 967 3584 ut
991 3534 1237 3600 aestimo,
1260 3536 1491 3604 primum
1531 3553 1817 3608 exponere.
1843 3557 2003 3611 quam

416 3618 635 3684 quidem
679 3633 798 3675 esse
837 3622 1260 3690 Speculationem
1289 3627 1465 3681 omnis
1502 3627 1808 3685 lerarcltiae
1833 3633 2009 3686 ‘aesti-

418 3722 630 3762 mamus
665 3710 729 3773 “,
774 3719 829 3765 et
854 3713 981 3779 quid
1010 3713 1177 3783 ipsius
1213 3731 1565 3789 unaquaeque
1591 3721 1785 3776 divinis
1809 3724 2010 3793 profuit

417 3799 820 3867 laudatoribus;
873 3802 1068 3861 deinde
1118 3807 1380 3864 caelestes
1444 3812 1741 3869 lerarchias
1789 3814 2009 3871 laudare

418 3896 715 3951 secundum
774 3891 1013 3969 ipsarum
1062 3901 1116 3955 in
1171 3902 1401 3973 eloquiis
1464 3906 1948 3963 manifestationem
1990 3950 2006 3975 ,

417 3988 981 4058 consequentibusque
1010 3990 1094 4044 his
1122 3991 1319 4059 dicere,
1360 3993 1610 4064 qualibus
1650 3996 1846 4054 divinis
1897 3999 2006 4053 for-

417 4076 745 4132 mationibus
791 4080 1053 4136 caelestes
1100 4081 1330 4155 ﬁgurant
1391 4086 1608 4141 ordines
1672 4087 2008 4157 eloquiorum

420 4179 612 4220 sacrae
632 4170 1041 4238 descriptiones,
1067 4181 1121 4225 et
1149 4175 1216 4226 ad
1253 4174 1469 4244 qualem
1497 4185 1708 4245 oportet
1739 4178 1780 4208 ¹²
1823 4193 2010 4233 ascen-

419 4258 549 4311 dere
598 4272 695 4331 per
739 4257 941 4316 formas
986 4262 1293 4328 veritatem,
1336 4273 1397 4317 ut
1441 4280 1547 4319 non
1586 4273 1643 4320 et
1685 4281 1783 4322 nos
1821 4267 2008 4323 eodem

420 4345 584 4399 modo
635 4346 816 4402 multis
862 4349 1137 4406 immunde
1179 4352 1549 4418 aestimemus,
1580 4355 1839 4417 caelestes
1871 4365 1926 4411 et
1965 4357 2010 4389 ¹³

421 4434 712 4491 deiformes
761 4439 971 4495 animos
1028 4440 1350 4513 multipedes
1401 4459 1520 4505 esse
1576 4447 1836 4514 quosdam
1875 4485 1891 4509 ,
1955 4454 2008 4501 et

422 4526 716 4590 multorum
747 4529 1013 4595 vultuum,
1044 4541 1100 4587 et
1128 4535 1197 4588 ad
1234 4533 1396 4588 boum
1438 4536 1849 4606 pecudalitatem
1874 4579 1888 4601 .
1918 4547 2012 4593 aut

426 4617 495 4672 ad
529 4615 572 4650 "
626 4619 837 4674 leonum
896 4622 1175 4679 bestialem
1235 4626 1672 4698 imaginationem
1733 4628 2015 4693 formatos,

424 4715 481 4761 et
506 4709 574 4762 ad
600 4709 899 4778 aquilarum
927 4728 1092 4769 curvo
1116 4723 1294 4771 rostro
1322 4718 1581 4787 speciem,
1620 4728 1712 4772 aut
1753 4720 1818 4773 ad
1863 4720 2013 4779 vola-

429 4795 602 4853 tilium
650 4803 975 4879 tripartitam
1003 4805 1211 4868 alarum
1242 4810 1663 4873 commotionem
1686 4809 2014 4882 efﬁguratos,

2085 1891 2447 1961 angelicorum
2498 1892 2774 1945 nominum
2832 1891 3100 1946 theatrum
3144 1910 3157 1946 :
3196 1900 3251 1946 et
3304 1892 3556 1947 debuisse
3601 1894 3671 1947 ait

2086 1984 2361 2056 theologos
2398 1984 2465 2039 ad
2490 1999 2803 2063 corpoream
2850 1982 3115 2039 facturam
3163 1983 3549 2040 universaliter
3590 1987 3668 2040 in-

2085 2076 2441 2146 corporalium
2469 2076 2768 2140 venientes,
2796 2076 3029 2146 propriis
3049 2091 3131 2141 ea,
3155 2085 3240 2140 et,
3266 2085 3532 2146 quantum
3560 2091 3673 2146 pos-

2088 2168 2261 2231 sibile,
2292 2169 2531 2239 cognatis
2557 2176 2612 2222 et
2637 2167 2932 2222 reformare
2963 2168 3006 2202 "
3030 2176 3084 2222 et
3108 2166 3458 2224 manifestare
3483 2168 3670 2238 figuras

2090 2262 2326 2318 tionibus
2352 2277 2416 2317 ex
2448 2263 2489 2301 "
2514 2259 2657 2330 apud
2680 2275 2779 2315 nos
2803 2259 3210 2330 pretiosissimis
3232 2267 3287 2315 et
3313 2259 3675 2314 immateriali-

2092 2356 2193 2409 bus
2230 2352 2276 2384 ’°
2317 2352 2694 2422 quoquomodo
2744 2358 2799 2405 et
2850 2350 3371 2421 superemineutibus
3415 2349 3673 2406 essentiisv

2092 2453 2148 2499 et
2172 2444 2214 2474 ²¹
2259 2458 2364 2498 non
2410 2442 2735 2498 caelestibus
2763 2448 2819 2496 et
2847 2440 3205 2499 deiformibus
3250 2440 3676 2512 simplicitatibns

2096 2543 2341 2588 terrenas
2373 2541 2429 2587 et
2453 2534 2497 2564 ²¹
2535 2532 2854 2587 novissimas
2892 2531 3302 2600 circumpositas
3343 2529 3679 2585 multiformi-

2098 2634 2250 2680 tates.
2304 2624 2415 2680 l-Ioe
2463 2624 2679 2694 quidem
2730 2631 2786 2678 et
2835 2631 3073 2677 nostrum
3113 2622 3395 2676 sublimius
3444 2621 3674 2675 ﬁttnrum

2099 2727 2260 2780 esset,
2290 2726 2344 2773 et
2382 2715 2845 2787 supermundanas
2891 2712 3349 2768 manifestationes
3387 2726 3493 2793 non
3523 2712 3683 2766 dedu-

2101 2817 2250 2865 ceret
2290 2809 2341 2862 in
2373 2808 2420 2840 ¹³
2467 2806 2905 2861 inconvenientes
2947 2804 3415 2859 dissimilitudines
3465 2802 3535 2856 ".
3578 2801 3683 2856 Hoc

2102 2901 2265 2955 etiam
2300 2899 2350 2952 in
2392 2898 2601 2955 divinas
2641 2896 2913 2968 illegitime
2955 2894 3002 2927 "
3043 2910 3147 2948 non
3190 2892 3437 2962 injuriam
3489 2892 3684 2948 faceret

2102 2993 2348 3054 virtutes,
2380 2998 2435 3044 et
2465 3004 2636 3058 aeque
2686 2996 2926 3041 nostrum
2970 3001 3074 3040 non
3122 2976 3404 3040 seduceret
3450 2984 3685 3038 animum

2109 3085 2161 3150 in
2205 3083 2509 3149 immundas
2548 3097 2607 3137 se
2645 3081 2968 3136 inserentem
2995 3078 3429 3147 compositiones.
3481 3076 3556 3131 Et
3584 3075 3687 3130 for-

2110 3176 2268 3230 lassis
2314 3154 2476 3230 etiam
2519 3172 2950 3227 aestimabuntur
2996 3167 3417 3238 supercaelestia
3462 3165 3685 3221 leoninis

2104 3266 2422 3336 quibusdam
2480 3273 2536 3318 et
2589 3261 2799 3333 equinis
2855 3258 3285 3315 multitudinibtts
3337 3255 3575 3326 repleri,
3635 3266 3685 3308 et

2107 3362 2361 3432 mugitiva
2415 3359 2628 3414 laudum
2687 3356 2933 3412 oratione
2963 3395 2978 3418 ,
3031 3363 3085 3408 et
3134 3352 3337 3417 volatili
3384 3351 3683 3422 angelorum

2060 3478 2086 3488 -
2108 3452 2429 3527 principatu,
2457 3461 2512 3507 et
2532 3448 2850 3505 animalibus
2889 3445 3029 3510 aliis,
3053 3454 3108 3500 et
3144 3443 3390 3498 materiis
3419 3440 3685 3512 ignobilio-

2107 3542 2297 3604 ribus,
2354 3550 2610 3609 tanquam
2669 3538 2733 3593 ad
2792 3538 3183 3605 inconsequens
3241 3542 3296 3589 ct
3351 3532 3584 3604 ignobile
3637 3539 3687 3584 et

2106 3631 2360 3703 passiliile
2402 3630 2607 3685 reclusa
2651 3628 3002 3683 describenda
3030 3625 3073 3664 ³⁸
3105 3641 3200 3695 per
3221 3623 3402 3677 omnia
3430 3622 3688 3676 deformes

2108 3724 2253 3779 clare
2317 3722 2835 3777 manifestativorum
2897 3718 3229 3786 eloquiorum
3294 3713 3684 3769 similitudines.

2110 3815 2216 3869 Sed
2238 3814 2503 3877 veritatis,
2526 3822 2587 3867 ut
2609 3812 2857 3875 aestimo,
2881 3808 3155 3878 inquisitio
3178 3805 3430 3866 ostendit,
3459 3802 3688 3871 eloquio-

2110 3920 2229 3959 rum
2258 3903 2676 3959 sacratissimam
2708 3900 3029 3970 sapientiam
3055 3899 3080 3937 δ
3105 3899 3156 3952 in
3191 3897 3494 3951 animorum
3520 3892 3689 3948 caele-

2108 3995 2271 4050 stium
2297 3993 2708 4048 formationibus
2735 4000 3021 4059 utrumque
3058 3988 3213 4045 valde
3260 3985 3580 4056 providisse,
3621 3982 3688 4039 ita

2110 4094 2170 4139 nt
2225 4100 2399 4155 neque
2438 4084 2492 4138 in
2545 4084 2773 4145 divinas,
2823 4081 2903 4134 sic
2950 4081 2994 4112 "
3049 4078 3270 4132 forsitan
3302 4077 3503 4131 diceret
3552 4072 3690 4140 quis,

2111 4174 2361 4242 iniuriam
2391 4172 2590 4226 faceret
2619 4171 2866 4232 virtutes,
2895 4184 3069 4236 neque
3098 4182 3194 4220 nos
3225 4165 3276 4219 in
3313 4164 3445 4217 viles
3468 4160 3691 4232 passibi-

2111 4264 2237 4319 Iiter
2286 4247 2531 4333 inﬁgeret
2576 4262 2865 4330 imaginum
2912 4258 3259 4319 liumilitates.
3304 4255 3437 4322 Quia
3481 4251 3691 4323 quidem

2112 4355 2255 4410 enim
2294 4355 2517 4424 pulchre
2548 4361 2863 4421 procuratae
2893 4357 3018 4404 sunt
3056 4348 3366 4407 informium
3391 4344 3613 4406 formae,
3639 4349 3693 4395 et

2038 4484 2087 4542 Β
2114 4446 2316 4515 ﬁgurae
2335 4444 2633 4499 carentium
2654 4441 2857 4511 ﬁguris,
2881 4455 2987 4495 non
3010 4453 3170 4493 unam
3191 4452 3413 4495 causam
3431 4434 3631 4489 diceret
3644 4431 3691 4483 η¹³

2115 4536 2246 4605 quis
2280 4549 2400 4589 esse
2442 4543 2683 4587 nostram
2722 4531 3046 4601 analogiam,
3077 4543 3179 4582 non
3210 4526 3473 4581 valentem
3505 4524 3687 4576 imme-

2117 4627 2261 4679 diate
2322 4625 2374 4679 in
2435 4622 2729 4678 invisibiles
2788 4619 3003 4675 extendi
3061 4615 3581 4685 contemplationes,
3641 4617 3723 4662 et.

2116 4714 2512 4771 desiderantem
2556 4709 2804 4781 proprias
2838 4716 2891 4762 et
2935 4704 3313 4762 connaturales
3342 4701 3690 4759 reductiones,

2118 4821 2258 4877 quae
2296 4803 2580 4876 possibiles
2628 4804 2673 4841 ²¹
2736 4801 2892 4859 nobis
2941 4797 3292 4856 formationes
3344 4789 3691 4864 praetendunt

1743 4908 2008 5021 VARIAE'
2031 4962 2433 5021 LEC'I‘IONES.

480 5098 520 5131 -¹
550 5097 605 5171 Ii
620 5099 901 5171 quoniam}
927 5100 1260 5171 impossibile.
1354 5106 1373 5135 ²
1396 5103 1439 5158 Α
1461 5120 1563 5158 non
1610 5103 1953 5158 materialem.

428 5239 474 5292 Λ
505 5249 761 5309 oporteat.
839 5241 883 5273 “
911 5251 957 5295 et
985 5257 1094 5297 om.
1128 5242 1194 5295 II.
1273 5244 1318 5275 “
1338 5245 1407 5296 ad
1436 5239 1546 5297 om.
1578 5244 1691 5297 ΑΗ.

2047 5102 2071 5135 8

480 5103 520 5131 ’³
550 5103 593 5151 Β
620 5103 901 5168 quoniam}
927 5103 1260 5171 impossibile.
1354 5106 1373 5135 ²
1396 5103 1439 5158 Α
1461 5120 1563 5158 non
1610 5103 1953 5158 materialem.
2047 5103 2137 5156 8et
2180 5103 2358 5155 om.A.
2473 5103 2495 5129 ⁵
2520 5107 2567 5150 et
2591 5111 2697 5150 om.
2726 5103 2792 5148 A.
2961 5103 3002 5146 Α
3034 5103 3272 5174 discursu

429 5170 629 5244 om..E.
706 5167 729 5200 ν
752 5168 796 5223 Α
820 5186 1023 5244 eorum.
1095 5173 1183 5244 ⁸-ᾼ
1213 5183 1268 5226 ut
1339 5173 1360 5204 ’
1386 5174 1433 5228 Α
1461 5175 1782 5244 perduceret.
1845 5174 1889 5211 ίθ
1920 5173 1960 5227 Α
1993 5174 2156 5244 sacris
2179 5169 2437 5244 ﬁguratis.
2515 5168 2555 5198 ¹¹
2586 5166 2683 5244 Sic
2704 5162 2831 5244 Eli};
2854 5163 2897 5217 A
2924 5171 3277 5244 negantem“.

1770 5244 1813 5276 ¹⁵
1834 5244 1880 5297 Α
1915 5235 2259 5313 [ονηιαιίιεινζ
2273 5240 2349 5313 _“
2372 5237 2624 5313 ⁸ᾼ-δαενὶε
2646 5235 2879 5313 poeticis.

3420 5093 3444 5126 σ
3468 5092 3688 5136 nostram

3388 5157 3430 5189 ι’
3462 5154 3553 5207 Sic
3570 5149 3689 5211 AB:

2974 5232 3016 5264 ¹⁷
3049 5230 3092 5284 Α
3127 5237 3361 5282 sanctas.
3437 5224 3478 5260 ¹¹
3510 5221 3557 5275 Α
3587 5220 3694 5287 [ον’

2473 5097 2495 5129 δ
2520 5107 2567 5150 et
2591 5111 2697 5150 om.
2726 5094 2792 5148 A.
2961 5093 3002 5146 Α
3034 5092 3322 5145 discursus.

404 5293 593 5368 .mar’e.
662 5293 713 5344 ἰο
738 5326 803 5365 ex
823 5293 1204 5367 οωζΑΪἌοῈ
1240 5293 1695 5368 ηιαίέἐεᾶιέὸιιὲῗὶἰ
1717 5313 1759 5367 B
1781 5293 1879 5367 exi“
1915 5293 2197 5365 Verona.
2228 5309 2333 5364 BE.
2369 5309 2492 5362 ".t’n
2523 5293 2721 5361 om.'A.
2754 5304 2801 5336 ιι
2831 5302 2924 5357 Sic
2959 5301 3080 5363 AE;
3112 5299 3202 5353 BH
3233 5293 3687 5372 άὶξεξηιιιιαιξᾳξξοεο

444 5359 1012 5451 έῖᾸῖῑοηιιιῙὶτῙιὶἆὲῗ
1046 5382 1092 5415 ιο
1128 5359 1756 5439 ΑᾟιὶίὶῖἑῐέέὶἑὲὀὶἱῆὶανΪ
1781 5359 1933 5437 Vitta
1960 5382 2006 5437 si
2024 5359 2382 5443 magis”
2408 5359 2559 5431 ana-
2585 5374 2835 5431 forsitan.
2908 5372 2954 5403 ιο
2977 5372 3021 5426 Α
3045 5359 3200 5426 dicet.
3276 5370 3321 5402 ιο
3342 5367 3384 5422 B
3408 5359 3690 5435 passibiles.

1915 5537 2163 5594 NOTAE.

509 5658 533 5685 ι
572 5648 767 5702 Ezech.
800 5648 851 5713 I;
882 5649 1049 5713 Apoc.
1078 5650 1180 5706 IV;
1210 5648 1377 5702 Isaiae
1405 5647 1501 5709 Vl;
1543 5647 1678 5701 Dan.
1721 5647 1843 5707 VII;
1891 5650 1995 5706 Za-

442 5714 587 5771 clm.
618 5717 634 5769 ι
660 5732 675 5777 ;
703 5716 870 5785 Apoc.
898 5714 995 5783 VI;
1024 5719 1219 5773 Ezech.
1240 5717 1399 5772 XXI"
1423 5734 1437 5782 ;
1465 5717 1565 5775 Job
1580 5717 1716 5783 XVI;
1736 5718 1973 5787 Sapient.

2100 5647 2185 5705 V;
2228 5647 2387 5701 Josuc
2426 5644 2507 5707 νς
2545 5647 2586 5700 II
2628 5646 2755 5700 Mac.
2802 5647 2884 5700 III.
3112 5662 3113 5665 ‘

2160 5720 2185 5758 ι’
2228 5718 2419 5773 Iizech.
2464 5716 2710 5782 XXVIII;
2749 5715 2846 5770 Job
2887 5714 3165 5770 XXXVIII.
