3952 6162
261 346 390 400 1041

921 345 1171 403 VERSIO
1222 344 1507 402 OPERUM
1549 344 1605 401 S.
1650 344 2055 402 DlONYSll.——
2080 343 2458 401 CAELESTIS
2498 345 2886 403 IERARCIIIA.

3392 356 3530 412 illi?

254 455 569 512 informium
617 455 1209 525 supernaturaliumque
1249 454 1696 524 speculationum.
1739 452 1845 507 Sed
1874 460 1923 516 Α
1952 452 2348 517 similitudines,
2376 471 2491 509 non
2532 455 2760 509 aestimo
2802 469 3126 528 quemquam
3164 457 3302 511 bene
3329 463 3543 531 sapien-

257 546 384 613 quia
414 553 466 599 et
492 544 596 598 hoc
622 543 863 613 mysticis
889 544 1118 615 eloquiis
1157 553 1241 600 cst
1270 544 1729 609 decentissimum,
1749 559 1849 613 per

258 633 822 704 incomprehensibilia
852 643 907 687 et
931 634 947 665 ¹
991 635 1170 688 divina
1201 636 1500 703 aenigmata
1551 634 1848 698 occultare,

257 737 313 780 et
347 728 544 780 inviam
588 726 774 779 multis
809 740 1009 794 ponere
1042 741 1254 781 sacram
1286 722 1632 796 abdittimque
1662 740 1851 796 super-

257 817 651 872 mundanorum
696 815 1059 870 intellectuum
1088 816 1391 871 veritatem.
1444 814 1540 871 Est
1566 816 1709 871 enim
1742 830 1849 873 non

256 906 435 959 omnis
480 919 677 967 sacer,
728 919 902 973 neque
950 905 1230 969 omnium,
1285 912 1344 958 ut
1393 906 1607 975 eloquia
1659 907 1847 963 aiunt.

253 995 479 1050 scientia
522 1008 573 1049 ο.
638 993 697 1049 Si
750 1004 929 1073 autem
989 995 1258 1050 deformes
1304 997 1598 1068 imaginum
1654 997 1854 1057 descri_

252 1088 442 1153 ptione
482 1096 503 1125 ι
563 1102 758 1141 causas
824 1088 1192 1142 aestimaverit
1241 1090 1362 1159 quis
1412 1090 1755 1143 dehonestari
1806 1089 1848 1156 ⁸,

254 1176 446 1230 dicens
507 1174 697 1230 referri
750 1176 829 1230 sic
878 1186 1060 1246 turpes
1113 1178 1459 1234 formationes
1506 1178 1856 1235 deiformibus

251 1274 310 1317 ct
340 1264 363 1295 ‘
394 1264 746 1318 sanctissimis
794 1265 1255 1333 dispositionibus,
1308 1267 1502 1322 suflicit
1557 1269 1626 1323 ad
1678 1284 1799 1322 eum
1833 1269 1854 1301 '

249 1350 457 1416 dicere,
486 1354 755 1421 quomodo
778 1354 972 1422 duplex
1014 1365 1097 1409 est
1145 1367 1363 1411 sanctae
1402 1356 1853 1415 manifestationis

252 1442 491 1505 modus,
540 1458 679 1496 unus
734 1443 951 1512 quidem
1003 1444 1156 1514 quasi
1210 1460 1582 1517 consequens,
1636 1456 1856 1516 propter

250 1530 462 1585 similes
498 1532 924 1598 provenientium
972 1532 993 1562 ⁸
1038 1547 1314 1587 sacrarum
1385 1536 1676 1605 figurarum
1728 1537 1856 1590 ima-

251 1620 433 1689 gines,
463 1622 600 1674 alter
625 1635 752 1675 vero
779 1630 1000 1690 propter
1027 1622 1319 1678 dissimiles
1354 1623 1649 1679 formarum
1679 1627 1854 1683 factu-

252 1724 368 1773 ras,
395 1710 445 1762 in
472 1710 692 1764 omnino
723 1712 1115 1780 inconsequens
1141 1723 1197 1767 et
1222 1714 1533 1769 indecorum
1567 1717 1846 1781 formatus,

1951 554 2061 598 tum
2086 545 2476 600 contradicere.
2508 545 2564 600 lu
2589 547 2629 576 ²¹
2655 546 2869 616 quidem
2893 547 3035 601 enim
3060 549 3469 617 pretiosioribns
3494 557 3541 586 ²²

1949 634 2121 688 sacris
2148 634 2556 689 formationibus
2587 633 2632 665 “
2666 650 3002 705 consequens
3044 646 3128 692 est
3178 648 3233 692 et
3274 641 3321 674 ’⁸
3357 642 3543 700 seduci

1949 723 2272 779 auriformes
2323 725 2582 796 quasdam
2629 726 2977 780 aestimantes
3024 742 3146 783 esse
3189 730 3235 763 "
3280 731 3543 788 caelestes

1950 816 2235 878 essentias,
2267 825 2322 870 et
2363 817 2622 887 quosdam
2668 817 2813 872 viros
2845 817 3137 887 fulgureos,
3168 820 3361 875 decora
3389 823 3543 877 indu-

1909 976 1916 985 θ
1952 914 2035 959 tos
2060 906 2401 972 vestimenta,
2433 907 2660 962 candide
2691 917 2744 962 et
2771 907 2921 976 ignee
2947 909 3281 980 innocueque
3306 912 3544 981 resplen-

1953 996 2140 1051 dentes
2168 996 2233 1061 “,
2263 1007 2317 1051 et
2351 998 2762 1065 quibuscunqne
2793 996 2911 1051 aliis
2936 998 3204 1053 similibus
3232 1000 3543 1072 imaginatis

1953 1088 2140 1142 formis
2183 1088 2446 1158 theologia
2485 1088 2741 1143 caelestes
2768 1088 3017 1159 figuravit
3044 1090 3364 1147 intellectus.
3392 1092 3544 1159 Quod

1954 1179 2169 1246 quidem
2222 1195 2287 1232 ne
2336 1187 2672 1248 paterentur,
2722 1182 2810 1248 qui
2858 1180 2999 1234 'nihil
3043 1182 3340 1237 visibilihus
3389 1184 3544 1239 bonis

1953 1271 2116 1325 altius
2146 1271 2469 1341 intelligunt,
2497 1280 2804 1326 sanctorum
2835 1272 3199 1343 theologorum
3239 1277 3544 1332 restitutiva

1954 1359 2212 1427 sapientia
2226 1368 2281 1413 et
2302 1359 2345 1390 "
2369 1360 2435 1414 ad
2458 1360 2736 1414 imlccoras
2749 1361 3211 1418 dissimilitudines
3228 1365 3545 1420 mirabiliter

1956 1450 2284 1513 descendit,
2337 1467 2439 1505 non
2496 1452 2796 1507 concedens
2861 1453 3136 1508 materiale
3193 1466 3432 1509 nostrum
3491 1458 3544 1512 in

1958 1544 2202 1613 turpibus
2217 1542 2538 1612 imaginibus
2557 1559 2781 1598 manens
2803 1545 2848 1580 ’⁸
2865 1545 3204 1614 requiescere
3218 1548 3291 1612 ’9;
3312 1562 3545 1617 purgans

1954 1652 2084 1691 vero
2110 1651 2322 1689 sursum
2352 1652 2541 1691 versus
2580 1635 2624 1667 ³⁰
2663 1638 2896 1690 animam
2936 1637 3001 1702 “,
3045 1647 3097 1692 et
3138 1653 3428 1707 suggerens
3455 1640 3547 1693 de-

1957 1723 2229 1778 formitate
2252 1725 2722 1794 compositionum,
2747 1735 2998 1795 tanquam
3021 1726 3354 1796 nequejusto
3376 1743 3547 1797 neque

251 1800 446 1869 Itaque
476 1802 754 1856 colendam
803 1805 1274 1872 superessentialis
1311 1808 1557 1882 θεαρχίας
1604 1809 1624 1840 '
1677 1809 1847 1865 beati—
1884 1807 1925 1865 Β
1951 1829 2079 1868 vero
2107 1815 2364 1885 probante
2391 1829 2532 1879 esse,
2575 1830 2749 1885 neque
2789 1816 2939 1871 valde
2984 1818 3375 1882 materialibus,
3418 1819 3546 1888 quia

251 1892 495 1946 tudinem
565 1893 1081 1948 manifestatitorum
1166 1895 1501 1966 cloquiorum
1591 1899 1847 1970 mysticae

252 1984 573 2039 ιιέιιιίιὶοιεθε
662 1985 946 2055 aliquando
1015 1987 1230 2056 quidem
1318 1997 1378 2042 ut
1455 1990 1720 2044 rationem
1795 1999 1848 2044 et

250 2073 586 2128 Intellectum
624 2085 678 2129 et
706 2076 998 2132 essentiam
1027 2077 1269 2141 laudant,
1301 2078 1537 2132 divinam
1569 2079 1843 2134 rationali-

252 2173 420 2218 tatem
467 2165 489 2197 ⁸
532 2175 587 2220 et
637 2168 956 2236 sapientiam
1022 2169 1139 2238 ejus
1189 2168 1571 2236 declarantes,
1623 2182 1677 2227 et
1724 2186 1848 2228 vere

247 2256 574 2312 existentem
639 2258 1038 2313 subsistentiam
1066 2298 1080 2323 ,
1134 2267 1190 2312 et
1244 2274 1429 2314 eorum
1459 2301 1474 2324 ,
1512 2275 1651 2331 quae
1697 2273 1844 2328 sunt,

249 2346 639 2402 subsistentiae
684 2363 901 2402 causam
932 2363 1138 2414 veram,
1194 2358 1248 2403 et
1297 2350 1449 2420 quasi
1500 2351 1677 2404 lumen
1726 2367 1844 2406 eam

252 2436 556 2491 reformant
593 2437 636 2502 ’,
686 2448 742 2493 et
785 2440 949 2493 vitam
1020 2450 1239 2506 vocant,
1291 2444 1455 2499 tantis
1509 2446 1846 2503 mirabilibus

249 2529 735 2586 reformationibus
802 2532 1209 2602 gloriosioribus
1278 2538 1494 2605 quidem
1563 2539 1842 2594 existenti-

248 2620 353 2673 bus
386 2620 455 2682 ³⁸,
480 2629 535 2673 et
562 2622 867 2677 materiales
912 2624 1261 2681 formationes
1302 2628 1565 2682 excellere
1606 2644 1847 2698 quoquo-

249 2710 419 2764 modo
451 2712 491 2742 "
531 2713 792 2781 probatis,
834 2714 1207 2771 deficientibus
1240 2726 1295 2771 et
1339 2716 1416 2773 sic
1461 2719 1767 2772 thearchica
1801 2719 1843 2751 "

248 2801 321 2856 ad
366 2802 648 2856 veritatem
690 2803 1060 2861 similitudine.
1097 2806 1191 2860 Est
1236 2806 1377 2860 enim
1430 2823 1592 2878 super
1630 2824 1843 2864 onmem

250 2896 550 2949 essentiam
579 2904 633 2950 et
654 2898 842 2963 vitam,
874 2899 1020 2953 nullo
1060 2900 1282 2969 quidem
1334 2902 1379 2934 ⁸³
1434 2903 1605 2972 ipsam
1644 2903 1845 2958 lumine

250 2986 726 3042 characterizante
751 3028 767 3052 ,
802 2990 1056 3060 omnique
1086 3000 1293 3046 rattone
1321 3002 1376 3046 et
1400 2993 1671 3050 intellectu
1699 2994 1847 3048 simi-

250 3073 482 3129 litudine
509 3075 676 3145 ipsius
704 3078 1198 3149 incomparabiliter
1218 3082 1509 3137 derelictis.
1544 3084 1844 3153 Aliquando

1943 1903 2027 1957 sic
2058 1904 2301 1972 turpibus
2342 1896 2537 1957 similia
2578 1906 2872 1959 secundum
2898 1906 3175 1961 veritatem
3200 1914 3325 1960 sunt
3359 1922 3545 1975 super-

1947 1996 2201 2051 caelestia
2240 2005 2295 2051 et
2337 1996 2517 2049 divina
2569 1997 2895 2065 spectacula.
2958 1997 3062 2052 Sed
3113 2000 3292 2069 itaque
3335 2010 3390 2054 et
3440 2001 3545 2055 hoc

1947 2084 2244 2155 intelligere
2275 2093 2506 2153 oportet,
2553 2085 2684 2138 nihil
2712 2101 2898 2140 eorum
2934 2103 3073 2156 quae
3101 2097 3244 2150 sunt,
3274 2103 3393 2143 esse
3420 2090 3544 2143 uni-

1948 2174 2228 2228 versaliter
2256 2174 2381 2228 boni
2409 2174 2815 2244 participatione
2837 2176 3124 2245 privatum.
3151 2177 3448 2248 Siquidem,
3475 2186 3537 2232 ut

1946 2261 2281 2332 cloquiorum
2308 2265 2509 2319 veritas
2534 2264 2630 2329 ait,
2662 2264 2833 2317 omnia
2876 2265 3009 2319 bona
3043 2266 3195 2320 valde
3220 2278 3266 2319 ο.
3294 2269 3388 2322 Est
3415 2284 3543 2339 ergo

1945 2370 2008 2410 ex
2040 2355 2288 2408 omnibus
2315 2355 2612 2426 intelligere
2644 2356 2813 2410 bonas
2840 2356 3253 2427 speculationes,
3301 2368 3356 2411 et
3396 2359 3537 2411 invi-

1945 2444 2064 2499 sibil
2090 2445 2187 2498 bus
2232 2455 2287 2498 et
2335 2444 2783 2499 intellectualibus
2809 2461 2872 2498 ex
2908 2446 3145 2500 materiis
3172 2445 3468 2502 reformare
3495 2450 3541 2482 “

1944 2536 2115 2591 dictas
2142 2535 2431 2590 dissimiles
2456 2534 2833 2589 similitudines
2866 2554 2878 2588 :
2918 2536 3087 2589 altero
3129 2538 3285 2592 modo
3327 2538 3538 2590 intelle-

1944 2628 2209 2683 ctualifus
2244 2626 2584 2689 habentibus,
2612 2640 2749 2695 quae
2778 2626 3123 2680 sensibilibns
3152 2626 3309 2681 aliter
3352 2627 3536 2681 distri-

1944 2718 2071 2772 huta
2112 2726 2256 2772 sunt.
2301 2716 2512 2772 Etenim
2559 2715 2709 2771 furor
2738 2717 3199 2772 irrationabililms
3226 2719 3440 2786 quidem
3468 2734 3536 2771 cx

1941 2807 2184 2876 ρειςείὺίιί
2243 2815 2389 2862 motu
2434 2807 2613 2869 inest,
2674 2816 2726 2861 et
2782 2807 2926 2861 omni
2981 2807 3446 2861 irrationabilitate
3495 2807 3541 2838 ³³

1944 2907 2026 2952 est
2068 2899 2298 2967 repletus
2339 2898 2659 2952 furibundus
2692 2914 2877 2952 eorum
2922 2890 3118 2953 motus.
3172 2898 3277 2953 Sed
3327 2899 3543 2953 intelle-

1943 2989 2209 3045 ctualibus
2235 2989 2406 3043 altero
2445 2989 2602 3043 modo
2644 2997 2854 3061 oportet
2894 2988 3164 3044 irascihile
3216 2989 3537 3059 intelligere,

1945 3080 2244 3144 declarans,
2276 3087 2335 3132 ut
2372 3078 2621 3143 aestimo,
2660 3091 2847 3132 eorum
2893 3077 3102 3133 virilem
3148 3079 3543 3133 rationaliilita-

248 3177 385 3217 vero
406 3164 759 3222 dissimilibus
775 3167 1299 3227 manif‘estationibus
1326 3172 1537 3241 abipsis
1562 3172 1788 3243 eloquiis
1813 3175 1840 3214 δ
1870 3164 1916 3229 C
1948 3181 2053 3246 tem
2082 3178 2137 3226 et
2159 3170 2421 3224 immitem
2449 3168 2495 3199 ”
2524 3168 2761 3237 quietem
2796 3169 2847 3221 in
2883 3167 3077 3223 divinis
3106 3176 3159 3222 et
3189 3168 3540 3223 immutabili-

249 3255 695 3324 supermundane
743 3256 1023 3319 laudatur.
1077 3274 1195 3314 eam
1244 3260 1588 3327 invisibilem,
1632 3270 1687 3317 ct
1730 3263 1845 3317 infi-

251 3344 425 3398 nitam
458 3383 477 3410 ,
530 3344 1230 3419 incomprehensibilemque
1278 3348 1322 3381 "
1374 3353 1730 3418 vocantibus,
1788 3361 1843 3408 et

245 3448 313 3488 ea
346 3434 413 3499 ",
441 3436 505 3488 ei:
537 3435 754 3505 quibus,
794 3453 901 3494 non
937 3440 1066 3510 quid
1117 3449 1217 3505 est,
1268 3441 1362 3496 sed
1411 3442 1539 3512 quid
1588 3458 1691 3497 non
1738 3451 1837 3507 est,

244 3516 609 3598 significatur.
650 3528 764 3585 Hoc
790 3531 955 3596 enim,
986 3539 1044 3585 ut
1073 3533 1321 3597 aestimo,
1347 3534 1617 3603 potentius
1657 3542 1742 3589 est
1789 3535 1841 3588 in

246 3617 395 3687 ipsa,
438 3620 692 3687 quoniam
738 3623 977 3692 quidem,
1020 3633 1080 3677 ut
1125 3624 1335 3679 occulta
1386 3634 1441 3680 et
1492 3628 1841 3683 sacerdotalis

249 3709 474 3764 traditio
529 3712 971 3780 subintroduxit,
1026 3731 1131 3771 non
1191 3731 1311 3775 esse
1364 3718 1658 3773 secundum
1713 3720 1840 3789 quid

246 3812 445 3852 eorum
480 3815 619 3869 quae
644 3812 788 3867 sunt,
834 3818 951 3857 eam
989 3820 1115 3860 vere
1152 3806 1380 3861 dicimus
1407 3808 1494 3874 ¹⁶;
1536 3808 1844 3878 ignoramus

246 3899 436 3944 autem
508 3895 1009 3962 superessentialem
1074 3896 1244 3966 ipsius
1302 3907 1359 3952 et
1413 3898 1732 3955 invisibilem
1788 3907 1844 3955 et

246 3981 580 4037 ineffabilem
608 3984 1003 4042 infinahtatem.
1048 3987 1105 4043 Si
1146 3991 1307 4060 igitur
1338 3990 1679 4061 depulsiones
1716 3992 1757 4024 ¹⁷
1787 3991 1841 4047 in

247 4072 452 4127 divinis
489 4087 668 4139 verae,
714 4075 1038 4133 intentiones
1068 4078 1111 4110 ¹⁸
1147 4095 1274 4134 vero
1322 4080 1711 4153 incompactae,
1747 4082 1842 4137 ob-

241 4162 499 4215 scuritati
540 4176 859 4219 arcanorum
912 4167 1081 4237 magis
1127 4177 1250 4238 apta
1293 4178 1377 4224 est
1416 4187 1513 4241 per
1555 4171 1842 4228 dissimiles

246 4250 668 4308 reformationes
709 4254 753 4287 "
786 4256 1167 4312 manifestatio.
1211 4258 1277 4313 Et
1318 4276 1460 4315 nunc
1506 4262 1686 4332 itaque
1734 4278 1839 4319 non

245 4351 439 4411 turpes
470 4343 678 4413 replent
710 4345 970 4402 caelestes
1010 4359 1235 4406 ornatus
1272 4350 1606 4421 cloquiorum
1650 4368 1841 4409 sacrae

214 4433 641 4501 descriptiones
667 4477 682 4501 ,
724 4437 1073 4494 dissimilibus
1130 4456 1224 4495 eos
1279 4440 1569 4497 formarum
1618 4443 1840 4500 facturis

1945 3263 2046 3317 has
2112 3261 2492 3315 fundamentis.
2558 3257 2757 3312 Eodem
2830 3257 2989 3311 modo
3048 3256 3536 3325 concupiscentiam

1947 3354 2160 3425 quidem
2209 3368 2329 3408 esse
2383 3351 2609 3407 dicimus
2656 3350 2708 3404 in
2760 3349 3218 3403 irrationabilibns
3266 3348 3537 3402 inconsul-

1947 3453 2057 3499 tam
2085 3444 2356 3514 quandam
2398 3453 2451 3496 et
2491 3438 2820 3496 materialem
2861 3455 2927 3493 ex
2970 3438 3202 3493 naturali
3252 3447 3396 3492 motu
3447 3446 3539 3492 aut

1944 3535 2333 3590 consuetudine
2360 3534 2411 3587 in
2440 3530 2784 3587 mutabilibus
2818 3530 3215 3584 incontinenter
3242 3529 3535 3599 ingenitam

1942 3626 2375 3697 passibilitatcm,
2406 3633 2459 3679 ct
2483 3621 2901 3677 irrationabilcm
2928 3620 3229 3692 corporalis
3249 3620 3538 3690 voluptatis

1944 3717 2570 3781 continuitatem,simul
2608 3732 2768 3773 omne
2816 3715 3012 3772 animal
3066 3714 3432 3785 compellentis
3479 3713 3533 3765 in

1944 3808 2239 3865 secundum
2277 3822 2493 3862 sensum
2536 3807 2970 3878 concupiscihile.
3017 3804 3151 3861 Cum
3199 3820 3325 3860 vero
3378 3803 3536 3858 dissi-

1943 3900 2100 3956 miles
2141 3899 2519 3955 similitudines
2562 3897 3010 3953 intellectualibus
3049 3898 3557 3961 circumponentcsa

1942 3992 2433 4062 concupiscentiam
2489 3991 2567 4045 eis
2614 3986 3117 4043 circumformemus
3161 3985 3228 4046 ³⁵,
3284 4000 3523 4037 amorem

1941 4082 2183 4137 divinum
2224 4082 2393 4150 ipsam
2449 4077 2745 4148 intelligere
2785 4083 2998 4145 oportet
3038 4090 3199 4147 super
3271 4074 3529 4126 rationem

1941 4180 1997 4227 et
2050 4170 2095 4205 ³⁸
2140 4169 2468 4224 intellectum
2512 4165 3019 4229 immaterialitatis,
3060 4173 3115 4219 et
3157 4163 3446 4218 inflexibile
3480 4167 3536 4215 et

1940 4273 2047 4314 non
2077 4257 2325 4327 indigens
2360 4255 2682 4311 desiderium
2725 4252 3248 4326 superessentialiter
3281 4258 3462 4305 castae
3481 4258 3536 4304 et

1939 4342 2287 4418 inipassibilis
2326 4345 2809 4416 contemplationis,
2853 4353 2908 4401 et
2947 4345 3014 4399 ad
3057 4344 3200 4398 illam
3246 4357 3436 4412 puram
3482 4348 3536 4395 et

1940 4438 2378 4496 sublimissimam
2409 4437 2729 4504 claritatem,
2775 4446 2831 4493 et
2876 4422 3199 4491 invisibilem
3226 4444 3280 4488 et
3307 4429 3533 4486 fortuiti-

240 4523 682 4588 manifestantes,
725 4534 778 4579 et
816 4541 913 4597 per
952 4529 1050 4583 has
1084 4529 1428 4587 ostendentes
1464 4532 1834 4589 materialibus
1866 4522 1911 4580 Ι)
1937 4549 2055 4589 eam
2087 4530 2538 4604 pulchritudinem
2567 4538 2820 4585 aeternae
2866 4544 2990 4584 vere
3033 4537 3088 4582 et
3116 4524 3403 4581 invisibilis
3445 4538 3530 4576 so-

239 4610 406 4665 simul
433 4614 685 4669 omnibus
707 4617 1200 4685 supermundalium
1229 4620 1273 4651 ”
1299 4621 1664 4679 excellentias.
1701 4624 1839 4691 Quia

239 4717 379 4758 vero
405 4713 463 4758 et
496 4714 738 4760 nostrum
767 4708 1007 4764 animum
1037 4710 1298 4766 reducunt
1337 4713 1508 4783 magis
1552 4714 1840 4775 dissimiles

1940 4623 2167 4685 cietatis,
2220 4630 2277 4677 et
2323 4621 2486 4676 veluti
2528 4621 2574 4653 "’
2625 4620 2917 4692 potentiam
2969 4617 3170 4687 excipit
3221 4615 3435 4685 quidem
3479 4613 3533 4666 in

1938 4714 2222 4771 sufﬁcienti
2242 4721 2297 4769 et
2321 4713 2372 4767 in
2396 4712 2756 4777 convcrsibili,
2781 4720 2835 4767 et
2855 4727 2883 4765 a
2912 4710 3057 4765 nullo
3077 4707 3235 4778 afﬂigi
3258 4704 3469 4760 valente
3489 4703 3536 4736 ³⁸

1539 4824 1796 4882 VARIAE
1832 4825 2235 4887 LECTIONES.

342 4922 360 4953 ¹
384 4935 433 4978 et
467 4939 575 4979 om.
599 4926 664 4980 A.
774 4929 796 4959 ⁸
834 4928 876 4982 Ε
902 4929 1284 4995 descriptionis.

237 5012 281 5048 ι.
323 5012 373 5047 e.
399 4995 708 5065 divinitatis.
810 4999 833 5030 ⁸
878 4998 969 5055 Sic
995 5001 1124 5065 AE;
1177 5001 1264 5056 BH
1314 5005 1697 5060 rationabilem.

238 5066 363 5117 bas.
466 5065 508 5099 ¹⁸
542 5064 627 5118 BH
650 5068 931 5167 yuomodo.
1034 5070 1077 5102 ¹¹
1098 5064 1145 5124 Α
1171 5073 1368 5126 divina.

239 5134 533 5167 λζλέρὶιιηιι
628 5136 643 5165 1
710 5137 736 5167 Α
770 5140 1066 5167 “anu-0.5.“..-
1165 5141 1208 5167 ill
1242 5142 1266 5167 Α
1305 5145 1368 5167 -n

237 5134 552 5206 didicimus.
628 5134 673 5167 ¹⁷
701 5137 745 5189 Α
770 5140 1086 5206 negationes.

241 5202 377 5257 Per.
454 5204 501 5237 ”
526 5203 570 5256 A
592 5202 949 5272 pretiosiores.

242 5288 415 5325 nocue
445 5286 810 5342 respergentes.

1165 5141 1208 5174 ¹⁸
1232 5142 1277 5196 Α
1300 5143 1688 5213 aﬂirmationes.

1027 5208 1072 5240 "
1110 5210 1150 5263 A
1176 5208 1356 5264 sacras
1380 5212 1742 5280 formationes.

885 5277 929 5311 ³⁷
957 5288 1005 5331 et
1035 5294 1143 5333 om.
1172 5280 1235 5334 A.
1312 5282 1358 5314 ⁵⁸
1381 5277 1427 5334 Ἀ
1459 5299 1751 5337 remanens.

1398 4934 1419 4967 ³
1447 4936 1489 4995 Α
1520 4937 1866 4991 inhonestum.

1398 5005 1697 5060 ionabilem.
1795 5009 1817 5040 ’
1864 5005 1907 5060 Α

1469 5008 1697 5060 labilem.
1795 5009 1817 5040 ’
1864 5008 1907 5060 Α
1937 5008 2188 5077 formant.

1469 5072 1511 5104 ¹³
1536 5074 1576 5127 Α
1603 5075 1798 5129 lumine
1821 5077 1955 5140 ipsa.
2054 5077 2097 5109 ⁸³
2134 5079 2177 5131 Α

1766 5146 1807 5178 ¹⁹
1834 5146 1876 5198 Α
1903 5146 2261 5213 formationes.

1820 5214 1864 5245 "
1904 5225 1951 5269 et
1978 5232 2064 5269 om
2093 5216 2157 5268 A.

1830 5284 1875 5315 ”
1900 5285 1942 5337 Α
1967 5287 2247 5353 quiescere.

1970 4938 1993 4969 ⁸
2020 4939 2059 4992 Α
2090 4956 2170 4993 ac.
2276 4939 2297 4971 ³
2336 4936 2377 4991 Α
2406 4938 2562 4992 lianc.
2674 4936 2695 4967 '
2740 4936 2783 4992 A
2834 4935 3261 5003 perrenienlium.
3353 4935 3373 4965 "
3403 4934 3532 4988 BE"

2298 5007 2344 5040 ¹⁰
2383 5009 2430 5062 Α
2482 5006 2883 5077 formationibus
2928 5005 3236 5077 castioribus
3279 5004 3535 5077 manenti-

2054 5077 2097 5109 “
2134 5079 2177 5131 Α
2203 5088 2249 5131 et
2277 5072 2865 5136 incomp'reltcnsibilem.
2970 5075 3014 5105 ¹⁸
3060 5074 3105 5126 Α
3147 5090 3302 5142 quae.
3402 5073 3445 5142 ξ’

2338 5147 2383 5178 ’⁸
2417 5146 2505 5199 Bll
2551 5143 3077 5218 supermundialiam.
3158 5139 3222 5218 "'_
3255 5140 3359 5194 Pro
3395 5139 3467 5218 In
3487 5140 3527 5193 A

2719 5215 2764 5249 ¹⁶
2788 5213 3071 5267 candidmu
3111 5220 3165 5265 et
3204 5212 3408 5278 igneum
3450 5212 3523 5261 in-

2791 5285 2833 5315 “
2886 5283 2930 5337 A
2973 5277 3235 5335 animae.’
3276 5279 3320 5310 ³²
3370 5277 3411 5330 Α
3462 5293 3527 5332 ex

2233 5217 2279 5249 ’⁵
2306 5231 2416 5269 esse
2438 5232 2546 5269 om.
2577 5216 2640 5269 A.

2325 5285 2370 5315 ⁸ο
2419 5284 2461 5338 Α
2502 5285 2693 5353 ferens.

238 5342 610 5427 Ziate'rialibus
631 5344 896 5427 [proteret
955 5347 1000 5378 ³³
1020 5349 1778 5427 Αθηυςζεεἶναιὶοῃαὸίιὲιαιὶε.
1856 5342 2294 5419 a1’A'innnanem.
2371 5356 2418 5390 ⁸⁸
2444 5342 3027 5427 Λέἱνειιηιῖοινηιαηιιιε.
3067 5351 3113 5382 ³⁸
3200 5358 3248 5404 et
3292 5363 3401 5404 om.
3460 5348 3524 5404 Α.

238 5410 286 5444 ⁹“
323 5410 479 5465 relati
508 5410 706 5467 om.‘B.
799 5415 844 5449 ³⁸
869 5416 911 5470 Α
934 5432 963 5471 a
988 5417 1131 5477 nullo
1159 5418 1409 5490 afﬂigitur
1433 5422 1651 5478 virtute.

1786 5534 2033 5592 NOTAE.

316 5649 345 5678 ι
388 5636 579 5693 Matth.
620 5639 748 5704 VII;
788 5640 808 5694 l
845 5641 968 5696 Cor.
1012 5642 1072 5696 ll.

317 5706 348 5746 ῖδ
390 5705 546 5767 Rom.
596 5708 700 5775 XI;
742 5710 761 5768 Ι
800 5710 937 5768 Tim.
985 5711 1083 5781 Vl;
1128 5711 1266 5768 l’sal.
1307 5714 1455 5769 CXL.

2014 5662 2035 5688 τ
2078 5651 2211 5707 Gen.
2246 5651 2288 5706 ι.
