3952 6162
442 270 581 325 10ἱὸ

1708 277 1987 335 ΙΟᾹΧΝΙΞ
2027 274 2225 334 SCOI‘I

3576 304 3707 363 I033

438 397 537 453 per
575 383 917 438 inconfustun
949 395 1002 440 et
1060 387 1554 444 incommutabilem
1595 392 1610 421 ¹
1661 392 1874 448 divinae
1919 392 2027 461 pul‘
2064 391 2111 450 A
2140 393 2404 449 cssentias
2437 410 2503 451 ex
2531 396 3040 458 inconvenientibus
3080 404 3428 464 dissimilibus
3463 413 3716 471 similitu-

436 475 760 530 cbritudinis
806 490 1069 543 amorem,
1120 487 1174 531 et
1225 480 1582 535 universalem
1629 483 2027 539 rcvocationem

433 558 492 621 in
546 569 617 630 id,
666 568 808 643 quod
858 584 981 624 vere
1039 580 1120 625 est
1150 575 1536 642 appetendum.
1596 573 1703 630 Sed
1751 582 1805 630 et
1858 575 2027 645 ipsam

437 650 962 731 irrationabilitatem
1035 669 1089 714 et
1157 664 1616 721 inseusualitatem
1691 668 1744 721 in
1813 670 2027 740 quidem

435 746 890 803 irrarinnahilibus
954 753 1327 822 animalibus,
1393 769 1487 813 aut
1549 760 1855 818 inanimatis
1909 779 2025 817 ma-

433 837 609 902 teriis,
646 837 910 895 defectum
963 845 1190 900 rationis
1237 856 1289 901 et
1347 863 1539 905 sensus
1594 854 1809 922 proprie
1869 870 2027 937 voca-

434 942 594 981 mus:
634 929 687 983 in
746 944 925 986 autem
973 934 1414 995 immaterialibus
1462 951 1517 996 et
1577 932 2026 1003 iutellectualibus

438 1019 720 1081 essentiis,
755 1034 943 1077 sancte
967 1033 1018 1078 et
1046 1026 1299 1081 decenter
1326 1035 1768 1101 supereminens“
1799 1054 1985 1093 earum
2005 1080 2020 1103 ,

440 1116 497 1160 ut
520 1114 1019 1179 supermumlalium
1041 1158 1055 1181 ,
1089 1119 1412 1177 confitemur
1433 1134 1610 1179 nostra
1640 1131 1946 1186 transitoria
1969 1141 2024 1187 et

435 1200 698 1266 corporali
722 1202 929 1271 ratipne
956 1214 1010 1259 et
1039 1209 1302 1263 materiali
1329 1211 1563 1269 alienato
1595 1196 2021 1289 incorporalibus

431 1288 627 1344 animis
669 1295 886 1346 seusu'.
925 1295 1017 1348 Est
1062 1296 1243 1368 itaque
1285 1317 1388 1355 non
1430 1303 1520 1358 et‘
1549 1306 1796 1364 dissonas
1842 1311 2018 1367 refor-

433 1393 583 1433 mare
599 1387 621 1417 υ
644 1382 970 1440 caelestibus
992 1387 1215 1453 formas,
1238 1401 1292 1445 et
1311 1407 1375 1446 ex
1399 1395 1594 1452 vilibus
1616 1401 1871 1455 materiae
1895 1418 2020 1471 par-

436 1467 580 1521 tibus
604 1508 619 1532 ,
648 1473 902 1539 quoniam
934 1483 987 1528 et
1016 1477 1127 1545 ipsa
1159 1494 1222 1533 ex
1267 1497 1395 1537 vere
1437 1484 1576 1540 bono
1613 1489 2016 1545 subsistentiam

426 1560 742 1626 passidens,
775 1579 874 1631 per
901 1580 1113 1622 omnem
1139 1571 1220 1624 sui
1254 1575 1582 1653 materialem
1607 1578 2014 1650 dispositionem

429 1652 804 1707 resouautias"
846 1658 1104 1724 quasdam
1168 1652 1561 1721 intellectualis
1600 1669 2016 1739 pulchritudinis

428 1744 612 1809 habet,
638 1754 691 1799 et
714 1749 970 1815 possibile
995 1761 1077 1805 est
1098 1769 1197 1822 per
1220 1771 1313 1811 eas
1338 1758 1517 1814 reduci
1543 1762 1609 1815 ad
1633 1762 2016 1823 inuuaterialcs
2050 1742 2090 1799 Β

428 1835 632 1902 primas
670 1838 873 1896 formas
915 1844 1274 1911 dissimiliter,
1307 1860 1363 1902 ttt
1392 1852 1592 1907 dictum
1621 1864 1699 1910 est
1720 1897 1734 1922 ,
1764 1858 2017 1913 similitu-

424 1927 639 1983 dinibus
660 1935 948 2002 acceptis",
980 1948 1033 1990 et
1049 1937 1288 1994 eisdem"
1312 1958 1417 1997 non
1440 1944 1708 2010 similiter,
1735 1960 2015 2023 compacte

427 2026 607 2072 autem
649 2031 701 2075 et
745 2024 967 2092 pulchre
996 2028 1555 2103 intellectualibusque
1576 2047 1630 2101 et
1669 2041 2016 2100 sensibilibus

427 2109 851 2175 proprietatibus
874 2112 1128 2171 definitis.
1166 2118 1313 2176 Ilaec
1354 2125 1610 2194 mysticps
1635 2129 1909 2203 theologos
1934 2134 2017 2188 in-

430 2198 710 2254 veniemus
738 2218 843 2257 non
876 2205 1048 2259 solum
1098 2209 1417 2271 caelestium
1465 2216 1879 2287 dispositionum
1920 2224 2015 2279 de.

432 2286 822 2347 rlaratiorihus
867 2288 1187 2353 mirabiliter
1234 2286 1770 2375 circumformautcs,
1799 2313 1892 2368 sed
1924 2314 2011 2370 et’

422 2377 553 2455 ipsis
598 2379 892 2452 aliquando
945 2389 1333 2449 thearchicis"
1358 2398 1903 2461 manifestationibus.
1945 2407 2014 2464 Et

419 2463 706 2539 aliquatth
736 2475 949 2543 quidem
997 2478 1166 2549 ipsam
1193 2498 1258 2537 ex
1284 2484 1574 2545 luminibus
1606 2494 1857 2560 pretiosis
1900 2497 2014 2554 lau-

426 2557 585 2622 dant,
619 2570 673 2615 ut
710 2564 877 2618 Solem
919 2564 1198 2653 justitiae,
1232 2583 1290 2627 ut
1318 2576 1526 2632 stellam
1558 2557 1910 2653 matutinum,
1955 2590 2009 2646 in

425 2648 664 2703 animum
712 2664 901 2709 sancte
922 2649 1221 2724 orientem,
1254 2671 1310 2716 et
1344 2673 1403 2718 ut
1444 2666 1622 2723 lumen
1653 2672 2011 2733 incircumve-

416 2736 578 2793 late“
620 2753 682 2813 et
727 2745 1219 2807 iutellectualiter"
1260 2757 1689 2827 resplendensa:
1722 2762 2009 2838 aliquando

418 2843 547 2884 vero
572 2848 638 2887 ex
681 2836 906 2902 mediis,
947 2849 1005 2894 ut
1048 2841 1224 2911 ignem
1258 2845 1490 2905 innocue
1515 2836 2008 2926 splendentem,ut
2070 2869 2074 2874 “

419 2931 617 2986 aquam
665 2923 842 2981 vitalis
881 2927 1229 2997 plenitudinis
1275 2936 1573 3008 datricem,
1622 2954 1679 3000 et
1710 2923 2006 3019 symbolice

413 3008 700 3066 dicendum
723 3054 737 3079 ,
787 3016 838 3069 in
882 3028 1125 3077 ventrem
1158 3025 1477 3103 subeuntem
1502 3072 1516 3094 ,
1561 3031 1889 3110 ﬂuminaque
1918 3057 2003 3097 re-

2136 472 2352 561 dinihus
2386 485 2757 554 reformant",
2782 494 3074 548 secumlum
3125 497 3299 553 dictas
3338 515 3549 558 causas.
3597 506 3712 564 Non

2132 553 2276 627 enim
2305 574 2550 631 fortassis
2573 594 2741 648 aeque
2772 583 2939 636 non“
2970 600 3067 640 nos
3096 586 3150 639 in
3185 593 3558 661 quaestionem
3589 600 3712 667 qui-

2132 664 2251 719 dem
2277 680 2341 720 ex
2358 668 2673 739 indigentia,
2706 671 2756 726 in
2776 688 3051 751 anagogen
3072 693 3285 748 quoque
3300 681 3347 712 ’³
3369 698 3468 751 per
3486 664 3712 758 diligen-

2131 764 2237 810 tem
2270 759 2572 815 diviuorum
2596 746 2980 819 scrutationem
3016 769 3358 837 veniremus,
3391 760 3493 829 nisi
3535 776 3713 831 defor-

2130 849 2289 903 mitas
2337 865 2436 905 nos
2488 860 2840 925 extorqueret
2890 857 3351 926 manifestatoriae
3397 866 3709 934 angelorum

2128 939 2608 1012 reformationis",
2638 961 2743 1001 non
2775 948 2957 1023 sinens
2988 960 3233 1023 nostrum
3269 958 3511 1013 animum
3539 975 3712 1015 rema-

2126 1047 2254 1086 nere
2270 1033 2321 1085 in
2335 1034 2686 1089 dissimilibus
2710 1036 3003 1092 formarum
3024 1040 3269 1109 facturis,
3297 1047 3390 1099 sed
3414 1045 3706 1105 luctantem

2126 1141 2322 1197 negare
2370 1127 2684 1183 materiales
2729 1131 3146 1199 passibilitates,
3201 1144 3256 1190 et
3303 1152 3707 1196 assuescentem

2123 1232 2256 1285 pure
2295 1218 2511 1273 extendi
2539 1235 2637 1289 per
2662 1220 2893 1277 visibilia
2934 1224 2989 1279 in
3027 1229 3499 1296 supermundanas
3527 1231 3709 1286 altitu-

2122 1306 2294 1363 dines.

2193 1399 2363 1455 Tanta
2396 1402 2612 1471 quidem
2638 1420 2668 1460 a
2694 1407 3006 1464 nobisdicta
3022 1420 3384 1483 suntpropter
3397 1417 3711 1472 materiales

2118 1497 2173 1543 et
2214 1489 2654 1550 ineonvenientes
2699 1497 3003 1555 divinorum
3047 1500 3382 1572 eloquiornm
3430 1506 3706 1575 angelica-

2119 1582 2297 1634 rum”
2319 1582 2610 1653 imaginum
2634 1587 3042 1660 descriptiones.
3076 1593 3276 1649 Deinde
3302 1604 3483 1650 autem
3526 1612 3710 1667 segre-

2118 1686 2249 1742 gare
2276 1674 2342 1705 ²⁸⁶
2372 1685 2606 1747 oportet,
2633 1679 2762 1749 quid
2786 1681 2957 1750 ipsam
2980 1683 3195 1752 quidem
3216 1700 3337 1740 esse
3374 1686 3707 1742 Ierarcbiam

2121 1766 2466 1823 aestimemus
2497 1770 2567 1835 “,
2595 1772 2792 1843 quidve
2820 1773 2936 1843 ipsa
2963 1774 3232 1831 Ierarchia
3273 1776 3507 1845 prosit"
3534 1777 3708 1833 lerar-

2117 1856 2293 1911 cbiam
2317 1859 2667 1916 sortientibus
2680 1861 2746 1915 ’⁸.
2769 1861 2882 1923 Dux
2899 1877 3029 1917 vero
3044 1865 3114 1919 sit
3133 1866 3403 1920 sermonis
3424 1865 3706 1933 Christus,

2117 1947 2161 2001 si
2190 1947 2407 2016 quidem
2446 1948 2689 2005 mihi'fas
2722 1950 2931 2015 dicere,
2958 1968 3141 2018 meus,
3171 1954 3336 2009 totius
3361 1954 3708 2013 Ierarchicae

2117 2036 2570 2093 manifestatiouis
2618 2040 2922 2110 iuspiratio.
2954 2043 3033 2098 'I‘u
3062 2059 3218 2110 vero,
3251 2060 3285 2099 o
3313 2061 3478 2115 puer,
3507 2063 3710 2104 secun-

2116 2111 2242 2179 dum
2284 2139 2528 2193 sanctam
2553 2140 2772 2187 nostrae
2812 2134 3167 2190 sacerdotalis
3199 2137 3514 2194 traditionis
3545 2140 3704 2212 legis-

2114 2215 2399 2285 lationem,
2427 2219 2542 2290 ipse
2570 2229 2757 2287 sancte
2796 2230 2852 2291 et
2890 2223 3147 2279 decenter
3187 2225 3435 2281 ausculta
3482 2229 3707 2284 mirabio

2113 2306 2239 2363 liter
2258 2309 2549 2376 dictorum,
2574 2312 2792 2367 divinus
2814 2315 2865 2367 in
2889 2313 3001 2370 Deo
3027 2315 3139 2370 et”
3159 2316 3211 2370 in
3234 2317 3486 2373 doctrina
3506 2317 3702 2385 factus,

2111 2409 2167 2455 et
2195 2412 2407 2458 secreto
2434 2403 2631 2466 animi,
2682 2419 2823 2473 quae
2862 2414 3051 2460 sancta
3099 2414 3260 2471 sunt,
3299 2408 3703 2480 circumtegeus

2110 2489 2465 2547 eximmunda
2494 2492 2853 2565 multitudine,
2881 2496 3448 2569 tanquamuniformia
3467 2500 3698 2555 custodi.

2110 2580 2226 2655 Non
2258 2583 2403 2653 enim
2436 2582 2551 2647 fas,
2578 2594 2637 2638 ut
2666 2584 2876 2659 eloquia
2910 2587 3091 2651 aiunt,
3124 2588 3175 2646 in
3205 2604 3403 2658 porcos
3432 2590 3699 2663 projicere

2109 2652 2458 2730 invisibilium
2484 2677 2896 2753 margaritarum
2919 2677 3259 2742 inconfusum
3280 2689 3337 2735 et
3354 2680 3699 2737 lticiformem

2107 2764 2519 2836 beneﬁcumque
2545 2775 2800 2822 ornatum
2820 2778 2865 2823 ε.

2636 2899 3034 2958 CAPITULUM
3067 2900 3151 2957 IlI.

2107 3012 2248 3079 Quid
2275 3014 2341 3068 sit
2360 3013 2405 3045 ³⁸
2440 3012 2732 3077 lerarchia,
2758 3024 2807 3069 et
2821 3031 2954 3085 quae
2981 3032 3074 3085 per
3106 3012 3437 3071 ferare/tiam
3470 3019 3693 3076 utilitas.

415 3099 776 3171 diuulantem,
809 3096 1326 3173 immensurabiliter
1366 3119 1678 3181 refluentia:
1712 3127 2001 3199 aliquando

2175 3122 2272 3177 Est
2299 3122 2513 3192 quidem
2545 3122 2815 3178 Ierarcbia
2846 3126 3138 3183 secundum
3175 3143 3260 3182 me
3288 3129 3426 3185 ordo
3454 3131 3692 3200 divinus,

412 3203 593 3248 autem
635 3212 702 3251 ex
749 3202 1086 3271 novissimis,
1137 3218 1205 3279 ut
1245 3223 1577 3285 unguentum
1607 3232 1801 3285 suave,
1839 3232 1896 3276 ut
1926 3223 2002 3278 la-

412 3282 591 3350 pidem
638 3288 1014 3358 augulnremb.
1060 3294 1166 3350 Sed
1211 3306 1266 3352 et
1310 3282 1590 3359 bestialem
1620 3306 1719 3374 ipsi
1769 3307 1998 3367 formam

406 3372 1222 3446 circumponuut,etleonisei"
1256 3392 1605 3459 etpantheris
1642 3372 1687 3427 ίδ
1714 3401 2001 3468 speciem”

407 3474 684 3532 coaptant,
723 3477 779 3522 et
818 3471 1173 3539 pardaliuiam
1206 3479 1439 3534 vestiunt
1462 3491 1514 3537 et
1541 3498 1723 3538 ursam
1750 3483 1998 3546 saevienQ-

412 3563 518 3606 tem
535 3566 581 3607 ε.
604 3556 809 3612 Addam
828 3576 955 3616 vero
967 3573 1020 3618 et
1041 3566 1424 3632 quodomnium
1448 3572 1604 3628 vilius
1622 3586 1813 3632 esseet
1831 3583 2002 3652 magis

411 3645 716 3715 significare
741 3652 913 3705 visum
957 3664 1069 3720 est,
1101 3657 1225 3731 quia
1273 3669 1328 3713 et
1369 3665 1567 3719 vermis
1598 3668 1779 3737 specie
1826 3671 1995 3742 ipsam

418 3740 652 3807 seipsam
702 3744 1231 3826 circumformantem
1262 3752 1488 3808 divini“
1516 3761 1791 3830 sapientes
1824 3766 1995 3821 tradi-

411 3827 670 3885 deruntd.
701 3832 791 3889 Sic
813 3850 1003 3893 clunes
1029 3839 1099 3895 thr
1120 3844 1331 3912 osophi,
1351 3854 1405 3923 et
1421 3827 1629 3904 occulta
1646 3854 1996 3923 inspiratione

405 3920 724 3995 prophetae,
750 3929 952 3982 sanctis
983 3920 1418 4013 incontaminatis
1446 3920 1781 4014 distinguunt
1809 3959 1994 4007 sancta

410 4021 756 4079 sanctorum,
791 4026 846 4071 et
874 4020 1190 4078 dissimilem
1227 4038 1469 4084 sanetam
1502 4018 1877 4101 figurationem
1903 4040 1993 4097 ho-

406 4113 622 4169 ;ioraut,
649 4117 704 4159 ut
725 4124 898 4180 neque
925 4112 1105 4168 divina
1140 4118 1430 4175 immundis
1463 4127 1762 4193 lractabilia
1782 4130 1823 4162 ¹⁷
1850 4133 1990 4199 sint,

408 4209 588 4262 neque
635 4199 959 4256 tuirabilium
990 4204 1377 4275 agalmatutn“
1405 4216 1629 4281 studiosi
1661 4202 1991 4295 contempla-

404 4292 557 4340 .tores
597 4295 851 4364 tauquam
896 4294 1038 4349 veris
1079 4301 1619 4373 remaneantﬁguris.
1655 4292 1778 4361 Et“
1805 4292 1986 4369 divina

419 4376 602 4447 itaque
627 4380 989 4459 honoriﬁcant
1018 4376 1160 4466 veris
1192 4393 1600 4477 negationibus,
1634 4407 1687 4451 et
1710 4401 1781 4470 ad
1800 4403 1982 4457 novis-
2015 4428 2065 4489 υ

392 4466 536 4522 sima
561 4484 961 4542 compactarum
985 4468 1412 4561 resonantiarum
1428 4472 1715 4544 “(diversis
1736 4492 1986 4567 similitu-

396 4555 637 4615 dinibus.
684 4560 825 4635 Nihil
875 4580 1007 4637 ergo
1051 4554 1481 4643 itteousequens,
1527 4576 1579 4630 si
1625 4586 1679 4633 et
1721 4564 1985 4641 caelestes

2103 3220 2159 3267 et
2201 3212 2423 3268 scientia
2452 3253 2468 3279 ,
2507 3220 2562 3267 et
2605 3214 2785 3278 actio,
2815 3213 3061 3269 deiformi
3105 3225 3370 3285 quantum
3412 3221 3691 3293 possibile,

2104 3301 2435 3368 simulata“,
2444 3301 2599 3372 juxta
2626 3303 2671 3334 ³³
2695 3302 2895 3358 inditas
2917 3304 2966 3358 ei
2991 3303 3248 3361 divinitus
3270 3306 3691 3379 illuminationes

2102 3394 2577 3467 proportionaliter
2608 3395 2662 3449 in
2685 3396 2778 3450 Dei
2808 3395 3214 3451 similitudinem
3249 3401 3572 3455 ascendens.
3606 3402 3691 3456 Di-

2104 3486 2224 3555 vina
2251 3469 2621 3557 pulchritudo,
2650 3495 2709 3565 ut
2738 3484 2961 3555 simpla,
2994 3494 3054 3540 ut
3092 3488 3326 3559 optima,
3365 3501 3427 3546 ut
3474 3491 3688 3547 teletar-

2102 3577 2256 3632 chica
2271 3576 2340 3643 ³³,
2365 3592 2496 3649 pura
2518 3576 2734 3646 quidem
2749 3577 3223 3635 estuniversaliter
3243 3583 3390 3653 omni
3413 3583 3686 3639 dissimili-

2103 3668 2325 3734 tudine;
2391 3667 2735 3724 distributiva
2789 3684 2957 3737 vero,
3012 3671 3308 3726 secundum
3365 3672 3682 3750 dignitatern

2100 3738 2765 3829 uniuscujusque-proprii
2813 3758 3061 3825 luminis;
3101 3771 3156 3823 et
3185 3738 3481 3830 perfectiva
3514 3764 3571 3817 in
3598 3779 3681 3818 εειε

2098 3848 2303 3925 orificio
2327 3832 2681 3914 diviitissimo,
2714 3840 3006 3904 secundum
3040 3850 3107 3928 ad
3140 3849 3372 3919 seipsam
3414 3850 3683 3929 perfecto-

2099 3932 2217 4015 rum
2240 3920 2520 4015 compacte
2553 3939 2943 3995 immutabiletn
2972 3920 3368 3995 formationem.
3409 3926 3681 4011 Interpre-

2097 4010 2229 4086 tatio
2259 4010 2422 4104 igitur
2446 4030 2752 4109 lerarchiae
2778 4038 2885 4097 est,
2908 4030 2975 4085 ad
3000 4031 3191 4096 Deum,
3218 4040 3482 4101 quantum
3507 4033 3682 4105 possi-r

2095 4123 2239 4189 bile,
2282 4120 2593 4187 'similitudo
2647 4132 2702 4178 et
2746 4123 2965 4197 unitas,
3017 4125 3193 4203 ipsum
3246 4124 3450 4201 habens
3501 4124 3685 4181 omnis

2094 4224 2315 4272 sanetae
2341 4225 2397 4271 et
2423 4216 2685 4272 scientiae
2723 4226 2779 4271 et
2806 4216 3038 4271 actionis
3062 4215 3256 4271 ducem
3280 4256 3296 4282 ,
3343 4228 3401 4272 et
3426 4216 3492 4279 ad
3519 4232 3681 4272 suum

2093 4286 2488 4379 divinissimum
2533 4304 2786 4359 decorem
2833 4304 3242 4360 immutabiliter
3285 4304 3503 4377 quidem
3538 4303 3674 4359 deli-

2093 4382 2702 4467 nieus,quautumque“
2726 4395 2976 4465 possibile
3000 4396 3303 4451 reformans
3317 4396 3531 4461 ",suos
3556 4395 3671 4449 Iau-

2094 4470 2311 4547 datores
2345 4472 2613 4559 agalmata
2655 4488 2832 4543 divina
2863 4487 3092 4557 perlicit,
3130 4489 3347 4558 specula
3377 4489 3673 4578 clarissima

2092 4558 2161 4635 et.
2188 4577 2428 4657 munda,
2479 4579 2751 4659 receptiva
2783 4578 3098 4659 principalis
3149 4578 3371 4637 luminis
3412 4589 3469 4638 et
3507 4564 3673 4639 divini

1702 4711 1961 4774 VARIAE
1996 4717 2288 4777 LECTION
2298 4717 2400 4774 ES.

478 4799 497 4829 '
533 4799 991 4879 A_ir_umutabilem.
1102 4814 1185 4868 Ἀ
1232 4818 1716 4879 superemiuemias.

1140 4953 1163 4985 ⁸
1212 4953 1255 5007 Α
1292 4957 1519 5010 easdem.
1616 4959 1699 5013 ἐι
1733 4976 1841 5017 om.
1890 4966 1958 5020 Α.

836 5018 877 5091 is
908 5019 1001 5091 At]
1038 5024 1342 5091 pantherae.
1420 5028 1463 5058 ¹⁸
1505 5028 1547 5080 Α
1585 5018 1980 5091 specialitatem.

399 5086 441 5115 '9
468 5080 535 5135 Et
556 5099 665 5166 oin.
822 5090 878 5166 λθ
969 5080 1458 5166 imagirtalionum,
1503 5099 1545 5130 ²¹
1678 5099 1928 5166 formant.

393 5155 743 5267 [(irmalionis.
820 5158 865 5223 θ’
893 5158 941 5213 Α
986 5155 1265 5230 angelicas.
1341 5165 1409 5197 ’δ’
1438 5165 1528 5223 Sic
1551 5155 1749 5225 ABE'IL

417 5222 440 5252 ⁸
469 5221 507 5267 Ᾱ
535 5226 808 5267 ,πηνιδρηιρι
924 5228 969 5263 19
1003 5228 1109 5267 Dn-n
1145 5232 1200 5267 in
1241 5231 1344 5267 nm
1369 5247 1412 5267 ΔΙ
1442 5237 1469 5267 Α
1507 5239 1683 5267 ,ιλιιηη

417 5222 440 5252 ⁸
467 5221 511 5275 Α
535 5226 828 5282 sortientes.

395 5302 653 5366 quantum
686 5314 802 5352 vero
826 5308 900 5353 est
925 5300 1203 5370 possibile.

399 4943 564 5018 gines.
640 4945 719 5018 τη
769 4954 1065 5018 acceptoris.

402 5014 446 5047 ³³
484 5014 532 5063 ei
557 5028 666 5067 om.
690 5014 756 5070 Δ.

1281 5303 1328 5335 ³⁸
1357 5306 1401 5358 Α
1429 5307 1676 5376 reformat
1704 5320 1767 5366 et.

1794 4827 1816 4859 ³
1848 4824 1939 4882 Sic
1977 4828 2096 4892 BE;
2131 4829 2228 4884 ΑΗ
2255 4838 2487 4892 nostram
2518 4828 2878 4883 transitoriam
2898 4836 2946 4881 et
2979 4827 3304 4895 corporalem
3328 4830 3575 4883 rationem
3614 4838 3672 4883 et

394 4873 723 4937 materialem
744 4888 791 4930 et
814 4879 1101 4936 alienatum
1130 4873 1546 4954 incorporalibus
1588 4873 1751 4944 animi
1792 4873 2538 4954 εεῆὲῖιηῖ“ρὲτὲἓὶιὶὶἱῖεἶ.”ιει
2587 4914 2696 4954 om.
2740 4897 2787 4951 Α

399 4943 564 5024 gines.
640 4945 719 5024 'II
769 4954 1065 5024 acceptatis.
1140 4953 1163 4985 ⁸
1212 4953 1255 5007 Α
1292 4957 1519 5010 easdem.
1616 4959 1699 5013 'el
1733 4976 1841 5017 om.
1890 4966 1958 5020 Α.
2060 4970 2106 5002 ¹⁰
2140 4970 2184 5023 Α
2213 4970 2429 5024 divinis.
2502 4967 2547 4999 "
2579 4970 2623 5024 A
2664 4969 2787 5022 citet

2140 5005 2184 5023 ιι
2213 5005 2429 5024 um"...

2063 5038 2167 5092 ¹⁶Α
2198 5039 2398 5094 divina.

2007 5113 2052 5144 "
2086 5106 2193 5162 Pro
2244 5124 2407 5179 aeque
2454 5124 2556 5162 non
2576 5107 2623 5162 Α
2644 5108 2841 5179 utique.

1868 5173 1916 5206 "
1954 5176 1980 5206 Α
2018 5178 2147 5206 lla-5:

924 5176 941 5212 ι
986 5176 1265 5230 angelicas.
1341 5176 1409 5197 "‘
1438 5176 1528 5223 Sic
1551 5176 1749 5225 Atilﬂll.
1868 5176 1916 5206 "
1945 5176 1988 5229 Α
2015 5176 2373 5233 aestimamus.
2495 5180 2541 5215 ⁸⁷
2565 5179 2606 5230 Α
2630 5176 2858 5248 quidque
2885 5177 2950 5230 ab
2981 5176 3094 5247 ipsa
3122 5176 3397 5258 Ierarcltia
3426 5187 3664 5274 prostst‘nt.

924 5228 969 5263 ¹⁹
1003 5228 1200 5321 Proin
1237 5231 1344 5321 De?
1366 5247 1412 5321 et
1436 5237 1705 5321 Apdivina.
1746 5320 1749 5321 ν
1784 5242 1827 5278 ³ο
1855 5243 2065 5303 Best."
2095 5248 2142 5304 Α
2163 5249 2441 5305 simulans.
2518 5245 2616 5302 “A
2646 5257 2697 5302 et
2732 5247 2823 5301 ad.
2899 5247 2945 5285 ”
2973 5248 3017 5303 Α
3048 5258 3474 5321 consummantur.
3616 5254 3664 5309 τι

2908 4898 3013 4969 ἈΔ
3060 4898 3312 4969 formare.
3411 4898 3491 4969 Ἀ
3528 4900 3669 4969 ima-

2502 4967 2547 4999 “
2579 4970 2623 5024 A
2664 4967 3070 5037 εἱττιυηυοζιιιε.⁷
3153 4967 3196 4998 ι’
3228 4967 3278 5070 ᾗ
3300 4967 3665 5070 invisibiliter.

2502 5038 2518 5070 1
2564 5038 2591 5070 Δ
2631 5046 2766 5070 σωριι
2800 5038 3006 5070 annnam!!!
3028 5037 3132 5070 ain!
3358 5052 3639 5070 ...υ-Μηνυ-

2477 5038 2518 5090 ¹ἳ
2556 5038 2601 5092 Α
2631 5046 2766 5092 recte
2797 5036 3007 5106 accepta
3028 5037 3154 5105 sint.
3235 5036 3336 5105 "A
3358 5038 3664 5105 imaginum.

2477 5107 2841 5161 ionAutiaue.
2942 5107 3208 5161 "auoaue
3258 5122 3368 5161 om.
3419 5109 3482 5160 Δ.
3551 5106 3667 5161 "A

2495 5124 2556 5162 tm
2576 5124 2623 5162 Α
2644 5124 2841 5177 utique.
2944 5124 2988 5139 ι’
3003 5124 3208 5177 quoque
3258 5124 3368 5161 om.
3419 5124 3482 5171 tt.
3552 5124 3666 5161 ".1

2495 5180 2541 5215 ’⁷
2565 5179 2606 5248 Α
2630 5177 2858 5248 quidque
2885 5177 2950 5248 ab
2981 5177 3094 5247 ipsa
3122 5172 3397 5248 Ierarcltia
3426 5187 3666 5248 prosunt.

1900 5402 2148 5462 NOTAE.

465 5491 733 5561 FMalach.
768 5492 1042 5561 IV;Apoc.
1077 5493 1136 5552 II.

462 5559 673 5619 bExod.
709 5567 768 5619 III
792 5584 808 5629 ;
836 5559 990 5622 Joan.
1015 5571 1066 5631 l,
1100 5567 1203 5623 λιι.

463 5638 486 5667 ε
511 5632 665 5693 Cant.
697 5636 747 5694 I;
775 5638 895 5690 Isni.
931 5639 1167 5707 XXVI”;
1200 5644 1323 5698 0:30.
1358 5643 1417 5706 Υ.
1448 5643 1487 5703 Χ

2157 5516 2182 5556 ά
2202 5517 2396 5574 Psalm.
2428 5518 2566 5579 XXI.

2157 5600 2177 5625 ε
2195 5588 2383 5644 Matth.
2418 5589 2520 5647 VII.
