3952 6162
205 273 339 331 1045

199 387 378 450 radii,
431 394 487 441 et
533 385 699 440 indita
746 386 963 455 quidem
1012 385 1260 440 claritate
1287 386 1304 417 ⁸
1349 400 1503 439 sacre
1556 383 1779 453 repleta,
1812 386 1861 444 Α

196 493 427 547 eamque
453 479 646 533 iterum
670 479 886 548 copiose
909 478 961 531 in
988 492 1077 543 ea,
1104 492 1242 546 quae
1269 484 1585 545 sequuntur,
1611 474 1792 528 decla-

195 566 720 629 rantia,secttiitltttn
766 567 977 621 divinas
1021 564 1183 633 leges.
1234 564 1349 619 Non
1403 564 1545 618 enim
1597 552 1678 616 fas
1706 570 1789 616 est

193 646 509 711 sanctorum
537 655 931 727 perfectoribus
954 664 1045 709 aut
1066 642 1250 709 sancte
1278 654 1552 723 perfectis,
1577 650 1785 720 operari

193 745 372 814 quid!
418 734 640 799 omnino
687 730 903 815 praeter
952 736 1200 814 praprias
1243 742 1591 797 teletarchias
1628 741 1649 772 ³
1697 754 1789 799 aut

191 851 383 891 sacras
424 834 835 911 ordinationes:
889 834 983 888 sed
1034 824 1209 902 neque
1259 822 1555 887 subsistere
1609 831 1784 893 aliter,

191 924 301 980 nisi
328 924 351 957 ⁸
382 927 614 979 divinam
661 922 830 995 ipsam
852 927 874 958 ⁸
904 920 1204 995 Claritateut
1237 912 1492 992 appetant
1537 920 1580 983 ‘,
1632 930 1686 974 et
1721 921 1786 975 ad

190 1021 534 1092 ipsamsacrc
558 1025 612 1072 et
636 1000 889 1070 decenter
912 1014 1258 1084 respiciam",
1290 1024 1345 1068 et
1377 1011 1737 1066 reformentur
1764 1010 1786 1043 ⁸

190 1109 493 1167 secundum
544 1104 969 1185 uniuscujusque
1037 1114 1368 1185 sanctorum
1415 1103 1784 1159 intellectuum

188 1201 517 1272 analogiam.
547 1197 737 1254 Nonne
761 1213 890 1268 ergo
912 1186 1239 1251 lerarcbiam
1271 1197 1362 1267 qui
1393 1196 1547 1258 dicit,
1572 1212 1784 1249 sacram

189 1290 467 1360 quandam
498 1285 875 1342 universaliter
898 1285 1140 1340 declarat
1162 1284 1630 1353 dispositionem’,
1647 1286 1783 1337 ima-

186 1370 371 1453 ginem
396 1370 613 1434 divinae
658 1364 1023 1450 speciositatis
1070 1377 1121 1429 in
1144 1364 1424 1456 ordinibus
1452 1360 1785 1455 scientiis

186 1460 557 1532 lerarcliicis,
602 1466 855 1538 propriae
918 1464 1328 1520 illuminationis
1389 1460 1781 1520 sacrificantem

187 1548 474 1631 mysteria,
506 1568 560 1612 et
587 1542 653 1613 ad
692 1540 969 1628 proprium
999 1556 1346 1626 principium,
1382 1552 1440 1633 ut
1468 1554 1618 1631 licet,
1647 1544 1782 1608 assi-

187 1646 479 1724 milatam?
527 1651 623 1725 Est
659 1650 802 1705 enim
845 1634 1137 1727 unicuique
1185 1644 1512 1721 lerarcbiam
1551 1638 1783 1701 sortien-

189 1747 325 1801 tium
354 1723 636 1817 perfectio,
660 1744 761 1798 bOc
791 1723 906 1806 est,
940 1732 1245 1821 secundum
1277 1724 1548 1811 propriam
1579 1724 1778 1793 'analo-
1815 1723 1856 1781 Β

187 1830 441 1904 giani‘in
494 1833 587 1889 Dei
638 1824 999 1907 imitationem
1054 1830 1391 1909 ascendere,
1438 1837 1493 1882 et
1540 1829 1781 1882 omnium

187 1914 457 1987 divinius,
491 1906 550 1977 ut
577 1906 1003 1995 eloquiaainnt,
1040 1921 1134 1977 Dei
1165 1906 1569 1989 cooperatorem
1598 1917 1781 1982 ﬁerit,

186 2010 554 2069 et'ostendere
583 2002 819 2067 divinam
848 2006 921 2066 in'
942 2012 1122 2082 seipse
1152 2011 1441 2089 actionem,
1487 2008 1781 2062 secundum

186 2103 334 2174 quod
386 2096 644 2175 possibile
695 2108 821 2166 est,
867 2099 1239 2169 relucentem;
1291 2092 1475 2175 utpote
1526 2096 1783 2166 quoniam

184 2186 327 2247 ordo
352 2180 661 2269 lerarcliiae
686 2188 792 2256 est,
823 2186 1097 2269 quosdam
1114 2175 1331 2259 quidem
1361 2174 1602 2258 purgari,
1627 2200 1787 2257 quos—

185 2286 312 2340 dam
356 2301 486 2340 vero
518 2268 778 2356 purgare;
825 2268 901 2337 et.
923 2281 1183 2357 quosdam
1215 2276 1433 2357 quidem
1467 2277 1783 2340 illuminari,

185 2376 454 2447 quosdam
494 2355 688 2430 vrere"o
712 2369 1052 2439 illuminare;
1094 2381 1151 2428 et
1176 2355 1457 2453 quosdam
1490 2368 1707 2448 quidem
1741 2369 1781 2409 ιι

184 2454 405 2535 perlici,
436 2460 699 2535 quosdam
731 2464 860 2539 vero
888 2462 1173 2535 perlicere,
1204 2458 1787 2534 unicuiqne'deiforme

183 2554 508 2609 adunationi
524 2540 1081 2625 qttalicunquemodo.
1100 2551 1285 2605 Divina
1302 2549 1602 2614 beatitudo,
1616 2565 1788 2620 quan-

185 2638 300 2699 tum
335 2645 390 2699 in
425 2646 733 2701 hominibus
760 2631 1070 2709 dicendum,
1101 2629 1233 2713 pura
1267 2642 1483 2721 quidem
1514 2653 1598 2698 est
1626 2641 1787 2698 simul

180 2737 334 2791 omni
361 2738 407 2767 η
434 2733 890 2801 dissimilitudine,
908 2735 1062 2807 plena
1095 2751 1226 2805 vero
1244 2733 1287 2771 ι³
1316 2733 1535 2790 lmninis
1558 2734 1793 2801 aeterni,

180 2828 508 2909 perfecta.e_t
525 2845 628 2883 non
643 2829 890 2915 indigens
903 2812 1066 2915 Simul
1078 2826 1254 2915 omnis
1265 2824 1635 2915 perfectionis,
1660 2843 1791 2898 pur-

181 2934 324 2989 gans
337 2928 395 2975 et
418 2906 726 2974 illuminans
753 2927 808 2975 et
828 2906 1138 2989 perliciens.
1165 2916 1333 2986 Magis
1349 2906 1527 2999 autem
1543 2917 1789 2987 purgatio

179 3016 374 3062 sancta
398 3016 453 3063 et
491 3007 810 3062 illuminatio
824 3015 887 3062 et
910 3004 1171 3076 perfectio
1193 3019 1357 3073 super
1379 3005 1774 3075 purgationem,

178 3113 349 3173 super
371 3098 575 3163 lumen,
599 3107 725 3153 ante
747 3074 1009 3169 perfecta,
1031 3110 1128 3169 per
1144 3087 1380 3171 'seipsam
1406 3093 1667 3172 perfecta,
1682 3109 1775 3165 per
1805 3074 1850 3136 ο

177 3178 421 3260 seipsam
453 3180 798 3260 perfectionis
836 3184 1159 3258 principium
1181 3226 1198 3252 ,
1241 3193 1297 3241 et
1344 3186 1523 3241 omnis
1559 3185 1774 3257 quidem

174 3277 495 3333 lerarchiae
523 3294 707 3344 causa,
750 3278 1035 3347 omnisque
1080 3275 1220 3330 sacri
1250 3274 1546 3331 secundum
1585 3290 1775 3345 super-

175 3368 519 3424 eminentem
545 3368 1008 3424 excelsitudinem.
1046 3365 1273 3436 Oportet
1300 3366 1501 3435 itaque,
1534 3376 1591 3420 ut
1616 3367 1780 3421 aesti-

174 3480 267 3520 mo
293 3504 313 3528 ,
370 3465 682 3534 purgandos
719 3463 933 3534 quidem
973 3477 1143 3531 puros
1186 3462 1370 3532 perlici
1418 3461 1680 3529 omnino,
1721 3471 1779 3517 et

170 3554 325 3609 omni
360 3554 584 3608 liberari
611 3548 1061 3609 dissimilitudinis
1083 3551 1433 3606 confusione:
1462 3551 1777 3607 illuminan-

171 3646 432 3701 dosavero
458 3647 652 3717 repleri
683 3647 847 3702 divini
878 3645 1272 3711 luminis",ad
1299 3646 1773 3718 contemplativam

170 3735 555 3792 habitudinem
584 3744 640 3792 et
667 3737 916 3815 virtutem
939 3738 993 3792 in
1019 3728 1396 3793 ‘icastissimis
1423 3737 1618 3809 mentis
1646 3730 1776 3817 ocu-

168 3826 237 3882 lis
268 3827 656 3883 renovandos:
684 3844 751 3907 ex
784 3829 1107 3901 imperfecto
1130 3828 1572 3911 “re‘stanrandos
1608 3829 1775 3909 parti-

165 3920 324 3989 cipes
354 3919 475 3990 lieri
505 3918 908 3989 exploratorum
939 3935 1218 3976 sacrorum
1246 3918 1572 3989 perlectivae
1598 3919 1774 3975 scien-

169 3996 284 4063 tiae
344 4021 361 4061 :
414 3994 743 4079 purgatorcs
773 4025 936 4074 vero,
980 4008 1349 4081 magnitudine
1373 3992 1772 4080 "purgationis

86 4100 89 4103 ’
162 4097 293 4153 aliis
315 4097 538 4176 tradere
570 4101 785 4171 propria
815 4086 1063 4157 castitate
1093 4118 1107 4154 :
1138 4084 1530 4171 illuminatores
1565 4110 1769 4165 autem,

163 4196 226 4240 nt
254 4187 652 4261 luculentiores
680 4175 909 4267 animos,
927 4176 993 4244 et
1011 4191 1079 4263 ad
1104 4189 1569 4260 participationem
1608 4188 1769 4257 lumi-

164 4278 253 4333 nis
279 4287 341 4333 et
370 4264 825 4355 distributionem
850 4264 1067 4350 proprie
1104 4279 1383 4345 habentes,
1430 4286 1485 4333 et
1508 4274 1771 4334 ditiSsime

161 4377 400 4424 sanctae
420 4370 613 4447 repleti
638 4370 988 4436 claritatis“,
1003 4370 1224 4424 omnino
1245 4385 1398 4425 suum
1424 4369 1766 4439 superexcel-

160 4464 286 4513 lens
310 4458 499 4513 lumen
526 4459 578 4514 in
608 4474 723 4526 eos,
754 4460 846 4531 qui
864 4460 1010 4531 digni
1037 4468 1162 4515 sunt
1182 4459 1405 4525 lumine,
1437 4461 1765 4530 supervehe-

159 4562 226 4602 re
264 4562 282 4602 :
325 4547 669 4618 perfectores
696 4565 847 4627 vero,
874 4557 1127 4621 tanquam
1155 4536 1538 4621 praeceptores
1581 4550 1762 4622 perfe-

156 4639 347 4695 ctivae
380 4641 712 4706 traditionis,
731 4644 991 4713 perlicere
1018 4641 1373 4712 perliciendos
1394 4643 1761 4699 sacratissima

872 276 1118 333 VERSIO
1158 274 1440 332 OPERUM
1483 276 1543 331 S.
1585 274 1902 331 DlONYSll.
1930 307 1999 316 —
2023 275 2397 333 CAELESTKS
2436 271 2836 332 lERAl‘iCHlA.

3346 274 3483 329 1046

1889 382 2133 437 doctrina
2167 398 2264 452 per
2288 384 2655 453 inspectorum
2713 392 2986 445 sacrorum
3018 378 3321 434 scientiam.
3367 380 3484 438 Non

1893 472 1937 504 "
1951 489 2081 544 ergo
2102 474 2476 544 unusquisque
2498 474 2831 529 lerarchicae
2864 468 3229 542 dispositionis
3249 467 3381 523 ordo
3401 484 3487 524 sc-

1890 565 2124 620 cnndum
2164 564 2441 635 propriam
2485 565 2784 635 analogiam
2817 564 3097 619 reducitur
3125 557 3193 612 ad
3228 558 3466 614 divinam

1890 658 2351 725 eooperationem,
2383 646 2468 708 illa
2496 657 2779 724 perliciens
2802 655 2971 724 gratia
3001 664 3055 709 ct
3087 651 3198 707 Deo
3223 649 3344 704 data
3380 650 3489 703 vir-

1891 757 2190 817 tute,qnae
2232 748 2590 802 tbearchiae"
2614 748 2932 817 naturaliter
2964 756 3020 800 et
3060 741 3487 815 superi.aturali-

1889 847 1972 893 ter
2001 826 2148 893 unita
2178 839 2373 901 sunt“,
2407 848 2459 892 et
2489 840 2557 892 ab
2587 854 2647 892 ea
2679 837 3205 907 superessentialiter
3232 848 3350 891 acta
3375 878 3389 899 ,
3423 852 3478 898 et

1888 914 1955 984 ad
2026 929 2338 999 possibilem
2392 929 2561 983 Deum
2609 929 2943 1007 diligentium
2967 929 3270 983 animorum
3303 928 3480 982 imita-

1888 1021 2091 1075 tionem
2117 1020 2415 1075 ierarchice
2447 1004 2812 1087 manifestata.
3400 1012 3405 1017 ’

1916 1092 1983 1107 "
2422 1108 2821 1165 CAPITULUM
2859 1108 2947 1163 tv.

2054 1200 2224 1273 ‘Quid
2254 1198 2509 1273 signiﬁcet
2545 1200 2847 1268 angelorum
2887 1200 3288 1267 eognominatio.

1950 1274 2118 1362 Igitur
2140 1289 2412 1343 lerarcbia
2439 1288 2741 1357 hac"quid
2769 1289 2921 1351 sit”,
2948 1288 3480 1349 utaestimo,benc“

1884 1398 1913 1441 a
1942 1360 2361 1444 nobisdelinita,
2391 1379 2686 1453 angelicam
2722 1379 3043 1434 lerarcbiam
3068 1380 3113 1410 "
3142 1394 3481 1449 consequen-

1884 1481 1965 1525 ter
1984 1471 2031 1502 “
2061 1470 2386 1526 laudandum
2409 1468 2477 1532 ’⁷,
2525 1479 2578 1543 et
2619 1470 2897 1524 mirabiles
2927 1471 2970 1505 ’⁸
2993 1471 3108 1540 ejus
3165 1471 3215 1522 in
3248 1471 3480 1547 eloquiis

1881 1552 2175 1630 formarunt
2211 1558 2449 1614 facturas
2487 1559 2531 1619 ’ν
2572 1550 3025 1627 supermnndanis‘
3062 1559 3234 1614 oculis
3267 1562 3482 1618 intuen-

1882 1650 2006 1721 dum
2024 1648 2091 1714 ⁵ο,
2136 1654 2209 1702 ut
2234 1650 2588 1703 ascendantus
2621 1649 2675 1701 in
2713 1648 3248 1702 deiformosissimam
3290 1666 3476 1705 eorum

1884 1739 2281 1808 simplicitatem
2307 1754 2402 1809 per
2430 1738 2684 1810 tuystieas
2711 1738 3117 1793 reformationcs
3139 1740 3205 1805 ³⁸,
3238 1749 3292 1793 et
3320 1743 3479 1798 simul

1886 1831 2064 1885 omnis
2091 1830 2426 1885 ierarchicae
2451 1830 2712 1884 scientiae
2728 1829 3395 1900 principiumlaudabimus
3426 1832 3479 1886 in

1886 1914 2144 1974 divinitus
2172 1918 2414 1991 praefata
2468 1920 2513 1950 ³⁸
2544 1919 2895 1990 religiositate
2932 1928 2986 1973 et
3040 1918 3402 1976 teletarchicis
3434 1921 3479 1953 ³³

1886 2002 2182 2080 gratiarum
2215 2010 2541 2065 actionibus.
2597 2010 2839 2064 Primum
2885 2009 3046 2064 simul
3075 2011 3315 2066 omnium
3347 2012 3478 2070 illud

1886 2090 2068 2157 dicere
2093 2119 2304 2167 verum,
2329 2113 2387 2157 ιιι
2412 2106 2656 2160 bonitate
2684 2104 2976 2159 universali
3007 2108 3480 2177 superessentialis

1886 2193 2167 2248 thearchia
2183 2192 2248 2260 ³⁷⁵,
2271 2209 2459 2249 eorum
2489 2210 2629 2269 quae
2654 2202 2801 2260 sunt,
2830 2196 3096 2250 essentias
3121 2196 3479 2264 substituens,

1885 2284 1953 2339 ad
1998 2299 2118 2340 esse
2162 2285 2404 2339 adduxit.
2455 2272 2548 2340 Est
2573 2285 2718 2339 enim
2750 2285 2854 2339 hoc
2897 2286 3139 2341 omnium
3172 2301 3395 2352 causae,
3422 2295 3480 2343 et

1886 2391 2049 2449 super
2071 2377 2255 2431 omnia
2297 2376 2558 2432 bonitatis
2586 2376 2860 2448 proprium
2885 2416 2901 2441 ,
2948 2376 3014 2431 ad
3040 2379 3478 2435 communionem

1886 2483 2039 2524 suam
2079 2482 2165 2537 ea,
2199 2483 2339 2537 quae
2382 2478 2539 2533 sunt,
2583 2482 2808 2531 vocare,
2854 2476 2911 2522 ut
2941 2468 3231 2538 unicuique
3267 2485 3479 2536 eorum,

1887 2544 2028 2626 quae
2079 2564 2244 2622 sunt,
2295 2569 2360 2610 ex
2399 2557 2616 2632 propria
2667 2555 2924 2611 delinitur
2972 2556 3239 2629 analogia.
3287 2557 3480 2627 Omnia

1888 2648 2097 2719 igitur,
2151 2662 2291 2717 quae
2339 2657 2506 2714 sunt,
2555 2647 2882 2718 participant
2929 2648 3361 2719 providentiam,
3412 2665 3479 2705 cx

1887 2738 2327 2810 superessentiali
2357 2749 2413 2793 et
2435 2738 2806 2794 eausalissitna
2835 2740 3119 2794 divinitate
3144 2753 3475 2799 manantem.

1887 2830 2002 2886 Non
2031 2831 2175 2885 enim
2204 2828 2454 2886 fortassis
2495 2837 2709 2893 essent,
2753 2830 2856 2885 nisi
2890 2846 3113 2893 eorum,
3147 2846 3287 2900 quae
3330 2842 3476 2897 sunt,

1888 2921 2182 2978 essentiam
2250 2936 2318 2977 ex
2384 2907 2650 2995 principio
2707 2906 3137 2977 assumereui".
3178 2922 3477 2978 Existentia

1891 3011 2054 3085 igitur
2098 3010 2280 3066 omnia
2325 3025 2446 3066 esse
2524 3010 2641 3080 ejus
2714 2996 3076 3091 participant;
3149 3026 3270 3066 esse
3330 3013 3474 3066 enim

1879 3089 2127 3161 omnium
2151 3112 2235 3159 est
2274 3099 2436 3173 super
2454 3087 2584 3157 esse.
2608 3087 2862 3161 divinitas
2884 3094 2929 3134 “
2959 3119 2973 3157 ;
3031 3103 3263 3157 viventia
3294 3113 3475 3160 autem

1878 3178 2066 3250 eadem
2097 3210 2256 3275 super
2283 3182 2689 3267 omnem'vitam
2721 3192 2929 3247 vivitica
2966 3194 3168 3249 virtute
3184 3194 3227 3226 "
3262 3211 3276 3249 :
3312 3196 3475 3250 ratio-

1877 3286 2021 3341 nalia
2044 3285 2089 3317 ³³
2118 3270 2193 3353 et
2226 3270 2607 3363 intellectualia
2674 3270 2862 3363 eadem
2891 3283 2933 3317 ³⁸
2978 3300 3140 3354 super
3180 3300 3396 3340 omnem
3421 3296 3477 3342 et

1882 3377 2146 3431 rationem
2191 3382 2247 3430 et
2290 3360 2620 3447 intellectum
2658 3390 2755 3445 per
2785 3360 2842 3429 se
2869 3373 3107 3444 perfecta
3143 3383 3198 3430 et
3222 3384 3477 3447 anteper-

1876 3452 2019 3541 fecta
2062 3452 2327 3535 sapientia
2360 3463 2427 3518 ⁸⁸.
2467 3446 2817 3543 Clarumque,
2846 3465 2972 3533 quia
3014 3464 3157 3519 circa
3180 3480 3298 3519 eam
3351 3446 3481 3523 illae

1875 3550 2237 3614 esse'ntiarum
2274 3563 2441 3633 sunt,
2492 3548 2849 3634 quaecunque
2892 3556 3361 3634 inntnnerabiliter
3402 3560 3475 3612 ab

1876 3662 1941 3721 ea
1967 3630 2579 3719 acceperuntaSanctae
2610 3630 2740 3719 ergo
2765 3631 3078 3702 caelestium
3111 3648 3468 3703 essentiarum

1875 3737 2258 3808 dispositiones
2288 3753 2448 3809 super
2468 3754 2555 3805 ea,
2585 3755 2723 3808 quae
2752 3724 2957 3793 tantum
2997 3746 3142 3803 sunt,
3173 3747 3226 3803 et
3252 3739 3471 3793 irratio-

1873 3829 2126 3883 nabiliter
2166 3828 2401 3883 viventia
2432 3868 2446 3892 ,
2478 3820 2790 3884 secundum
2840 3846 2938 3885 nos
2981 3829 3263 3884 rationalia
3302 3830 3471 3885 ierar-

1873 3901 2061 3974 cliicae
2090 3917 2393 3972 traditionis
2416 3917 2814 3991 participatio"
2841 3916 3017 3972 factae
3047 3926 3192 3972 sunt.
3224 3918 3470 3974 Invisibi-

1871 3996 1996 4064 liter
2036 4008 2181 4063 enim
2225 4008 2279 4062 in
2337 4008 2572 4083 divinam
2623 4008 2983 4083 imitationem
3032 4009 3240 4077 seipsas
3293 4008 3466 4062 refor-

1876 4106 2130 4167 ntantes,
2174 4092 2229 4154 et
2258 4088 2343 4151 'ad
2401 4078 2765 4169 thearcltieam
2817 4094 3225 4163 similitudinem
3276 4111 3467 4167 super-

1873 4191 2147 4263 mundane
2219 4176 2588 4261 aspicientes,
2645 4196 2697 4242 et
2773 4188 3007 4243 formare
3050 4186 3094 4219 “
3152 4197 3466 4258 appetentes

1871 4268 2297 4338 intellectualem
2344 4264 2495 4337 suam
2541 4264 2822 4357 speciem',
2866 4282 3197 4351 copiosiores
3243 4281 3466 4351 pulchre

1872 4357 2077 4443 habent
2118 4373 2189 4447 ad
2221 4386 2342 4427 eam
2372 4370 2777 4450 conimuniones
2800 4411 2816 4437 ,
2856 4369 3207 4450 adtepdcntes
3247 4369 3471 4450 quidem

1868 4472 1992 4519 sunt
2022 4442 2257 4535 [omnem
2286 4463 2471 4517 vitam.
2502 4452 2664 4532 'lpsae
2685 4446 2815 4535 ergo
2857 4442 3188 4539 sunt-primo
3219 4442 3470 4531 etimit».

1865 4554 2195 4611 tuerabiliter
2210 4553 2299 4627 “],
2328 4564 2383 4609 et
2418 4543 2630 4625 semper
2653 4556 2718 4610 ad
2739 4571 3034 4617 summum,
3065 4561 3322 4622 quantum
3359 4549 3474 4623 fas,

1865 4648 1918 4701 in
1943 4640 2357 4703 conﬁrmatione
2373 4646 2420 4679 “
2443 4648 2608 4703 divini
2651 4657 2708 4704 et
2743 4642 3052 4710 inﬂexibilis
3074 4646 3275 4707 amoris
3294 4640 3463 4701 intcnv

1473 4730 1728 4791 VARIAE
1763 4735 2166 4799 LECTIONES.

245 4822 367 4902 ‘_A
420 4822 622 4902 inditae
675 4837 759 4902 q._
797 4822 1107 4902 plurimus._
1182 4822 1203 4860 ³
1231 4822 1279 4878 Α
1307 4824 1538 4902 quidem.
1587 4893 1606 4902 _
1650 4824 1739 4883 ³Λ
1785 4830 2000 4899 propria
2037 4830 2329 4902 nostiarum
2386 4833 2657 4902 mysteria.
2794 4832 2817 4864 ⁸
2853 4830 2901 4885 Α
2949 4847 3015 4885 st.
3091 4831 3243 4902 A‘MA
3274 4847 3459 4901 ipsius,

152 4891 185 4971 ‘-
206 4892 310 4947 ΛΕ
356 4896 631 4971 appetunt.
700 4891 704 4892 “
737 4894 759 4926 ν
780 4892 874 4971 Alt;
919 4892 1219 4971 respiciunt.
1320 4891 1373 4971 ’ξ
1402 4894 1494 4971 ᾼΕ
1520 4891 1895 4971 reformantur;
1972 4902 2022 4971 γ’
2048 4900 2092 4955 Β
2117 4917 2270 4971 sacra
2295 4891 2590 4971 quadam...
2625 4901 2982 4971 dispositione.
3035 4970 3041 4971 γ
3085 4900 3128 4932 ’θ
3151 4899 3198 4971 Η
3214 4910 3262 4971 et
3289 4891 3461 4971 'quos;

148 4968 312 5017 ἀσπιο
392 4961 438 4998 ¹¹
464 4963 672 5030 quidem
702 4977 811 5016 οιίι-
838 4961 904 5017 Α.
984 4963 1028 4995 ¹⁸
1059 4962 1103 5015 Α
1138 4963 1203 5016 ab
1226 4963 1368 5017 omni
1391 4961 1585 5016 simul.»
1649 4965 1696 4998 “
1725 4966 1765 5018 Α
1799 4967 1843 5022 Η
1875 4970 2000 5023 reri.
2102 4970 2201 5024 “‘A
2232 4961 2407 5025 diuino
2434 4971 2647 5024 lumine.
2708 4961 2769 5002 ’³⁸
2797 4973 2850 5025 in
2878 4987 2988 5025 om.
3018 4970 3082 5024 A.
3160 4969 3205 5009 ³⁸
3229 4970 3271 5022 Α
3308 4961 3474 5026 redux

148 5032 359 5101 cendo:
383 5044 403 5081 :
447 5042 496 5084 et
516 5031 878 5101 imperfectos.“
956 5032 997 5067 υ
1031 5030 1119 5085 BH
1149 5032 1579 5100 magnitudinem.

146 5101 191 5130 ²¹
227 5099 276 5153 Α
305 5108 369 5169 et
394 5099 887 5169 supernaturaliter
912 5102 1115 5155 insunt.
1193 5099 1363 5153 "hac
1390 5115 1499 5155 om.
1533 5102 1598 5156 Α.

144 5169 195 5241 ff
221 5170 272 5241 Α
305 5168 525 5241 deinde.
624 5169 1059 5241 'fVAAlaudanda.
1100 5240 1103 5241 ν
1172 5170 1224 5241 7⁸⁸
1261 5170 1302 5223 A
1334 5171 1719 5241 mirabilesque.

145 5237 287 5309 "EA
335 5239 543 5309 dicina.
643 5239 703 5309 “7
737 5238 783 5299 Α
816 5236 1228 5309 perfectissimis.
1328 5239 1375 5273 ⁸⁵
1418 5240 1461 5309 Α
1494 5236 1765 5296 dit-initas.

139 5307 240 5361 AB
290 5308 616 5363 divinitatis.

129 5380 359 5444 jectam
381 5387 436 5449 et
465 5379 869 5449 anteperfsctam
892 5380 1221 5448 sapientiam.
1312 5379 1359 5411 *ί
1399 5379 1439 5432 Α

140 5456 260 5501 tam
284 5448 1291 5518 —innumerabiliter{supervacanea
1338 5454 1485 5515 sunt,
1528 5448 1588 5506 et
1628 5465 1659 5507 e

139 5518 423 5583 omnibus
444 5519 744 5576 codicibus.
838 5517 882 5550 “
905 5518 947 5571 Β
965 5517 1446 5588 conﬁrmationem.

1658 5034 1699 5069 ⁵⁸
1733 5036 1772 5091 Λ
1808 5040 2064 5096 caritatis.

1703 5104 1747 5135 ³³
1770 5106 1811 5158 Α
1834 5119 1929 5161 est.

1818 5175 1875 5246 "7
1897 5178 1940 5230 A
1970 5174 2225 5246 facturae;

691 5308 736 5342 ³⁷
767 5310 811 5363 Α
842 5310 1061 5364 eandem
1107 5326 1153 5365 s.
1194 5326 1246 5363 c.
1277 5324 1328 5363 ν.
1359 5308 1607 5371 uniﬁcam
1636 5313 1895 5371 rirlittem.

1526 5382 1942 5452 partiripatione.

1687 5453 1909 5522 periodo
1939 5457 2184 5528 sequenti
2232 5453 2484 5515 videntur
2531 5457 2637 5514 huc
2664 5458 2808 5515 illata
2841 5472 2980 5519 esse.
3019 5458 3217 5524 Extant
3249 5471 3378 5513 vero
3404 5454 3469 5523 in.

2164 5038 2211 5074 ³³
2268 5040 2358 5096 Sic
2388 5041 2580 5103 codd.;
2621 5039 2666 5093 Α
2698 5039 2910 5095 Nonne.
3027 5042 3072 5071 ¹⁰
3103 5039 3146 5103 Α
3174 5040 3469 5107 divinitatis

2021 5110 2069 5143 "‘
2091 5110 2137 5165 Α
2166 5111 2290 5177 bene
2323 5121 2376 5164 ut
2426 5110 2665 5162 aestimo.
2760 5110 2806 5141 ³³
2828 5112 2875 5167 Α
2903 5109 3137 5176 angelica
3170 5109 3471 5177 [εγω-(Μαι

2354 5179 2399 5210 ³ο
2427 5180 2469 5231 Α
2500 5179 2801 5233 intuendae.
2940 5182 2982 5216 ³¹
3021 5180 3063 5232 Α
3100 5179 3468 5248 (mutationes,

1862 5245 1994 5301 "‘A
2044 5248 2295 5303 essentiae
2330 5258 2378 5302 et
2426 5247 2670 5318 principii
2716 5245 3108 5319 assumptione.
3186 5247 3356 5304 "Sic
3384 5247 3464 5313 Eg

1862 5331 1895 5371 ι.
1995 5318 2043 5362 ³⁸
2069 5318 2109 5370 A
2142 5318 2428 5373 rationalia
2455 5324 2648 5371 autem;
2726 5319 2841 5374 "‘A
2871 5320 3111 5373 eandem.
3187 5309 3241 5349 ⁸ο-
3266 5315 3307 5369 Α
3337 5331 3461 5374 ρετ-ι

2038 5331 2043 5346 ⁵
2069 5331 2109 5370 Α
2142 5331 2428 5373 rationalia
2455 5331 2648 5371 autem;
2726 5331 2772 5350 "
2799 5331 2841 5374 Λ
2871 5331 3111 5373 eandem.
3187 5331 3241 5349 ν·
3266 5331 3307 5369 Α
3336 5331 3461 5384 ρον-ε

2038 5386 2084 5419 ⁸³
2110 5385 2150 5439 H
2183 5388 2487 5457 reformare.
2580 5387 2627 5425 ⁵³
2663 5391 2702 5440 Α
2734 5389 3105 5453 multipliciter.
3151 5401 3353 5441 omnem
3381 5385 3466 5457 vis

1692 5591 1872 5653 NOTA
1883 5598 1943 5661 Ε,
1980 5645 1987 5652 .

219 5670 246 5703 ⁸
293 5657 321 5720 ι
348 5657 478 5717 Cor.
512 5659 611 5725 ιιις
697 5658 896 5715 Noun.
924 5658 1221 5735 llliMatth.
1251 5661 1315 5715 Υ.
