3952 6162
532 312 667 367 ΜΗ

1875 317 2155 373 JOANNIS
2194 318 2387 374 SCOTI

3642 330 3766 387 l0l8

529 439 638 492 tae,
682 437 737 482 et
779 428 1101 499 principales
1145 428 1561 482 illuminationes
1593 413 2022 484 immaterialiter
2054 440 2106 484 et
2140 436 2181 492 Α
2212 432 2445 488 docuere
2470 473 2484 498 ,
2534 432 2724 489 deinde
2772 450 2868 504 per
2914 435 3059 506 ipsos
3101 437 3151 491 in
3184 452 3282 493 nos
3311 439 3567 495 scientiae
3612 444 3767 511 gratia

529 532 664 586 pure
695 518 1033 586 recipientes,
1067 526 1121 571 et
1146 518 1214 571 ad
1255 518 1397 586 ipsas
1430 517 1708 571 ordinatae
1731 558 1746 583 ,
1793 527 1845 572 et
1896 518 2102 572 intelle-

529 606 759 661 ctualem
806 607 1064 661 habentes
1107 623 1323 661 omnem
1366 610 1553 662 vitam.
1603 607 1755 677 Ipsae
1803 624 1930 677 ergo
1980 604 2119 660 sunt

528 696 703 764 primo
753 703 807 748 et
859 695 1376 752 innumerabiliter‘
1437 698 1489 751 in
1546 697 1956 768 participatione
2008 696 2103 749 Dei

530 786 720 848 l‘actae,
751 793 805 838 et
830 785 1005 853 primo
1038 795 1091 839 et
1136 787 1504 857 multipliciter
1533 787 1988 843 manifestatrices
2015 786 2098 840 di-

525 874 681 929 vinae
709 875 1101 929 occultationis.
1131 875 1423 945 Propterea
1448 886 1502 930 et
1527 877 1666 930 ultra
1698 877 1877 944 omnia
1902 891 2101 945 cogno-

525 964 819 1018 ntiuatione
847 965 1084 1035 angelica
1133 965 1373 1019 selectim
1406 967 1597 1036 dignae
1646 966 1822 1019 factae
1859 974 2004 1028 sunt,
2036 979 2101 1018 eo

523 1055 663 1125 quod
695 1057 867 1125 primo
897 1058 948 1111 iu
981 1059 1182 1127 scipsas
1206 1061 1227 1089 ³
1273 1058 1437 1112 edunt
1470 1058 1706 1111 divinam
1758 1056 2101 1110 illuminatio—

522 1165 670 1213 nem,
692 1156 745 1203 et
766 1164 862 1218 per
884 1164 941 1203 se
970 1150 1022 1202 in
1047 1166 1143 1204 nos
1175 1151 1438 1214 deferunt,
1468 1165 1607 1218 quae
1636 1163 1795 1218 supra
1829 1162 1924 1202 nos
1954 1156 2097 1209 sunt,

522 1240 1001 1294 ntauifestationes.
1042 1241 1341 1311 Siquidem,
1377 1249 1435 1293 ut
1470 1240 1733 1305 theologia
1760 1240 1853 1303 ait,
1881 1255 1979 1308 per
2005 1254 2100 1292 an-

521 1330 665 1399 gelus
696 1330 850 1384 nobis
876 1332 1105 1385 donatae
1133 1340 1291 1393 sunt,
1337 1340 1392 1385 et
1419 1331 1679 1401 gloriosos
1720 1344 1932 1399 quoque
1975 1338 2100 1383 ante

519 1419 690 1490 legem
720 1431 933 1474 nostros
963 1433 1142 1495 patres
1171 1422 1341 1492 angeli
1378 1424 1442 1477 ad
1478 1421 1717 1475 divinum
1750 1419 2097 1484 reducebant,

521 1511 662 1580 quod
695 1513 958 1581 agendum
995 1512 1421 1577 introducentes,
1451 1521 1505 1566 et
1531 1514 1597 1566 ad
1627 1520 1826 1564 rectam
1855 1510 2100 1563 veritatis

518 1603 658 1655 viam
689 1618 751 1655 ex
784 1618 968 1658 errore
1015 1613 1068 1658 et
1116 1606 1224 1658 vita
1274 1604 1548 1658 immunda
1606 1604 1962 1666 reducentes,
2005 1609 2098 1655 aut

519 1692 735 1746 ordines
769 1708 954 1748 sacros
1008 1696 1385 1764 mysteriorum
1431 1693 1925 1763 snpermundalium
1952 1732 1967 1756 ,
2004 1701 2098 1745 aut

2207 523 2535 577 descenditd.
2564 523 2654 578 Sic
2673 540 2803 596 ergo
2830 527 3198 582 divinissimus
3220 528 3434 584 Gabriel
3465 530 3766 587 Zachariam

2204 613 2419 681 quidem
2469 629 2734 669 summum
2782 618 3116 672 sacerdotem
3183 620 3440 690 mysteria
3488 622 3763 685 edocui”,

2206 702 2308 755 hoc
2354 712 2472 767 est,
2533 706 2848 773 prophetam
2889 707 2931 739 ³³
2981 706 3096 761 fore
3143 722 3210 761 ex
3256 709 3374 778 ipso
3408 720 3597 765 contra
3631 725 3763 781 spem

2204 792 2374 859 gratia
2407 792 2585 847 divina
2615 796 2945 849 nasciturum
2971 812 3201 864 puerum
3226 798 3484 852 divinitus
3517 799 3767 856 etsaluta-

2204 881 2337 934 riter
2364 884 2561 936 mundo
2589 883 3015 940 manifestandae
3043 888 3211 941 virilis
3236 889 3362 942 Jesu
3409 889 3626 944 divinae
3657 905 3764 959 ope-

2202 971 2447 1025 rationis.
2480 971 2868 1043 Mariamque“
2897 978 3165 1045 quomodo
3192 977 3243 1030 in
3265 978 3307 1007 “
3334 977 3450 1047 ipsa
3480 978 3619 1033 foret
3644 979 3762 1032 divi-

2202 1078 2329 1115 num
2364 1061 2646 1117 inell'abilis
2673 1065 2887 1119 divinae
2913 1065 3249 1123 formationis
3275 1068 3595 1138 mysterium
3618 1068 3657 1120 τ.
3684 1070 3762 1122 Ast

2202 1150 2342 1205 alius
2378 1152 2689 1222 angelorum
2728 1153 2925 1223 Ioseph
2973 1157 3293 1220 erudiebat,
3343 1158 3617 1226 quomodo
3657 1174 3761 1211 vero

2202 1244 2555 1313 implerentur
2584 1245 2839 1299 divinitus
2867 1249 3131 1314 promissa
3168 1248 3495 1318 progenitori
3546 1248 3710 1303 David
3726 1251 3757 1300 ³.

2200 1333 2352 1387 Alius
2380 1349 2508 1388 vero
2544 1344 2822 1403 pastores,
2853 1345 3106 1407 tanquam
3148 1339 3433 1394 multorum
3464 1339 3701 1394 reditu“
3722 1345 3761 1393 et

2200 1421 2416 1476 silentio
2441 1410 2735 1479 conversos
2757 1424 2800 1455 ¹⁶
2824 1424 3207 1495 evangelizavit
3227 1467 3242 1490 ,
3281 1436 3335 1480 et
3359 1443 3480 1482 cum
3512 1442 3578 1485 eo
3607 1426 3761 1479 multi-

2202 1512 2331 1564 tudo
2369 1512 2640 1567 exereitus
2667 1512 2914 1567 caelestis
2950 1515 3097 1568 illam
3122 1516 3277 1570 valde
3318 1516 3643 1571 laudabilem
3670 1528 3756 1570 me

2201 1602 2399 1655 debant
2438 1602 2525 1657 his
2549 1643 2563 1667 ,
2611 1602 2703 1671 qui
2737 1603 2788 1655 in
2824 1612 2965 1656 terra
2997 1614 3155 1669 sunt,
3194 1606 3551 1675 doxologiam.
3596 1606 3757 1674 Respi-

2199 1692 2448 1760 ciamque
2483 1693 2549 1745 ad
2579 1692 2975 1746 excelsissimas
3005 1693 3340 1764 eloquiorum
3373 1697 3591 1749 luminis
3619 1710 3758 1765 appa-

517 1783 756 1837 occultas
798 1785 1048 1849 visiones,
1091 1795 1184 1839 aut
1233 1786 1438 1839 divinas
1466 1784 1725 1854 quasdam
1759 1781 2099 1851 antepraedi-
2131 1774 2173 1831 B
2204 1780 2443 1833 ritiones.
2476 1780 2643 1835 Video
2665 1781 2832 1845 enim,
2857 1781 3107 1850 quoniam
3139 1792 3195 1836 et
3222 1784 3337 1852 ipse
3381 1782 3562 1848 Iesus,
3591 1798 3753 1854 super-

517 1872 756 1928 caiioues
809 1876 1121 1944 prophetice
1179 1876 1571 1930 revelantesn.
1645 1874 1702 1928 Si
1751 1882 1928 1927 autem
1978 1872 2099 1940 qnis

516 1964 731 2027 dixerit,
774 1973 827 2018 et
856 1966 978 2019 inde
1003 1967 1312 2020 immediate
1342 1966 1507 2019 fuisse
1535 1964 1857 2043 quibusdam
1886 1972 2100 2017 saneto-

515 2070 633 2106 rum
669 2054 1056 2124 theophanias,
1089 2055 1260 2109 discat
1301 2066 1357 2109 et
1393 2055 1495 2108 hoc
1524 2054 1796 2122 sapienter
1821 2068 1883 2106 ex
1918 2067 2100 2106 sacra-

515 2141 744 2201 tissimis
772 2145 998 2214 eloquiis
1025 2187 1038 2209 ,
1085 2145 1354 2216 quomodo
1403 2145 1503 2199 hoc
1542 2145 1669 2213 quid
1697 2154 1751 2197 et
1780 2144 1938 2212 quale
1968 2144 1989 2175 ⁸
2018 2152 2101 2197 est

515 2239 609 2292 Dei
642 2237 930 2301 occultum,
962 2253 1118 2291 nemo
1148 2237 1277 2290 vidit
1304 2252 1477 2305 neque
1504 2236 1767 2290 vidchilb.
1811 2235 2095 2303 Theopha-

517 2330 639 2383 niae
670 2338 848 2381 autem
872 2328 1074 2381 sanctis
1103 2325 1277 2380 factae
1301 2336 1424 2382 sunt
1455 2327 1746 2381 secundum
1776 2328 2096 2397 praedictio-

514 2438 609 2476 nes
636 2438 663 2473 a
696 2418 852 2474 Deo“
877 2435 973 2489 per
998 2419 1255 2487 quasdam
1302 2434 1486 2473 sacras
1522 2418 1833 2472 videntibus
1870 2433 2096 2486 propor-

516 2513 791 2567 tiounlium
831 2511 1093 2564 visionum
1145 2510 1629 2567 manifestatiunes.
1673 2508 1786 2577 Ipsa
1820 2508 1982 2579 igitur
2010 2524 2098 2562 sa-

511 2604 848 2673 pientissima
899 2600 1159 2672 theologia
1190 2600 1448 2654 visionem
1504 2597 1667 2662 illam,
1701 2610 1838 2667 quae
1878 2597 1930 2650 in
1981 2596 2094 2664 ipsa

512 2704 595 2748 est
632 2694 940 2761 descripta,
989 2692 1247 2746 revelavit
1303 2691 1539 2744 divinam
1567 2731 1581 2756 ,
1637 2689 1789 2758 quasi
1832 2687 2087 2741 informa

513 2782 820 2837 iul‘ormium
854 2781 1286 2845 similitudinum,
1333 2795 1396 2835 ex
1441 2780 1736 2833 videntium
1768 2778 1821 2831 in
1855 2776 2093 2831 divinum

513 2875 848 2936 redurtinne,
882 2873 1105 2942 pulchre
1144 2873 1325 2927 vocari
1369 2869 1770 2940 theOphaniam,
1812 2867 1962 2937 quasi
2000 2881 2097 2935 per

513 2966 684 3035 ipsam
720 2981 786 3019 ex
821 2965 841 2996 ⁸
870 2963 1178 3018 videntibus
1208 2963 1387 3017 divina
1421 2963 1559 3030 facta
1590 2959 2000 3017 illuminatioue.
2039 2964 2094 3010 et

513 3057 639 3125 quid
673 3057 975 3110 divinorum
1011 3055 1141 3125 ipsis
1170 3054 1304 3109 mire
1335 3040 1747 3123 perdocentihus
1775 3050 1817 3101 ⁸.
1862 3046 1969 3101 Has
1998 3063 2096 3100 au-

2201 1869 2512 1925 caelestium
2542 1870 2897 1924 essentiarum
2931 1865 3395 1939 superessentialis
3424 1879 3680 1936 essentia,
3704 1871 3755 1926 ad

2202 1962 2253 2016 id
2274 2003 2287 2026 ,
2326 1962 2466 2030 quod
2494 1963 2789 2018 secundum
2836 1978 2936 2018 nos
2964 1972 3066 2025 est,
3099 1963 3507 2017 immutabiliter
3537 1964 3751 2026 veniens.

2201 2068 2305 2106 non
2349 2052 2522 2106 resilit
2563 2052 2603 2084 ¹⁷
2628 2052 2729 2105 sub
2777 2067 2835 2106 se
2882 2060 2936 2106 et
2983 2053 3204 2107 militari
3252 2063 3305 2107 et
3341 2054 3515 2107 electa
3547 2053 3750 2106 humana

2200 2141 2337 2195 bona
2363 2141 2406 2172 ια
2435 2141 2796 2205 ordinatione,
2843 2140 2934 2195 sed
2966 2141 3222 2195 obediens
3249 2141 3501 2195 subditur
3525 2141 3693 2221 Patris
3710 2149 3748 2193 et

2203 2233 2292 2287 Dei
2320 2248 2413 2302 per
2443 2233 2661 2302 angelos
2688 2233 3153 2303 dispositionibus.
3187 2233 3252 2286 Et
3281 2248 3380 2303 per
3401 2235 3610 2289 medios
3634 2235 3747 2304 ipsos

2199 2325 2551 2379 annuntiatur
2594 2322 2791 2393 Ioseph
2823 2339 2851 2377 a
2891 2334 3045 2395 patre
3086 2325 3343 2395 disposita
3381 2325 3476 2378 lilii
3507 2326 3571 2380 ad
3603 2326 3746 2394 Aegy-

2199 2424 2346 2485 ptum
2379 2414 2614 2468 recessio
2637 2454 2651 2474 ,
2702 2423 2757 2468 et
2796 2413 2987 2467 iterum
3021 2414 3087 2467 ad
3115 2413 3375 2468 Iudaeam
3422 2430 3491 2468 ex
3537 2417 3747 2484 Aegypto

2199 2502 2530 2557 transductio
2554 2504 2604 2556 ιι.
2651 2504 2717 2557 Ει
2769 2518 2865 2572 per
2911 2503 3130 2573 angelos
3174 2505 3346 2575 ipsum
3383 2505 3629 2560 videmus
3670 2506 3747 2559 sub

2197 2593 2439 2663 paternis
2503 2593 2926 2663 legislationibus
2997 2595 3370 2648 ordinatumi.
3435 2594 3581 2649 Iusto
3633 2596 3745 2649 enim

2197 2683 2376 2737 dicere
2416 2693 2473 2736 ut
2513 2683 2703 2738 scienti
2733 2684 2932 2738 nostris
2958 2683 3747 2739 sacerdotalibustraditionibus

2195 2789 2471 2844 expressa,
2499 2782 2554 2827 et
2574 2774 2641 2828 de
2667 2773 2855 2845 angelo
2883 2774 3054 2841 ipsum
3083 2774 3266 2829 Iesum
3297 2776 3749 2840 confortante;aut

2196 2864 2321 2932 quia
2368 2872 2423 2916 et
2462 2864 2577 2932 ipse
2621 2861 2777 2917 Iesus
2815 2879 2912 2933 per
2956 2874 3194 2919 nostram
3245 2864 3535 2918 salutarem
3576 2862 3748 2918 beneﬁ-

2196 2952 2505 3006 cieutiam"
2534 2962 2588 3007 et
2616 2952 3096 3007 manifestatoriam
3114 2954 3335 3007 veniens
3358 2954 3748 3015 ordinationem,

2197 3044 2416 3111 angelus
2458 3043 2634 3112 magni
2675 3043 2880 3097 consilii
2927 3043 3242 3113 appellatur.
3290 3043 3532 3103 Etenim,
3575 3054 3630 3097 ut
3656 3044 3750 3110 ipse

512 3157 618 3202 tem
652 3147 859 3201 divinas
907 3147 1137 3201 visiones
1182 3145 1399 3215 gloriosi
1451 3154 1636 3214 patres
1682 3144 1852 3200 nOSll'I
1895 3141 2088 3196 eruditi
2119 3115 2163 3176 (ἶ
2196 3135 2477 3205 angelus”
2502 3135 2812 3205 praedictus
2839 3135 3001 3198 ait“,
3028 3150 3385 3204 quaecunque
3412 3121 3746 3189 audivitaPa-

510 3249 634 3292 sunt
677 3241 696 3270 "
726 3254 820 3305 per
869 3239 1072 3293 medias
1115 3237 1373 3291 caelestes
1422 3238 1668 3291 virtutes.
1717 3237 1799 3291 An
1825 3237 1848 3270 ⁸
1892 3235 1997 3292 non
2037 3244 2091 3289 et

509 3343 720 3381 sacram
741 3326 1127 3395 lcgislatiouem
1142 3325 1476 3394 eloquiorum
1494 3325 1710 3379 traditio
1728 3325 1875 3379 velut
1888 3340 1983 3394 per
1998 3338 2054 3378 se
2068 3321 2089 3352 ’

510 3418 726 3488 quidem
760 3418 888 3471 dicit
919 3432 983 3471 ex
1030 3415 1141 3470 Deo
1176 3415 1344 3485 Moysi
1383 3415 1637 3468 donatam
1663 3453 1678 3477 ,
1710 3422 1770 3466 ut
1797 3414 1961 3467 etiam
1994 3427 2090 3466 nos

518 3526 645 3565 vere
663 3510 871 3574 doceat,
894 3508 1103 3562 divinos
1126 3522 1243 3560 eam
1265 3522 1383 3561 esse
1404 3518 1456 3561 et
1481 3521 1665 3560 sacros
1688 3505 2026 3559 characteres
2040 3503 2093 3555 c?

511 3602 680 3656 Docet
711 3611 889 3654 autem
926 3599 1103 3653 ethoc
1130 3599 1402 3667 sapienter
1430 3596 1715 3665 theologia,
1747 3611 1844 3665 per
1875 3594 2092 3664 angelos

511 3707 630 3745 eam
661 3691 711 3743 in
744 3705 840 3742 nos
869 3690 1175 3759 provenire,
1208 3697 1462 3758 tanquam
1503 3687 1684 3739 divino
1710 3684 1862 3755 legali
1900 3684 2092 3769 ordine

514 3780 643 3835 illud
674 3779 917 3848 legalitcr
946 3787 1197 3848 ponente,
1239 3777 1340 3833 hoc
1385 3785 1487 3840 est,
1533 3791 1628 3845 per
1656 3776 1827 3844 prima
1856 3772 2091 3830 secunda

512 3870 563 3923 in
595 3868 832 3923 divinum
864 3869 905 3900 ¹⁰
939 3868 1138 3923 reduci.
1175 3867 1381 3921 Etenim
1408 3882 1512 3921 non
1540 3864 1711 3919 solum
1739 3873 1792 3919 et
1821 3865 1872 3918 in
1900 3879 2090 3934 super-

509 3958 701 4030 positis
725 3965 778 4012 et
800 3958 1054 4028 subjectis
1075 3957 1290 4019 animis,
1318 3956 1412 4010 sed
1435 3964 1489 4009 et
1516 3955 1567 4007 in
1592 3968 1763 4023 aeque
1786 3953 2091 4022 potentibus

509 4050 622 4118 ipsa
659 4048 742 4103 lex
770 4049 1019 4103 delinitur
1045 4046 1486 4117 superessentiali
1524 4044 1763 4098 omnium
1794 4044 2092 4097 ordinatio-

510 4141 592 4195 nis
615 4141 895 4211 principio,
926 4141 1027 4195 hoc
1054 4150 1155 4203 est,
1182 4155 1278 4210 per
1303 4155 1740 4211 unamquamque
1766 4137 2090 4192 Ierarchiam

506 4232 708 4300 primas
733 4241 788 4285 et
814 4231 1019 4285 medias
1045 4238 1100 4285 et
1128 4231 1346 4284 ultimas
1372 4245 1494 4285 esse
1518 4240 1573 4285 et
1612 4230 2006 4292 ordinationes,
2039 4235 2095 4283 et

460 4328 471 4331 '
507 4319 772 4383 virtutes,
822 4329 877 4374 et
920 4320 1186 4374 minorum
1235 4333 1354 4373 esse
1396 4318 1688 4373 diviniores
1745 4318 1994 4372 doctores
2039 4324 2094 4371 et

508 4411 943 4474 manuductores,
974 4412 1025 4464 in
1062 4410 1297 4464 divinam
1329 4411 1707 4466 adductionem
1734 4417 1789 4464 et
1823 4409 2088 4463 illumina-

509 4499 707 4553 tionem
739 4509 793 4554 et
823 4499 1567 4555 communicationemNideo
1591 4509 1772 4553 autem
1797 4498 1864 4563 ¹¹,
1889 4500 2017 4568 quia
2035 4509 2088 4554 et

508 4586 744 4642 divinum
758 4588 954 4645 Christi
973 4589 1322 4643 humanitatis
1337 4589 1646 4659 mysterium
1664 4587 1841 4659 angeli
1856 4588 2087 4657 primum

2193 3235 2291 3290 tre,
2325 3225 2665 3279 annuntiavit
2695 3226 2849 3280 nobis
2868 3225 2882 3275 ἱ
2902 3264 2916 3279 .

2759 3357 3157 3414 CAPITULUM
3196 3360 3257 3415 ν.

2337 3472 2512 3537 Quare
2537 3487 2711 3525 omnes
2741 3471 2981 3524 caelestes
3009 3473 3260 3524 essentiae
3291 3472 3629 3525 communiter

2749 3541 2921 3609 angeli
2948 3541 3215 3593 dicuntur.

2263 3677 2409 3732 Haec
2432 3675 2649 3745 quidem
2677 3682 2795 3738 est,
2824 3680 3084 3742 quantum
3117 3673 3182 3726 ad
3212 3688 3340 3736 nos,
3372 3689 3532 3728 causa
3562 3671 3740 3742 angeli-

2192 3782 2289 3822 cae
2317 3767 2370 3820 in
2400 3764 2631 3834 eloquiis
2660 3763 3166 3834 cognominationis.
3193 3762 3441 3817 Scrutari
3470 3774 3667 3823 autem,
3695 3771 3744 3815 ut

2194 3861 2451 3922 aestimo,
2481 3862 2724 3927 oportet,
2756 3855 2824 3909 ob
2859 3870 3022 3923 quam
3060 3869 3277 3908 causam
3313 3855 3547 3926 theologi
3575 3867 3743 3907 omnes

2192 3950 2409 4020 quidem
2454 3946 2615 4001 simul
2657 3945 2919 4000 caelestes
2961 3944 3225 3999 essentias
3268 3945 3489 4014 angelos
3531 3951 3746 3997 vocant:

2194 4040 2262 4094 ad
2298 4038 2780 4093 manifestationem
2839 4044 3021 4089 autem
3062 4036 3340 4089 venientes
3380 4033 3751 4105 supermunda-

2194 4134 2324 4188 lium
2371 4132 2609 4201 ipsarum
2657 4127 3069 4197 dispositionum
3098 4165 3114 4189 ,
3164 4126 3412 4180 ordinem
3468 4124 3751 4194 angelicum

2196 4223 2506 4294 specialiter
2537 4220 2851 4285 nominant,
2879 4216 3199 4287 completive
3230 4216 3604 4269 terminantem
3629 4213 3751 4267 divi-

2196 4331 2295 4370 nas
2319 4322 2373 4368 et
2411 4311 2676 4367 caelestes
2719 4322 2833 4363 res:
2879 4316 3005 4360 ante
3044 4306 3218 4374 ipsum
3261 4318 3393 4357 vero
3434 4301 3751 4371 supcrposite

2196 4404 2596 4475 archangelicos
2621 4399 2875 4456 ordinant
2912 4406 3155 4460 ornatus,
3182 4396 3557 4465 principesque
3587 4402 3639 4447 et
3662 4406 3751 4460 po-

2196 4503 2417 4550 testates
2443 4500 2496 4547 et
2523 4490 2768 4550 virtutes,
2797 4497 2852 4542 et
2876 4498 3226 4555 quascunque
3252 4482 3338 4536 his
3361 4481 3751 4551 superlirmatas

2193 4583 2461 4640 essentias
2516 4580 2854 4651 eloquiorum
2913 4581 3247 4644 cognoscunt
3302 4569 3751 4626 manilestatoriae

1824 4718 2080 4774 VARIAE
2117 4716 2408 4775 LECTION
2416 4714 2497 4771 ES

577 4831 663 4899 PA
684 4831 1055 4901 multipliciter.
1164 4834 1186 4863 ²
1227 4831 1317 4886 BH
1350 4832 1402 4886 in
1450 4830 1651 4896 seipsis.
1728 4831 1750 4863 ³
1789 4830 1972 4901 Αίιιοε

507 4917 617 4956 om.
645 4902 711 4955 A.
803 4902 824 4932 ⁸
845 4902 889 4954 A
916 4902 1129 4969 quidem
1163 4903 1349 4956 divinis
1375 4902 1501 4971 ipsis
1529 4909 1702 4953 sancte
1726 4916 1762 4967 pl

506 4973 647 5027 vina.
781 4972 821 5002 “
875 4980 1044 5025 autem
1096 4987 1207 5026 om.
1265 4971 1373 5025 BII.
1465 4971 1509 5001 “
1538 4968 1627 5022 BH
1670 4984 1762 5037 per

509 5042 697 5111 relatu.
811 5042 854 5072 ¹⁶
880 5041 918 5094 Α
951 5053 1216 5111 purgatas.
1340 5040 1399 5111 "A
1425 5039 1515 5094 EH
1563 5039 1744 5111 relisit.

512 5111 554 5145 "
581 5110 626 5166 A
658 5109 959 5180 beneﬁcam.
1045 5113 1089 5143 ’⁸
1118 5110 1203 5165 ΒΕ
1251 5109 1454 5180 angelo.

2054 4832 2221 4885 itidem
2268 4829 2405 4896 quod
2445 4836 2547 4883 est.

803 4902 824 4932 ⁸
845 4902 889 4954 A
916 4902 1129 4969 quidem
1163 4903 1349 4956 divinis
1375 4902 1501 4971 ipsis
1529 4909 1702 4971 sancte
1726 4900 2126 4971 perﬁcientibas.

1814 4968 2135 5037 prophetam.
2232 4969 2277 5002 ¹³
2329 4968 2369 5022 Α
2414 4968 2637 5020 Mariam
2702 4979 2923 5034 quoque.
3054 4968 3097 4991 “
3143 4968 3199 5012 in
3247 4975 3358 5013 om.
3408 4968 3507 5035 A._
3601 4968 3645 5033 ζ’
3670 4968 3743 5006 tu:

1845 5038 1889 5069 ¹⁸
1916 5039 1961 5090 Α
1995 5040 2164 5093 resilit
2227 5056 2261 5092 a
2315 5054 2370 5091 se
2407 5037 2653 5091 ordinata
2702 5043 2751 5087 et
2795 5041 3064 5100 assumpta
3124 5030 3359 5085 humana
3402 5027 3743 5084 ordinatione.

1564 5109 1605 5141 ¹¹
1638 5109 1683 5163 Α
1712 5107 1932 5178 angelus
1961 5107 2115 5161 dixit.

2647 4828 2671 4858 ’⁸
2697 4826 2741 4879 Α
2763 4822 3054 4879 secundum
3101 4823 3340 4893 degentes
3367 4820 3575 4893 Deumn
3609 4817 3670 4893 η’
3694 4829 3752 4893 ex

2812 4894 2832 4924 ⁸
2860 4895 2901 4946 Δ
2933 4894 3055 4946 Aut.
3128 4894 3149 4925 ’
3177 4890 3264 4943 BE
3286 4890 3425 4944 inde.
3532 4884 3577 4918 ³⁸
3609 4884 3650 4937 II
3676 4883 3748 4934 di-

2216 4901 2236 4932 '
2270 4903 2312 4952 A
2362 4904 2717 4969 perceperunt.
2812 4901 2832 4924 "
2860 4901 2901 4946 Δ
2933 4901 3055 4946 Aut.
3128 4901 3149 4925 ι’
3177 4901 3263 4943 ΒΕ
3286 4901 3425 4944 uiae.
3532 4901 3577 4918 "
3610 4901 3649 4937 ll
3676 4901 3747 4934 ai-

2232 4969 2277 5002 ¹³
2331 4971 2367 5013 Α
2416 4966 2637 5013 Mariam
2702 4979 2923 5013 auoaue.
3054 4959 3097 4991 “
3143 4961 3199 5012 in
3247 4975 3358 5013 om.
3408 4959 3469 5012 Δ.
3600 4955 3645 4986 ⁸⁸
3670 4951 3747 5006 BI:

2232 4969 2277 5002 ¹³
2329 4966 2370 5022 Ᾱ
2414 4966 2637 5020 Mariam
2702 4979 2923 5034 quoque.

2012 5194 2268 5252 NOTAE.

585 5330 610 5358 ι
646 5316 781 5371 Gen.
807 5315 949 5380 XIX,
973 5314 1112 5369 XXII
1136 5325 1191 5369 et
1211 5312 1414 5380 XXXI;
1436 5313 1640 5369 Iudith.
1668 5312 1766 5378 V'I;
1797 5312 1932 5367 Dan.
1958 5308 2077 5374 VII;

509 5386 696 5444 Matth.
728 5387 802 5451 Il;
833 5387 950 5439 Act.
977 5386 1059 5445 X;
1093 5386 1256 5453 Apoc.
1284 5384 1371 5437 IV.
1897 5437 1902 5443 _

580 5458 607 5498 ι)
646 5455 804 5509 Num.
836 5454 961 5520 XII;
1004 5454 1192 5509 ITim.
1229 5454 1302 5508 Vl.

581 5538 604 5565 ε
649 5524 804 5580 Deut.
836 5525 925 5579 IX.

577 5595 602 5632 Α
648 5595 834 5647 Matth.
872 5594 920 5662 Ι,
956 5594 1084 5649 Luc.
1114 5592 1155 5658 Ι,
1188 5592 1247 5646 11.

584 5678 604 5698 τ
642 5663 769 5715 Luc.
803 5663 840 5714 Ι.

2261 5309 2281 5348 τ
2320 5306 2501 5363 Lucl.
3510 5336 3527 5349 .

2263 5380 2288 5417 ⁸
2320 5378 2507 5431 Matth.
2551 5375 2602 5441 l;
2647 5375 2778 5430 Luc.
2816 5374 2878 5428 ll.
3504 5391 3531 5419 ι
3614 5394 3623 5401 ·

2255 5449 2281 5488 ιι
2326 5448 2511 5501 Matth.
2539 5444 2601 5499 Il.

2268 5520 2277 5558 ί
2324 5517 2452 5571 an.
2482 5512 2648 5569 XXII.

2263 5599 2277 5635 ι
2327 5587 2482 5641 Joan.
2525 5585 2652 5651 XV;
2703 5584 2824 5645 lsai.
2858 5582 2948 5636 IX.
