3952 6162
286 224 420 295 1019

959 222 1207 285 VERSIO
1237 223 1518 286 OPERUM
1559 229 1616 285 S.
1663 227 1818 284 01οΝ
1829 222 1978 282 YSll.
2003 257 2068 266 ——
2091 227 2466 284 CAELESTIS
2503 184 2928 290 lERARCillA:

3405 246 3539 301 1050

279 341 612 396 traditionis.
667 331 906 395 Dicimus
949 349 1125 394 autem
1149 383 1163 405 ,
1195 343 1320 411 quia
1351 358 1446 412 per
1485 357 1700 395 omnem
1735 355 1854 394 sano
1889 345 1931 398 Α
1961 337 2296 407 elnqniorum
2327 341 2840 399 manifestationem.
2876 345 3096 401 'l‘rinum
3127 363 3255 422 ergo
3282 353 3425 412 hunc
3453 377 3544 413 or-

273 439 419 486 ctam
476 429 882 500 dispositionem
960 429 1284 488 excellentes
1340 434 1558 502 quidem
1635 432 1851 486 ordines

273 525 476 578 habent
501 515 598 576 et.“
629 522 943 577 inferiorum
975 523 1388 593 dispositionum
1431 522 1852 577 illaminationes

271 626 329 670 et
359 617 604 679 virtutes,
637 631 742 670 non
790 626 969 670 autem
1015 617 1396 686 participantes
1440 631 1500 668 se
1531 617 1549 644 ²
1589 614 1852 668 excellen-

272 708 408 761 tium
440 715 564 760 sunt
596 706 789 760 ultimi.
817 706 958 776 Ergo
979 705 1351 760 sanctissimos
1373 704 1853 758 excellentissima-

269 814 393 851 rum
423 798 776 850 essentiarum
821 797 1040 850 ordines
1079 805 1134 850 et
1162 795 1183 826 ³
1213 795 1434 865 angelos
1464 803 1658 848 vocant
1705 794 1852 847 theo~

268 887 408 958 logi;
441 887 638 942 etenim
679 897 804 941 sunt
829 887 1262 942 manifestatOres
1299 896 1354 940 et
1381 887 1478 958 ipsi
1508 886 1852 942 thearchicae

267 979 680 1035 illnuiinationis
709 991 754 1032 ι.
781 978 1034 1035 Ordinem
1065 995 1193 1034 vero
1215 989 1515 1034 extremum
1545 982 1849 1034 animorum

263 1074 585 1128 caelestium
614 1087 719 1126 non
747 1071 945 1126 habent
971 1072 1232 1126 rationem
1259 1073 1450 1126 arcbas
1479 1082 1571 1126 aut
1601 1073 1847 1139 thronos,

261 1161 657 1231 autseraphim
691 1162 968 1216 nominare
1013 1161 1053 1214 ⁸.
1089 1161 1274 1231 Neque
1301 1163 1448 1217 enim
1499 1171 1583 1217 est
1631 1163 1682 1216 in
1727 1179 1842 1232 par-

263 1252 586 1322 ticipatione
631 1253 1206 1308 excellentissimarum
1250 1255 1544 1308 virtutum:
1581 1256 1673 1310 sed
1707 1256 1850 1310 sicut

259 1343 384 1412 ipse
415 1353 628 1397 nostros
654 1343 868 1398 divinos
896 1359 1136 1398 summos
1176 1345 1488 1400 sacerdotes
1529 1345 1738 1399 reducit
1779 1345 1848 1400 ad

257 1433 512 1501 cognitos
537 1433 585 1486 ei
613 1433 910 1486 divinitatis
940 1433 1208 1505 fulgores,
1238 1435 1316 1490 sic
1341 1447 1396 1490 et
1418 1445 1543 1490 ante
1577 1452 1636 1490 se
1661 1453 1849 1491 essen-

259 1525 465 1580 tiaram
509 1525 681 1580 adhuc
724 1525 1032 1581 immundae
1070 1527 1301 1584 virtutes
1344 1527 1639 1592 reducunt,
1685 1536 1740 1583 et
1778 1529 1847 1584 ad

258 1615 510 1670 divinum
560 1623 688 1668 sunt
735 1617 1162 1672 consummantis
1206 1617 1481 1689 angelicas
1537 1618 1842 1674 lerarchias

1959 437 2164 495 natum,
2185 432 2354 512 quasi
2384 447 2543 486 unam
2570 440 2632 497 et,
2647 448 2815 502 aeque
2839 437 3170 504 ordinatam,
3195 451 3252 496 et
3279 458 3404 498 vere
3436 449 3542 515 pri-

1955 537 2096 574 mam
2124 521 2476 589 lerarchiam,
2503 525 2806 580 communis
2832 533 3019 582 noster
3045 528 3178 584 dixit
3206 531 3314 586 dux
3340 551 3352 586 :
3382 551 3487 604 qua
3513 547 3536 576 ο

1935 629 2060 668 οηοη
2085 623 2169 668 est
2197 615 2237 645 ¹⁰
2263 614 2364 668 alia
2393 613 2730 680 deiformior,
2767 625 2822 671 et
2861 632 2957 686 per
2985 633 3044 674 se
3063 625 3545 691 praeoperantihus

1952 703 2260 758 Divinitatis
2303 702 2784 760 illuminationibus
2827 707 3140 764 immediate
3185 710 3224 740 “
3262 711 3538 769 intentior.

1952 791 2255 847 Secundam
2287 807 2418 848 vero
2439 809 2558 847 esse
2581 794 2734 848 aitex
2746 793 3110 853 Potestatihus
3133 809 3186 854 et
3202 800 3539 860 Dominatio-

1949 882 2108 938 nibus
2128 894 2180 937 et
2200 883 2498 939 Virtutibus
2513 885 2851 955 completam.
2883 887 2939 939 Et
2963 897 3236 944 ternarnm
3253 893 3542 950 novissime

1949 973 2262 1028 caelestium
2295 973 2686 1030 lerarchiarum
2707 1015 2722 1040 ,
2753 977 3066 1045 angelorum
3091 988 3146 1034 et
3185 982 3538 1055 archangelo-

1951 1080 2070 1119 rum
2099 1072 2154 1119 et
2181 1065 2580 1136 principatuum
2609 1065 2636 1104 ιι
2666 1067 3096 1136 dispositionem.

2468 1221 2866 1279 CAPITULUM
2907 1223 3016 1279 Vll.

1945 1327 2024 1382 De
2047 1326 2321 1400 Seraphim
2344 1337 2392 1382 et
2424 1327 2781 1406 Cherubim‘ct
2815 1329 3040 1406 Taranis
3075 1344 3120 1388 et
3151 1335 3216 1388 de
3251 1337 3421 1406 prima
3450 1353 3536 1395 eo-

2524 1415 2643 1452 rum
2665 1399 2960 1454 ferare/tia.

2017 1508 2170 1564 llunc
2195 1525 2296 1564 nos
2323 1509 2588 1578 recepturi
2627 1519 2938 1566 sanctarum
2967 1511 3361 1568 lerarchiarum
3385 1518 3534 1572 ordi-

1949 1610 2072 1650 nem
2097 1597 2350 1662 dicimus,
2387 1598 2511 1666 quia
2538 1601 2728 1653 omnes
2753 1599 2794 1631 ¹²
2822 1600 3134 1654 caelestium
3166 1603 3533 1660 intellecturum

257 1705 653 1775 dispositionis.
696 1703 808 1760 Nisi
835 1705 1050 1776 quidem
1077 1707 1198 1778 quis
1227 1685 1407 1762 εὴ,οο
1429 1708 1656 1770 dixerit,
1689 1723 1840 1763 enm,
1873 1695 1917 1752 Β
1945 1685 2441 1755 cognominationes
2456 1686 2874 1741 declarationem
2898 1689 3536 1764 habentuniuscujusque

253 1811 452 1850 manes
502 1812 628 1867 ergo
674 1795 696 1828 ⁸
736 1811 857 1852 esse
878 1812 1066 1851 onmes
1107 1797 1375 1869 angelicas
1419 1799 1838 1864 nominationes,

253 1889 555 1942 secundum
585 1888 825 1942 omnium
856 1889 1114 1944 virtutum
1153 1888 1467 1944 caelestium
1498 1891 1550 1944 in
1579 1889 1840 1946 deifornne

251 1992 310 2036 et
339 1997 408 2036 ex
438 1982 550 2036 Deo
580 1981 762 2036 datum
799 1973 979 2038 lumen
1009 1983 1400 2052 subjectionem
1447 1994 1502 2038 et
1541 1985 1841 2054 superemi-

252 2081 480 2126 nentem
517 2073 1084 2127 communicationem.
1132 2072 1238 2126 Sed
1289 2082 1346 2127 ut
1389 2073 1563 2144 magis
1607 2088 1638 2127 a
1685 2073 1838 2128 nobis

253 2163 394 2217 ratio
423 2162 712 2231 dijudicata
735 2164 837 2228 sit,
858 2164 1324 2218 considerabimus
1347 2179 1499 2219 saere
1528 2165 1581 2220 in
1610 2165 1838 2234 eloquiis

253 2269 549 2324 expressas
575 2263 790 2310 sanctas
818 2263 872 2310 et
913 2255 1138 2310 decoras
1174 2255 1536 2326 proprietates
1581 2257 1838 2312 uniuscu-

243 2346 448 2417 jusque
486 2347 738 2403 caelestis
765 2347 1156 2418 diSpOSiliOtliS.

783 2477 867 2533 CA
877 2477 1181 2534 PITULUM
1216 2477 1300 2533 Vl.

245 2587 401 2654 Quae
439 2589 612 2658 prima
653 2587 950 2661 caelestium
989 2591 1331 2661 essentiarum
1369 2588 1666 2660 dispositio,
1699 2607 1834 2661 quae

749 2660 942 2725 media,
969 2676 1104 2730 quae
1121 2659 1328 2713 ultima.

313 2792 517 2860 Quanti
544 2793 761 2862 quidem
787 2803 906 2850 sunt
938 2805 992 2849 et
1017 2796 1204 2864 quales
1229 2795 1700 2865 supercaelestium
1743 2813 1831 2852 es-

241 2883 546 2936 sentiarum
573 2893 822 2948 ornatus,
855 2894 904 2938 et
927 2884 1194 2953 quomodo
1224 2886 1518 2940 secundum
1547 2903 1640 2941 eos
1659 2886 1832 2942 lerar-

239 2973 401 3026 chiae
415 2971 734 3041 perficiuntu
746 2990 788 3037 r,
811 2974 978 3028 solam
997 2975 1285 3044 diligenter
1297 2977 1440 3031 scire
1455 2978 1573 3030 dico
1591 2985 1828 3031 contem—

1942 1774 2220 1828 deiformis
2236 1776 2604 1846 proprietatis.
2634 1777 2700 1830 Et
2729 1778 2947 1848 quidem
2974 1790 3218 1836 sanctam
3250 1781 3535 1855 Seraphim

1940 1866 2388 1930 nominationem,
2415 1867 2509 1936 qui
2539 1865 2583 1900 ¹³
2607 1865 2974 1923 Hebraeorum
2998 1881 3118 1926 sunt
3149 1874 3408 1938 scientes,
3443 1886 3536 1932 aut

1941 1954 2284 2010 incendentes
2312 1957 2728 2011 manifestavere
2759 1957 2826 2024 ιδ,
2851 1971 2943 2014 aut
2969 1961 3384 2032 calefacientes;
3415 1983 3536 2020 eam

1938 2063 2069 2103 vero
2097 2048 2389 2103 Cherubim
2413 2049 2808 2104 multitudinem
2837 2052 3114 2118 scientiae,
3145 2067 3238 2108 aut
3261 2056 3531 2112 fusionem

1937 2142 2256 2212 Sapientiae.
2280 2141 2511 2196 Pulchre
2534 2143 2697 2212 igitur
2712 2144 2881 2212 prima
2905 2144 3218 2202 caelestium
3238 2145 3534 2204 lerarchia-

1934 2250 2054 2288 rutn
2085 2233 2154 2288 ab
2183 2232 2654 2288 excellentissimis
2685 2221 2934 2288 essentiis
2965 2237 3354 2303 sanetificatnr,
3385 2241 3531 2294 ordi-

1935 2341 2059 2381 nem
2076 2326 2280 2380 habens
2293 2326 2543 2380 omnibus
2557 2325 2824 2390 altiorem,
2846 2327 2945 2381 hoc
2966 2337 3072 2394 est,
3084 2329 3231 2384 circa
3248 2331 3414 2384 Deum
3433 2331 3534 2385 im-

1933 2417 2166 2472 mediate
2203 2417 2476 2482 collocari,
2527 2427 2588 2470 et
2625 2417 2800 2486 primo
2838 2429 3128 2488 cperantes
3175 2421 3532 2490 theOphanias

1932 2514 1988 2560 et
2025 2505 2390 2574 perfectiones
2437 2507 2489 2558 in
2527 2521 2645 2560 eam
2681 2515 2935 2575 tanquam
2987 2509 3286 2576 proximam
3325 2511 3526 2578 princi-

1932 2596 2110 2666 palius
2151 2594 2352 2650 deferri
2381 2595 2443 2648 ".
2473 2594 2866 2652 Calefacientes
2907 2611 3038 2669 ergo
3079 2600 3429 2654 nominantur
3471 2610 3530 2656 et.

1931 2692 2158 2758 Throni,
2186 2703 2238 2748 et
2263 2693 2402 2748 fusio
2426 2691 2740 2766 sapientiae,
2760 2685 3158 2753 manifestativo
3186 2699 3528 2755 deiformium

1933 2801 2154 2840 suarum
2204 2788 2579 2844 habitudinum
2613 2791 2849 2846 nomine.
2888 2791 3082 2848 Mobile
3121 2795 3266 2848 enim
3315 2811 3529 2866 semper

1931 2892 2120 2930 eorum
2145 2878 2289 2932 circa
2319 2879 2518 2944 divina,
2547 2890 2602 2935 et
2624 2882 3029 2947 incessabile,et
3049 2885 3305 2953 calidum,
3327 2897 3380 2942 et
3399 2903 3528 2944 acu-

1935 2976 2072 3032 tum,
2101 2977 2158 3022 et
2186 2968 2618 3038 superfervidmn
2655 2971 2894 3028 intentae
2926 2973 2969 3005 ¹⁶
3003 2983 3057 3028 et
3097 2991 3201 3029 non
3236 2976 3526 3046 indigentis

239 3065 504 3133 plativam
540 3078 726 3117 eorum
761 3065 1128 3120 teletarchiam
1155 3083 1168 3130 ;
1199 3067 1372 3121 adhuc
1401 3075 1454 3121 et
1489 3081 1582 3122 eos
1604 3083 1708 3120 non
1735 3082 1826 3122 c0-

1937 3067 1986 3112 et
2010 3055 2314 3112 inﬂexibilis
2337 3073 2550 3128 semper
2580 3061 2855 3125 motionis,
2881 3073 2934 3116 et
2958 3045 3413 3133 superpositormn
3442 3081 3526 3120 re-

238 3170 508 3226 gnoscere
531 3155 553 3186 '
571 3157 814 3224 proprias
837 3156 1066 3212 virtutes
1080 3158 1584 3222 etilluminationes,
1601 3168 1654 3213 et
1677 3174 1830 3211 suam

239 3261 458 3300 sacram
491 3257 544 3300 et
591 3257 1000 3315 superornatam
1034 3249 1452 3304 ordinationem.
1497 3250 1833 3320 [inpossibile

237 3333 409 3394 enim,
430 3347 527 3388 nos
538 3335 676 3388 seire
690 3336 1163 3403 supercaelestium
1181 3338 1476 3392 animorum
1496 3341 1765 3410 mysteria,
1780 3349 1836 3393 et

238 3423 620 3478 sanctissimas
638 3439 822 3479 eorum
846 3425 1232 3495 perfectiones,
1257 3429 1356 3482 nisi
1381 3428 1450 3482 ibi
1475 3429 1668 3482 dixerit
1689 3429 1830 3498 quis,

235 3528 602 3582 quaecunque
615 3529 710 3584 per
727 3530 818 3570 eos
841 3531 936 3569 nos
961 3516 983 3548 ¹¹
1001 3528 1250 3586 tanquam
1274 3518 1486 3587 propria
1505 3518 1638 3571 bene
1659 3518 1833 3572 scien-

245 3612 332 3655 tes
365 3603 630 3658 Divinitas
655 3606 908 3676 mysteria
943 3607 1144 3660 docuit.
1175 3607 1288 3660 Non
1320 3624 1448 3678 ergo
1490 3623 1587 3663 nos
1615 3609 1831 3678 quidem

235 3690 415 3744 niltil'
437 3695 654 3762 proprio
679 3703 822 3748 motu
861 3696 1110 3750 dieiums.
1138 3695 1503 3766 Quaecunque
1529 3709 1708 3751 autem
1731 3713 1830 3750 an-

236 3780 538 3848 geliearum
567 3783 991 3850 speculationum
1023 3802 1052 3838 a
1085 3787 1290 3841 sanctis
1313 3787 1574 3856 theologis
1591 3795 1832 3840 contem-

237 3870 390 3939 plata
415 3881 563 3936 sunt,
595 3873 728 3928 haec
751 3874 1006 3930 docentes
1031 3891 1144 3938 nos,
1177 3887 1435 3945 quantum
1463 3886 1710 3946 potentes
1741 3891 1828 3930 su-

238 3974 385 4023 mus,
422 3975 772 4028 exponemus.
804 3961 1006 4018 Omnes
1037 3964 1301 4035 theologia
1341 3965 1604 4020 caelestes
1643 3979 1828 4020 essen-

237 4051 350 4104 tias
391 4066 581 4104 novem
631 4053 845 4106 voeavit
893 4054 1302 4110 manifestativis
1343 4055 1828 4127 cognominaticni-

235 4143 343 4196 bus
367 4141 416 4194 ιι.
453 4141 597 4208 Quas
634 4141 655 4171 ’
713 4144 925 4200 divinus
980 4155 1165 4202 noster
1203 4157 1422 4202 sanctus
1467 4146 1737 4224 perfector
1777 4148 1826 4200 in

238 4241 355 4285 tres
375 4241 621 4300 segregat
645 4241 826 4289 ternas
852 4236 1250 4306 dispositiones.
1273 4239 1340 4293 Et
1360 4239 1590 4308 primam
1611 4239 1826 4306 quidem

233 4334 361 4373 esse
393 4320 526 4374 dicit
553 4323 696 4376 circa
734 4325 900 4379 Deum
935 4328 1256 4382 existenlem
1285 4339 1594 4398 semper,et
1622 4337 1826 4382 attente

233 4411 341 4479 ipsi
370 4419 428 4464 et
454 4422 579 4466 ante
607 4413 737 4469 alias
769 4417 1076 4474 inin'iediate
1108 4419 1250 4473 uniri
1283 4421 1552 4475 traditam.
1577 4398 1821 4475 Sanctis-

233 4501 407 4554 simos
427 4502 570 4556 enim
598 4503 845 4561 Thronos
869 4516 924 4561 et
945 4509 1189 4564 oculosos
1215 4520 1268 4563 et
1295 4526 1560 4578 pennosos
1584 4511 1818 4574 ordines,

234 4588 531 4644 Cherubin]
565 4592 928 4650 Hebraeorum
958 4613 1086 4652 voce
1111 4608 1166 4652 et
1189 4599 1469 4670 Seraphim
1495 4602 1818 4666 nominatos,

231 4681 538 4734 secundum
591 4685 842 4738 ornnihus
885 4689 1275 4756 superpositam
1327 4691 1819 4759 propinquitatem,

233 4771 386 4824 circa
408 4771 572 4826 Deum
591 4775 901 4832 inmtediate
921 4779 1170 4834 collocari
1195 4779 1268 4834 ait
1285 4781 1498 4835 tradere
1517 4780 1819 4834 divinorum

711 5019 732 5050 ²
756 5019 818 5090 7E7
828 5021 1139 5090 participant
1163 5038 1293 5076 esse.

748 5089 771 5122 ⁸
802 5089 888 5143 BH
917 5089 1132 5158 quidem
1162 5093 1308 5159 quid.

1368 5023 1390 5054 ³
1416 5031 1463 5076 ει
1493 5038 1601 5075 om.
1635 5023 1699 5076 A.

1385 5101 1405 5132 ο
1433 5093 1477 5145 Α
1518 5091 1649 5145 llas.

309 5014 328 5046 ⁸
355 5023 405 5067 et
430 5028 539 5069 om.
570 5015 636 5069 A.

231 5084 256 5116 ⁷
289 5100 386 5138 nos
425 5100 537 5138 om.
571 5087 636 5140 A.

289 5100 386 5138 nos
425 5100 514 5138 Olli
524 5125 537 5138 .
571 5100 636 5138 Λ.

233 5170 393 5226 Ἦιῖἔέ·
436 5155 515 5226 _“
556 5158 597 5208 Α
632 5157 671 5210 Ε
716 5155 1072 5226 ωηηὶίεκὶανε.

235 5294 455 5347 habent."
551 5297 595 5334 ιθ
623 5299 664 5350 Α
691 5294 1041 5356 ineffabili)”.
1153 5303 1195 5334 ¹¹
1226 5301 1271 5356 Α
1293 5305 1306 5319 ⁹
1335 5302 1666 5356 submissum.

551 5297 595 5334 ιθ
623 5299 664 5350 Α
691 5297 1041 5368 ine/['abililer.

1775 5022 1795 5053 δ
1821 5021 1864 5075 Α
1896 5021 2220 5074 nominandi.

1727 5091 1770 5122 ¹⁰
1799 5102 1874 5144 es:
1926 5107 2034 5144 nm.
2064 5091 2128 5142 A.

1170 5163 1212 5202 ⁸⁸
1249 5161 1288 5213 Α
1319 5162 1670 5216 collocatur...
1703 5162 2028 5230 deferantur.

238 5223 285 5299 ξ’
313 5224 404 5299 _Sic
434 5223 518 5289 8.,
658 5223 1028 5299 habentemque
1051 5248 1105 5284 se
1136 5232 1244 5294 sic;
1271 5231 1309 5285 Ε
1333 5233 1601 5286 habentem
1633 5232 1707 5285 sic
1732 5223 1826 5296 sic,
1854 5229 1897 5284 ll
1927 5230 2118 5284 habens
2155 5229 2248 5283 sic:

1934 3149 2146 3204 ductive
2168 3159 2220 3204 et
2241 3151 2418 3203 active
2441 3149 2872 3214 assimilativum,
2903 3161 3157 3222 tanquam
3180 3153 3526 3210 rccaleficans

1934 3238 2022 3292 illa
2051 3247 2104 3293 et
2128 3239 2456 3297 resuscitatus
2486 3239 2538 3294 in
2567 3239 2798 3295 similem
2831 3241 3064 3296 calorem
3097 3243 3162 3308 ",
3211 3252 3266 3297 et
3301 3243 3521 3310 igneum

1933 3327 2164 3381 caelitus
2191 3338 2246 3381 et
2275 3328 2590 3382 holocauste
2621 3329 2984 3398 purgativum,
3016 3339 3070 3385 et
3110 3331 3524 3386 incircumvela-

1935 3425 2046 3469 tum
2076 3426 2127 3470 et
2157 3417 2586 3488 inextinguibile,
2613 3419 2814 3474 habens
2841 3406 3060 3475 sicsic"
3075 3422 3530 3490 semperlucifor-

1931 3523 2072 3562 mem
2089 3517 2143 3562 et
2161 3509 2567 3562 illuminativam
2589 3513 2992 3581 praprietatezn,
3011 3513 3188 3566 omnis
3204 3515 3524 3571 tenebrosae

1929 3600 2325 3656 obscmationis
2356 3603 2767 3670 persecutricem
2795 3611 2849 3656 et
2886 3603 3392 3671 manifestatricem,
3421 3605 3522 3660 Se-

1933 3691 2140 3759 raphim
2174 3691 2598 3746 nominationem
2626 3697 2716 3744 aut
2746 3691 3238 3748 manifestationem
3263 3680 3436 3748 docet.
3477 3696 3521 3726 ¹⁹

1929 3776 2049 3849 Ipsa
2072 3795 2200 3834 vero
2224 3779 2514 3834 Cherubim
2537 3781 2896 3852 eognoscibile
2915 3797 3102 3836 eorum
3151 3791 3204 3838 et
3225 3784 3520 3848 deividum,

1929 3882 1984 3927 et
2009 3863 2302 3926 altissimae
2343 3872 2604 3926 luminum
2637 3873 2872 3926 dationis
2901 3875 3235 3943 acceptivnm
3260 3915 3274 3937 ,
3310 3885 3365 3930 et
3389 3891 3520 3929 can-

1931 3961 2298 4031 tcmplativum
2331 3961 2380 4015 in
2417 3963 2590 4030 prima
2619 3963 2920 4030 operatrice
2950 3963 3148 4018 virtute
3171 3964 3384 4018 divinae
3407 3967 3520 4034 pul-

1929 4051 2270 4116 chritudinis,
2302 4062 2354 4106 et
2383 4051 2752 4122 sapientitlcae
2779 4052 3082 4106 traditionis
3121 4053 3417 4122 repletum,
3462 4063 3518 4108 et

1928 4143 2440 4199 communicativum
2467 4143 2679 4212 copiose
2713 4145 2780 4198 ad
2812 4145 3046 4197 secunda
3063 4143 3258 4198 fusioni
3277 4144 3516 4200 donatae

1927 4234 2246 4303 sapientiae.
2270 4233 2387 4303 Ipsa
2416 4245 2594 4288 autem
2627 4234 3014 4290 altissimarum
3038 4243 3092 4290 et
3112 4247 3515 4306 conzpactarum

1927 4325 2132 4378 sedimn
2155 4325 2302 4378 on‘mi
2331 4323 2616 4394 diligenter
2646 4324 2873 4380 exaltari
2897 4326 3191 4396 ignominia
3216 4326 3510 4397 subjectio-

1928 4413 2033 4478 nis,
2052 4422 2102 4468 et
2120 4413 2184 4468 ad
2216 4429 2483 4468 summum
2516 4415 2951 4483 supermundaae
2978 4431 3192 4470 sursum
3226 4415 3428 4478 ferens,
3461 4425 3517 4472 et

1927 4503 2070 4556 onmi
2103 4503 2440 4556 extremitate
2463 4501 2825 4558 intlexihiliter
2846 4504 2891 4540 ’°
2920 4505 2972 4558 in
3001 4505 3444 4560 sublimissinmm
3469 4507 3511 4542 ¹¹

1926 4593 2134 4647 etcirca
2151 4607 2276 4646 vere
2293 4591 2564 4646 excelsum
2594 4594 2720 4648 totis
2743 4594 3032 4649 virtutibus
3060 4588 3515 4650 incommutabili-

1928 4691 2012 4735 ter
2025 4689 2078 4736 et
2095 4681 2358 4735 stabiliter
2379 4681 2716 4746 collocatum,
2733 4691 2788 4736 et
2810 4684 2974 4738 divini
2998 4685 3442 4753 superadventus,
3461 4685 3511 4740 in

1926 4773 2072 4829 omni
2087 4774 2155 4826 im
2163 4772 2513 4844 passibilitate
2529 4783 2581 4828 et
2595 4774 2994 4846 immaterialita
3004 4787 3055 4832 te
3077 4781 3436 4850 aceeptivum,
3460 4790 3514 4834 et

1507 4912 1756 4967 VARIAE
1796 4909 2200 4966 LECTlONES.

2297 5021 2462 5098 tergo
2489 5037 2596 5098 om.
2627 5023 2736 5078 AE.
2797 5027 2845 5098 .°7
2869 5026 2958 5098 Sic
2981 5027 3148 5094 BE";
3178 5029 3215 5081 Α
3251 5031 3507 5098 ignorare.

2209 5091 2248 5122 “
2279 5091 2322 5144 Ε
2351 5092 2405 5145 in
2440 5095 2734 5149 medietate.
2812 5097 2854 5129 "
2883 5097 2947 5150 de
3001 5114 3110 5150 οιιι.
3135 5091 3142 5094 ⁷
3165 5091 3291 5152 EH."
3351 5098 3394 5129 ⁸³
3424 5098 3514 5150 ΛΕ

2133 5159 2178 5190 ¹⁶
2226 5160 2270 5212 Λ
2299 5170 2354 5213 et
2387 5162 2610 5230 forsitan
2656 5165 2890 5220 intimae.
2980 5171 3022 5200 "
3053 5169 3142 5221 ΛΕ
3171 5167 3507 5220 calidilatem.

2328 5231 2370 5263 ²⁹
2403 5238 2448 5286 Α
2473 5234 2488 5252 ¹
2527 5236 2908 5291 nominatione:
2951 5250 3040 5291 aut
3073 5236 3512 5304 munilcsiaIianl

1725 5411 1976 5468 NOTAE.

311 5528 335 5556 ι
371 5515 508 5570 lleb.
541 5517 576 5571 Ι.

313 5584 341 5624 ι’
371 5587 576 5642 Coloss.
607 5589 644 5643 l.

2009 5539 2029 5565 ε
2065 5526 2201 5596 Eph.
2233 5525 2324 5589 Ill;
2351 5525 2554 5596 Coloss.
2587 5527 2626 5580 l.

2005 5596 2030 5635 ἀ
2064 5597 2101 5650 l.
2133 5598 2291 5651 Thes.
2322 5595 2407 5650 ιγ.
