3952 6162
419 279 553 345 Π)ῧὶ

1768 272 1887 341 1οΑ
1899 273 2056 336 ΝΜΒ
2097 270 2293 336 SCOTI

3542 282 3689 344 toni

418 396 720 461 deiicrnm,
763 405 818 449 ei.
877 387 1210 448 lanntlaritcr
1267 393 1322 448 in
1377 379 1589 448 divinas
1637 396 2007 465 susceptiones
2034 402 2081 460 Α
2110 401 2164 448 et
2195 395 2262 447 ad
2313 393 2723 450 immaterialem
2753 406 2809 450 et
2851 388 3175 453 invisibilem
3220 397 3697 471 pulchritudinem,

418 498 687 560 apertum.

493 576 638 632 Haec
694 572 911 646 quidem
966 573 1244 628 nominum
1303 574 1563 644 ipsorum,
1626 586 1886 644 quantum
1946 576 2015 631 ad

422 681 521 721 nos
546 704 561 730 ,
617 663 926 720 declaratio.
984 661 1276 717 Dicendum
1320 677 1469 725 vero,
1500 678 1661 732 quam
1690 664 2015 745 lerarcltjatn

419 770 607 810 eorum
635 755 1015 810 aestimamus.
1053 751 1243 808 Omnis
1278 753 1492 822 quidem
1538 755 1680 806 enim
1711 753 2017 809 lerarchiae

419 848 837 918 speculationem
869 850 1036 902 Deum
1072 847 1305 902 imitanti
1331 845 1696 903 deiformitate
1715 849 2011 918 dependen-

420 948 525 993 tem
560 937 926 992 inﬂexibiliter
953 953 1095 1001 esse,
1127 947 1179 990 et
1210 936 1376 991 dividi
1406 953 1623 992 omnem
1655 937 2014 995 lerarcbicam

419 1029 686 1083 actionem
721 1029 773 1082 in
804 1028 1274 1098 participationem
1308 1043 1523 1082 sacram
1572 1037 1626 1083 et
1671 1030 2015 1085 traditionem

419 1118 750 1189 purgationis
766 1126 1012 1187 purae,et
1026 1118 1188 1170 divini
1205 1115 1500 1181 luminis,ct
1512 1118 1837 1187 periectivae
1850 1121 2020 1181 scien,

422 1208 566 1273 tiae,
602 1207 937 1262 sufﬁcienter
975 1207 1087 1277 jam
1126 1222 1155 1260 a
1198 1207 1353 1261 nobis
1374 1207 1577 1260 dictum
1600 1222 1721 1263 esse
1761 1208 2015 1263 arbitror.

420 1298 576 1354 Nunc
618 1310 799 1352 autem
833 1298 1014 1352 dicere
1066 1298 1227 1365 digne
1267 1311 1653 1367 persequamur
1677 1294 1692 1329 ¹
1716 1298 2019 1353 excelsissi-

420 1407 538 1446 mos
587 1390 922 1453 intellectus,
973 1391 1246 1460 quomodo
1286 1390 1399 1460 jam
1449 1391 1747 1446 secundum
1789 1406 1884 1447 eos
1935 1392 2019 1447 le-

418 1481 634 1535 rarcltia
677 1482 745 1534 ab
788 1480 1017 1549 eloquiis
1057 1478 1450 1537 manifestatur.
1491 1477 1690 1536 Primis
1735 1482 2017 1547 essentiis,

418 1585 561 1640 quae
616 1578 741 1640 post
794 1570 1221 1624 substantiiicam
1276 1586 1462 1624 carum
1524 1570 1859 1626 tltearcltiam
1909 1570 2023 1626 cola-

422 1661 633 1714 locatae
662 1701 707 1723 ,,
738 1669 795 1714 et
845 1660 1010 1714 veluti
1071 1660 1124 1714 in
1181 1660 1461 1715 vestibulis
1514 1660 1681 1730 ipsius
1710 1661 2013 1726 ordinatae,

2122 492 2379 552 quantum
2432 480 2532 547 fas,
2584 484 2637 538 in
2686 484 3194 555 contemplationem
3236 489 3600 557 adducuntur,
3644 502 3700 548 et

2118 573 2422 626 divinormn
2471 589 2694 643 operum
2743 575 2960 630 scibiles
2987 577 3245 641 rationes,
3289 588 3347 632 ut
3391 582 3604 649 primae
3644 590 3701 638 et

2117 663 2261 716 circa
2287 662 2450 717 Deum
2477 656 2741 718 essenti..e
2769 656 3074 728 ﬂectuntur.
3094 677 3148 721 et
3177 668 3244 722 ab
3274 667 3392 737 ipso
3418 670 3698 740 perfectio-

2119 752 2204 806 nis
2243 752 2487 821 principe
2533 752 2903 807 excelsissime
2960 754 3333 810 sanctiﬁcatae
3385 768 3531 810 sunt.
3587 757 3694 815 Hoc

2117 856 2248 912 ergo
2293 842 2523 913 theologi
2576 852 2763 912 aperte
2807 843 3106 909 declarant,
3138 847 3445 915 suppositas
3482 849 3693 917 quidem

2118 933 2430 987 caelestium
2484 933 2843 988 essentiarum
2891 928 3267 1006 dispositiones
3310 940 3695 1007 supcrlirmatis

2118 1034 2310 1077 ornate
2347 1022 2550 1078 erudiri
2588 1022 2808 1079 deiticas
2851 1024 3149 1080 scientias:
3180 1027 3421 1081 omnium
3456 1044 3590 1085 vero
3626 1031 3693 1083 al-

2119 1109 2284 1164 tiores
2324 1112 2392 1165 ab
2436 1111 2547 1181 ipsa
2594 1111 2895 1178 tbearcltia,
2924 1122 3183 1183 quantum
3216 1114 3315 1181 fas,
3357 1116 3623 1171 doctrinis
3657 1112 3691 1149 ¹¹

2118 1198 2433 1256 illuminari.
2463 1200 2735 1270 Quasdam
2758 1202 2902 1257 enim
2926 1218 3111 1257 earum
3142 1205 3493 1261 introducunt
3515 1223 3545 1261 a
3566 1211 3696 1278 prio-

2119 1291 2267 1347 ribus
2330 1307 2485 1348 sacre
2533 1294 2811 1360 eruditas,
2866 1293 3152 1350 Dominum
3204 1311 3325 1352 esse
3386 1298 3692 1379 caelestium

2117 1385 2431 1463 virtutum,
2467 1393 2525 1440 et
2571 1400 2753 1456 regem
2801 1385 3004 1456 gloriae
3056 1386 3109 1441 in
3160 1388 3339 1442 caelos
3393 1391 3696 1446 humanitus

2118 1482 2398 1544 receptum
2421 1486 2470 1527 ι.
2502 1473 2772 1542 Quasdam
2802 1490 2930 1530 vero
2951 1475 3093 1545 apud
3120 1475 3292 1545 ipsum
3320 1476 3507 1532 .Iesum
3538 1495 3697 1548 quae.

2119 1576 2322 1632 rentes,
2350 1576 2405 1621 et
2425 1581 2524 1636 pro
2545 1566 2701 1621 nobis
2738 1580 2870 1621 suae
2900 1566 3118 1621 divinae
3144 1566 3376 1622 actionis
3420 1569 3693 1623 scientiam

2118 1658 2409 1723 discentes,
2441 1667 2495 1713 et
2520 1672 2616 1713 eas
2643 1657 2817 1728 ipsum
2845 1655 3030 1712 Jesum
3053 1656 3366 1714 immediate
3393 1659 3693 1724 docentem,

418 1765 634 1806 omnem
704 1762 830 1806 sunt
879 1750 1201 1807 invisibitem
1252 1762 1305 1807 et
1353 1752 1617 1807 visibilem
1676 1750 2020 1822 superexcel-
2053 1743 2097 1804 Β
2126 1756 2180 1803 et
2215 1747 2582 1820 praelargiens
2630 1749 2712 1804 eis
2751 1749 3185 1805 manifestantem
3215 1766 3365 1805 suam
3412 1751 3691 1806 humanam

420 1841 593 1898 lentes
635 1841 834 1898 factam
889 1843 909 1872 ’
945 1842 1217 1906 virtutem,
1276 1843 1567 1912 propriam,
1621 1841 2018 1898 aestimandum

419 1942 650 1990 estesse
682 1941 738 1988 et
762 1934 983 1989 omnino
1020 1932 1409 2003 aequil'ormem
1464 1933 1803 1988 lerarchiam.
1846 1932 2017 1987 Puras

421 2021 588 2095 igitur
615 2038 709 2078 eas
749 2023 1166 2088 aestimandum,
1198 2037 1304 2076 non
1354 2029 1413 2075 ιιι
1456 2022 1746 2078 immundis
1791 2023 2018 2079 maculis

419 2120 475 2167 et
516 2112 978 2181 inquimttionibns
1028 2111 1309 2176 liberatas,
1340 2123 1514 2181 neque
1542 2120 1600 2167 ut
1643 2113 2017 2169 ntaterialibus

422 2214 670 2274 receptas
700 2204 1018 2276 pbantasiis
1052 2202 1096 2270 ³,
1139 2204 1233 2258 sed
1285 2211 1345 2257 ut
1408 2203 1556 2258 omni
1616 2203 1950 2275 subiectione
1993 2203 2019 2238 δ

334 2322 337 2323 ν
422 2296 653 2349 mundas
677 2304 733 2348 et
757 2294 994 2358 altiores,
1025 2303 1079 2349 et
1108 2294 1252 2349 omni
1283 2293 1663 2363 superlirntato
1694 2294 1895 2364 templo
1929 2307 2018 2351 se-

418 2388 656 2442 cundum
706 2386 1129 2441 excelsissimam
1171 2394 1192 2426 ι
1246 2385 1575 2451 castitatem,
1616 2386 1867 2441 omnibus
1898 2386 2011 2441 dei-

420 2475 831 2531 formosissimis
871 2476 1163 2530 virtutibus
1212 2474 1690 2547 supercollocatas,
1718 2484 1774 2529 et
1798 2476 2017 2546 proprio

419 2581 518 2637 per
548 2581 606 2621 se
652 2577 830 2630 motu,
857 2575 912 2619 et
947 2565 1137 2620 eodem
1180 2574 1359 2630 motu,
1404 2566 1700 2620 secundum
1746 2565 2017 2636 diligentis

422 2656 594 2710 Deum
625 2654 1042 2710 inconversibile
1081 2653 1288 2709 ordinis
1334 2653 1701 2709 inﬂexibiliter
1747 2665 2011 2726 receptas,

421 2753 476 2799 et
512 2743 566 2798 in
598 2742 1251 2821 subjectaconttnneliam
1288 2730 1511 2798 omnino
1552 2743 1874 2811 nescientes,
1920 2745 2016 2800 sed

422 2834 754 2891 incasualetn
808 2843 864 2889 et
909 2835 1432 2890 intransmutabilem
1465 2837 1731 2891 habentes
1760 2839 2014 2907 propriae

421 2926 702 2981 deiformis
759 2925 1111 2995 spceialitatis
1168 2925 1514 2996 purissimam
1574 2927 2009 2982 collocationem.

421 3016 990 3088 Contemplativasqne
1020 3017 1214 3072 iterum
1245 3017 1577 3072 sensibilium
1623 3019 2011 3089 symbolorum,

2114 1840 2501 1910 benignitatem
2526 1838 2590 1894 ¹¹.
2636 1838 2750 1911 Ego
2774 1842 2931 1905 enim,
2983 1842 3176 1911 inquit,
3202 1843 3413 1912 disputo
3436 1842 3691 1913 justitiam

2114 1940 2178 2008 et
2183 1931 2447 2000 judicium
2474 1931 2735 2007 salutaris.
2766 1931 2817 1985 ιι.
2846 1931 3012 1987 Miror
3037 1942 3241 1996 autem,
3271 1916 3399 2002 quia
3445 1942 3502 1989 et
3541 1934 3695 1989 caele

2114 2024 2277 2079 stium
2304 2024 2662 2078 essentiarum
2712 2025 2941 2092 primae,
2970 2033 3020 2079 et
3077 2033 3289 2078 tantum
3326 2025 3491 2079 simul
3517 2041 3692 2080 omnes

2116 2116 2584 2188 supereminentes
2620 2115 2950 2172 thearcbicis
2972 2114 3481 2182 illuminationibus,
3507 2125 3564 2171 ut
3585 2132 3688 2171 me-

2115 2202 2293 2261 diatae
2314 2205 2660 2275 quaestiones
2682 2214 2991 2260 reverenter
3010 2202 3346 2275 appetant".
3372 2204 3581 2260 Etenim
3595 2220 3687 2259 non

2116 2295 2241 2351 inde
2285 2296 2640 2367 interrogant,
2687 2312 2852 2367 quare
2896 2295 2974 2349 tui
3026 2296 3184 2350 rubra
3206 2295 3529 2362 vestimenta,
3563 2297 3688 2367 apud

2115 2385 2324 2454 seipsas
2351 2401 2478 2441 vero
2498 2386 2797 2441 deliberant
2818 2394 2943 2441 ante
2965 2386 3321 2457 interrogare,
3347 2388 3687 2442 ostendentes

2114 2476 2356 2546 quidem,
2384 2477 2507 2545 quia
2548 2477 2785 2544 discunt,
2831 2486 2889 2531 et
2918 2475 3164 2532 deiﬁcam
3211 2479 3497 2533 scientiam
3535 2494 3684 2549 appe-

2117 2571 2256 2629 tunt,
2287 2580 2394 2620 non
2430 2574 2608 2620 autem
2646 2564 3021 2636 praesilieutes
3058 2582 3157 2638 per
3201 2567 3441 2622 divinam
3477 2583 3685 2638 preces.

2115 2656 2323 2712 sionem
2371 2657 2594 2711 inditam
2648 2657 3119 2714 illuminationem.
3180 2657 3298 2714 Non
3349 2674 3482 2728 ergo
3530 2661 3691 2730 prima

2114 2745 2427 2801 caelestium
2465 2746 2832 2802 intellectuum
2884 2746 3151 2803 lerarcltia
3189 2749 3256 2823 ab
3297 2748 3413 2818 ipsa
3454 2749 3694 2805 theletar—

2116 2838 2236 2891 cbia
2262 2837 2622 2901 sanctiﬁcata,
2654 2852 2761 2906 quo
2793 2837 2847 2891 in
2876 2854 2994 2893 eam
3027 2837 3340 2894 immediate
3372 2828 3691 2902 extenditur,

2114 2930 2453 2985 sanctissima
2486 2931 2532 2970 ¹δ
2586 2930 2901 3001 purgatione
2940 2929 3110 2984 mul:o
3150 2930 3352 2985 lumine
3398 2929 3693 3001 anteperl‘e«

2116 3027 2235 3073 ctae
2277 3019 2757 3074 consummationis
2796 3019 3269 3089 proportioualitcr
3304 3036 3427 3075 eam
3457 3020 3692 3091 impletis,

424 3120 521 3165 aut
549 3083 989 3165 intellectualiutn
1010 3106 1426 3179 speeulationes,
1454 3083 1712 3177 nequeut
1749 3083 2013 3164 varietate
2039 3083 2085 3145 ο
2116 3092 2375 3180 purgatur
2398 3117 2453 3163 et
2490 3083 2824 3164 illuminatur
2869 3083 2924 3164 et
2967 3109 3268 3180 perficitur,
3307 3112 3456 3166 omni
3491 3083 3693 3181 quidem

424 3217 614 3257 sacrae
632 3200 949 3272 Scripturae
966 3199 1210 3256 theoriae
1223 3200 1277 3253 in
1294 3199 1533 3254 divinum
1555 3199 1822 3262 reductas,
1842 3200 1936 3255 sed
1959 3209 2018 3254 ut

424 3276 949 3365 numi’innnateriali
996 3289 1221 3345 scientia
1267 3289 1475 3345 altioris
1514 3270 1734 3345 luminis
1764 3290 2015 3358 repletas,

425 3391 481 3435 et
505 3382 798 3435 lormilicae
825 3390 881 3434 et
910 3380 1218 3450 principalis
1242 3374 1677 3449 pulchritudinis,
1692 3387 1745 3434 et
1764 3394 2017 3449 superes-

427 3470 675 3526 senti-alis
724 3482 777 3524 et
826 3468 1138 3523 terlncentis
1183 3469 1204 3499 ⁸
1238 3468 1711 3538 contemplatione,
1758 3478 2017 3537 quantum

429 3563 510 3616 t‘as
537 3572 636 3624 est,
674 3559 903 3617 refertas
926 3600 941 3624 ,
974 3558 1466 3615 communicatione
1494 3567 1674 3612 autem
1702 3557 1829 3613 Jesu
1869 3558 2021 3612 simi-

430 3652 556 3706 litcr
584 3650 744 3720 digne
773 3639 968 3712 factas,
1026 3664 1130 3702 non
1176 3647 1229 3699 in
1258 3646 1588 3717 imaginibus
1632 3661 1787 3702 sacre
1831 3647 1971 3703 lictis
1995 3649 2018 3681 "

431 3745 717 3800 formative
764 3745 996 3813 ligurant
1047 3742 1295 3796 deiticam
1342 3740 1768 3804 similitudinem,
1821 3738 1914 3794 sed
1962 3745 2022 3793 ut

432 3851 563 3892 vere
627 3835 725 3904 ipsi
790 3834 1229 3904 approxituautes
1276 3831 1330 3885 in
1386 3831 1557 3899 prima
1607 3829 2021 3900 participatione

431 3927 690 3982 scientiae
713 3925 965 3980 tleilicdm
995 3920 1115 3993 ejus
1139 3922 1403 3976 luminum
1425 3922 1537 3987 ',et
1562 3910 1687 3990 quia
1707 3922 1814 3974 Deo
1845 3919 2021 3975 simile

430 4019 564 4088 ipsis
611 4015 1006 4085 subiectissime
1059 4014 1081 4045 '
1110 4014 1368 4069 donatum
1397 4022 1501 4079 est,
1525 4021 1582 4067 et
1617 4010 2023 4067 communicant

431 4105 764 4175 huiusmodi,
817 4112 876 4157 ut
921 4101 1193 4173 possibile,
1245 4100 1299 4156 in
1344 4098 1775 4171 praeoperatricc
1823 4098 2022 4153 virtute

431 4195 641 4251 deil‘tcis
686 4193 852 4264 ipsius
887 4200 942 4247 et
986 4191 1237 4245 immanis
1273 4190 1586 4244 virtutibus.
1630 4184 1904 4242 Perfectas
1927 4202 2023 4240 au-

410 4295 540 4342 ‘tem
593 4284 868 4347 similiter,
912 4296 1017 4335 non
1071 4290 1130 4335 ut
1172 4295 1327 4335 sacra
1376 4280 1641 4333 varietate
1694 4273 2020 4347 analyticam

433 4375 716 4431 scientiam
764 4372 1114 4435 illuminatas,
1162 4367 1258 4422 sed
1304 4377 1362 4422 ut
1396 4368 1602 4438 primae
1631 4374 1686 4421 et
1724 4366 2022 4434 superemi-

2120 3199 2476 3253 tninoratione
2497 3214 2653 3268 pura,
2679 3199 2838 3271 primi
2869 3214 2993 3255 vero
3020 3186 3236 3255 luminis
3261 3201 3441 3272 plena,
3457 3212 3507 3255 ct
3527 3202 3693 3273 primo

2119 3288 2298 3367 datam
2324 3284 2683 3360 cognitionem
2707 3299 2763 3345 et
2788 3290 3068 3346 scientiam
3092 3291 3423 3361 participans
3444 3273 3688 3361 perlecta.

2072 3419 2076 3422 ι
2118 3377 2597 3449 Compreltendens
2638 3392 2820 3435 autem
2846 3391 2901 3436 et
2933 3381 3036 3436 hoc
3060 3380 3289 3436 dixerim
3327 3381 3570 3437 fortassis
3592 3398 3687 3437 non
3756 3384 3761 3390 ’

2121 3469 2414 3534 immerito,
2443 3470 2567 3538 quia
2598 3479 2650 3524 et
2677 3470 2924 3539 purgatio
2943 3479 3044 3534 est,
3068 3479 3124 3526 et
3145 3469 3483 3536 illuminatio,
3504 3481 3559 3526 et
3579 3486 3689 3541 per-

2120 3558 2280 3613 fectio
2333 3559 2547 3615 divinae
2581 3560 2840 3615 scientiae
2866 3561 3183 3632 assumptio,
3231 3561 3532 3632 ignorantia
3576 3563 3689 3632 qui-

2121 3649 2242 3702 dem
2268 3657 2452 3718 utpote
2478 3664 2733 3719 purgans,
2755 3649 3049 3705 secundum
3070 3649 3315 3706 ordinem
3335 3651 3501 3720 indita
3523 3653 3688 3707 scien-

2124 3740 2195 3793 tia
2222 3740 2606 3809 perfectiorum
2628 3740 2994 3813 doctrinarum
3012 3781 3028 3806 ,
3048 3740 3361 3797 illuminans
3382 3753 3556 3797 autem
3586 3742 3689 3811 ipsa

2123 3829 2303 3883 divina
2352 3830 2678 3900 cognitione,
2726 3844 2825 3900 per
2863 3824 3026 3901 quam
3055 3838 3114 3885 et
3152 3841 3353 3903 purgat
3397 3846 3500 3887 non
3549 3832 3691 3901 prius

2122 3918 2577 3999 contemplantem
2603 3919 2670 3985 ¹⁸,
2721 3934 2883 3991 quam
2947 3919 3257 3999 manifestat
3307 3936 3407 3990 per
3460 3921 3689 3977 altiorem

2124 3998 2607 4074 illuminationem,
2653 4017 2711 4063 et
2759 4007 3048 4079 pet-ﬁciens
3094 3998 3293 4064 iterum
3344 4010 3463 4081 ipso
3502 4010 3692 4063 lumine

2123 4099 2419 4154 secundum
2469 4098 2712 4154 habitum
2742 4098 2968 4155 scientia
3013 4099 3466 4156 lucidissimarum
3503 4101 3693 4156 doctri-

2124 4203 2337 4242 narum.
2354 4187 2472 4258 lpsa
2495 4203 2624 4259 ergo
2637 4198 2740 4254 est,
2766 4199 3025 4260 quantum
3045 4191 3111 4245 ad
3133 4201 3375 4247 nostram
3400 4192 3689 4255 scientiam,

2121 4279 2295 4349 prima
2325 4280 2639 4335 caelestium
2669 4280 3027 4335 essentiarum
3048 4281 3352 4351 dispositio,
3384 4283 3438 4336 in
3473 4281 3687 4337 circuitu

2125 4369 2219 4423 Dei
2245 4378 2299 4424 et
2327 4370 2469 4425 circa
2498 4368 2664 4423 Deum
2688 4368 3194 4445 immediate'stans,
3227 4379 3286 4425 et
3304 4358 3611 4442 simpliciter
3635 4380 3689 4422 et

435 4464 612 4519 uentis
660 4460 1018 4516 deilicationis
1077 4457 1333 4527 repletas,
1365 4443 2458 4512 secundum'escelsissi-Dincessanter
2508 4443 2836 4513 circumiens
2880 4467 3156 4512 aeternam
3217 4458 3338 4529 ejus
3393 4458 3684 4519 scientiam,

436 4568 579 4606 mam
620 4551 688 4616 ¹⁰,
728 4548 991 4622 quantum
1036 4550 1089 4605 in
1136 4547 1384 4619 angelis,
1434 4546 1737 4602 divinorum
1790 4560 2014 4615 operum

436 4644 739 4698 scientiam.
756 4640 872 4697 Non
887 4642 1031 4697 enim
1049 4656 1144 4711 per
1157 4639 1291 4694 alias
1305 4646 1523 4694 sanctas
1535 4653 1691 4692 essen
1700 4635 1823 4701 tias,
1838 4651 1896 4689 se
1918 4637 1930 4688 i
1948 4636 2017 4690 ab

436 4733 555 4803 ipsa
584 4733 862 4787 tltearchia
890 4732 1276 4795 sanctilicatae,
1303 4729 1356 4784 in
1378 4729 1547 4799 ipsam
1580 4728 1887 4784 immediate
1915 4744 2011 4784 ex-

440 4825 750 4889 tenduntur,
767 4840 956 4879 omnes
970 4824 1033 4856 ¹⁰⁶
1063 4820 1484 4892 super'eminenti
1511 4821 1710 4875 virtute
1733 4829 1787 4874 et
1804 4820 2016 4887 ordine,

437 4925 494 4971 et
515 4918 582 4971 ad
609 4917 965 4971 castissimam
993 4917 1216 4971 omnino
1234 4914 1617 4988 fortitudinem
1658 4914 2015 4982 collocantur,

2121 4549 2414 4605 secundum
2462 4547 2994 4614 excellentissimam,
3048 4559 3311 4619 quantum
3368 4551 3424 4605 in
3474 4548 3685 4620 angelis,

2120 4656 2335 4710 semper
2385 4640 2635 4696 mobilem
2659 4641 2704 4673 ¹⁶
2729 4636 3160 4707 collocationem,
3191 4640 3391 4696 multas
3412 4642 3616 4711 quidem
3634 4647 3685 4692 et

2120 4733 2308 4788 beatas
2333 4732 2519 4788 videns
2565 4749 2697 4802 pure
2743 4731 3240 4803 contemplationes,
3271 4734 3463 4804 simple
3489 4747 3607 4787 vero
3633 4740 3685 4784 et

2122 4825 2434 4883 immediato
2468 4824 2674 4897 fulgore
2697 4826 2738 4858 ¹⁷
2766 4825 3085 4891 illuminata,
3129 4835 3184 4879 et
3225 4826 3409 4880 divino
3444 4826 3685 4880 alimento

2123 4910 2357 4988 repleta;
2384 4917 2551 4971 multa
2580 4916 2798 4986 qttidcm
2823 4917 2999 4986 primo
3021 4916 3144 4970 data
3171 4914 3402 4983 fusione,
3425 4916 3531 4972 sola
3560 4928 3684 4968 vero

1722 5047 1979 5105 VARIAE
2019 5050 2311 5108 LECTION
2317 5049 2420 5105 ES.
3348 5124 3353 5128 ⁸

555 5142 665 5199 Sic.
706 5142 885 5203 codd.,
911 5142 949 5195 A
990 5156 1385 5211 prosequamur.
1462 5150 1482 5181 ι
1506 5140 1584 5193 Α·
1615 5139 1876 5211 figurant
1902 5140 2193 5211 prapriam.
2247 5139 2288 5211 _'
2317 5137 2364 5193 Α
2392 5139 2747 5211 materialiunt
2768 5149 3089 5211 receptarum
3110 5141 3521 5211 plumlasmrum.
3550 5143 3614 5211 Mf
3637 5135 3676 5188 Α

884 5212 905 5243 ⁸
939 5214 1005 5265 Α*
1031 5210 1543 5263 excellentissimam.

1276 5280 1320 5311 '°
1344 5282 1404 5333 Α·
1432 5279 1689 5333 omnibus.

440 5214 807 5269 diminutione.

440 5285 488 5317 ¹⁰
513 5284 624 5337 A'E
669 5281 1176 5338 excellentissimum.

440 5363 617 5406 tatem.
752 5353 796 5384 ¹³
817 5355 859 5407 Λ
884 5360 1150 5422 appetunt.
1242 5419 1267 5422 *ν
1288 5348 1333 5380 ¹⁸

442 5424 485 5456 ⁸⁷
523 5422 615 5477 ΛΕ
636 5422 849 5481 simulas
873 5419 988 5477 vero
1001 5419 1360 5475 etimmcdiate
1386 5420 1648 5489 fulgores.

1619 5207 1740 5261 ‘Bll
1764 5207 2111 5277 perlucentis.
2175 5210 2195 5239 ⁷
2232 5207 2298 5261 A‘
2332 5208 2658 5277 sacrefnctis.
2732 5209 2754 5240 "
2790 5210 2830 5262 A
2863 5210 3060 5262 lurnen.

1790 5277 1830 5307 “
1869 5279 1915 5329 A
1942 5278 2204 5341 doctrina,
2237 5277 2277 5331 E
2305 5278 2592 5332 doctrinas.

1375 5365 1477 5418 quo
1524 5350 1579 5401 in
1618 5365 1731 5403 eam
1752 5377 1816 5386 —
1849 5350 2181 5403 sanctissima
2206 5363 2318 5404 om.
2348 5347 2457 5402 ΒΗ.

3135 5212 3155 5243 ⁹
3189 5211 3231 5277 Δ
3263 5205 3677 5277 subuanlinliter.

2684 5279 2727 5311 "
2768 5280 2858 5334 Sic
2886 5277 3048 5344 ABE;
3080 5277 3124 5332 Η
3154 5274 3682 5347 benignamhumnni-

2584 5349 2632 5381 ¹⁸
2669 5347 2713 5403 ιι
2750 5347 3158 5419 contemplatire.
3242 5362 3250 5375 ι
3284 5344 3341 5379 ’⁸⁸
3374 5346 3460 5402 Bll
3483 5344 3677 5399 mobile.

1946 5509 2125 5567 NOTA
2136 5511 2195 5567 E.

513 5621 539 5650 ι
579 5608 720 5664 Psal.
759 5607 941 5663 XXIII.

2192 5601 2219 5642 δ
2257 5602 2423 5659 lsaiae
2454 5602 2633 5658 LXlll.
3488 5656 3500 5662 ,
3592 5640 3655 5661 Α
