3952 6162
260 307 395 365 I033

861 296 1107 358 VERSIO
1162 290 1448 356 OPERUH
1486 288 1542 353 S.
1585 294 1900 352 DIONYSII.
1929 289 2396 352 —-CAELESTIS
2433 292 2821 351 IERARCHIA.

3393 292 3527 348 40.35

254 416 547 474 domestica
614 406 669 468 ei
727 413 923 468 uuilica
976 412 1191 468 divinae
1229 408 1542 465 rcfectionis
1584 407 1825 463 unitate:
1856 412 1903 470 Α
1931 407 2000 462 ab
2045 407 2293 463 universa
2335 406 2811 473 dissimilitudine,
2854 414 2916 462 ct
2961 405 3301 478 kyriarebiac
3353 408 3529 465 ilices-

252 506 529 575 multaque
568 504 945 559 communione
976 503 1069 557 Dei
1098 509 1153 557 et
1174 499 1555 571 cooperatione
1581 499 1738 568 digna
1766 498 1841 552 ef-

227 594 499 658 ‘feeta,ad
529 608 668 655 eam,
700 602 758 646 ut
781 590 1055 662 possibile,
1084 588 1491 644 similitudinem
1509 589 1554 663 ,ί
1577 587 1841 642 bonarum

255 681 630 739 babitudinum
665 689 720 734 et
749 678 1018 734 actionum
1050 696 1064 732 :
1105 676 1378 746 multaque
1403 676 1705 730 divinorum
1747 690 1839 729 su-

254 772 533 845 perposite
562 784 915 841 cognoscens,
954 778 1007 823 et
1032 768 1244 822 divinae
1276 766 1535 821 scientiae
1574 774 1629 820 et
1657 764 1840 836 cogni-

250 863 415 918 tionis
442 862 497 918 in
517 860 949 932 participatione,
969 857 1264 913 secundum
1282 857 1425 926 quod
1450 855 1534 912 fas
1553 867 1656 921 est,
1676 856 1836 910 facta.

245 955 540 1026 Propterea
565 964 621 1008 et
645 952 832 1007 laudes
863 952 1027 1020 ipsius
1049 949 1318 1021 theologia
1354 949 1460 1014 his,
1483 948 1572 1018 qui
1604 949 1655 1002 in
1688 958 1835 1001 terra

244 1054 398 1109 sunt,
452 1044 717 1123 tradidit“
743 1043 796 1096 in
840 1042 1035 1111 quibus
1086 1040 1407 1094 mirabiliter
1458 1036 1838 1093 manifeStatur

243 1134 647 1190 excelsissimae
699 1133 865 1203 ipsius
909 1130 1316 1185 illuminationis
1358 1130 1674 1184 eminentia.
1727 1129 1833 1183 Alii

242 1227 466 1296 quidem
496 1226 633 1293 eius,
665 1225 994 1281 sensibiliter
1011 1224 1213 1289 dicere,
1238 1232 1509 1292 tamquam
1541 1238 1644 1277 vox
1669 1237 1835 1291 aqua-

240 1331 370 1369 rum
423 1316 651 1370 reboant
693 1331 706 1368 :
736 1314 1020 1369 Benedicta
1040 1313 1210 1383 gloria
1238 1311 1450 1367 Domini
1480 1329 1547 1368 ex
1572 1313 1690 1367 loco
1712 1329 1829 1367 suo.

236 1409 543 1463 Aliiautem
567 1407 709 1462 illam
736 1406 889 1461 valde
911 1404 1231 1461 laudabilem
1257 1415 1312 1459 et
1332 1404 1629 1474 piissimam
1663 1403 1833 1459 recla-

237 1510 399 1555 mant
421 1499 771 1570 theologiam:
797 1496 1043 1561 Sanctus,
1067 1509 1299 1562 sanctus,
1314 1507 1549 1563 sanctus,
1575 1496 1831 1552 Dominus

235 1587 500 1653 Sabaoth,
529 1587 683 1657 plena
710 1588 879 1640 omnis
928 1594 1068 1639 terra
1097 1586 1267 1656 gloria
1317 1585 1479 1648 ipsius
1510 1598 1557 1639 ιι.
1601 1585 1708 1640 llas
1735 1600 1835 1639 au-

235 1688 355 1734 tem
415 1678 811 1734 excelsissimas
848 1676 1158 1732 caelestium
1205 1677 1508 1731 animorum
1550 1677 1830 1748 bymnolo-

1945 504 2128 550 santer
2157 504 2520 566 appetentem,
2549 504 2605 551 et
2631 497 2698 550 ad
2734 496 2903 565 ipsam
2952 496 2973 528 ⁷
3005 496 3148 549 illius
3177 496 3345 566 ipsius
3371 494 3549 551 natu?

1944 585 2129 640 raliter
2157 585 2504 640 subsistenlis
2533 586 2747 641 virtutis
2782 586 3188 640 similitudinem
3208 627 3221 650 ,
3267 597 3526 656 quantum

1940 676 2217 747 possibile,
2252 686 2307 729 et
2335 677 2570 746 seipsam
2598 686 2653 732 et
2681 692 2821 748 quae
2849 685 2969 748 post
2997 691 3118 731 eam
3152 686 3300 741 sunt,
3332 677 3531 735 deifor-

1940 766 2101 821 miter
2130 766 2559 821 conformantem
2579 807 2594 834 ,
2634 768 2702 822 ad
2734 766 2935 821 nullum
2965 781 3102 822 vana
3143 766 3165 799 ⁸
3199 767 3490 822 videntium
3511 808 3527 834 ,

1939 856 2035 917 sed
2065 858 2132 911 ad
2161 859 2377 927 proprie
2408 856 2461 914 ὂν
2490 859 2796 914 universale
2834 875 3149 915 conversam
3169 900 3185 923 ,
3228 869 3284 914 et
3311 861 3526 931 kyriar-

1937 945 2125 1000 cliicae
2140 961 2354 1016 semper
2374 947 2759 1003 deiformitatis
2788 950 2839 1002 in
2864 948 3304 1018 participatione,
3333 964 3528 1004 secun-

1937 1038 2063 1092 dum
2094 1040 2236 1109 quod
2285 1040 2541 1108 possibile
2586 1049 2711 1104 est,
2765 1040 2863 1109 ipsi
2917 1041 3134 1095 factam.
3190 1041 3361 1111 Ipsam
3394 1055 3524 1097 vero

1936 1136 2248 1182 sanctarum
2284 1129 2556 1182 Virtutum
2589 1129 2785 1183 fortem
2821 1130 3089 1198 quandam
3128 1138 3183 1183 et
3218 1130 3521 1184 incommu-

1936 1220 2156 1276 tabilem
2211 1222 2565 1286 virilitatem,
2629 1222 2682 1276 iu
2744 1238 2935 1278 omnes
2982 1223 3275 1277 secundum
3334 1239 3522 1277 earum

1933 1310 2354 1367 deiformitatem
2382 1312 2748 1381 operationes,
2799 1314 2866 1367 ad
2898 1313 3095 1367 nullam
3124 1314 3521 1382 susceptionem

1936 1403 2226 1459 inditarum
2258 1406 2307 1460 ei
2351 1406 2655 1461 divinarum
2693 1404 3148 1459 illuminationum
3180 1405 3523 1459 imhccilliter

1933 1490 2277 1549 informatam
2313 1500 2355 1559 ο,
2376 1502 2626 1564 potenter
2646 1495 2701 1549 in
2728 1494 3084 1549 imitationem
3109 1494 3199 1548 Dei
3223 1495 3520 1562 reductam,

1933 1600 2039 1639 non
2094 1584 2485 1654 relinquentem
2534 1586 2732 1640 suimet
2782 1585 3150 1640 imbecillitate
3201 1585 3517 1639 deifnrmem

1934 1684 2138 1730 motum
2159 1717 2175 1741 ,
2208 1678 2300 1731 sed
2334 1676 2564 1732 firmiter
2609 1675 2872 1732 ferentem
2923 1676 3146 1746 insuper
3174 1664 3519 1733 esseiitialem

237 1770 365 1838 gias
390 1769 502 1839 jam
518 1768 734 1838 quidem
764 1768 816 1821 in
839 1766 1076 1837 hisquae
1105 1775 1231 1821 sunt
1257 1768 1324 1823 de
1343 1767 1539 1823 divinis
1563 1767 1827 1832 laudibus,
1860 1770 1906 1829 B
1933 1774 1988 1820 et
2005 1765 2380 1834 .poteutilicam
2413 1766 2668 1821 virtutem
2693 1807 2709 1831 ,
2760 1775 2817 1822 et
2863 1767 3032 1837 ipsius
3079 1768 3367 1838 imaginem
3410 1768 3524 1822 vir-

234 1867 505 1928 quantum
550 1857 823 1928 possibile,
874 1857 1209 1927 aperuimus,
1239 1866 1293 1911 et
1344 1858 1365 1889 ⁸
1405 1856 1607 1912 dictum
1640 1867 1722 1913 est
1762 1858 1830 1914 de

232 1948 326 2004 his
358 1949 411 2003 in
431 1948 554 2013 illis,
570 1957 827 2019 quantum
845 1947 911 2001 ad
928 1945 1407 2016 nos,sulllcienter.
1446 1947 1521 2002 Ex
1548 1947 1744 2018 quibus
1774 1947 1829 2002 in

234 2040 703 2096 admonitionem‘
738 2038 933 2096 sullicit
1010 2039 1192 2094 dicere
1260 2049 1465 2094 tantum
1536 2041 1828 2095 secundum

232 2148 499 2213 praesens
537 2142 746 2203 tempus
769 2174 785 2199 ,
830 2133 955 2203 quia
987 2132 1341 2203 theologicam
1364 2132 1647 2189 scientiam
1671 2131 1694 2165 ⁸
1715 2134 1829 2203 ipsa

233 2224 419 2295 prima
479 2224 783 2295 dispositio,
835 2234 1095 2296 quantum
1154 2224 1256 2287 fas,
1313 2223 1613 2279 illuminata
1669 2233 1750 2280 est
1797 2240 1829 2281 a

235 2315 557 2370 thearcbica
590 2316 850 2383 bonitate,
894 2332 1033 2387 quae
1069 2329 1325 2388 tanquam
1354 2317 1631 2372 deiformis
1659 2318 1830 2373 lerar-

234 2404 386 2469 chia,
417 2414 473 2460 et
500 2404 622 2461 aliis
664 2406 879 2476 quidem
912 2407 1136 2461 eandem
1182 2406 1375 2461 deinde
1404 2406 1643 2468 tradidit,
1699 2407 1827 2463 illud

232 2511 338 2565 per
366 2497 689 2553 brevitatem
731 2499 913 2554 dicere
962 2499 1450 2565 subintroducens,
1487 2500 1657 2569 ipsam
1700 2501 1830 2571 piis—

230 2588 436 2642 simam
462 2597 518 2644 et
552 2590 1037 2658 superlaudabilem
1061 2599 1116 2646 et
1138 2576 1619 2645 laudabilissintam
1651 2592 1831 2647 tbear-

231 2679 419 2733 cbiam
445 2678 526 2734 fas
554 2690 637 2735 est
656 2681 990 2736 benedictum
1012 2695 1131 2736 esse
1155 2696 1184 2735 a
1206 2681 1543 2746 tbeodocbis,
1567 2691 1825 2751 quantum

226 2767 500 2835 possibile
527 2770 775 2839 cognosci
806 2778 863 2825 et
888 2770 1097 2824 laudari
1127 2770 1512 2825 intellectibus.
1551 2770 1651 2841 Ipsi
1678 2772 1823 2826 enim

227 2866 365 2910 sunt
380 2866 636 2928 tanquam
650 2858 940 2915 deiformes
954 2860 1119 2915 divini
1132 2859 1233 2915 loci
1256 2860 1615 2925 thearcbicae,
1634 2871 1687 2915 ut
1708 2862 1823 2917 elo-

229 2947 363 3015 quia
391 2946 545 3000 aiunt
574 2947 626 3013 δ,
648 2949 867 3018 quietis.
901 2950 965 3004 Et
987 2950 1113 3019 quia
1132 2964 1321 3005 monas
1345 2950 1691 3006 e’stetunitas
1714 2961 1825 3008 tres

228 3039 687 3101 substantialiter.
745 3049 802 3096 et
837 3040 1323 3111 supercaelestibus
1371 3043 1624 3098 essentiis
1653 3058 1823 3112 usque

1934 1858 2063 1914 tntis
2081 1859 2123 1891 ¹⁰
2146 1859 2396 1924 similem,
2415 1860 2569 1930 juxta
2597 1861 2741 1930 quod
2769 1861 2913 1927 licet,
2942 1860 3235 1928 factam,et
3258 1864 3324 1917 ad
3351 1863 3520 1934 ipsam

1930 1948 2145 2017 quidem
2170 1957 2230 2003 ut
2250 1950 2601 2019 principalem
2624 1951 2885 2005 virtutum
2909 1961 3161 2021 potenter
3178 1967 3521 2017 conversam,

1931 2040 1998 2093 ad
2046 2040 2340 2095 secundam
2370 2056 2499 2095 vero
2528 2042 2745 2099 virtutis
2787 2042 3046 2098 datrieem
3090 2053 3144 2098 et
3187 2044 3524 2100 deiformittr

1930 2130 2361 2201 provenientem.
2414 2130 2591 2201 Ipsam
2622 2141 2803 2188 autem
2833 2142 3148 2187 sanctarum
3183 2132 3517 2188 Poteslatum

1930 2222 2368 2292 aequipotentem
2410 2223 2716 2278 divinarum
2760 2224 3193 2279 Dominationum
3241 2236 3296 2279 et
3338 2224 3523 2279 Virtu-

1932 2321 2044 2367 tum
2101 2315 2237 2369 bene
2288 2326 2535 2369 ornatam
2591 2324 2648 2371 et
2700 2313 3037 2370 inconfusam
3104 2315 3251 2370 circa
3306 2317 3522 2371 divinas

1930 2406 2303 2474 susceptioues
2342 2407 2740 2462 ordinationem
2768 2447 2783 2471 ,
2834 2415 2890 2462 et
2929 2408 3232 2462 ordinatam
3261 2408 3301 2439 “
3333 2422 3521 2476 super-

1932 2495 2233 2551 mundanae
2262 2506 2318 2551 et
2347 2498 2730 2553 intellectualis
2756 2498 3065 2569 potestatis,
3096 2514 3204 2554 non
3224 2500 3519 2570 tyrannice

1929 2588 1986 2642 in
2018 2603 2117 2652 ea,
2166 2604 2306 2658 tntae
2348 2588 2605 2645 inferiora
2647 2600 2809 2656 sunt,
2861 2590 3201 2660 potestalivis
3230 2591 3521 2647 virtutibus

1928 2679 2350 2747 praecipitatae,
2409 2681 2503 2736 sed
2552 2690 2802 2751 potenter
2856 2681 2911 2737 in
2967 2683 3146 2737 divina
3201 2691 3325 2752 post
3380 2683 3517 2737 bene

1928 2766 2210 2822 ordinatas
2240 2769 2513 2835 reductae,
2547 2780 2603 2826 et
2629 2778 2754 2840 post
2791 2784 2851 2827 se
2878 2770 3216 2827 deil‘ormiter
3254 2771 3517 2827 reducen~

1929 2856 2029 2920 tis,
2066 2866 2121 2911 et
2158 2858 2224 2910 ad
2264 2859 2631 2928 pntentilicam
2664 2860 3099 2926 exusiarchiam,
3132 2872 3396 2930 quantum
3436 2860 3518 2915 fas

1926 2954 2030 3009 est,
2062 2946 2416 3013 assimilatae,
2457 2957 2513 3002 et
2538 2962 2690 3012 eam,
2724 2957 2777 3001 ut
2810 2936 3335 3019 possibile,’angelis
3364 2963 3518 3003 reve-

1926 3036 2088 3093 Iantis
2138 3040 2189 3093 in
2242 3040 2377 3095 bene
2408 3041 2677 3096 ordinatis
2704 3041 2745 3072 ¹²
2777 3056 2873 3111 per
2903 3042 3072 3110 ipsam
3105 3042 3386 3096 ordinibus
3417 3057 3514 3111 pn-

227 3129 532 3185 novissima
560 3139 737 3187 terrae
752 3131 1049 3187 extendens
1062 3130 1359 3187 bonitatem
1373 3147 1523 3187 suam
1542 3134 1593 3187 in
1614 3136 1816 3200 omnia,
1847 3135 1893 3197 ο
1926 3128 2175 3181 testativa
2205 3129 2423 3183 virtute.
2464 3129 2570 3184 llas
2601 3131 2807 3186 habens
2838 3129 3128 3184 deiformes
3155 3131 3518 3200 proprietates

225 3237 375 3293 quae
397 3231 543 3286 sunt,
559 3212 971 3293 providentiam,
990 3233 1242 3293 tanquam
1259 3226 1435 3280 omnis
1445 3224 1711 3280 essentiae
1729 3241 1822 3279 su-

226 3312 631 3382 perprincipale
655 3314 974 3383 principium
1002 3323 1059 3370 et
1088 3330 1272 3380 causa,
1302 3298 1357 3371 et
1380 3315 1620 3369 omnium
1635 3330 1823 3385 snper-

223 3401 599 3457 essentialiter
614 3402 1040 3460 immensurabili
1064 3404 1398 3459 continentia
1414 3403 1819 3475 circumligans.

736 3516 1135 3574 CAPITULUM
1186 3518 1317 3575 VIII.

220 3644 307 3700 De
338 3645 794 3703 Dominationibus
820 3660 866 3704 et
888 3649 1178 3704 Virtutibus
1204 3661 1251 3705 et
1282 3650 1654 3718 Potestatt'bus,
1680 3660 1728 3705 et
1755 3651 1820 3706 de

665 3720 833 3773 media
865 3718 1045 3775 earnm
1079 3720 1199 3774 Icra
1209 3720 1374 3775 rcltia.
1704 3718 1709 3723 ’

296 3851 713 3908 Transeundum
744 3863 923 3909 autem
965 3869 1107 3909 nunc
1145 3853 1301 3908 nobis
1337 3856 1390 3909 in
1430 3854 1663 3910 mediam
1694 3870 1819 3910 cae-

196 3943 452 4000 ‘Iestium
500 3946 865 4002 intellectuum
912 3948 1360 4017 dispositionem,
1416 3948 1819 4004 Dominationes

217 4032 353 4087 illas
383 4037 833 4103 supermumlanis
860 4036 1062 4101 oculis,
1103 4046 1359 4107 quantum
1389 4036 1675 4107 possibile,
1722 4052 1820 4093 ex-

214 4123 571 4194 piorantibus
592 4164 608 4188 ,
655 4133 712 4179 et
738 4137 866 4179 vere
892 4126 1128 4195 potentia
1162 4126 1527 4197 speculamina
1550 4126 1571 4157 '
1600 4125 1814 4181 divina-

216 4229 348 4266 rum
382 4211 716 4267 Potestatum
768 4224 824 4269 et
865 4213 1150 4270 Virtutum.
1210 4216 1422 4270 Etenim
1462 4230 1816 4284 unaquaeque

212 4317 395 4371 super
425 4319 523 4356 nos
549 4304 902 4358 essentiarum
930 4307 1328 4376 cognominatio
1366 4307 1461 4362 Dei
1497 4306 1817 4363 imitatorias

212 4410 418 4448 earum
447 4396 714 4465 significat
741 4398 1034 4455 deiformes
1063 4399 1439 4469 proprietates.
1496 4398 1663 4467 Igitur
1690 4414 1817 4453 sau-

1925 3217 2101 3272 media
2154 3217 2468 3273 caelestium
2522 3220 2827 3274 animorum
2894 3220 3180 3289 dispositio
3255 3230 3518 3290 purgatur

1923 3306 2140 3375 quidem
2190 3316 2243 3361 et
2289 3307 2624 3363 illuminatur
2650 3317 2706 3364 et
2730 3308 3025 3378 perficitur,
3059 3309 3514 3380 quemadmodum

1923 3395 2125 3450 dictum
2155 3406 2258 3460 est,
2303 3386 2334 3450 εἰ
2382 3398 2582 3453 divinis
2624 3398 3131 3464 illuminationibus,
3176 3397 3364 3454 inditis
3410 3399 3513 3455 sibi

1921 3490 2161 3545 secundo
2195 3505 2293 3559 per
2322 3490 2553 3561 primam
2586 3491 2945 3547 lerarcbicam
2976 3491 3420 3561 dispositionem,
3459 3502 3516 3546 et

1919 3597 2018 3652 per
2063 3582 2291 3638 mediam
2336 3584 2481 3638 illam
2529 3584 2764 3640 secunda
2812 3582 3249 3638 manifestatione
3297 3582 3512 3637 delatis.

1919 3669 2105 3740 Itaque
2129 3686 2226 3740 per
2249 3673 2414 3727 alium
2447 3672 2741 3729 dictionem
2772 3674 2959 3728 venire
2985 3674 3037 3728 in
3068 3674 3233 3729 alium
3264 3674 3511 3746 angelum

1920 3762 2185 3826 auditum,
2218 3763 2521 3833 symbolum
2552 3764 2814 3821 faciemus
2839 3781 2868 3819 a
2897 3764 3055 3837 longe
3081 3765 3516 3835 superpert‘ectae

1919 3863 1975 3909 et
2023 3871 2119 3924 per
2150 3857 2554 3924 processionem
2603 3857 2847 3912 occultae
2897 3857 2950 3911 in
2998 3858 3283 3928 sequentia
3332 3860 3510 3927 perfe-

1920 3944 2137 3999 ctionis.
2195 3944 2330 3999 Nam
2360 3946 2402 3977 "
2432 3947 2703 4015 sapientes
2735 3946 2882 4001 circa
2926 3961 3116 4001 sacras
3156 3959 3371 4003 nostras
3412 3949 3513 4002 im-

1884 4034 2237 4090 'molaliones
2304 4036 2490 4098 aiunt,
2545 4050 2643 4103 per
2684 4034 2891 4103 seipsas
2928 4034 3175 4089 lucentes
3203 4035 3508 4090 divinorum

1916 4122 2301 4193 plenitudines,
2352 4137 2450 4192 per
2480 4121 2681 4175 alteras
2719 4121 3259 4192 contemplativarum
3290 4124 3511 4191 partici-

1917 4215 2192 4285 patiomuu
2224 4228 2345 4269 esse
2373 4211 2748 4283 perfectiores.
2809 4211 2901 4268 Sic
2942 4213 3169 4267 aestimo
3208 4221 3264 4266 et
3301 4212 3507 4283 angeli-

1916 4320 2102 4360 corum
2132 4305 2384 4359 ordinum
2418 4304 2788 4360 immedialatn
2834 4303 3300 4373 participationem
3333 4306 3509 4373 primo

1917 4397 1970 4451 in
2004 4396 2172 4451 Deum
2202 4405 2579 4460 extentorum,
2610 4394 2991 4466 perfectiorem
3019 4408 3142 4449 esse
3182 4408 3277 4465 per
3309 4395 3509 4449 medie-

211 4494 439 4538 rtarmu
463 4486 898 4543 nominationum
922 4489 1373 4545 manifestativam
1398 4489 1813 4543 nominationem
1845 4472 1890 4532 ί)
1921 4496 2085 4542 tatem
2115 4486 2502 4556 perfer-torum.
2542 4485 2771 4555 Propter
2799 4485 2941 4554 quod
2972 4493 3026 4538 et
3057 4501 3086 4539 a
3116 4494 3299 4539 nostra
3328 4501 3506 4541 sacer—

211 4574 465 4628 aestimo
490 4575 764 4632 declarare
791 4577 1094 4633 absolutam
1121 4580 1393 4648 quandam
1419 4587 1473 4633 et
1496 4578 1641 4633 omni
1670 4578 1815 4649 igno—
1912 4579 2076 4634 dotali
2110 4578 2399 4633 traditione
2424 4575 3072 4646 perfectivae,lucificae,
3103 4585 3157 4629 et
3192 4579 3507 4646 purgativae

211 4665 394 4718 minia
431 4667 808 4724 minorationis
838 4668 1063 4725 liberam
1095 4686 1393 4741 anagogen,
1430 4686 1537 4725 non
1567 4670 1633 4723 ad
1663 4670 1813 4723 simi-

209 4753 513 4810 Iitudinem
546 4757 566 4787 ⁶
586 4761 989 4830 tyrannicarum
1010 4760 1505 4817 dissimilitudimtm
1528 4760 1634 4814 ullo
1656 4761 1814 4814 modo

210 4846 612 4925 universaliter
651 4866 770 4904 eam
818 4852 1167 4916 inclinatam,
1222 4851 1519 4905 liberaliter
1568 4866 1808 4906 severam

211 4934 695 5000 Dominationem,
728 4941 875 4995 omni
906 4942 1201 4995 minutivae
1231 4940 1476 4995 servituti
1509 4939 1808 5011 superposi-

214 5036 363 5093 tam,
391 5043 499 5083 non
527 5029 853 5102 indigentem
879 5034 1227 5105 subiectionis
1252 5034 1448 5099 omnis,
1477 5043 1531 5088 et
1556 5042 1813 5088 remotam

1912 4671 2142 4724 virtutes
2191 4669 2349 4737 primi
2401 4667 2708 4723 intellectus
2753 4665 3105 4720 nominantur
3134 4664 3453 4721 inferiorum
3484 4707 3500 4729 ,

1914 4769 2171 4829 tanquam
2203 4774 2302 4829 per
2331 4773 2389 4813 se
2431 4758 2484 4812 in
2529 4758 2768 4813 omnium
2811 4755 3263 4826 superessentiale
3304 4758 3505 4827 princi-

1917 4853 2064 4924 pium
2092 4853 2459 4917 reductornm,
2481 4861 2533 4906 et
2552 4849 3024 4904 teli-tarchicarum
3059 4847 3102 4879 "
3129 4851 3503 4919 purgatinnum

1914 4953 1970 4999 et
2000 4924 2946 5009 illuminationum'etperfectionum
2980 4939 3031 4992 in
3064 4939 3501 5009 partit-ipalionc,

1915 5034 2215 5089 secundum
2257 5032 2401 5104 quod
2447 5031 2528 5087 eis
2572 5029 2687 5095 fas,
2710 5029 2998 5086 factorum.
3064 5032 3177 5088 Ilnc
3224 5041 3307 5087 est
3357 5030 3502 5087 enim

1512 5172 1770 5227 VABIAE
1809 5171 2213 5229 LECTIONES.

304 5285 324 5317 ¹
352 5282 450 5336 Sic
479 5279 555 5346 ll;
590 5281 723 5336 ABE
757 5282 1121 5337 similitudine.
1198 5285 1217 5315 ³
1246 5282 1336 5338 Sic
1366 5284 1547 5350 codd.,
1573 5285 1612 5337 Α
1645 5295 1721 5338 ut.
1800 5285 1821 5316 ³
1844 5285 1886 5338 Α
1920 5286 2356 5338 recordationem.
2433 5287 2455 5313 ⁵
2491 5282 2578 5336 AB
2607 5266 2897 5351 theologica
2924 5282 3162 5336 scientia.
3208 5280 3261 5351 μ’
3280 5278 3361 5351 Af
3382 5295 3501 5351 spe-

215 5354 502 5424 s'iilativa._
558 5352 579 5383 ⁸
607 5353 649 5406 E
677 5368 785 5424 non
806 5352 1059 5424 as_.vimilat
1085 5355 1511 5424 tyrannicarum.

216 5433 332 5477 tuti
361 5420 615 5477 similem.
694 5423 734 5453 ¹¹
761 5422 882 5476 ΑἘ
911 5420 1234 5478 ordinatum.

1588 5356 1608 5386 ⁶¹
1638 5357 1801 5423 ipsum
1828 5371 1936 5407 om.
1968 5354 2121 5407 ΑΒΗ.
2198 5356 2219 5385 ⁸
2245 5354 2335 5407 ΑΕ
2366 5369 2521 5423 rane.
2588 5361 2609 5392 ο
2636 5354 2724 5406 ΑΕ
2756 5353 3099 5421 inﬁrmatam.

1313 5426 1354 5455 "
1381 5425 1493 5478 A‘E
1524 5424 1662 5479 bene
1692 5426 1916 5478 ornatis.

3204 5349 3246 5381 ιο
3276 5349 3363 5402 AE
3393 5348 3509 5403 rir-

1994 5424 2037 5456 “
2061 5423 2147 5478 BE
2176 5423 2351 5479 Enim.
2430 5424 2473 5453 “
2500 5422 2540 5477 A
2568 5425 2928 5492 mysticorum.

1742 5552 1993 5612 NOTAE.

299 5680 331 5708 ι
374 5667 575 5723 Ezech.
600 5667 655 5734 I;
692 5668 888 5723 Ezech.
922 5669 1020 5734 Ill;
1047 5668 1213 5723 Isaiae
1251 5667 1349 5738 \'l_;
1377 5666 1549 5737 Aper.
1583 5664 1670 5720 IV.

1996 5667 2025 5706 δ
2066 5665 2205 5721 Psal.
2238 5665 2328 5732 I.\',
2366 5665 2550 5731 XLVI,
2590 5664 2842 5725 LXXIX;
2883 5664 2983 5719 Isa.
3021 5662 3204 5718 LXVI.
