3952 6162
392 206 525 261 IO'S

387 430 484 483 per
514 412 685 482 prima
726 411 959 465 secunda
1003 410 1198 465 divinis
1241 409 1567 479 participare
1615 405 1968 461 illmninatio-

388 503 567 561 nibus.
627 500 871 554 Invenies
918 508 1097 554 autem
1149 501 1252 555 hoc
1296 508 1351 552 et
1396 498 1669 552 multotics
1710 495 1974 566 theologis

389 606 725 661 expressum.
781 589 1007 654 Quando
1035 590 1179 643 enim
1208 590 1388 643 divina
1430 598 1484 643 et
1524 599 1748 657 paterna
1787 587 1978 640 Imma-

392 681 537 735 nitas
566 677 728 735 Israel
760 677 1192 732 conversihiliter
1209 695 1305 748 pro
1329 693 1484 732 sacra
1516 676 1632 744 eju$
1666 676 1976 730 salutecru-

392 771 548 823 diem
579 769 617 831 ⁸,
674 779 728 821 et
761 767 1144 822 ulciscentihus
1175 778 1230 821 et
1261 768 1559 822 innnitibus
1589 765 1896 819 nationibus
1922 765 1975 819 in

384 860 785 913 correctionem
810 859 1046 920 tradens,
1063 858 1344 926 omnigcna
1364 856 1701 926 provisorum
1720 856 1771 908 in
1789 853 1981 908 melius

397 950 758 1008 traductione,
803 959 857 1002 et
902 949 954 1001 in
1000 948 1366 1017 captivitatem
1409 946 1634 1008 dimisit,
1663 952 1716 998 et
1742 944 1807 997 ad
1834 943 1977 1012 prio-

396 1056 508 1093 rem
539 1040 835 1095 clementer
860 1040 1072 1093 reduxit
1115 1036 1519 1093 constantiam’
1539 1078 1579 1101 ,,
1599 1036 1733 1090 vidit
1765 1035 1785 1066 ³
1830 1036 1981 1088 theo-

396 1129 639 1199 logorum
669 1144 807 1181 unus
839 1127 1128 1181 Zacharias
1162 1141 1325 1179 unum
1368 1127 1686 1194 primorum,
1728 1130 1788 1176 ut
1822 1122 1982 1176 aesti-

395 1236 506 1283 ιιιο,
544 1230 601 1274 et
635 1222 776 1274 circa
822 1220 989 1272 Deum
1032 1218 1368 1288 angelorum,
1411 1214 1697 1271 commune
1718 1216 1884 1279 enim,
1925 1221 1982 1266 ut

404 1311 533 1371 dixi,
563 1319 645 1365 est
669 1310 919 1364 omnibus
959 1308 1065 1362 hoc
1111 1306 1350 1377 angelica
1387 1304 1878 1375 eogtmminatione,
1914 1303 1983 1357 ab

395 1402 513 1469 ipso
555 1402 665 1455 Deo
693 1402 985 1455 discentem
1025 1398 1092 1451 de
1137 1398 1240 1451 hoc
1283 1396 1587 1450 consiliaria
1610 1395 1650 1461 ‘,
1697 1404 1757 1448 ut
1781 1395 1980 1448 dictutn

397 1502 500 1557 est,
543 1492 703 1545 verba
732 1507 746 1543 :
773 1490 998 1543 alterum
1026 1495 1155 1543 vero
1180 1488 1543 1557 subjectorum
1567 1486 1897 1556 angelorum,
1929 1486 1982 1539 in

395 1596 680 1634 occursum
720 1579 876 1648 prin'ti
918 1578 1341 1647 provenieutem,
1371 1586 1625 1645 tanquam
1671 1576 1737 1630 ad
1779 1575 1813 1628 il
1839 1574 1979 1627 umi-

1759 193 2040 260 JOANNlS
2082 192 2276 257 SCOTI

386 319 606 374 (nimum
638 317 820 371 divina
865 316 1162 372 taxiarchi..
1216 308 1473 371 divinitus
1524 314 1964 385 promulgatum,
1998 317 2043 372 Λ

3514 198 3631 258 £036

2587 300 2982 366 CAPITULUM
3044 310 3134 368 IX.

2077 442 2155 496 De
2184 442 2517 511 Principibus
2547 453 2594 497 et
2624 445 2962 516 Archangelis
2987 456 3036 499 el
3060 445 3270 516 Angelis
3297 456 3345 500 et
3373 448 3437 500 de
3467 447 3637 503 ultima

2607 530 2785 567 eorum
2826 515 3116 569 Ierarchia.

2149 622 2423 712 Reliquus
2490 644 2642 699 nobis
2706 645 2760 698 in
2837 646 3353 716 contemplationem
3406 660 3637 718 ornatus,

2080 735 2352 802 angelicas
2421 734 2749 789 concludens
2821 736 3162 803 Ierarchias,
3218 755 3247 794 a
3302 741 3643 799 deiformibus

2079 825 2442 894 Principibus,
2482 827 2837 898 Archangclis
2863 837 2920 883 et
2969 830 3190 901 Angelis
3228 833 3549 902 dispositus.
3588 835 3645 890 Et

2087 918 2321 986 primum
2378 918 2401 951 ⁸
2450 918 2667 987 quidem
2728 920 2909 976 dicere
2968 925 3333 978 necessarium
3391 927 3643 992 aestimo,

2082 1007 2375 1062 secundum
2413 1011 2557 1077 quod
2607 1010 2738 1062 mihi
2786 1012 3062 1078 possibile,
3105 1025 3421 1070 sanctarum
3474 1032 3645 1072 earum

2082 1098 2610 1167 cognominationum
2644 1099 3128 1158 manifestationes.
3165 1105 3480 1162 Manifestat
3513 1111 3645 1164 enim

2083 1190 2197 1257 ipsa
2225 1189 2443 1259 quidem
2481 1190 2795 1245 caelestium
2822 1193 3126 1264 principum
3158 1196 3288 1250 illud
3322 1198 3651 1254 deiformiter

2083 1277 2382 1348 principale
2440 1287 2517 1333 ct
2556 1279 2827 1335 ductivum
2895 1282 2917 1313 ⁹
2984 1299 3105 1338 cum
3157 1287 3350 1342 ordine
3405 1304 3562 1344 sacro
3603 1300 3652 1345 et

2082 1360 2458 1439 principativis
2482 1372 2526 1403 ¹⁰
2556 1373 2952 1430 decentissimis
2975 1376 3285 1445 virtutibus,
3313 1388 3366 1434 et
3386 1382 3454 1435 ad
3478 1397 3654 1451 super-

2084 1461 2379 1532 principale
2409 1462 2733 1533 principium
2759 1480 2854 1521 eas
2902 1468 3282 1524 universaliter
3306 1474 3578 1537 converti,
3606 1484 3657 1529 et

2087 1552 2222 1607 alias
2254 1554 2553 1609 ierarehice
2596 1555 2739 1623 duci,
2779 1565 2834 1612 et
2882 1559 2950 1612 ad
2975 1559 3102 1615 illud
3152 1561 3349 1630 ipsum,
3400 1573 3653 1633 quantum

396 1673 632 1727 nationis
666 1672 1059 1741 susceptionem
1114 1680 1169 1725 et
1219 1669 1553 1738 ntctalepsim
1593 1666 1641 1733 ⁸;
1674 1667 1864 1723 deinde
1915 1668 1983 1722 ab

2089 1644 2364 1713 possibile,
2396 1643 2687 1701 reformari
2711 1648 2753 1679 ¹¹
2786 1649 3127 1735 princilicum
3166 1653 3513 1723 principium,
3550 1673 3657 1711 ma-

397 1764 515 1832 ipso
568 1762 807 1816 divinum
851 1761 1131 1815 consilium
1176 1770 1430 1829 tanquam
1481 1773 1510 1811 a
1554 1773 1765 1812 smnmo
1805 1772 1983 1811 sacer-

2089 1734 2452 1805 nifestareque
2497 1739 3002 1807 superessentialem
3032 1734 3149 1811 ejus
3177 1744 3536 1800 taxiarcbiam
3573 1763 3660 1802 or—

395 1828 520 1907 dote
543 1852 833 1914 eruditum,
858 1861 912 1905 et
945 1852 1047 1905 hoc
1067 1850 1261 1905 docere
1301 1848 1610 1919 theologum
1639 1862 1982 1907 conversum,

2089 1837 2214 1882 natu
2251 1828 2628 1899 principalium
2660 1831 2941 1888 virtutum.
2994 1834 3114 1905 Ipsa
3137 1846 3319 1892 autem
3350 1848 3656 1895 sanctorum

395 1942 650 2011 quoniam
693 1940 968 1996 fructuose
1012 1941 1342 1998 habitabitur
1381 1939 1676 1995 Jerusalem
1724 1955 1755 1993 a
1801 1937 1975 1992 multi-

397 2033 583 2087 tudine
621 2032 900 2086 hominum
928 2043 978 2085 ι.
1022 2031 1175 2086 Alter
1209 2040 1388 2086 autem
1434 2032 1803 2102 theo'ogorum
1846 2030 1986 2085 Eze-

394 2120 537 2174 chiel
573 2121 625 2186 b,
666 2132 721 2174 et
759 2121 827 2174 ab
878 2121 991 2190 ipsa
1034 2122 1165 2176 dicit
1204 2121 1308 2176 hoc
1340 2121 1706 2176 sacratissime
1746 2120 1986 2191 promul—

396 2220 760 2282 gatum’esse
801 2212 1094 2267 Cherubim
1157 2213 1537 2284 supernrmata
1598 2213 1986 2283 gloriosissima

398 2304 707 2357 Divinitate.
761 2304 914 2358 Enim
964 2304 1154 2370 Israel,
1180 2314 1240 2358 ut
1262 2304 1463 2360 dictum
1491 2305 1983 2371 est,exercitativa

397 2396 708 2451 humanitas
754 2411 851 2465 per
900 2395 1217 2466 disciplinas
1282 2396 1335 2450 in
1397 2396 1589 2477 melius
1648 2396 1981 2460 traducens,

394 2485 607 2555 justitia
638 2487 816 2542 divina
843 2489 1109 2543 obnoxios
1145 2496 1490 2554 contemnat,
1538 2488 1788 2543 innoxios
1826 2487 1984 2556 justi-

396 2578 540 2631 ticat.
585 2575 699 2631 Hoc
753 2578 910 2631 docet
950 2576 972 2607 ⁵
1011 2577 1220 2647 primus
1265 2586 1386 2648 post
1428 2577 1743 2642 (Iherubim,
1777 2577 1986 2632 lumbos

395 2668 615 2736 saphiro
639 2669 998 2736 praecinctus,
1034 2669 1125 2738 qui
1166 2669 1417 2739 poderem
1457 2669 1477 2701 τ
1504 2668 1657 2738 juxta
1686 2669 1985 2741 symbolum

401 2757 766 2809 ierarchicum
813 2756 1154 2811 induebatur.
1210 2756 1467 2826 Reliquos
1507 2769 1686 2812 autem
1728 2760 1983 2830 angelos,

395 2846 489 2913 qui
533 2860 752 2900 secures
797 2845 1110 2912 habebant,
1171 2847 1353 2901 divina
1403 2848 1699 2903 taxiarcltia
1753 2850 1984 2918 imperat

397 2952 426 2989 a
472 2935 639 3004 priori
684 2934 867 2990 doceri
895 2936 960 2990 de
986 2936 1088 2991 hoc
1115 2936 1355 2991 divinum
1388 2936 1646 3006 judicium
1676 2950 1722 2991 ο.
1774 2938 1838 2991 Ει
1866 2933 1985 3008 «ιύἰ-

2086 1919 2566 1989 archangelorum,
2604 1923 2963 1992 aequipotens
2988 1925 3206 1994 quidem
3232 1936 3316 1982 est
3338 1929 3663 1984 caelestibus

2084 2007 2496 2087 principatibus.
2531 2010 2627 2065 Est
2651 2011 2796 2065 enim
2825 2022 2881 2066 et
2932 2029 3119 2068 eorum
3157 2024 3212 2069 et
3238 2016 3574 2087 angelorum,
3607 2028 3663 2072 ut

2084 2100 2218 2167 dixi,
2258 2101 2526 2157 Ierarcbia
2555 2118 2659 2157 una
2705 2111 2762 2165 et
2791 2106 3094 2174 dispositio.
3130 2108 3499 2165 Veruntamen
3531 2126 3662 2180 quo.

2085 2194 2230 2249 niam
2280 2195 2496 2264 quidem
2532 2211 2638 2250 non
2686 2206 2770 2252 est
2794 2196 3091 2263 Ierarehia,
3122 2214 3228 2255 nou
3266 2209 3323 2254 et
3372 2202 3580 2271 primas
3612 2211 3665 2256 et

2088 2289 2293 2344 medias
2363 2296 2419 2343 et
2480 2288 2697 2345 ultimas
2756 2290 2986 2347 virtutes
3046 2293 3253 2348 habens
3286 2332 3301 2360 ,
3368 2295 3666 2366 archange‘

2086 2378 2259 2432 lorum
2291 2387 2515 2435 sanctus
2544 2380 2676 2434 ordo
2702 2384 3153 2438 communicative
3176 2384 3522 2442 Ierarchicae
3553 2404 3666 2443 ωε-

2085 2468 2271 2524 dietati
2317 2479 2686 2526 extremorum
2739 2474 3016 2550 recipitur.
3073 2475 3290 2531 Etenim
3356 2480 3667 2535 sacratissi-

2089 2562 2193 2619 mis
2242 2562 2646 2633 Principatibus
2681 2566 3067 2633 communicat,
3116 2577 3171 2623 et
3200 2571 3408 2625 sanctis
3429 2571 3669 2642 Angelis.-

2085 2653 2222 2722 Ipsis
2262 2653 2499 2723 quidem,
2546 2655 2673 2722 quia
2716 2655 2781 2708 ad
2832 2660 3289 2726 superessentiale
3342 2661 3672 2731 principium

2087 2742 2458 2813 principaliter
2484 2744 2842 2813 convertitur,
2862 2754 2918 2800 et
2945 2746 3013 2801 ad
3059 2749 3255 2816 ipsum,
3299 2758 3360 2803 ut
3388 2752 3670 2819 possibile,

2088 2832 2437 2899 reformatur,
2477 2842 2534 2888 et
2580 2834 2800 2904 angelos
2830 2836 3050 2891 uniticat
3094 2839 3394 2894 secundum
3426 2841 3566 2897 bene
3585 2858 3674 2898 or-

2090 2933 2246 2979 natos
2292 2924 2411 2993 ejus
2437 2936 2489 2979 et
2519 2926 2799 2981 ordinatos
2827 2936 2883 2982 et
2921 2928 3216 2983 invisibiles
3258 2931 3512 2987 ducatus.
3554 2934 3672 2989 Istis

397 3028 521 3082 dem
563 3028 707 3083 enim
754 3028 912 3094 dixit,
960 3029 1191 3083 mediam
1234 3031 1564 3099 pertransire
1588 3030 1906 3095 Jerusalem,
1933 3039 1983 3084 et

2092 3029 2242 3078 vero,
2288 3016 2413 3084 quia
2449 3023 2505 3070 et
2536 3016 2616 3070 eis
2643 3015 2912 3088 ypofctico
2946 3027 3031 3073 est
3078 3020 3271 3075 ordine
3297 3021 3513 3078 divinas
3549 3024 3673 3077 illus

399 3120 533 3173 dare
561 3118 771 3188 signun't
808 3120 863 3174 in
888 3118 1094 3174 frontes
1132 3120 1476 3175 innoxiorum
1507 3123 1775 3189 virorum;
1823 3122 1982 3176 aliis:

397 3210 555 3267 Exite
580 3214 633 3268 in
661 3214 934 3269 civitatem
975 3208 1096 3284 post
1133 3230 1279 3281 eum,
1328 3225 1382 3271 et
1419 3217 1705 3287 percutite,
1738 3224 1791 3271 el
1819 3216 1987 3271 nolite

397 3319 623 3373 parcere
647 3306 818 3361 oculis
843 3308 1057 3372 vestris,
1094 3308 1161 3361 ad
1203 3322 1393 3362 omnes
1434 3318 1637 3373 autem,
1666 3322 1828 3376 super
1853 3322 1987 3377 quos

396 3404 483 3450 est
519 3396 750 3466 signum,
778 3412 844 3451 ne
870 3397 1311 3467 appropinquetis
1334 3398 1383 3451 ά.
1432 3397 1570 3464 Quid
1598 3397 1840 3452 fortassis
1865 3398 1987 3468 quis

398 3488 598 3542 dixerit
634 3489 699 3543 de
738 3488 951 3542 dicente
978 3488 1168 3558 angelo
1203 3490 1269 3544 ad
1303 3489 1529 3544 Daniel:
1572 3489 1750 3543 Exivit
1776 3500 1983 3554 sermo;

398 3585 491 3630 aut
535 3577 601 3631 de
644 3578 759 3646 ipso
786 3578 982 3647 primo,
1029 3578 1206 3647 ignem
1246 3591 1314 3631 ex
1354 3578 1530 3631 medio
1573 3577 1867 3633 Cherubim
1897 3592 1986 3633 re-

398 3666 631 3735 cipiente
654 3667 678 3719 ?
708 3677 731 3705 ο
753 3668 859 3720 Aut
881 3667 1010 3721 illud
1047 3666 1287 3734 ejusdem
1314 3667 1676 3722 abundantius
1701 3667 1754 3722 in
1782 3668 1990 3723 ordinis

401 3756 628 3828 angelici
660 3758 1045 3822 ostensionem,
1074 3758 1329 3827 quoniam
1356 3767 1412 3811 et
1431 3758 1716 3813 Clternbim
1750 3759 1992 3813 immittit

400 3846 579 3918 ignem
623 3847 674 3901 in
724 3863 918 3903 manus
959 3858 1202 3903 sanctam
1246 3847 1437 3902 stolam
1482 3847 1651 3901 induti
1683 3848 1725 3900 ί.
1783 3847 1890 3901 Aut
1923 3849 1990 3902 de

398 3945 630 3991 vocante
675 3937 1070 3992 divinissimmn
1112 3937 1351 4003 Gabriel,
1398 3945 1452 3990 et
1492 3937 1702 3991 dicente
1740 3937 1828 3991 ei:
1876 3935 1989 3990 Fac

398 4018 550 4082 illum
607 4028 890 4099 intelligere
941 4030 1188 4084 visionem
1220 4030 1288 4084 εἳ
1338 4029 1447 4084 Aut
1488 4042 1843 4098 quaecunque
1884 4027 1990 4081 alia

398 4133 430 4171 a
479 4118 650 4173 sacris
692 4118 952 4188 theologis
997 4121 1141 4174 dicta
1184 4128 1311 4175 sunt
1355 4120 1421 4173 de
1462 4119 1774 4175 caelestiqu
1806 4119 1987 4173 thear-

313 4226 322 4232 ·
399 4210 648 4263 chiarum
694 4209 943 4264 deiformi
989 4219 1210 4264 ornatu.
1253 4210 1334 4263 Ad
1375 4224 1535 4279 quem
1565 4218 1784 4266 nostrae
1814 4208 1987 4263 ierar-

399 4298 553 4369 chiae
590 4300 880 4364 ordinatio,
924 4300 1217 4354 secundum
1259 4299 1401 4368 quod
1446 4300 1700 4370 possibile
1736 4307 1820 4353 est
1852 4299 1987 4353 assi-

2089 3105 2411 3161 miuationes
2433 3107 2730 3162 icrarcbice
2749 3122 2847 3177 per
2865 3108 3069 3177 primas
3090 3112 3325 3168 virtutes
3344 3114 3665 3185 suscipiens,

2086 3206 2142 3250 et
2164 3195 2370 3267 angelis
2392 3210 2485 3250 eas
2517 3193 2852 3251 deiformiter
2882 3200 3230 3266 annuntians,
3251 3211 3310 3256 et
3327 3216 3428 3271 per
3447 3204 3667 3275 angelos

2087 3288 2242 3343 nobis
2276 3287 2651 3355 manifestans,
2680 3291 2974 3363 secundum
3007 3306 3216 3347 sacram
3242 3294 3665 3366 uniuscujusque

2088 3380 2346 3436 divinitus
2374 3380 2793 3435 illuminatorum
2824 3382 3148 3454 analogiam.
3178 3384 3285 3454 Ipsi
3307 3387 3456 3441 enim
3473 3387 3662 3457 angeli,

2088 3470 2228 3526 sicut
2268 3470 2660 3540 praediximus,
2692 3466 3014 3542 completive
3062 3485 3446 3530 consummant
3480 3491 3664 3530 omnes

2087 3559 2398 3614 caelestium
2431 3562 2734 3615 animorum
2767 3562 3169 3632 dispositiones,
3200 3567 3496 3620 secundum
3523 3566 3661 3637 quod

2079 3655 2572 3712 .consummandum
2623 3665 2746 3722 est,
2795 3666 2855 3711 ut
2911 3656 2962 3710 in
3023 3656 3351 3715 caelestibus
3416 3659 3662 3715 essentiis

2090 3747 2352 3802 habentes
2396 3746 2696 3817 angelicam
2750 3750 3161 3818 proprietatem,
3216 3760 3272 3806 et
3320 3752 3492 3823 magis
3526 3740 3699 3820 apud.

2088 3851 2188 3890 nos
2226 3835 2422 3907 angeli,
2452 3851 2613 3905 quam
2644 3837 3069 3910 priores,aptius
3090 3841 3378 3907 nominati,
3404 3852 3660 3911 quantum

2088 3934 2145 3979 et
2169 3925 2313 3981 circa
2362 3925 2756 3998 significantius
2786 3927 2918 3998 ipsis
2958 3938 3041 3984 est
3092 3929 3368 3986 Ierarcbia
3414 3940 3469 3986 et
3494 3930 3667 4001 magis

2088 4017 2536 4073 circumornatus.

2160 4107 2675 4165 Excellentissimam
2706 4111 2920 4180 quidem
2971 4114 3138 4176 enim,
3187 4122 3247 4168 ut
3292 4114 3489 4169 dictum
3546 4123 3661 4171 est.

2088 4200 2512 4268 dispositionem,
2547 4208 2800 4269 tanquam
2848 4202 2949 4271 ipsi
2994 4202 3210 4257 occulto
3231 4204 3477 4273 primitus
3508 4201 3668 4257 ordi-

2089 4300 2214 4344 nate
2245 4291 2288 4322 “
2315 4290 2712 4359 proximantem
2732 4332 2746 4355 ,
2782 4291 2926 4347 clam
2962 4292 3220 4356 formans,
3273 4292 3670 4350 aestimandum

401 4388 584 4442 milala
610 4429 624 4452 ,
691 4390 988 4461 angelicam
1049 4390 1506 4460 pulchritudinem
1534 4432 1548 4457 ν
1612 4400 1874 4461 quantm“
1930 4392 1982 4446 in
2013 4362 2062 4421 D
2090 4381 2432 4436 sanctiﬁeare
2475 4383 2792 4438 secundam.
2818 4382 3122 4439 Secundam
3155 4400 3309 4452 vero,
3339 4402 3469 4456 quae
3512 4399 3673 4439 com—

401 4476 723 4549 imaginibus
768 4481 1006 4548 habebit,
1053 4482 1282 4538 formata
1325 4498 1421 4554 per
1444 4499 1564 4539 cum
1593 4494 1647 4539 et
1673 4486 1889 4541 reducta
1917 4486 1984 4541 ad

401 4570 909 4635 superessentialem
964 4570 1123 4625 simul
1181 4573 1358 4628 omnis
1417 4570 1718 4630 ierarchiae
1776 4576 1980 4629 taxiar-

402 4659 577 4713 Chiam
611 4662 680 4714 ⁷⁸.
1270 4664 1273 4665 ⁷

2090 4472 2267 4540 pietur
2316 4487 2346 4526 a
2398 4474 2604 4527 sanctis
2660 4473 3124 4532 Dominationibus
3175 4485 3232 4532 et
3281 4476 3584 4533 Virtutibus
3614 4484 3673 4529 et

2089 4564 2473 4629 Potestatibus,
2505 4565 2728 4636 ejusque
2761 4577 2846 4622 est
2897 4567 3240 4639 Principibus
3268 4579 3323 4623 et
3350 4568 3673 4637 Archange-

2088 4658 2156 4712 lis
2180 4668 2236 4712 et
2278 4657 2498 4728 Angelis
2546 4658 2850 4713 Ierarchiae
2893 4659 3189 4730 princip-ari
3234 4661 3303 4727 “,
3338 4660 3509 4729 prima
3549 4657 3676 4727 qui-

2088 4752 2209 4806 dem
2251 4751 2523 4805 lerarchia
2573 4750 2943 4817 manifestius,
2975 4768 3034 4807 ea
3070 4768 3201 4808 vero
3238 4766 3373 4823 quae
3409 4756 3503 4804 est
3548 4756 3679 4816 post

1737 4863 1991 4919 VARIAE
2027 4861 2426 4919 LECTIONES.

471 4969 490 5040 ξ
517 4970 557 5023 Α
601 4973 903 5040 corripiens.

400 5039 421 5071 ⁷
453 5039 490 5092 Ε
519 5039 785 5106 por/eram.

402 5108 442 5142 “
475 5111 515 5162 Α
554 5112 795 5181 formari.

1005 4976 1024 5006 ³
1051 4976 1093 5028 Α
1125 4978 1535 5044 beneﬁcentiam.

880 5045 922 5073 ⁷·
946 5046 1295 5100 laxiore/tiam
1348 5064 1456 5101 om.
1510 5048 1662 5103 BEH.

874 5114 915 5144 ¹²
939 5116 982 5167 Α
1005 5117 1249 5171 ordinare
1322 5117 1366 5150 "
1403 5119 1467 5172 A.
1508 5136 1736 5189 praesse.

1614 4979 1634 5010 ³
1664 4980 1753 5034 AE
1792 4980 1962 5036 Videt.
2037 4988 2059 5019 ⁸
2090 4984 2179 5037 ΑΕ
2209 4981 2580 5036 consolatoria.

1773 5052 1796 5085 ⁸
1822 5053 1910 5106 Al"
1939 5054 2155 5122 primas.

2658 4981 2679 5013 ⁸
2708 4982 2749 5035 Α
2781 4983 3181 5053 perceptionem.
3210 5052 3213 5053 ν
3255 4988 3277 5020 ⁸
3304 4978 3383 5035 ΑΕ
3406 4975 3684 5053 {locetur-

2249 5051 2269 5081 ⁹
2296 5053 2338 5104 Α
2383 5051 2680 5131 principale
2723 5046 3039 5107 eductirum.
3112 5054 3154 5086 "
3191 5052 3233 5106 A
3265 5046 3681 5122 principalibus.

1941 5210 2188 5267 NOTAE.

469 5330 493 5355 ιι
524 5315 686 5371 lach.
718 5316 776 5371 II.

470 5386 497 5423 ιι
529 5388 721 5441 Ιίιρςιι.
752 5387 883 5442 VIII.

472 5465 493 5491 π
528 5455 720 5509 Ezech.
750 5456 816 5509 Χ.

467 5523 492 5561 *³
524 5525 718 5581 Ezech.
751 5525 838 5580 IX.

2158 5337 2181 5364 ε
2214 5326 2346 5378 Dan.
2377 5326 2467 5381 IX.

2160 5396 2178 5432 τ
2210 5395 2404 5449 Ezech.
2437 5395 2503 5449 Χ.

2162 5469 2181 5505 3
2209 5466 2374 5520 Zach.
2403 5467 2444 5519 ι.
