3952 6162
226 291 357 364 ltili

884 285 1126 358 vERSIo
1165 284 1445 357 optanti.“
1484 298 1539 349 s.
1587 293 1899 351 moxvsu.
1930 289 2395 346 —-canLEsns
2429 284 2818 344 musaeum.

3326 288 3461 342 i038

220 439 364 487 eam,
402 418 685 489 occultius.
741 412 1146 486 Principatuum
1188 424 1364 469 autem
1410 422 1465 467 et
1493 413 1802 477 Archange-
1836 413 1878 467 Α
1910 421 2030 457 vum
2057 404 2347 459 secundum
2387 405 2621 458 visiones
2649 403 2993 457 distributum
3014 408 3118 465 est,
3140 407 3194 454 et
3219 403 3464 473 gentibus

220 513 391 567 lorum
419 521 475 565 et
520 508 843 580 Angelorum
894 508 1342 562 manifestativam
1390 504 1792 575 dispositionem

220 600 475 658 humanis
528 599 950 668 lerarchiis'per
985 598 1419 667 consequentiam
1462 595 1793 665 praecipere,

221 704 279 747 ut
307 694 496 761 sitper
538 690 783 746 ordinem
822 690 887 744 ad
919 691 1085 745 Deum
1115 690 1379 753 reductio,
1412 698 1465 743 et
1490 688 1791 749 conversio,

219 795 274 838 et
297 782 734 845 communicatio,
767 791 822 836 et
851 782 1049 845 unitas,
1081 791 1315 835 attamen
1344 772 1399 835 et
1428 795 1457 834 a
1491 781 1598 834 Deo
1618 780 1793 834 omni.

221 866 324 927 bus
390 870 678 926 Ierarchiis
745 875 947 941 Optime
994 872 1185 936 indita,
1247 881 1300 926 et
1349 871 1797 926 communicative

219 961 633 1032 superveniens,
663 970 718 1017 et
745 977 866 1015 eum
891 972 1084 1016 ornatu
1112 962 1476 1016 saeratissimo
1504 961 1796 1030 pratessin.

216 1046 352 1105 Inde
382 1050 649 1121 theologia
666 1059 907 1105 nostram
928 1040 1256 1106 Ierarchiam
1282 1052 1486 1121 angelis
1502 1052 1795 1112 distribuit,

217 1141 518 1211 principem
573 1138 898 1196 Iudaeorum
947 1142 1126 1210 populi
1172 1141 1398 1197 Michael
1438 1142 1719 1197 nominans
1750 1149 1797 1204 ⁸,

216 1241 271 1286 et
296 1232 435 1286 alios
463 1219 704 1301 gentium
746 1232 969 1286 amicos.
1009 1231 1377 1302 Statuitenim
1409 1231 1655 1286 excelsus
1693 1241 1802 1284 ter-

216 1322 397 1376 minos
420 1323 662 1390 gentium
677 1323 971 1377 secundum
995 1338 1276 1378 numerum
1298 1324 1609 1394 angelorum
1640 1323 1732 1377 Dei
1751 1322 1799 1374 ι).

217 1411 274 1463 Si
308 1420 493 1467 autem
520 1412 644 1481 quis
672 1412 892 1476 dixerit,
921 1421 975 1467 et
1007 1414 1279 1482 quomodo
1308 1412 1675 1468 Hebraeorum
1704 1429 1800 1483 po-

216 1502 380 1572 pulus
410 1501 666 1558 reductus
702 1513 789 1558 est
816 1504 962 1559 solus
994 1504 1046 1559 iu
1079 1504 1417 1560 tbearchieas
1446 1504 1799 1560 illuminatio-

217 1598 348 1659 nes,
406 1584 862 1665 respondendum,
921 1597 1046 1666 quia
1102 1613 1209 1653 non
1261 1596 1575 1668 angelorum
1628 1607 1805 1659 rectas

216 1685 477 1741 scientias
521 1686 770 1741 accusari
820 1695 1037 1756 oportet
1063 1688 1290 1742 aliarum
1328 1690 1567 1759 gentium
1598 1689 1650 1743 in
1696 1704 1800 1743 non

217 1775 521 1857 existentes
575 1776 716 1832 Deos
755 1749 963 1841 errore,
991 1778 1086 1831 sed
1136 1778 1256 1834 illos
1284 1749 1433 1848 ipsos
1459 1778 1695 1849 propriis
1723 1780 1803 1832 in-
1834 1749 1877 1807 Β

218 1865 546 1921 ﬂexionib'us
584 1882 649 1922 ex
681 1882 765 1930 ea,
801 1882 941 1937 quae
971 1876 1056 1923 est
1084 1869 1138 1923 in
1163 1869 1427 1937 divinum,
1460 1880 1609 1926 recta
1640 1872 1801 1927 redu-

218 1958 400 2012 ctione
444 1957 764 2022 recidentes,
825 1972 1009 2013 amore
1056 1960 1298 2030 proprio,
1330 1970 1384 2015 et
1421 1962 1695 2030 superbia,
1753 1970 1804 2016 et

219 2051 353 2120 ipsis
375 2051 692 2119 opinionum
717 2051 977 2105 divinitus
991 2060 1045 2106 et
1077 2054 1092 2083 ¹
1117 2054 1612 2109 corrationahiliter
1636 2054 1803 2109 cultu.

221 2143 334 2196 Iloc
356 2141 678 2212 perhibetur
704 2150 760 2197 et
788 2142 903 2212 ipse
937 2141 1306 2199 Hebraeorum
1336 2145 1564 2214 p0pulus
1582 2160 1804 2214 perpes-

217 2244 314 2284 sus
351 2245 493 2285 esse.
555 2229 913 2300 Cog'nitionem
959 2232 1097 2286 enim
1155 2233 1274 2298 Dei,
1322 2234 1416 2298 ait,
1475 2234 1729 2304 repulisti,
1757 2245 1804 2290 et

218 2330 333 2379 post
361 2337 453 2374 cor
478 2330 626 2374 tuum
652 2322 804 2376 existi
828 2333 876 2376 ο.
902 2321 1086 2393 Neque
1106 2325 1249 2378 enim
1281 2334 1523 2380 coactam
1548 2326 1807 2380 habemus

218 2412 413 2478 vitam,
480 2427 656 2482 neque
703 2427 799 2482 per
848 2415 1186 2484 provisorum
1246 2417 1517 2488 propriam
1566 2427 1806 2486 potesta-

221 2512 330 2556 tem
379 2502 561 2557 divina
592 2490 795 2558 lumina
838 2505 1097 2573 providae
1152 2504 1566 2561 illuminatiouis
1611 2508 1808 2563 obcae-

223 2602 425 2647 cantur
457 2590 1058 2649 :sedintellectualium
1100 2596 1365 2653 visionum
1407 2598 1804 2664 dissimilitudo,

177 2719 183 2724 ›
219 2684 549 2755 superplena
600 2694 826 2754 paterna
869 2687 1131 2752 bonitate,
1159 2688 1296 2744 lucis
1321 2690 1663 2745 donationem
1715 2698 1809 2744 aut

220 2776 453 2830 omnino
511 2792 615 2831 non
651 2778 999 2848 patieipatam
1030 2779 1183 2846 facit,
1206 2790 1260 2836 et
1291 2782 1358 2837 ad
1405 2797 1590 2838 earum
1631 2782 1807 2838 refor-

221 2868 523 2923 mationem
562 2885 666 2923 non
691 2871 1052 2937 distributam,
1089 2880 1182 2926 aut
1212 2873 1656 2943 partieipationes
1681 2872 1809 2928 facit

220 2954 563 3022 differentes,
598 2974 795 3028 parvas
822 2970 915 3014 aut
942 2976 1184 3033 magnas,
1212 2963 1472 3020 obscuras
1492 2974 1586 3019 aut
1610 2964 1806 3031 claras,

221 3046 388 3100 unius
422 3057 478 3102 et
506 3047 765 3118 simplicis
792 3057 846 3103 et
879 3065 1093 3120 semper
1120 3053 1309 3107 eodem
1341 3055 1500 3110 modo
1548 3066 1607 3109 se
1632 3054 1671 3083 “
1708 3056 1806 3108 ha-

221 3129 409 3191 bentis
436 3148 491 3191 et
526 3140 910 3207 superexpansi
966 3140 1186 3196 fontalis
1240 3144 1397 3198 radii.
1443 3144 1643 3200 Deinde
1682 3146 1808 3214 quia

224 3233 283 3278 et
331 3223 457 3279 aliis
492 3227 756 3296 gentibus,
793 3244 859 3283 ex
909 3228 1105 3301 quibus
1134 3242 1189 3287 et
1244 3248 1342 3289 nos
1377 3236 1709 3305 respeximus
1756 3238 1809 3292 in

224 3308 363 3369 illud
388 3317 640 3372 omnibus
694 3329 943 3387 paratum
995 3323 1048 3376 in
1090 3324 1436 3381 traditionem
1466 3337 1521 3381 et
1564 3337 1810 3398 apertum

226 3405 405 3461 divini
433 3404 654 3461 luminis
691 3417 747 3461 et
768 3424 1020 3481 magnum
1050 3420 1105 3467 et
1132 3412 1408 3483 copiosum
1433 3415 1673 3485 pelagus,
1701 3432 1811 3473 non

223 3494 568 3567 alienigenae
616 3495 834 3565 quidam
894 3498 1233 3569 imperabant
1280 3502 1372 3568 dii,
1420 3519 1585 3558 unum
1632 3512 1811 3559 autem

221 3585 474 3639 omnium
534 3586 880 3656 principium,
921 3596 976 3643 et
1021 3590 1089 3644 ad
1142 3576 1318 3660 ipsum
1362 3594 1692 3649 reduxerunt
1721 3608 1811 3648 se-

222 3686 482 3747 quentes,
530 3680 825 3733 secundum
880 3686 1317 3751 unamquamque
1360 3693 1574 3754 gentem
1611 3683 1814 3753 princi-

224 3772 430 3837 pantes
462 3767 656 3839 angeli.
690 3764 1083 3828 Melchisedech
1110 3772 1514 3845 intelligendum
1544 3789 1813 3829 summum

223 3860 597 3925 sacerdotem,
629 3861 952 3918 existentem
996 3856 1091 3918 Dei
1143 3865 1531 3921 amicissimum
1579 3866 1815 3922 existen-

223 3948 402 4011 tibus.
447 3965 552 4005 non
584 3951 928 4006 existentium
951 3994 965 4018 ,
1006 3955 1099 4009 sed
1134 3954 1300 4025 ipsius
1330 3956 1349 3985 ²
1370 3970 1497 4010 vere
1531 3957 1815 4012 existentis

222 4038 434 4095 excelsi
498 4040 613 4094 Dei.
664 4041 875 4097 Etenim
921 4032 1000 4099 sic
1053 4045 1371 4115 simpliciter
1423 4034 1815 4103 Melchisedech

224 4130 336 4206 ipsi
367 4131 388 4162 ³
419 4131 699 4202 theosnphi
754 4148 859 4189 non
907 4135 1271 4191 amicum‘Dei
1326 4146 1557 4201 tantum,
1613 4139 1706 4193 sed
1764 4136 1819 4193 et

221 4223 575 4278 Sacerdotem
610 4237 941 4280 vocaverunt
966 4226 1014 4280 ἀ.
1043 4228 1124 4281 An
1160 4236 1216 4281 ut
1256 4220 1589 4297 sapientibus
1633 4238 1821 4298 aperte

221 4312 629 4382 signiﬁcarent,
656 4314 783 4383 quia
821 4330 927 4370 non
973 4316 1145 4372 solum
1190 4318 1241 4372 in
1274 4318 1447 4387 ipsum
1492 4317 1533 4380 ‘,
1569 4320 1658 4387 qui
1692 4334 1819 4375 vere

223 4412 341 4467 est,
373 4404 545 4458 Deum
576 4407 863 4471 convertit,
914 4408 1089 4462 adhuc
1135 4418 1312 4463 autem
1340 4418 1395 4464 et
1420 4409 1558 4475 aliis,
1590 4420 1647 4465 ut
1670 4426 1819 4465 sum-

225 4509 360 4548 mus
378 4496 658 4569 sacerdos,
678 4498 866 4551 eduxit
884 4513 1121 4569 ea,quae
1147 4510 1234 4555 est
1261 4502 1330 4555 ad
1356 4517 1539 4557 veram
1568 4512 1622 4559 et
1646 4504 1815 4559 solam

224 4568 604 4648 divinitatem,
642 4586 973 4641 reductione.
1003 4568 1068 4641 Et
1089 4587 1189 4643 hoc
1215 4601 1396 4645 autem
1432 4600 1577 4648 tuam
1608 4609 1819 4651 summe

222 4671 631 4728 sacerdotalem
674 4674 1081 4746 intelligentiam
1134 4680 1566 4749 admonebimus,
1599 4686 1725 4753 quia
1768 4696 1823 4740 et

220 4764 508 4822 Pharaoni
529 4768 669 4838 apud
694 4769 839 4839 ipsos
858 4770 1151 4842 Aegyptios
1172 4771 1473 4842 imperante
1492 4778 1685 4846 angelo
1708 4790 1753 4842 ο,
1771 4790 1826 4833 et

1898 490 2004 551 illis
2024 497 2135 549 veri
2181 497 2276 550 Dei
2305 496 2537 549 ministri
2567 495 2730 551 duces
2777 493 2961 548 statuti
3001 502 3146 559 sunt,
3192 494 3469 549 formatio-

1898 602 2022 638 num
2051 587 2117 639 ab
2161 584 2365 655 angelis
2409 584 2634 639 visionis
2674 582 3113 637 manifestatione
3135 582 3468 653 angelorum,

1897 676 2150 730 continuo
2174 676 2343 729 sacris
2364 674 2495 727 viris
2516 673 2700 727 Daniel
2723 682 2777 728 et
2804 671 2999 741 Ioseph
3023 686 3089 725 ex
3119 671 3230 726 Deo
3253 686 3350 741 per
3377 687 3475 726 an-

1896 769 2043 840 gelos
2067 767 2300 823 revelata
2328 765 2373 822 ί.
2398 766 2575 822 Unum
2603 766 2746 819 enim
2768 776 2851 819 est
2877 766 3116 819 omnium
3148 765 3470 835 principium

1898 868 1952 914 et
1971 859 2324 930 providentia.
2359 858 2422 912 Et
2441 857 2589 913 nullo
2616 856 2773 912 modo
2798 854 3476 921 aestimaudum,,.ludaeos

1880 950 2113 1020 *quidem
2136 950 2373 1020 plcniter
2406 948 2624 1003 duxisse
2648 947 3002 1011 divinitatem,
3029 945 3264 1017 Angelos
3294 954 3475 1002 autem

1900 1041 2223 1112 specialiter,
2258 1051 2350 1094 aut
2371 1054 2541 1110 aeque
2571 1037 2984 1104 honorabiliter,
3014 1046 3107 1091 aut
3143 1038 3408 1108 oppositis
3431 1038 3475 1100 ⁸,

1900 1138 1992 1184 aut
2017 1130 2155 1186 Deos
2183 1130 2444 1199 quosdam
2485 1129 2686 1183 alteros
2725 1129 2994 1199 imperare
3037 1128 3158 1182 aliis
3187 1129 3477 1199 gentibus:

1901 1220 1996 1273 sed
2026 1228 2081 1273 et
2106 1219 2379 1288 eloquium
2412 1218 2564 1283 illud,
2598 1220 2895 1273 secundum
2939 1219 3110 1288 ipsam
3161 1236 3371 1274 sacram
3401 1220 3482 1274 in-

1904 1300 2252 1379 telligentiam
2270 1309 2668 1379 aecipiendum,
2692 1324 2798 1364 non
2823 1310 3197 1379 utpartiente8
3224 1310 3334 1365 Deo
3357 1326 3479 1364 cum

1903 1399 2088 1455 alteris
2114 1400 2217 1454 diis
2256 1411 2349 1454 aut
2391 1399 2596 1469 angelis
2628 1407 2870 1454 nostrum
2912 1400 3164 1454 ducatum
3184 1439 3198 1465 ,
3233 1408 3289 1454 et
3319 1399 3482 1454 Israel

1905 1490 1957 1544 in
1990 1490 2166 1560 gentis
2210 1480 2574 1561 principatum
2622 1499 2677 1545 et
2711 1490 2890 1561 gentis
2917 1491 3173 1545 ducatum
3204 1501 3481 1553 contento,

1904 1582 1996 1635 sed
2026 1588 2084 1634 ut
2116 1581 2229 1650 ipsa
2260 1581 2479 1650 quidem
2520 1597 2628 1636 una
2652 1581 2814 1636 simul
2834 1582 3076 1636 omnium
3113 1582 3325 1638 excelsa
3354 1598 3483 1652 pro-

1904 1673 2167 1737 videntia,
2224 1687 2415 1727 oumes
2469 1673 2718 1728 homines
2772 1674 3086 1729 salutariter
3140 1674 3484 1745 propriorum

1906 1755 2215 1836 angelorum
2298 1767 2646 1820 restitutoriis
2707 1768 3222 1823 manuductionibus
3303 1768 3486 1822 distri-

1906 1858 2131 1923 buente,
2156 1855 2269 1912 solo
2297 1857 2409 1912 fere
2438 1859 2576 1911 ultra
2629 1874 2817 1913 omnes
2837 1859 3003 1914 Israel
3048 1861 3098 1913 in
3134 1861 3246 1915 veri
3274 1860 3485 1916 Domini

1907 1949 2356 2003 illuminationem
2436 1956 2490 2003 et
2542 1952 2905 2021 cognitionem
2974 1967 3258 2007 converso.
3333 1951 3488 2007 Unde

1908 2042 2173 2113 theologia
2227 2044 2445 2111 quidem
2477 2042 2711 2111 seipsum
2760 2044 3061 2111 possedisse
3085 2043 3248 2098 Israel
3285 2045 3488 2098 iuvere

1909 2134 2004 2189 Dei
2038 2134 2355 2189 famulatum
2386 2133 2719 2204 significans,
2762 2134 2903 2203 [acta
2929 2144 3002 2188 est
3040 2136 3209 2204 portio
3257 2134 3487 2199 Domini,

1909 2229 1985 2282 ait
2016 2230 2061 2281 ε.
2091 2227 2396 2283 Ostendens
2434 2236 2636 2292 autem,
2665 2237 2721 2282 et
2744 2242 2867 2282 eum
2899 2229 3102 2283 viritim
3132 2231 3333 2286 ceteris
3357 2246 3490 2301 gen-

1910 2319 2051 2374 tibus
2071 2319 2410 2374 distribuissc
2440 2319 2652 2374 cuidam
2698 2327 3007 2374 sanctorum
3061 2319 3400 2391 angelorum,
3434 2322 3486 2375 in

1908 2411 2341 2482 cognoscendum
2395 2427 2489 2481 per
2513 2428 2635 2465 eum
2660 2427 2824 2465 unum
2852 2413 3092 2466 omnium
3140 2413 3487 2483 principium,

1866 2552 1869 2553 ν
1911 2502 2135 2558 Michael
2169 2500 2305 2557 dixit
2334 2499 2613 2557 Iudaicum
2663 2503 2880 2557 duxisse
2917 2503 3173 2573 populum
3206 2505 3232 2544 ιι
3254 2545 3269 2569 ,
3304 2512 3490 2573 aperte

1911 2606 2010 2651 nos
2034 2595 2287 2658 edocens,
2339 2610 2501 2648 unam
2531 2609 2649 2649 esse
2674 2596 2914 2650 omnium
2964 2597 3384 2665 providentiam,
3412 2598 3487 2652 si-

1911 2686 2023 2742 mul
2065 2687 2318 2740 omnibus
2366 2684 2726 2741 invisibilibus
2769 2686 3152 2743 'etvisibilibus
3203 2689 3492 2745 virtutibus

1910 2777 2437 2851 superessentialiter
2456 2780 2954 2848 supercollocatam,
2977 2796 3166 2836 omnes
3189 2790 3368 2837 autem
3395 2797 3492 2852 per

1909 2867 2149 2941 singulas
2197 2877 2386 2940 gentes
2430 2869 2762 2937 imperantes
2817 2872 3056 2942 angelos,
3106 2873 3158 2926 in
3203 2873 3377 2941 ipsum
3436 2884 3496 2926 ut
3573 2935 3582 2943 υ

1907 2962 2186 3033 proprium
2217 2961 2541 3031 principium
2580 2971 2886 3032 sequentes,
2917 2963 3193 3020 voluntate
3216 2966 3493 3021 essentiali

1915 3068 2160 3125 quasque
2186 3054 2417 3107 virtutes
2438 3054 2733 3107 extendere
2749 3091 2763 3107 .

2446 3180 2864 3243 CAPITULUM'
2886 3186 2952 3242 Χ.

2002 3302 2257 3373 Repetitio
2280 3310 2327 3355 et
2351 3302 2678 3373 congregatio
2700 3309 2722 3341 ⁷
2744 3302 3008 3372 angelicae
3033 3305 3399 3359 ordinationis.

1982 3415 2235 3471 Cennexa
2257 3423 2340 3470 est
2362 3415 2541 3486 itaque
2561 3415 2640 3471 sic
2661 3416 2773 3487 ipsa
2787 3417 3004 3488 quidem
3018 3418 3487 3476 honorabilissima

1912 3504 2059 3560 circa
2080 3504 2248 3577 Deum
2272 3503 2571 3559 animorum
2608 3504 2908 3574 dispositio,
2941 3521 3008 3561 ex
3040 3507 3384 3566 teletarchica
3423 3511 3489 3565 il—

1915 3591 2265 3647 luminatione
2284 3592 2620 3647 sanctificata
2646 3594 2690 3658 ⁸,
2717 3594 2768 3648 in
2805 3609 2926 3649 eam
2962 3595 3273 3651 immediate
3303 3612 3493 3653 ascen-

1915 3683 2110 3747 dendo,
2144 3682 2406 3736 oeeultior
2429 3691 2483 3737 et
2510 3683 2844 3739 manifestior
2881 3685 3181 3742 divinitatis
3222 3687 3495 3742 illumina-

1918 3774 2062 3828 tioue
2081 3781 2342 3843 purgatur
2362 3782 2417 3827 et
2443 3773 2779 3829 illuminatur
2802 3786 2856 3830 et
2875 3777 3205 3849 perficitur”.
3222 3778 3497 3835 Occultior

1915 3868 2152 3939 quidem,
2184 3875 2439 3937 tanquam
2482 3867 2817 3933 invisibilior,
2845 3879 2901 3922 et
2936 3870 3111 3940 magis
3158 3870 3496 3940 simplitieata

1916 3970 1971 4016 et
1996 3959 2288 4015 unificata:
2326 3956 2663 4013 manifestior
2691 3970 2837 4024 vero,
2860 3967 3058 4014 utante
3083 3960 3228 4025 data,
3251 3970 3306 4015 et
3320 3962 3496 4030 primo

1918 4055 2103 4111 lucens
2127 4056 2191 4119 ν’,
2217 4063 2269 4109 et
2293 4053 2671 4118 universalior,
2700 4062 2755 4108 et
2797 4055 2968 4123 magis
3006 4055 3059 4109 in
3087 4068 3228 4120 eam,
3253 4063 3315 4109 ut
3341 4068 3500 4123 opor-

1919 4155 2015 4211 tet,
2036 4144 2204 4200 forma
2226 4142 2414 4198 effusa.
2432 4143 2515 4196 Ah
2538 4143 2649 4212 ipsa
2668 4152 2847 4198 autem
2869 4144 3060 4199 iterum
3082 4144 3499 4215 proportionali-

1921 4246 2002 4291 ter
2020 4235 2276 4299 secunda,
2291 4242 2348 4289 et
2364 4248 2394 4287 a
2415 4233 2647 4288 secunda
2672 4234 2849 4299 tertia,
2865 4243 2919 4288 et
2938 4249 3004 4288 ex
3023 4236 3179 4290 tertia
3202 4237 3499 4290 secundum

1921 4344 2021 4385 nos
2038 4326 2653 4393 Ierarchia,'5ecundum
2679 4327 2844 4397 ipsam
2868 4325 3005 4382 bene
3034 4330 3280 4383 ornantis
3300 4328 3503 4383 taxiar-

1923 4421 2286 4492 chiaelegem,
2312 4420 2362 4474 in
2385 4421 2663 4476 harmonia
2681 4421 2858 4475 divina
2887 4430 2941 4476 et
2963 4420 3227 4492 analogia,
3245 4421 3310 4475 ad
3338 4421 3497 4476 simul

1926 4513 2103 4567 Omnis
2137 4512 2263 4566 boni
2308 4519 2533 4566 ornatus
2581 4511 3045 4582 snperprincipale
3083 4512 3406 4583 principium
3446 4522 3504 4568 et

1927 4600 2442 4657 consummationem
2476 4594 2773 4656 ierarchice
2805 4602 3101 4656 reducitur.
3136 4603 3517 4659 Manifestato-'

1929 4706 2018 4746 res
2063 4700 2243 4745 autem
2291 4676 2478 4746 omnes
2522 4699 2578 4745 et
2599 4690 2774 4761 angeli
2822 4705 3030 4756 eorum,
3074 4694 3164 4762 qui
3206 4702 3332 4747 ante
3358 4694 3503 4764 ipsos

1931 4790 2089 4848 sunt;
2150 4782 2251 4852 ipsi
2305 4782 2522 4851 quidem
2568 4782 3026 4838 honorabilissimi
3077 4784 3173 4839 Dei
3217 4786 3505 4849 moventis,

222 4857 664 4929 Babyloniorum
719 4859 951 4930 principi
1011 4861 1262 4931 praeside
1313 4866 1534 4936 proprio
1582 4869 1825 4925 omnium
1930 4871 2404 4942 proportionaliter
2462 4881 2643 4957 autem
2695 4873 2860 4928 ceteri
2916 4888 2980 4929 ex
3035 4874 3145 4930 Deo
3200 4885 3504 4932 motorum.

217 4947 615 5024 providentiae
637 4957 693 5004 et
718 4948 1103 5006 dominationis
1150 4955 1433 5022 providum
1463 4966 1517 5012 et
1539 4964 1823 5028 potestati-

1932 4965 2161 5021 Tantum
2212 4964 2358 5018 enim
2417 4965 2654 5018 omnium
2712 4967 3177 5034 superessentialis
3226 4969 3510 5025 harmonia

1566 5100 1820 5160 VARIAE
1856 5103 2256 5163 LECTIONES.

290 5171 399 5275 ζει
426 5211 536 5250 om.
568 5197 631 5252 E.
658 5198 699 5228 “
723 5200 1041 5275 geomaBE.
1116 5204 1135 5236 ³
1173 5206 1334 5275 ipsius
1364 5223 1473 5264 om.
1505 5211 1569 5265 A.

222 5256 246 5302 ⁷
287 5263 340 5322 Ε
367 5282 649 5339 synagoge.
727 5270 748 5300 ⁸
776 5270 822 5322 Α
845 5271 1107 5328 ordinata.

1648 5214 1669 5246 ³
1698 5216 1797 5285 ipsi
1833 5229 1943 5287 om.
1975 5217 2042 5270 A.
2116 5216 2140 5249 ‘
2167 5214 2257 5287 ΒΗ
2280 5218 2334 5271 in
2355 5218 2519 5287 pium.

1200 5278 1220 5309 ⁸
1241 5286 1289 5331 et
1318 5278 1652 5336 illuminatur
1678 5278 1726 5338 ei
1755 5285 2026 5355 perﬁcitur
2054 5302 2162 5342 om.
2192 5285 2301 5340 ΒΗ.
2355 5278 2420 5325 ’ίο
2453 5287 2542 5343 AE
2572 5288 2733 5345 lucet.

2597 5228 2618 5259 ⁸
2641 5218 2727 5274 BH
2756 5223 3036 5291 oppositos.
3111 5222 3131 5253 ⁶
3160 5220 3248 5275 ΒΗ
3272 5231 3510 5290 parante.

1776 5373 2030 5432 NOTAE.

305 5463 339 5492 ι
380 5450 517 5505 Dan.
550 5452 619 5506 X.

306 5517 342 5561 δ
371 5519 528 5576 Deut.
552 5518 768 5579 XXXII.

304 5600 333 5630 ο
366 5592 503 5647 Osee
530 5607 622 5658 tv;
658 5592 859 5649 Jerem.
895 5592 961 5650 II.

301 5660 334 5702 δ
370 5661 508 5716 Gen.
543 5661 680 5717 XIV.
878 5671 884 5677 ·

570 5760 837 5819 Parum.
884 5762 1140 5827 CXXII.

2022 5478 2044 5505 θ
2074 5465 2208 5522 Gen.
2249 5468 2382 5524 XLI.

2026 5536 2045 5576 ί
2085 5539 2217 5592 Dan.
2254 5540 2315 5592 Il.

2021 5584 2219 5731 ξ
2247 5584 2509 5731 gixxw
2534 5630 2548 5676 ;
2576 5610 2728 5664 Deut.
2758 5584 2988 5673 xxxu';
3019 5607 3122 5663 Isa.
3157 5607 3295 5664 χιχ.

2945 5773 3021 5832 35
