3952 6162
463 327 635 383 ’1059

1873 335 2155 392 JOANNIS
2196 336 2386 395 SCOTI

3612 347 3767 405 ’ωῦθ

454 444 785 515 unicuique
835 446 1180 499 rationalium
1212 455 1272 500 et
1323 446 1767 502 iutcllectualium
1812 465 1968 505 sacro
1992 467 2081 505 or-
2111 460 2157 518 Α
2189 460 2365 507 tarum
2420 463 2731 509 sanctarum
2779 454 3063 521 virtutum,
3112 466 3166 512 et
3218 458 3515 514 minoribus
3544 466 3766 520 omnino

500 549 627 592 natu
659 546 711 593 et
737 537 984 592 ordinata
1039 537 1291 592 ductione
1335 538 1621 607 praevidit,
1667 550 1927 608 quantum
1969 543 2081 612 ipse

496 628 888 682 lerarchiarum
937 628 1305 698 unusquisque
1359 630 1493 683 ordo
1543 645 1699 685 sacro
1736 640 1791 685 et
1830 634 2083 687 decenter

498 720 705 788 positus
745 727 846 782 est,
881 726 934 771 et
975 732 1187 773 onmem
1229 719 1554 775 lerarchiam
1601 722 1842 776 videmus
1872 722 1924 776 in
1967 723 2080 793 pri-

495 825 630 873 mas,
678 817 733 862 et
777 808 1003 873 medias,
1037 817 1093 863 et
1115 809 1331 864 ultimas
1363 810 1591 865 virtutes
1616 812 1862 869 divisam.
1894 812 1997 867 Sed
2026 821 2081 868 et

491 899 663 965 ipsam
689 911 787 965 per
812 897 1073 969 singulas,
1107 898 1414 968 specialiter
1442 899 1747 965 dicendum,
1774 902 2079 970 dispositio-

491 989 621 1042 neiﬁ
648 987 779 1057 ipsis
809 987 1008 1042 divinis
1029 990 1325 1044 barmoniis
1355 990 1613 1045 discrevit
1646 1009 1658 1043 :
1691 1003 1911 1060 propter
1936 993 2078 1062 quod

490 1085 544 1130 et
591 1077 738 1146 ipsos
761 1077 1131 1132 divinissimos
1181 1077 1465 1149 Seraphin]
1518 1081 1618 1149 ipsi
1658 1064 1895 1151 theologi
1929 1083 2079 1136 aiunt

493 1168 725 1222 :ltcrum
757 1166 823 1222 ad
854 1167 1083 1222 alterum
1136 1168 1371 1225 clamare
1398 1182 1447 1235 η,
1495 1180 1682 1240 aperte
1737 1173 1789 1226 in
1845 1175 1965 1238 hoc,
2017 1181 2077 1227 ut

492 1257 743 1321 aestimo,
766 1257 1125 1325 declarantes,
1155 1260 1407 1328 quoniam
1456 1261 1785 1331 tlieologicas
1814 1264 2073 1318 scientias

490 1349 588 1419 ipsi
607 1348 763 1417 primi
780 1349 1033 1403 secundis
1050 1349 1283 1403 tradunt.
1301 1350 1609 1405 Addiderim
1633 1362 1810 1406 autem
1826 1352 2076 1408 fortassis

488 1440 671 1493 ethoc
717 1453 826 1492 non
870 1438 1186 1510 incongrue,
1230 1440 1354 1509 quia
1403 1450 1457 1496 et
1502 1443 1794 1497 secundum
1837 1444 2074 1513 seipsnm

462 1531 863 1603 unusquisque
915 1538 970 1585 et
1007 1531 1256 1586 caelestis
1297 1542 1353 1587 et
1394 1532 1661 1588 humanus
1701 1535 1911 1590 animus
1961 1551 2076 1604 spe-

491 1619 655 1674 ciales
684 1619 844 1674 habet
873 1627 927 1673 et
955 1620 1159 1689 primas
1191 1631 1241 1675 et
1288 1623 1492 1677 medias
1522 1632 1576 1676 et
1611 1624 1825 1677 ultimas
1853 1625 2072 1679 ordina-

497 1711 673 1767 tiones
691 1721 747 1767 et
770 1712 1019 1779 virtutes,
1042 1713 1286 1768 addictus
1309 1730 1406 1784 per
1434 1718 1850 1786 unumquodque
1871 1719 1884 1747 ¹
1904 1718 2073 1772 ierar-

2185 554 2479 605 annecterc
2521 546 2791 613 essentiis,
2833 546 2884 601 in
2916 548 3270 603 conversione
3315 549 3628 607 inconfusae
3663 570 3773 610 λιιι

2182 635 2477 706 gelieorum
2510 646 2802 691 ornatuum
2843 638 3195 694 taxiarchiae.
3225 638 3389 694 Juxta
3417 642 3562 695 enim
3592 658 3760 712 saepe

2185 740 2215 777 a
2243 724 2401 780 nobis
2449 735 2595 780 recte
2645 726 2908 780 redditam
2958 728 3222 783 rationem
3255 728 3405 797 ipsae
3432 730 3647 798 quidem
3672 747 3763 785 su-

2181 816 2528 886 perlirmatae
2592 817 2974 887 dispositiones
3039 819 3379 874 abundanter
3430 820 3638 876 habent
3706 832 3760 875 et

2181 909 2448 962 minorum
2479 924 2663 963 sacras
2687 911 3065 979 proprietates,
3096 910 3317 966 ultimae
3340 926 3470 965 vero
3501 911 3756 981 majorum

2180 998 2547 1068 superpositas
2574 1000 2953 1055 univcrsitates
2982 1017 3087 1055 non
3120 1002 3339 1066 habent,
3363 1003 3756 1072 particulatim

2182 1086 2236 1139 in
2284 1102 2377 1141 eas
2420 1089 2596 1156 prium
2648 1090 3033 1158 apparentibus
3088 1091 3618 1161 illuminatiouibus,
3667 1113 3754 1166 per

2181 1175 2384 1244 primas
2410 1176 2431 1206 ⁸⁵
2458 1178 2935 1247 proportionaliter
2953 1180 3033 1233 eis
3058 1179 3380 1236 distributis.

2696 1307 3093 1364 CAPITULUM
3125 1309 3236 1364 XII.

2176 1418 2357 1485 Quare
2379 1420 2661 1474 secundum
2685 1420 2917 1475 homines
2939 1421 3220 1476 Ierurclme
3247 1422 3419 1492 angeli
3446 1436 3696 1478 uocentur
3718 1426 3751 1477 '.

2251 1532 2541 1599 Quaeritur
2567 1542 2745 1589 autem
2774 1544 2829 1588 et
2854 1535 2954 1589 hoc
2983 1535 3395 1605 iutelligibilium
3420 1537 3753 1605 eloquiorum

2179 1623 2421 1679 studiose
2463 1624 2892 1679 intuentibuszsi
2921 1625 3061 1678 enim
3090 1626 3466 1695 participantia
3493 1627 3752 1681 excelsio-

2179 1730 2298 1768 rum
2327 1714 2742 1769 universitatum
2772 1730 2879 1769 non
2913 1725 3037 1770 sunt
3067 1716 3253 1768 ultima
3275 1756 3289 1781 ,
3328 1716 3398 1770 ob
3433 1733 3597 1786 quam
3636 1733 3754 1771 cau-

493 1804 772 1859 chicarum
820 1804 1276 1860 illuminationum
1331 1810 1577 1877 proprias
1627 1824 1897 1880 anagogas
1942 1824 2070 1880 pro-
2102 1822 2290 1884 Bsam
2315 1808 2610 1862 secundum
2656 1823 2753 1863 nos
2803 1824 3044 1863 summus
3072 1806 3337 1862 ‘sacerdos
3389 1811 3615 1881 angelus
3660 1812 3755 1868 Do-

496 1894 869 1963 portionaliter
891 1893 1463 1964 manilestatas",-per
1491 1913 1625 1967 quas
1656 1900 2074 1968 unmnquodque

496 1989 546 2039 in
578 1985 994 2055 participatione
1018 1986 1095 2049 tit,
1128 1988 1268 2040 sicut
1300 1987 1529 2055 idipsum
1556 1997 1609 2041 et
1648 1988 1729 2041 fas
1763 1999 1847 2042 est
1871 1998 1925 2043 et
1954 2004 2074 2058 pos-

496 2077 684 2141 sibile,
739 2076 1363 2147 superincognitiSsimac
1400 2080 1734 2149 purgationis
1779 2079 2076 2149 plenissimi

493 2168 713 2221 luminis
733 2164 1131 2235 anteperl‘cctae
1152 2167 1516 2236 perfectionis.
1536 2169 1631 2223 Est
1649 2170 1792 2223 enim
1818 2169 1949 2223 nihil
1978 2184 2076 2240 per

490 2274 549 2312 se
580 2256 906 2327 perfectum,
943 2256 1186 2325 indigens
1213 2257 1532 2312 universalis
1565 2258 1931 2327 perfectionis,
1971 2261 2077 2316 nisi

490 2365 618 2403 vere
646 2346 1097 2419 perfectissimum
1125 2357 1182 2403 ct
1211 2358 1335 2405 ante
1359 2350 1681 2419 perfectum.

1021 2481 1417 2538 CAPITULUM
1457 2481 1544 2537 X1.

476 2588 673 2654 .Qnare
701 2604 878 2644 omnes
902 2589 1147 2644 caelestes
1169 2592 1420 2644 essentiae
1441 2592 1783 2645 communiter
1795 2589 2033 2646 Virtutes
2054 2592 2075 2622 ⁸

1000 2659 1242 2714 caelestes
1270 2671 1515 2714 vocentur
1537 2660 1578 2713 ³.

566 2794 664 2851 His
692 2803 871 2849 autem
901 2792 1162 2857 definitis,
1204 2791 1335 2846 illud
1383 2791 1603 2863 dignum
1654 2792 1975 2862 intelligere,
2005 2793 2075 2848 ob

492 2901 656 2958 quam
698 2900 920 2941 causam
972 2899 1162 2938 omnes
1209 2882 1458 2937 similiter
1502 2883 1772 2953 angelicas
1812 2885 2074 2939 essentias

494 2978 724 3032 virtutes
752 2973 1015 3032 caelestes
1055 2987 1248 3028 vocare
1302 2974 1699 3028 consuevimus.
1756 2972 1874 3027 Non
1926 2974 2072 3029 enim

491 3075 576 3122 est
617 3065 923 3130 dicendum,
974 3072 1033 3117 ut
1059 3064 1111 3117 in
1151 3061 1375 3132 angelis,
1425 3062 1680 3132 quoniam
1703 3063 1944 3117 omnium
1977 3078 2073 3118 no-

2182 1900 2313 1955 mini
2366 1901 2747 1970 omnipotentis
2803 1901 2869 1954 ab
2917 1900 3146 1969 eloquiis
3190 1900 3503 1954 nominatur
3558 1902 3623 1954 1’?
3670 1902 3756 1957 Est

2180 2000 2355 2044 autem
2388 2006 2494 2044 non
2523 1990 2799 2044 contraria
2826 1990 2995 2054 ratio,
3043 1997 3102 2042 ut
3149 1989 3409 2053 aestimo.
3449 2000 3577 2044 ante
3632 1992 3753 2044 deti-

2178 2082 2325 2135 n’itis.
2362 2081 2601 2136 Dicimus
2647 2083 2825 2148 enim,
2869 2081 2994 2150 quia
3020 2080 3316 2134 universali
3346 2089 3403 2134 et
3427 2082 3750 2150 superpOsita

2179 2170 2442 2240 majorum
2515 2178 2804 2225 ornatuum
2869 2171 3069 2224 virtute
3138 2169 3519 2237 relinquuntur
3572 2169 3747 2222 ultimi.

2178 2261 2351 2317 Media
2413 2262 2559 2317 eiiim
2616 2271 2689 2331 et
2759 2260 3146 2332 proportionali
3212 2260 3545 2328 participant
3613 2259 3748 2327 juxta

2177 2369 2342 2407 unam
2372 2352 2533 2409 simul
2563 2361 2882 2408 cunctorum
2909 2361 2966 2405 et
2990 2352 3384 2418 conjunctivam
3412 2352 3745 2404 societatem:

2178 2449 2337 2519 quale
2403 2459 2513 2512 est,
2580 2456 2887 2502 sanctorum
2952 2444 3243 2500 Cherubim
3292 2445 3426 2498 ordo
3477 2444 3747 2514 participat

2176 2538 2440 2606 sapientia
2470 2546 2524 2590 et
2546 2538 2772 2591 scientia
2802 2535 3013 2600 attiori;
3047 2534 3148 2587 sub
3186 2534 3329 2603 ipsos
3363 2542 3546 2585 autem
3583 2546 3748 2586 essen-

2178 2632 2374 2685 tiarum
2436 2628 2817 2698 dispositiones
2878 2626 3204 2696 participant
3250 2624 3466 2692 quidem
3516 2632 3573 2677 et
3619 2624 3753 2693 ipsae

2178 2720 2448 2791 sapientia
2484 2729 2537 2776 et
2573 2720 2800 2774 scientia
2824 2756 2840 2783 ,
2877 2717 3190 2787 particulari
3232 2722 3413 2768 tamen
3447 2715 3518 2767 ad
3559 2714 3674 2769 illos
3706 2723 3753 2768 et

2177 2809 2436 2879 subjecta.
2487 2808 2555 2863 Et
2595 2808 2813 2878 quidem
2856 2807 3076 2861 omnino
3119 2806 3172 2859 in
3217 2805 3637 2873 participatione
3676 2820 3754 2858 sae

2176 2899 2409 2968 pientiae
2443 2912 2564 2953 esse
2600 2898 2643 2962 ⁸,
2682 2906 2738 2951 et
2773 2898 3052 2961 scientiae,
3084 2910 3368 2949 commune
3402 2904 3487 2948 est
3514 2894 3755 2947 omnibus

2176 2991 2528 3046 deiformibus
2546 2988 3007 3043 intellectualibus
3030 2988 3049 3018 ⁷
3078 3005 3090 3040 :
3117 2996 3320 3040 attente
3346 2995 3556 3049 autem,
3573 2996 3626 3039 et
3648 2986 3750 3055 pri-

2176 3101 2292 3150 mo,
2326 3092 2418 3138 aut
2445 3084 2704 3148 secundo,
2745 3091 2836 3136 aut
2874 3079 3035 3146 infra,
3074 3093 3413 3148 nequaquam
3448 3090 3750 3140 commune,

494 3158 718 3212 “55in”
770 3164 852 3211 εει
899 3154 1180 3224 disposui”
1238 3154 1353 3223 ipsa
1410 3161 1720 3207 sanetam“
1774 3150 2067 3244 νίτψιυηιν
2100 3173 2143 3231 C
2175 3175 2271 3230 sed
2302 3175 2443 3230 sicut
2482 3174 2772 3244 unicuique
2811 3181 2935 3227 ante
2960 3177 3178 3243 prepria
3208 3170 3465 3226 delinitur
3493 3168 3748 3238 analogia.

492 3258 548 3303 et
585 3248 803 3317 quidem
849 3244 1264 3300 novissimarum
1315 3252 1500 3299 sancta
1527 3251 1583 3297 et
1634 3244 1830 3297 decora
1878 3243 2075 3297 illumi-

494 3340 737 3404 natione,
771 3338 1230 3408 superpositarum
1279 3337 1638 3411 essentiarum
1689 3335 2075 3405 dispositiones

490 3435 853 3507 participant;
903 3431 1124 3486 ultimae
1167 3445 1297 3486 vero
1342 3431 1641 3500 primarum
1687 3427 1834 3483 nullo
1880 3429 2070 3483 modo:

491 3524 716 3595 etcujus
736 3523 908 3596 gratia
925 3521 1187 3577 caelestes
1206 3519 1422 3591 quidem
1442 3520 1669 3573 virtutes
1692 3533 1885 3573 omnes
1906 3519 2071 3571 divini

494 3617 802 3673 intellectus
820 3604 1189 3678 nominantur,
1214 3612 1497 3681 Seraphim
1521 3620 1700 3664 autem
1721 3618 1776 3664 et
1797 3610 1996 3664 Throni
2019 3598 2092 3664 ρι’

494 3706 902 3763 Dominationes
957 3703 1103 3758 nullo
1154 3702 1332 3757 modo.
1367 3700 1731 3769 Participatae
1775 3700 1919 3754 enim
1970 3714 2069 3753 ex-

496 3806 705 3852 tremae
735 3774 1266 3850 excelsissimissunt
1305 3786 1699 3846 universalibus
1728 3791 2073 3861 proprietati-

484 3890 615 3943 bus.
656 3889 760 3958 Ipsi
787 3901 1017 3957 namque
1039 3885 1251 3957 Angeli,
1282 3892 1337 3938 et
1376 3892 1500 3938 ante
1543 3883 1777 3955 Angelos
1828 3878 2073 3939 Archan-

490 3983 593 4054 geli
606 4024 619 4048 ,
633 3993 687 4038 et
700 3982 1060 4051 Principatus,
1076 3989 1131 4035 et
1144 3979 1465 4043 Potestates,
1484 3987 1603 4048 post
1622 3978 1857 4032 Virtutes
1878 3978 1944 4031 ab
1959 3977 2072 4045 ipsa

493 4073 763 4144 theologia
788 4072 1042 4136 ordinati,
1079 4070 1440 4126 communiter
1481 4081 1642 4137 saepe
1682 4085 1712 4120 a
1743 4066 1899 4121 nobis
1922 4068 2072 4121 simi-

492 4168 617 4221 liter
644 4166 766 4222 aliis
793 4164 999 4219 sanctis
1035 4163 1288 4218 cssentiis
1324 4162 1591 4217 caelestes
1616 4161 1842 4215 virtutes
1868 4176 2067 4215 vocan-

491 4269 598 4312 tur.
653 4255 896 4310 Dicimus
940 4264 1141 4321 autem,
1169 4255 1294 4324 quia
1322 4254 1685 4309 communiter
1737 4253 1790 4306 in
1822 4254 2070 4309 omnibus

488 4356 707 4401 utentes
746 4345 1064 4400 caelestium
1102 4344 1469 4398 nominatione
1493 4344 1772 4408 virtutum,
1805 4358 1910 4396 non
1940 4359 2070 4398 con-

446 4467 457 4473 —
488 4436 758 4493 fusionem
780 4437 1056 4506 quandam
1080 4433 1508 4504 uniuscujusque
1542 4433 1914 4503 dispositionis
1936 4446 2065 4501 pro-

2173 3266 2287 3320 lloc
2316 3274 2495 3320 autem
2527 3275 2582 3320 et
2607 3265 2673 3318 de
2701 3264 2953 3319 omnibus
2979 3263 3177 3318 divinis
3205 3261 3481 3316 mentibus
3512 3276 3618 3315 non
3648 3260 3749 3316 for-

2174 3357 2332 3412 tassis
2362 3358 2484 3426 quis
2509 3371 2697 3411 errans
2719 3356 2955 3411 detiniet.
2984 3355 3195 3409 Etenim
3225 3353 3366 3407 sicut
3397 3351 3559 3422 primi
3590 3352 3747 3406 abun-

2173 3448 2361 3502 danter
2404 3448 2602 3502 habent
2652 3447 2920 3501 minorum
2968 3456 3184 3500 sanctas
3228 3444 3593 3514 pulchrasque
3624 3457 3740 3512 pro-

2170 3541 2452 3607 prietates,
2482 3540 2563 3592 sic
2592 3538 2792 3592 habent
2821 3537 2995 3591 ultimi
3025 3552 3117 3591 cas
3145 3536 3409 3605 priorum,
3444 3550 3552 3588 non
3577 3543 3741 3587 tamen

2171 3632 2441 3696 similiter,
2467 3631 2562 3685 sed
2593 3629 2756 3684 infra.
2790 3628 2934 3683 Nihil
2965 3644 3124 3697 ergo,
3155 3635 3215 3681 ut
3249 3627 3515 3688 aestimo,
3558 3623 3730 3679 inordi

2172 3733 2391 3788 natum,
2438 3724 2485 3777 si
2532 3733 2584 3777 et
2632 3723 2927 3777 secundum
2975 3735 3074 3775 nos
3111 3734 3379 3774 summum
3421 3717 3741 3771 sacerdotem

2173 3814 2421 3885 angelum
2454 3814 2721 3884 theologia
2767 3822 2959 3877 vocat,
2992 3810 3145 3879 juxta
3182 3808 3440 3862 virtutem
3480 3805 3739 3877 propriam

2170 3906 2584 3974 participantem
2627 3903 2941 3975 angelorum
2967 3900 3269 3972 hypoletica
3311 3900 3664 3969 proprietate,
3691 3906 3743 3950 ct

2172 3994 2241 4046 ad
2276 3993 2729 4047 manifestativam
2766 4008 2951 4045 eorum
2998 3990 3441 4052 similitudinem,
3491 3995 3743 4055 quantum

2171 4083 2428 4153 possibile
2487 4083 2827 4145 hominibus,
2882 4089 3179 4135 extentum.
3243 4078 3489 4131 Invenies
3534 4086 3743 4137 autem,

2171 4175 2296 4243 quia
2325 4182 2381 4226 et
2408 4173 2535 4226 deos
2564 4172 2825 4240 theologia
2859 4179 3015 4225 vocat
3040 4179 3094 4224 et
3121 4168 3381 4223 caelestes
3408 4176 3461 4220 et
3486 4180 3747 4236 supernas

2170 4263 2436 4317 cssentias
2457 4302 2471 4327 ,
2502 4271 2557 4315 et
2584 4262 2724 4330 apud
2750 4276 2847 4315 nos
2883 4260 3240 4313 amicissimos
3272 4257 3367 4311 Dei
3393 4265 3450 4312 et
3473 4255 3747 4309 mirabiles

2168 4355 2337 4418 viros,
2377 4356 2432 4408 et
2468 4354 2688 4424 quidem
2729 4354 2909 4407 divina
2944 4352 3275 4406 obscuritate
3327 4347 3750 4418 superessentia-

2126 4426 2137 4507 7'
2169 4443 2295 4498 liter
2320 4444 2480 4497 simul
2508 4443 2757 4496 omnibus
2784 4451 2841 4496 et
2872 4452 3074 4495 remota
3115 4451 3168 4494 et
3203 4440 3627 4507 supercollocata
3650 4477 3666 4500 ,
3691 4446 3746 4490 et

487 4528 778 4595 Dl‘ielalum
830 4525 1218 4581 ίυῑνοάυοῖῐηυε
1247 4543 1259 4577 ε
1284 4525 1378 4579 sed
1420 4525 1674 4595 quoniam
1708 4525 1761 4577 in
1796 4524 1896 4577 ιη’ίίι
1929 4524 2066 4578 άίνί·
2096 4503 2314 4589 Dnullo
2370 4534 2437 4588 ab
2494 4549 2555 4587 ea
2595 4548 2780 4588 eorum
2805 4573 2819 4595 ,
2858 4547 2996 4601 quae
3061 4541 3220 4596 sunt,
3271 4530 3434 4585 simili
3480 4529 3743 4582 nominari

487 4618 689 4671 duntur
716 4617 1011 4671 secundum
1050 4630 1109 4670 se
1150 4616 1581 4687 supermundana
1636 4614 1846 4669 ratione
1879 4628 2067 4669 omnes

491 4708 656 4762 divini
689 4708 1015 4775 intellectus,
1040 4708 1093 4763 in
1122 4709 1411 4765 essentiam
1435 4715 1491 4762 et
1518 4708 1769 4761 virtutem
1796 4714 1849 4760 et
1870 4720 2063 4775 opera-

491 4801 713 4865 tionem,
760 4814 883 4856 eum
916 4801 1074 4856 simul
1116 4815 1306 4856 omnes
1337 4808 1430 4853 aut
1461 4811 1649 4852 eorum
1682 4798 1945 4866 quosdam
1984 4797 2068 4851 in—
2124 4817 2128 4821 ’

489 4891 776 4948 observate
819 4895 1080 4949 caelestes
1128 4892 1413 4956 essentias,
1468 4899 1563 4944 aut
1608 4889 1873 4944 caelestes
1903 4903 2063 4944 voca-

488 4996 614 5037 mus
654 4982 904 5048 virtutes,
936 4998 1046 5039 .eos
1088 4981 1536 5053 periphrasticés,
1566 4977 1632 5033 de
1657 4977 1852 5046 quibus
1886 4992 2064 5033 sermo

492 5082 596 5140 est,
626 5074 934 5146 signiﬁcare
979 5090 1079 5131 nos
1121 5073 1515 5130 aestimandum
1557 5086 1623 5126 ex
1669 5085 1756 5136 ea,
1800 5086 1939 5141 quae
1966 5086 2062 5141 per

480 5166 724 5238 singulos
751 5182 939 5221 eorum
965 5176 1068 5231 est,
1096 5166 1328 5221 essentia
1351 5163 1438 5220 vel
1462 5164 1682 5219 virtute.
1709 5162 1892 5234 Neque
1913 5164 2057 5217 enim

480 5258 875 5328 superpositam
910 5258 1292 5327 proprietatem
1312 5256 1426 5328 jam
1452 5256 1590 5314 bene
1615 5270 1645 5309 a
1678 5256 1830 5311 nobis
1852 5256 2056 5311 discre-

2162 4625 2380 4695 prOpric
2407 4635 2461 4679 et
2486 4626 2706 4679 onmino
2733 4624 2961 4678 valente.
2998 4623 3362 4678 Verumtamen
3394 4634 3744 4690 quaecunque

2168 4723 2221 4769 et
2258 4714 2696 4769 intellectualium
2731 4724 2781 4767 ct
2825 4713 3163 4767 rationalium
3202 4712 3269 4764 ad
3318 4712 3575 4764 unitatem
3632 4709 3745 4775 ejus

2166 4805 2555 4875 qualiscunque
2584 4804 2754 4857 virtus
2786 4802 3162 4857 universaliter
3191 4802 3548 4861 convertitur,
3589 4807 3640 4851 et
3678 4798 3743 4849 ad

2165 4894 2377 4948 divinas
2412 4894 2579 4962 ipsius
2635 4892 3083 4954 illuminationes,
3141 4897 3401 4957 quantum
3455 4885 3742 4955 possibile,

2169 4983 2565 5038 incessabiliter
2596 4982 2619 5014 ⁸
2651 4983 2979 5044 extenditur,
3037 4980 3332 5035 secundum
3372 4978 3660 5037 virtutem,
3696 4973 3744 5029 si

2160 5072 2363 5143 justum
2404 5073 2615 5139 dicere,
2656 5072 2838 5127 divina
2875 5071 3204 5135 imitatione,
3243 5078 3300 5123 et
3335 5067 3505 5122 divina
3547 5064 3740 5118 univo-

2166 5168 2378 5222 catione
2408 5167 2569 5238 digna
2599 5165 2745 5221 facta
2773 5166 2919 5220 est.’

1748 5362 2004 5419 VARlAE
2059 5363 2459 5423 LECTIONES.

1294 5480 1333 5510 ¹⁹
1366 5477 1407 5531 Ε
1429 5475 1759 5545 Manifestus.

553 5486 571 5519 ι
598 5475 642 5533 Ε
672 5495 832 5533 unum
858 5480 1216 5549 quodcunque.
1294 5480 1333 5510 ¹⁶
1366 5477 1407 5531 Ε
1429 5475 1759 5545 Manifestus.
1834 5485 1856 5515 ³
1880 5476 1901 5530 Ι

553 5563 645 5601 τηε
673 5562 781 5601 om.
809 5551 873 5601 Α.
947 5551 966 5580 ⁷
1006 5552 1047 5601 Α
1078 5548 1437 5601 intellectibus.
1511 5548 1532 5578 ⁸
1572 5547 1611 5601 Ε
1645 5547 1901 5601 incessunt

1645 5561 1979 5601 incessanter.

481 5555 504 5584 ⁵
533 5563 645 5602 esse
673 5562 781 5604 om.
809 5548 873 5605 A4
947 5551 966 5580 ⁷
1006 5552 1047 5603 Α
1078 5548 1437 5603 intellectibus.

1834 5485 1856 5515 ³
1880 5476 1924 5530 Ε
1965 5478 2137 5549 angeli
2159 5478 2406 5532 virtutes.

2480 5475 2501 5507 ³
2536 5476 2579 5531 Ε
2607 5484 2875 5533 vocantur.
2937 5473 2960 5505 ’⁵
2980 5472 3069 5528 BH
3093 5473 3286 5543 prima.
3359 5471 3380 5501 "
3400 5470 3441 5537 Ε
3468 5480 3740 5524 vocantur.

2004 5655 2252 5715 NOTAE.

552 5757 578 5787 ο
614 5739 703 5789 lui.
773 5750 831 5802 γι

2216 5753 2245 5791 Ῑ)
2280 5750 2502 5805 Malaclt.
2541 5748 2599 5815 ll,
2626 5748 2655 5800 7
2682 5764 2695 5807 ς
2726 5746 2891 5815 Apoc.
2934 5745 2998 5801 ll.
