3952 6162
299 317 430 381 ltili

795 418 1194 479 CAPITULUM
1234 414 1370 471 XIII.

475 524 654 589 Quare
683 536 712 573 α
740 516 1018 589 Seruphim
1046 514 1255 589 dicatur
1283 517 1535 579 purgatus
1569 505 1727 573 fuisse

850 581 1099 656 propheta
1130 581 1325 635 Isaias.

369 688 505 758 Age,
520 683 690 740 ethoc
710 679 1005 736 secundum
1028 676 1279 731 virtutem
1307 668 1671 740 inspiciamus,
1694 660 1884 734 utquid

296 795 329 835 a
383 755 644 846 theologis
679 770 962 840 Serapbim
1019 766 1215 822 missus
1263 763 1426 817 fuisse
1456 759 1665 815 dicatur
1704 768 1750 809 ιι.
1795 755 1883 807 Eta-

294 870 470 927 enim.
494 873 790 937 exponeret
836 861 1154 931 quisquam,
1182 857 1310 937 quia
1344 868 1447 907 non
1482 848 1883 920 suppositormn

296 962 423 1033 quis
446 936 758 1030 angelorum
776 992 792 1019 ,
821 951 915 1007 sed
942 965 1079 1003 unus
1110 936 1325 1017 quidam
1362 939 1610 997 maximis
1637 936 1885 993 essentiis

298 1031 606 1111 innumeris
644 1054 839 1119 purgat
873 1042 1232 1100 sacerdotem.
1270 1037 1499 1105 Quidam
1535 1048 1663 1105 ergo
1699 1031 1884 1095 aiunt,

297 1134 427 1216 quia
462 1142 617 1212 juxta
654 1139 769 1208 jam
822 1143 947 1190 ante
996 1131 1257 1187 redditam
1305 1134 1622 1181 cunctorum
1675 1120 1886 1176 intelle-

295 1211 487 1289 ctuum
514 1229 786 1287 societatis
811 1223 1175 1282 definitionem
1195 1260 1208 1284 ,
1243 1234 1345 1273 non
1370 1232 1531 1271 unam
1554 1215 1696 1269 circa
1720 1211 1886 1266 Deum

297 1324 603 1395 primarum
651 1317 909 1372 mentium
955 1311 1198 1367 nominat
1250 1305 1522 1377 eloquium
1560 1304 1614 1358 in
1656 1299 1889 1370 theologi

296 1394 680 1485 purgationem
724 1406 977 1470 venisse;
1033 1401 1299 1472 quendam
1327 1413 1455 1452 vero
1498 1394 1889 1466 praestantium

299 1503 464 1558 nobis
513 1497 858 1569 angelorum.
899 1492 1326 1547 sanctificantem
1366 1486 1661 1558 prophetae
1695 1495 1893 1553 purga-

302 1593 534 1654 tionem,
580 1586 865 1658 Serapljim
912 1570 1364 1652 aequivocatione
1388 1578 1404 1609 ¹
1434 1586 1682 1631 vocatum
1728 1573 1894 1627 fuisse

300 1690 531 1754 prepter
576 1680 788 1750 igneam
824 1685 877 1730 et
912 1674 1212 1730 caelestem
1249 1670 1514 1726 dictorum
1561 1667 1889 1722 ablutionem

955 302 1203 367 VERSIO
1241 300 1522 359 OPERUM
1564 300 1622 356 S.
1662 293 1978 354 DIONYSII.
2014 321 2080 330 -—
2106 286 2481 348 CAELESTlS
2522 279 2914 339 ll'lllARClllA.

1899 409 1954 467 Α
1978 403 2114 459 haec
2151 410 2237 456 aut
2277 413 2495 468 aquam,
2533 401 2625 448 aut
2656 393 2885 447 alterum
2926 389 3051 459 quid
3093 405 3195 442 non
3231 385 3383 443 facile
3411 388 3558 459 igne-

3568 160 3595 175 ς

3401 276 3557 332 .tetrl

1981 492 2245 549 scentium
2300 486 2779 561 proportionaliter
2837 482 3143 538 caleflcans.
3201 479 3360 536 Juxta
3415 481 3558 535 hanc

1983 585 2148 655 igitur
2184 580 2446 636 naturalis
2483 575 2840 631 ordinationis
2895 573 3192 637 rationem,
3230 580 3557 642 supernatu-
3597 626 3601 631 ,

1991 673 2121 727 ralis
2156 673 2270 741 ipsa
2308 669 2485 724 omnis
2511 668 2636 723 boni
2667 675 2891 720 ornatus
2922 663 3148 718 visibilis
3185 673 3241 717 et
3279 662 3565 719 invisibilis

1987 765 2334 827 taxiarchiae,
2360 776 2628 832 congruae
2652 756 3046 814 dilucidationis
3066 756 3367 811 claritatem
3389 756 3565 826 primo

1987 862 2368 926 apparentem,
2398 860 2456 905 ut
2486 852 2537 904 in
2575 846 2962 920 copiosissimis
2999 845 3349 901 effusionibus
3382 846 3565 901 excel-

1988 944 2300 1000 lentissimis
2348 941 2658 996 manifestat
2705 940 2993 994 essentiis:
3044 948 3097 993 et
3136 953 3231 1008 per
3270 953 3391 1002 eas,
3430 953 3571 1007 quae

1988 1044 2105 1106 post
2145 1042 2270 1088 sunt
2301 1033 2605 1095 essentiae,
2642 1031 2821 1085 divino
2862 1030 3186 1100 participant
3238 1029 3406 1085 radio.
3457 1029 3571 1084 liae

1988 1126 2132 1180 enim
2155 1124 2175 1155 "
2197 1125 2403 1193 primae
2424 1131 2807 1192 cognoscentes
2830 1121 2994 1176 Deum
3014 1164 3027 1184 ,
3051 1131 3104 1175 et
3127 1121 3361 1175 divinam
3385 1137 3572 1192 super-

1990 1216 2291 1271 eminenter
2331 1214 2702 1269 desiderantes
2741 1213 3030 1275 virtutem,
3080 1222 3131 1266 et
3167 1211 3567 1282 praecperatri-

1992 1321 2083 1361 ces
2127 1306 2263 1369 fieri,
2297 1313 2556 1374 quantum
2590 1301 2875 1374 possibile,
2919 1302 3029 1357 Deo
3069 1303 3226 1357 simili
3280 1304 3478 1357 virtute
3519 1311 3575 1358 et

1993 1397 2204 1451 actione
2250 1396 2441 1465 dignae
2489 1393 2709 1448 effectae
2756 1401 2908 1457 sunt,
2960 1402 3014 1448 et
3059 1404 3178 1463 post
3222 1408 3279 1448 se
3309 1394 3574 1449 essentias

1995 1488 2143 1557 ipsae
2192 1486 2258 1540 ad
2308 1485 2538 1539 similem
2592 1485 2865 1561 virtutem,
2907 1492 2965 1538 ut
3013 1485 3207 1547 virtus,
3237 1483 3575 1539 deiformiter

1994 1576 2321 1641 extendunt,
2351 1578 2566 1647 copiose
2598 1576 2727 1649 ipsis
2758 1576 3033 1632 tradentes
3060 1593 3123 1631 ex
3165 1578 3576 1647 superveniente

1998 1666 2049 1720 in
2098 1682 2192 1723 eas
2235 1666 2513 1731 claritate,
2560 1676 2613 1721 et
2654 1666 2773 1721 illae
2823 1666 3016 1721 iterum
3052 1668 3346 1739 subjectis:
3388 1678 3441 1723 et
3483 1686 3578 1739 per

300 1779 654 1841 peccatorum
675 1805 690 1831 ,
727 1772 782 1820 et
813 1762 1026 1835 purgati
1066 1762 1119 1816 in
1143 1760 1381 1814 divinam
1412 1756 1774 1813 obedientiam
1806 1770 1890 1809 re-
1926 1773 1969 1831 Β
1996 1759 2231 1829 singulas
2252 1760 2421 1830 prima
2442 1758 2513 1826 ei,
2534 1775 2671 1829 quae
2690 1769 2769 1814 est
2791 1769 2910 1830 post
2932 1776 3072 1825 eam,
3094 1762 3271 1814 tradit.
3298 1760 3414 1831 Ipsa
3438 1777 3577 1831 aqua

301 1860 744 1915 suscitationem.
772 1855 837 1910 Et
863 1852 1137 1922 eloquium
1168 1864 1334 1904 unum
1360 1864 1425 1903 ex
1456 1847 1741 1916 Seraphim
1771 1846 1893 1901 sim.

302 1950 523 2021 pliciter
558 1948 759 2015 dixisse
802 1944 983 2006 aittnt,
1033 1958 1139 1995 non
1184 1941 1330 1995 circa
1393 1937 1561 1993 Deum
1600 1935 1892 1991 collocata-

304 2054 452 2103 rum,
476 2035 570 2092 sed
592 2035 747 2091 nobis
772 2032 1160 2104 praestantium
1185 2029 1587 2100 purgativarum
1614 2028 1892 2081 virtutum.

306 2128 463 2184 Alter
513 2135 694 2183 autem
749 2141 855 2180 non
905 2123 1065 2178 nimis
1112 2121 1579 2176 inconvenientem
1628 2119 1894 2189 quandam

307 2218 585 2290 praestitit
609 2216 738 2271 mihi
772 2215 1071 2286 apologiam
1104 2226 1264 2282 super
1292 2209 1599 2278 hujusmodi
1622 2216 1784 2263 statu.
1811 2208 1900 2261 Ait

311 2311 497 2375 enim,
548 2309 674 2381 quia
731 2305 1002 2379 propriam
1053 2302 1395 2374 purgativam
1443 2298 1896 2355 sacrificationem

315 2416 547 2469 magnus
578 2398 702 2462 ille,
733 2397 827 2467 qui
868 2403 995 2451 tunc
1028 2402 1177 2459 erat,
1222 2393 1483 2447 visionem
1528 2390 1767 2446 formans
1799 2404 1897 2444 an-

314 2493 466 2562 gelus
508 2492 561 2547 in
594 2490 893 2547 docendum
933 2488 1117 2542 divina
1160 2485 1499 2556 theologum,
1543 2485 1595 2539 in
1640 2482 1807 2539 Deum
1846 2491 1903 2538 et

313 2591 437 2653 post
466 2582 634 2636 Deum
667 2582 719 2635 in
749 2580 1237 2650 praeoperatricem
1268 2575 1595 2639 lerarchiam
1639 2574 1897 2643 reposuit.

318 2677 385 2729 Et
424 2672 687 2741 numquid
726 2670 891 2739 igitur
930 2669 1064 2723 haec
1106 2666 1245 2720 ratio
1288 2680 1452 2720 verax
1482 2664 1606 2719 est?
1635 2664 1725 2718 Ait
1756 2664 1901 2719 enim

315 2767 408 2837 qui
441 2767 543 2820 hoc
570 2763 705 2818 dixit
735 2779 748 2817 :
781 2759 1062 2829 Quomodo
1091 2757 1272 2813 divina
1302 2758 1476 2811 virtus
1505 2756 1559 2810 in
1601 2756 1782 2811 omnia
1812 2769 1904 2809 ve-

316 2857 474 2910 niens
501 2853 715 2923 implet,
743 2860 796 2906 et
821 2866 919 2922 per
940 2849 1118 2905 omnia
1149 2847 1602 2903 innnensuraliter
1627 2846 1902 2916 pervenit,

317 2952 374 2999 et
402 2941 655 2997 omnibus
685 2941 879 2995 iterum
920 2948 1004 2995 est
1043 2935 1359 3002 invisibilis,
1391 2952 1500 2992 non
1544 2936 1716 2991 solum
1747 2935 1903 3005 quasi

315 3021 388 3091 3b
418 3034 674 3091 omnibus
702 3029 1234 3103 superesscntialiter
1265 3040 1471 3085 remota
1494 3068 1509 3094 ,
1541 3029 1634 3085 sed
1664 3035 1717 3084 et
1746 3027 1900 3099 quasi

1998 1866 2177 1906 nonne
2222 1859 2278 1906 et
2325 1852 2377 1906 in
2419 1866 2609 1906 omnes
2654 1852 3126 1922 proportionaliter
3164 1854 3457 1921 pervenit?
3487 1853 3582 1907 Est

1996 1959 2125 2014 ergo
2171 1944 2330 1999 simul
2374 1945 2582 2000 eunetis
2633 1944 2950 2000 illuminatis
3001 1946 3326 2016 principium
3384 1948 3581 2003 illumi«

1998 2035 2157 2089 nandi
2209 2034 2352 2090 Deus
2385 2036 2606 2104 quidem
2644 2045 2837 2091 natura
2891 2045 2946 2091 et
2980 2052 3104 2092 vere
3138 2047 3192 2092 et
3230 2039 3445 2110 proprie
3470 2081 3482 2102 ,
3525 2049 3584 2095 ut

1999 2124 2215 2180 luminis
2252 2127 2515 2191 essentia,
2566 2134 2619 2181 et
2652 2126 2821 2197 ipsius
2858 2142 2978 2183 esse
3008 2137 3063 2183 et
3103 2130 3285 2185 videre
3328 2131 3579 2187 causalis.

2001 2216 2112 2273 Hoc
2132 2216 2468 2272 deiformiter
2490 2227 2544 2273 et
2566 2220 2675 2272 Deo
2697 2218 2874 2273 simile
2902 2230 3203 2287 permanet,
3243 2225 3578 2294 superposita

1998 2308 2047 2363 ei
2090 2315 2212 2377 post
2242 2322 2299 2363 se
2348 2323 2707 2377 unaquaeque
2739 2309 2918 2363 divina
2950 2309 3151 2365 lumina
3182 2326 3278 2380 per
3319 2326 3377 2365 se
3419 2315 3470 2365 in
3516 2315 3583 2367 il-

1999 2397 2107 2453 lam
2135 2399 2505 2454 transvehere.
2554 2399 2698 2465 Ergo
2719 2399 3233 2454 excellentissimam
3267 2402 3582 2457 caelestium

2002 2488 2304 2543 animorum
2334 2488 2739 2559 dispositionem
2770 2485 2931 2544 simul
2979 2492 3218 2546 omnium
3251 2492 3581 2563 reliquarum

2001 2578 2286 2642 essentiae,
2302 2578 2595 2633 secundum
2617 2578 2759 2648 quod
2781 2593 3116 2649 consequens
3136 2590 3220 2635 est
3237 2622 3252 2645 ,
3274 2592 3395 2653 post
3418 2581 3585 2636 Deum

2000 2667 2324 2738 principium
2365 2669 2631 2722 mirantur
2661 2671 2839 2723 omnis
2859 2678 3139 2725 sacracfet
3174 2669 3388 2726 divinae
3411 2671 3587 2726 scies-

2004 2761 2111 2812 tiae
2136 2799 2151 2823 ,
2187 2768 2240 2813 et
2280 2759 2493 2813 divinae
2535 2760 2890 2823 imitationis,
2929 2770 3181 2831 tanquam
3210 2778 3328 2832 per
3376 2763 3494 2820 illas
3534 2765 3587 2820 in

2003 2862 2193 2902 omnes
2228 2855 2285 2902 et
2321 2863 2421 2903 nos
2456 2847 2637 2905 divina
2675 2848 3067 2904 illuminatione
3104 2850 3412 2906 distributa.
3455 2850 3588 2907 Pro-

2004 2951 2121 3012 pter
2149 2942 2293 3010 quod
2321 2950 2375 2997 et
2402 2957 2617 2997 omnem
2648 2957 2858 2997 sacram
2901 2951 2954 2996 et
2990 2943 3099 2997 Deo
3127 2942 3357 2998 similem
3393 2960 3590 3013 opera-

2006 3035 2205 3089 tionem
2235 3033 2288 3087 in
2316 3032 2485 3089 Deum
2515 3031 2731 3103 quidem
2775 3032 2930 3102 quasi
2987 3032 3255 3093 causalem
3301 3034 3543 3090 referunt
3574 3055 3588 3091 :

318 3126 532 3183 occulte
559 3126 613 3179 in
644 3124 824 3180 omnia
847 3125 1168 3196 permittens
1200 3122 1450 3194 providas
1476 3137 1601 3177 suas
1627 3122 1899 3192 Operatio-
1930 3118 1975 3179 C
2009 3126 2204 3182 deinde
2247 3127 2454 3196 primos
2487 3125 2778 3181 deiformes
2814 3126 3145 3191 intellectus,
3185 3136 3441 3199 tanquam
3481 3129 3592 3199 pri-

226 3268 231 3273 .
321 3232 457 3284 nes,
488 3217 582 3272 sed
613 3225 793 3270 tamen
830 3222 886 3270 et
913 3215 1166 3270 omnibus
1195 3211 1651 3269 iutellectualibtts
1674 3228 1901 3283 propor-

321 3304 602 3361 tionaliter
640 3303 982 3375 superincet,
1034 3313 1089 3358 et
1133 3303 1409 3374 propriam
1456 3302 1903 3359 illuminationem

318 3401 578 3473 ingerens
605 3396 1014 3469 pretiosissimis
1044 3395 1324 3458 essentiis,
1357 3408 1455 3466 per
1483 3409 1576 3449 eas
1616 3395 1771 3465 quasi
1801 3395 1907 3464 pri-

320 3504 443 3544 mas
482 3490 537 3543 in
580 3486 923 3544 submunitas
960 3502 1018 3542 se
1058 3485 1194 3541 bene
1228 3494 1421 3540 ornate
1461 3484 1774 3550 distribuit,
1816 3499 1905 3541 se-

320 3582 560 3637 cundum
591 3580 1014 3650 uniuscujusque
1042 3576 1408 3647 dispositionis
1433 3574 1906 3650 contemplativam

320 3670 933 3726 commensurationem.
978 3666 1149 3735 Quam
1190 3674 1249 3720 ut
1310 3648 1548 3733 apertius
1588 3664 1798 3729 dicam,
1846 3672 1902 3718 et

322 3777 423 3843 per
439 3763 658 3833 propria
682 3759 950 3830 exempla,
974 3757 1072 3813 etsi
1096 3754 1398 3812 deficientia
1420 3753 1530 3809 Deo
1549 3754 1802 3809 omnibus
1825 3769 1913 3809 re-

325 3860 509 3919 moto,
542 3863 897 3908 veruntamen
926 3850 1081 3906 nobis
1105 3847 1476 3902 manifestiora
1504 3865 1517 3900 :
1546 3846 1741 3901 solaris
1772 3845 1908 3901 radii

325 3946 740 4002 distributiones
765 3945 817 3999 in
840 3943 1069 4014 primam
1098 3939 1378 3995 materiam
1403 3939 1541 3995 bene
1564 3938 1909 4001 distributae.

326 4038 556 4108 implent
579 4033 1162 4112 omniumlucidiorem
1184 4072 1197 4096 ,
1228 4039 1283 4084 et
1305 4044 1401 4098 per
1429 4043 1547 4083 eam
1577 4027 1914 4084 manifestius

326 4130 580 4200 proprios
610 4126 890 4182 declarant
915 4134 934 4163 ²
957 4123 1300 4195 splendores;
1329 4121 1588 4175 accedens
1613 4133 1742 4175 vero
1767 4136 1915 4175 cras-

324 4222 563 4278 sioribus
610 4219 881 4284 materiis,
913 4216 1280 4273 obscuriorem
1326 4215 1489 4269 habet
1514 4214 1913 4269 dislributivam

326 4310 884 4384 superapparitionem
903 4348 919 4373 ,
942 4323 1010 4362 ex
1032 4305 1500 4362 illuminandarum
1524 4306 1869 4361 materiarum
1894 4306 1914 4337 ³

328 4404 395 4457 ad
421 4400 833 4457 illuminationis
857 4396 1254 4453 distributivum
1279 4395 1518 4450 habitum
1540 4396 1919 4467 .inopportuni-

2006 3231 2125 3272 mos
2157 3225 2471 3288 operatores
2507 3218 2816 3272 divinorum
2854 3228 2910 3273 et
2940 3218 3253 3290 magistros.
3289 3219 3406 3275 Non
3461 3237 3593 3293 ergo

2006 3307 2181 3377 prima
2212 3316 2520 3362 sanctorum
2558 3307 2872 3378 angelorum
2908 3308 3189 3381 dispositio
3225 3311 3397 3382 magis
3432 3312 3594 3368 simul

2007 3397 2263 3453 omnibus
2307 3398 2473 3453 habet
2506 3398 2528 3430 '
2564 3398 2778 3470 igneam
2831 3401 3242 3473 proprietatem,
3271 3412 3328 3457 et
3361 3402 3593 3460 effusam

2007 3488 2219 3544 divinae
2239 3489 2535 3560 sapientiae
2559 3490 2906 3547 traditionem
2926 3502 3009 3558 ,et
3031 3495 3314 3564 mysticam
3335 3496 3595 3552 excelsis-

2008 3579 2199 3633 simam
2230 3578 2535 3633 divinarum
2567 3578 3018 3636 illuminationum
3058 3584 3351 3650 scientiae,
3393 3594 3451 3641 et
3482 3602 3597 3643 ses-

2010 3668 2183 3743 sivam
2226 3669 2613 3737 proprietatem
2661 3680 2963 3741 gestantem
2986 3714 3000 3738 ,
3034 3673 3268 3731 divinam
3296 3679 3597 3748 'susceptio-

2012 3770 2136 3809 nem
2167 3754 2605 3826 significantem?
2632 3758 2784 3829 Ipsae
2813 3776 2940 3816 vero
2983 3767 3381 3833 suppositarum
3420 3763 3600 3838 dispo—

2012 3844 2235 3900 sitiones
2258 3846 2618 3902 essentiarum
2642 3888 2658 3914 ,
2689 3850 2842 3920 ignea
2862 3889 2877 3915 ,
2904 3851 3177 3920 sapiente,
3220 3854 3424 3911 sciente
3443 3896 3457 3923 ,
3500 3858 3598 3913 Dei

2016 3938 2349 4008 susceptoria
2386 3939 2587 3993 virtute
2627 3941 2949 4011 participant
2979 3943 3197 4011 quidem
3229 3944 3365 4002 infra
3388 3987 3404 4012 ,
3439 3956 3495 4002 et
3528 3950 3599 4006 ad

2017 4030 2220 4101 primas
2249 4030 2605 4099 aspicientes,
2638 4038 2690 4084 et
2717 4046 2812 4100 per
2840 4048 2935 4088 eas
2973 4043 3031 4087 ut
3073 4035 3373 4093 imitatione
3413 4038 3597 4096 divina

2018 4122 2429 4192 pracoperative
2461 4119 2619 4193 digne
2648 4121 2817 4179 factas
2844 4123 2898 4179 in
2938 4123 3317 4183 deiformitatis
3342 4131 3599 4199 possibile

2022 4212 2295 4267 reductae.
2330 4211 2515 4267 Dictas
2542 4226 2673 4283 ergo
2702 4224 2922 4270 sanctas
2949 4216 3338 4286 proprietates,
3368 4236 3599 4290 quarum

2020 4302 2367 4373 participatio
2393 4318 2490 4373 per
2519 4304 2720 4374 primas
2747 4306 2870 4376 post
2897 4321 2991 4361 eas
3031 4308 3389 4366 subsistentes
3427 4312 3562 4368 fiunt
3581 4355 3596 4377 .

2023 4395 2153 4466 ipsis
2185 4395 2290 4449 illis
2329 4402 2451 4465 post
2476 4392 2645 4450 Deum
2689 4404 2941 4466 tanquam
2983 4396 3267 4453 lerarchiis
3312 4415 3595 4471 reponunt.

331 4503 464 4555 tate,
498 4500 553 4547 et
583 4490 741 4561 paulo
772 4496 895 4560 post
923 4504 991 4543 ex
1030 4490 1132 4543 hoc
1169 4488 1234 4541 ad
1268 4484 1508 4554 perfecte
1534 4485 1645 4543 fere
1670 4488 1913 4543 indistri-
1944 4477 1996 4536 D
2021 4486 2111 4540 Ait
2136 4500 2265 4557 ergo
2294 4485 2426 4540 haec
2452 4485 2639 4541 dicens
2670 4486 2717 4551 δ,
2751 4486 3009 4542 visionem
3034 4489 3102 4543 ab
3128 4488 3217 4544 illo
3242 4491 3260 4520 ⁷
3291 4503 3597 4563 susceptam

329 4585 521 4638 butum
556 4590 849 4636 coartatur.
890 4580 1088 4635 lterum
1135 4578 1273 4648 ignis
1320 4577 1566 4633 ealiditas
1613 4579 1782 4649 magis
1829 4593 1915 4633 se-

330 4678 507 4746 ipsam
545 4673 823 4729 distribuit
861 4673 914 4725 in
950 4669 1234 4740 capaciora
1264 4710 1278 4733 ,
1313 4677 1367 4723 et
1405 4668 1471 4722 ad
1510 4668 1916 4723 similitudinem

332 4782 489 4822 suam
518 4767 657 4821 bene
684 4762 1057 4818 convenientia
1081 4769 1136 4816 et
1160 4763 1297 4817 bene
1322 4762 1478 4815 ducta
1511 4779 1525 4813 :
1558 4759 1804 4816 ad‘vero
1836 4776 1920 4816 re—

332 4857 752 4915 formationibus
777 4857 1079 4912 contrarias
1102 4854 1367 4910 essentias
1417 4853 1530 4923 ipsa
1561 4852 1763 4908 nullum
1794 4856 1923 4910 abs—

331 4964 502 5005 conso
550 4947 860 5019 primitivae
906 4945 1236 5016 operationis
1270 4943 1554 5013 vestigium
1592 4944 1921 5001 manifestat.

336 5041 403 5095 Et
426 5042 532 5096 hoc
552 5054 620 5095 eo
648 5038 900 5110 amplius,
926 5038 1052 5108 quia
1079 5037 1193 5102 his,
1227 5051 1366 5106 quae
1394 5050 1500 5089 non
1526 5045 1650 5091 sunt
1677 5046 1920 5108 cognata,

336 5119 434 5200 per
462 5141 770 5202 opportuna
803 5130 907 5186 sibi
939 5128 1190 5184 habentia
1215 5126 1519 5182 admittitur
1555 5127 1809 5197 primmn,
1839 5135 1923 5182 ut-

340 5234 463 5291 pote
498 5222 667 5295 ignita
706 5222 915 5278 faciens
953 5220 1022 5275 ab
1060 5219 1233 5289 igneis
1272 5217 1429 5274 facile
1453 5217 1692 5283 mobilia,
1745 5227 1800 5274 et
1827 5234 1924 5289 per

2022 4575 2188 4631 fuisse
2215 4574 2462 4646 theologo
2504 4592 2603 4645 per
2644 4592 2805 4630 unum
2854 4578 3237 4649 imperantium
3281 4583 3434 4637 nobis
3476 4599 3602 4638 san-

2023 4676 2232 4722 ctorum
2259 4676 2315 4721 et
2339 4666 2618 4722 beatorum
2651 4670 2961 4741 angelorum
2982 4712 2996 4737 ,
3025 4681 3080 4727 et
3120 4682 3246 4729 ante
3288 4673 3597 4731 illuminati-

2024 4777 2146 4817 vam
2186 4762 2355 4832 ipsius
2395 4764 2867 4820 manudurtionem
2906 4765 2960 4821 in
3000 4766 3144 4821 illam
3189 4778 3428 4823 sanctam
3474 4784 3596 4825 conv

2026 4854 2432 4925 templationem
2468 4856 2793 4925 reposuisse.
2836 4855 2903 4910 Et
2941 4858 3131 4912 sedere
3173 4857 3307 4912 vidit
3344 4858 3604 4916 excelsis»

2025 4947 2191 5007 simas
2237 4947 2534 5011 essentias,
2580 4955 2839 5015 quantum
2887 4947 2939 5001 in
2976 4948 3235 5019 symbolis
3274 4949 3597 5014 dicendum,

2024 5045 2146 5108 post
2172 5037 2370 5099 Deum,
2398 5047 2453 5090 et
2482 5037 2626 5090 circa
2668 5037 2834 5091 Deum
2873 5036 3190 5107 collocatas,
3233 5040 3600 5111 super-princi-

2023 5127 2200 5198 palem
2243 5127 2611 5180 smnmitatcm
2647 5127 2699 5180 in
2732 5127 2910 5182 medio
2949 5129 3445 5198 superfirmatarum
3490 5129 3598 5183 vir-

2024 5226 2197 5272 tutum
2227 5217 2723 5287 snpercollocatam.
2759 5218 2956 5275 Didicit
2982 5234 3109 5290 ergo
3152 5220 3447 5276 visionibus
3488 5222 3601 5290 ipse

1636 5350 1892 5409 VARIAE
1929 5350 2331 5409 LECTIONES.
2482 5416 2491 5437 ἐ

413 5451 434 5484 ⁸
465 5449 530 5503 A'
562 5448 854 5513 acquirere.
931 5447 952 5477 ‘
981 5444 1026 5502 Η
1056 5444 1345 5501 declare)".
1426 5444 1447 5476 ³
1471 5443 1538 5499 Α*
1562 5460 1754 5502 rerum.
1833 5446 1853 5477 ³
1881 5443 1972 5499 Eli
1994 5455 2068 5499 at.
2150 5445 2170 5475 ⁵
2191 5443 2259 5498 Α·
2285 5443 2398 5500 llae
2445 5448 2659 5513 etenim,
2689 5447 2728 5502 E
2779 5446 2890 5502 Eae
2933 5449 3097 5503 enim.
3177 5449 3196 5479 ‘
3221 5448 3358 5505 ΑΕΗ
3389 5450 3595 5505 habent.

347 5538 357 5556 ε
401 5518 491 5573 ΑΕ
516 5519 585 5571 ab
605 5518 721 5572 illa.

418 5692 445 5720 ι
472 5681 574 5733 lsa.
609 5677 695 5735 Vl.

1875 5540 2053 5641 NO'l‘A
2064 5585 2125 5639 Ε.

2110 5679 2134 5717 ι’
2157 5678 2257 5733 lsa.
2294 5679 2375 5733 \‘l.
