3952 6162
374 205 511 267 ῐαῑςῖς

1732 202 2040 267 ῩΙΟΑΝΝΙΞ
2080 209 2275 267 SCOTI

3500 207 3635 272 {062

376 327 657 398 theologus
678 368 691 390 ,
724 327 847 396 quia
876 324 1030 394 juxta
1060 338 1277 378 omnem
1318 324 1824 405 superessentialem
1866 339 1954 379 su-
1982 328 2027 386 Α
2060 324 2177 393 pio,
2212 325 2349 380 sicut
2375 324 2668 378 secundum
2700 336 2798 378 nos
2825 328 3069 379 summus
3092 325 3341 379 sacerdos
3365 340 3461 395 per
3506 342 3638 384 suos

372 417 820 491 pereminentiam
849 415 1094 482 incompa
1106 412 1348 466 rabiliter
1362 411 1844 481 supercollocatum
1872 420 1954 467 est

372 516 611 568 divinum
668 507 825 565 simul
858 506 1003 561 omni
1040 504 1232 559 visibili
1290 504 1654 574 invisibilique
1709 505 1949 568 virtute;

373 606 543 673 atqui,
580 602 703 672 quia
737 598 977 656 omnium
1001 604 1083 651 est
1116 596 1622 662 remotissimorum,
1653 603 1712 649 ut.
1741 596 1954 649 univer-

372 698 515 759 sale,
567 708 742 761 neque
791 689 982 761 primis
1031 703 1249 753 eorum,
1302 702 1439 757 quae
1492 696 1650 752 sunt,
1705 686 1955 741 essentiis

372 787 564 842 simile.
603 785 791 839 Adhuc
823 790 876 835 ct
904 781 1144 835 ontnium
1185 779 1355 848 ipsum
1388 778 1711 848 principium
1739 779 1794 830 et
1822 792 1953 831 cau-

371 892 494 931 sam
526 871 957 940 substantiiicam
988 884 1138 932 esse,
1168 878 1224 921 et.
1250 876 1437 921 earum
1460 908 1473 932 ,
1503 881 1643 936 quae
1682 877 1834 930 sunt,
1868 879 1957 920 se-

334 992 339 999 ι
370 976 518 1022 creta
548 962 925 1034 singularitnte
948 958 1282 1012 immutabile
1307 958 1818 1021 fundamentum,ex
1848 970 1954 1024 quo

371 1067 425 1112 et
456 1069 577 1111 esse
604 1096 617 1117 ,
647 1064 701 1108 et
731 1054 865 1107 bene
895 1065 1047 1113 esse,
1089 1050 1252 1104 etiam
1287 1047 1416 1118 ipsis
1444 1063 1654 1102 summe
1684 1046 1950 1101 munitis"

339 1181 342 1184 ~
370 1163 452 1208 est
483 1149 790 1205 virtutibus.
822 1145 1023 1200 Deinde
1049 1143 1265 1198 easdem
1287 1140 1757 1213 sanctissimorum
1791 1139 1952 1193 Sera-

374 1245 523 1315 phim
554 1241 778 1296 edoctus
806 1247 889 1293 est
919 1235 1206 1292 deiformes
1232 1235 1496 1299 virtutes,
1541 1248 1696 1288 saera
1735 1231 1950 1302 quidem

374 1337 613 1408 ipsorum
642 1328 1112 1401 cognominatione
1134 1368 1148 1393 ,
1179 1326 1321 1397 quod
1346 1334 1429 1381 est
1458 1324 1715 1397 ignitum,
1750 1324 1815 1377 de
1845 1336 1951 1391 quo

370 1427 532 1497 paulo
557 1433 679 1496 post
720 1438 816 1477 nos
848 1421 1121 1485 dicemus,
1165 1426 1425 1489 quantum
1468 1417 1623 1473 nobis
1661 1413 1949 1488 possibile,

368 1516 817 1575 subintroduccre
842 1512 894 1566 in
921 1509 1179 1566 deiforme
1205 1508 1405 1579 ignitae
1423 1507 1640 1562 virtutis
1659 1519 1944 1576 anagogas.

340 1587 593 1666 .Alaru'm
622 1621 751 1661 vero
781 1618 1019 1674 expansa
1043 1615 1197 1656 sacra
1227 1599 1549 1655 formatione
1576 1598 1631 1652 in
1673 1597 1910 1652 divinum
1932 1637 1946 1662 ,

2059 414 2339 467 ministros
2384 422 2476 466 aut
2520 414 2833 468 sacerdotes
2880 429 3118 483 purgans
3153 425 3245 469 aut
3290 408 3640 483 illuminans,

2058 508 2172 577 ipse
2197 508 2396 563 dicitur
2424 522 2656 577 purgare
2681 517 2735 562 et
2761 507 3101 572 illuminare,
3151 522 3248 576 per
3291 509 3464 577 ipsum
3509 526 3639 580 por-

2057 599 2196 670 gatis
2221 598 2534 663 ordinibus,
2566 612 2664 666 per
2703 612 2762 651 se
2807 598 2856 650 in
2888 597 3061 666 ipsum
3108 598 3492 666 reponentibus
3515 613 3642 667 pro-

2056 692 2203 759 prias
2234 703 2418 743 sacras
2446 688 2831 758 operationes:
2877 688 2956 741 sic
2992 695 3047 741 et
3089 688 3363 756 propriam
3402 689 3643 757 purgati-

2056 798 2176 835 vam
2202 781 2482 837 scientiam
2525 789 2581 834 et
2624 780 2880 834 virtutem
2936 781 3049 849 ipse
3081 782 3456 851 purgatiOnem
3489 783 3643 835 theo-

2057 872 2161 942 logi
2218 873 2508 944 perltciens
2559 873 2814 943 angelus,
2873 873 2929 927 in
2981 872 3150 927 Deum
3204 873 3420 943 quidem
3478 874 3672 951 veluti.

2058 966 2365 1031 causalem,
2423 965 2617 1020 deinde
2666 965 2718 1018 in
2774 965 2948 1033 ipsum
3003 964 3324 1034 Seraphim,
3382 974 3641 1034 tanquam

2055 1057 2230 1125 primo
2256 1065 2501 1126 agentem
2533 1071 2802 1110 summum
2838 1057 3202 1119 sacerdotem,
3234 1057 3478 1127 reponit;
3532 1056 3642 1110 vel-

2055 1148 2131 1204 uti
2156 1149 2403 1204 fortassis
2449 1147 2571 1218 quis
2617 1147 2837 1212 dixerit,
2883 1163 3007 1202 cum
3050 1147 3293 1219 angelica
3334 1150 3641 1204 reverentia

2052 1249 2345 1311 purgatum
2385 1239 2622 1293 edocens
2642 1279 2657 1302 ,
2687 1238 2811 1307 quia
2846 1239 2899 1292 in
2932 1248 2983 1293 te
3014 1247 3141 1293 ante
3169 1254 3255 1292 me
3282 1239 3644 1308 perficiendae

2054 1330 2397 1402 purgationis
2446 1330 2774 1399 principium
2823 1329 3039 1399 quidem
3087 1339 3171 1385 est
3219 1330 3529 1396 excelsum,
3589 1342 3645 1385 et

2053 1423 2320 1487 essentia,
2349 1429 2405 1476 et
2432 1420 2682 1485 Creator,
2715 1428 2771 1475 et
2804 1420 3067 1488 causalis,
3108 1422 3418 1491 primasque
3460 1437 3647 1478 essen-

2056 1516 2156 1569 tias
2185 1514 2252 1569 ad
2278 1529 2398 1569 esse
2427 1514 2725 1579 adducens,
2752 1524 2808 1569 et
2832 1516 2977 1569 circa
3006 1529 3063 1569 se
3083 1515 3439 1569 collocatione
3467 1518 3644 1569 conti-

2059 1621 2214 1671 nens,
2238 1616 2292 1660 et
2318 1606 2615 1662 observans
2655 1605 3103 1661 inconversibiles
3128 1613 3179 1660 et
3207 1621 3337 1660 casu
3371 1615 3644 1666 carentes,

371 1703 425 1756 ἱη
472 1698 695 1771 primis,
750 1698 801 1751 in
846 1693 1068 1759 mediis,
1111 1693 1166 1747 in
1209 1690 1412 1746 ultimis
1453 1689 1811 1744 intellectibus
1856 1686 1951 1742 ab-
1983 1674 2114 1753 Bel
2162 1699 2403 1768 seipsum
2444 1712 2668 1753 movens
2716 1698 2769 1752 in
2813 1697 3017 1766 primas
3064 1695 3402 1767 propriarum
3456 1696 3644 1765 ρι-ονῖ-

370 1793 601 1849 solutam
640 1799 694 1844 et
733 1786 1053 1842 altissimam
1094 1783 1488 1838 extensionem.
1532 1779 1641 1835 Sed
1674 1789 1729 1834 et
1765 1794 1952 1834 eorum
1976 1780 1989 1789 '

371 1883 689 1938 multiﬁcum
719 1889 773 1933 et
804 1873 1136 1931 multiforme
1161 1874 1351 1927 videns
1390 1870 1771 1927 intellectualis
1808 1870 1954 1951 theo-

340 1979 550 2047 .logus,
593 1982 648 2028 et
689 1971 788 2024 alis
834 1966 1091 2037 distingui
1121 1979 1241 2018 eam
1281 1963 1471 2019 subtus
1511 1965 1709 2032 pedes,
1755 1969 1809 2015 et
1834 1974 1951 2014 eam

368 2069 557 2122 subtus
587 2063 748 2132 facies
778 2059 1034 2113 visionem
1057 2096 1071 2121 ,
1099 2064 1154 2110 et
1189 2068 1312 2109 eum
1343 2052 1395 2106 in
1441 2051 1630 2106 mediis
1670 2051 1769 2105 alis
1813 2064 1955 2104 sem.

369 2162 467 2226 per“
497 2163 699 2209 motum
719 2192 732 2213 ,
762 2148 827 2202 ad
860 2144 1181 2201 invisibilem
1224 2157 1409 2197 eorum
1429 2181 1443 2208 ,
1484 2155 1620 2211 quae
1662 2140 1774 2194 visa
1802 2145 1950 2203 sunt,

373 2246 441 2301 ab
474 2246 589 2312 ipsa
624 2240 875 2294 reductus
915 2242 999 2290 est
1028 2232 1355 2296 scientiam,
1398 2230 1742 2286 manifestata
1783 2228 1833 2282 ei
1873 2227 1952 2281 al-

366 2324 1104 2399 'tissimorum'intellectuum
1136 2322 1379 2378 multivia
1427 2329 1483 2375 et
1520 2320 1797 2375 multivida
1837 2320 1948 2374 vir-

371 2436 523 2480 tute:
557 2431 612 2479 et
637 2435 824 2476 eorum
862 2431 1014 2473 sacra
1054 2412 1376 2478 formidine,
1423 2426 1583 2481 quam
1627 2411 1828 2465 habent
1868 2424 1954 2464 su-

370 2514 739 2590 permundane
767 2512 822 2567 in
853 2509 1103 2565 altiorum
1133 2515 1183 2562 et
1224 2505 1531 2577 graviorum
1569 2500 1857 2572 superbam
1896 2507 1953 2554 et

352 2606 629 2662 «audacem
656 2610 712 2658 et
739 2597 1125 2670 impossibilem
1154 2594 1543 2651 scrutationem
1570 2610 1583 2646 :
1615 2602 1672 2646 et
1711 2591 1764 2645 in
1803 2604 1951 2645 corr

369 2693 773 2752 mensuratione
798 2691 965 2745 Deum
987 2686 1312 2749 imitantium
1333 2683 1607 2739 actionum
1631 2680 1951 2737 incessabile

2056 1788 2252 1843 darum
2282 1786 2661 1858 operationum
2690 1787 3149 1856 participationes.
3179 1785 3293 1841 Hoc
3322 1786 3467 1841 enim
3511 1788 3644 1841 haec

2055 1895 2142 1934 me
2168 1879 2369 1934 docens
2407 1879 2481 1933 ait
2524 1878 2693 1948 ipsius
2721 1877 3004 1948 Seraphim
3033 1877 3387 1934 manifestare
3415 1879 3635 1932 missio-

2054 1985 2178 2025 nem
2204 1970 2244 2024 ³.
2281 1968 2537 2023 Summus
2570 1978 2751 2023 autem
2780 1968 3034 2023 sacerdos
3073 1978 3128 2022 et
3156 1978 3279 2037 post
3308 1969 3479 2022 Deum
3507 1968 3643 2031 dux,

2056 2064 2172 2134 ipse
2200 2062 2595 2133 praestantium
2626 2061 2988 2116 essentiarum
3020 2069 3246 2114 ornatus
3266 2102 3281 2125 ,
3324 2074 3355 2113 a
3396 2075 3507 2129 quo
3544 2074 3643 2129 egi.

2053 2166 2288 2224 purgare
2330 2149 2671 2205 deiformiter
2696 2148 2942 2204 eruditus
2990 2164 3133 2213 sum,
3176 2148 3289 2217 ipse
3338 2148 3506 2216 igitur
3552 2158 3640 2201 est

2053 2261 2155 2317 per
2200 2259 2287 2299 me
2331 2252 2384 2299 te
2430 2256 2702 2314 purgans,
2746 2256 2843 2313 per
2886 2255 3047 2310 quem
3094 2240 3343 2310 proprias
3386 2240 3644 2309 provitas

2055 2335 2296 2390 actiones
2323 2349 2388 2388 ex
2435 2334 2647 2388 occulto
2674 2340 2729 2385 et
2771 2331 2822 2385 in
2866 2346 2965 2385 nos
3002 2330 3255 2400 produxit
3302 2330 3419 2399 ipsa
3472 2330 3646 2383 tutius

2052 2440 2215 2481 causa
2245 2433 2301 2480 et
2327 2423 2504 2494 opifex
2532 2422 2887 2495 purgationis.
2921 2422 3063 2476 Haec
3092 2421 3308 2491 quidem
3340 2422 3430 2475 ille
3454 2422 3648 2475 docuit

2053 2529 2172 2580 me,
2204 2514 2298 2569 tibi
2330 2522 2511 2568 autem
2539 2527 2642 2583 ego
2674 2510 2847 2566 trado.
2893 2510 3005 2565 Tua
3049 2519 3228 2563 autem
3274 2510 3644 2564 concesserim

2053 2603 2400 2659 intellectuali
2431 2612 2485 2656 et
2515 2602 2803 2657 discretiva
2829 2601 3055 2655 scientia
3083 2641 3097 2665 ,
3128 2609 3222 2654 aut
3250 2600 3476 2654 alteram
3509 2616 3640 2670 par-

2052 2704 2163 2750 tem
2192 2695 2456 2751 dictarum
2487 2707 2771 2748 causarum
2800 2691 3006 2746 absolvi
3035 2691 3392 2753 dubitatione,
3425 2698 3483 2743 et
3508 2706 3646 2743 ean-

358 2794 421 2841 et
451 2782 726 2840 altivolum
752 2793 967 2849 semper
992 2775 1264 2832 motionis.
1293 2774 1398 2829 Sed
1428 2782 1483 2829 et
1521 2772 1669 2826 illam
1713 2771 1949 2825 divinam
2050 2786 2172 2841 dem
2224 2786 2496 2841 honorare
2545 2792 2669 2839 ante
2728 2784 2970 2848 alteram,
3001 2792 3258 2852 tanquam
3299 2796 3651 2851 consequens

365 2888 420 2933 et
449 2875 672 2932 multum
704 2872 1016 2944 ,preciosam
1044 2865 1392 2940 bymnodiam
1419 2863 1662 2920 eruditus
1689 2870 1804 2929 est,
1841 2860 1949 2934 fore

2055 2887 2105 2932 et
2150 2875 2473 2931 rationabile
2522 2883 2579 2928 et
2631 2889 2803 2944 aeque
2851 2870 3039 2927 verum
3082 2872 3422 2936 habentem;
3472 2880 3568 2924 aut
3615 2886 3647 2923 a

369 2977 551 3024 mante
619 2966 880 3021 "iSionem
936 2960 1125 3032 θηεειυ
1177 2958 1476 3016 secundum
1531 2956 1786 3043 νίείιιιθω
1844 2954 1943 3024 illSi
1974 3023 2017 3043 η
2048 2978 2102 3025 te
2130 2969 2282 3038 ipso,
2313 2967 2456 3038 quod
2490 2981 2617 3020 vere
2651 2965 2773 3020 veri
2807 2964 3073 3029 vicinius,
3122 2963 3384 3028 invenire,
3455 2972 3550 3017 aut
3577 2964 3653 3017 ab

369 3059 615 3129 theologo
637 3099 651 3124 ,
696 3066 751 3111 et
793 3023 1042 3110 tradente
1087 3050 1362 3122 propriam
1392 3023 1617 3104 sacram,
1637 3023 1939 3103 scientiam.

2055 3062 2223 3117 altero
2266 3060 2509 3122 discere,
2542 3058 2655 3112 Deo
2705 3057 2957 3112 videlicet
2982 3058 3180 3121 dante,
3226 3063 3281 3110 et
3310 3055 3460 3124 prius
3504 3055 3657 3108 reci.

365 3151 559 3207 Docuit
586 3163 714 3220 ergo
743 3162 866 3202 eum
896 3154 951 3200 et
978 3145 1102 3210 hoc,
1129 3142 1254 3212 quia
1285 3141 1534 3213 purgatio
1550 3147 1632 3195 est
1663 3148 1947 3209 quantun-

2055 3152 2324 3224 pientibus
2349 3149 2572 3220 angelis,
2598 3157 2652 3203 et
2673 3147 2983 3218 angelorum
3007 3146 3197 3200 amicis
3223 3145 3377 3200 nobis
3397 3143 3652 3200 revelare

350 3255 581 3309 cunque
612 3237 852 3308 purgatis
888 3232 1002 3305 ipsa
1051 3233 1265 3289 divinae
1310 3230 1576 3287 claritatis
1602 3229 1944 3313 incognitae,

2055 3258 2147 3314 per
2170 3241 2286 3312 ejus
2314 3241 2486 3312 magis
2519 3237 2804 3294 amabilem
2833 3236 3366 3306 contemplationem.

366 3341 629 3402 quantum
682 3325 978 3399 possibile,
1030 3321 1396 3395 participatio.
1450 3321 1595 3377 Ilaec
1644 3329 1822 3375 autem
1876 3333 1944 3373 ex
2564 3327 2961 3385 CAHTULUM
2999 3326 3139 3381 xw,

360 3425 536 3493 ipsius
567 3411 864 3475 divinitatis
894 3414 1118 3470 remotis
1147 3413 1359 3479 causis,
1391 3425 1497 3482 qua
1536 3425 1724 3466 omnes
1764 3423 1947 3464 sacros
2160 3424 2302 3491 Quid
2333 3422 2588 3494 signiﬁcet
2632 3420 2652 3451 ε
2691 3419 2917 3473 gradum
2953 3417 3219 3487 αηθειξευε
3259 3431 3527 3470 numen“.

365 3512 673 3568 intellectus
701 3503 1223 3577 superessentialiter
1244 3500 1601 3556 occultatione
1629 3499 1945 3569 perliciens,
2122 3515 2188 3569 Ει
2230 3516 2331 3570 hoc
2379 3522 2557 3568 autem
2609 3512 2851 3582 dignum,
2906 3519 2967 3564 ιη
2995 3509 3243 3572 aestimo,
3287 3506 3649 3561 ξηιειιεοωειί

366 3598 643 3655 altissimis
671 3597 816 3651 circa
848 3610 907 3649 se
937 3591 1228 3646 virtutibus
1280 3588 1618 3679 manifestior
1678 3588 1948 3658 quomodo
2050 3606 2521 3679 cognitione’quia
2543 3603 2879 3674 ειοηυίοωη,
2898 3603 2962 3657 σε
2983 3600 3186 3671 angens
3224 3599 3439 3653 πωλιίο
3463 3597 3650 3653 nunc;

366 3701 479 3756 εει»
512 3697 566 3744 εί
596 3685 766 3756 magis
816 3682 1161 3753 semelipsam
1203 3677 1514 3735 manifesm
1555 3688 1610 3734 et
1652 3678 1944 3733 δίδίνίδυίίο
2050 3677 2194 3757 milia
2223 3716 2343 3757 esse
2388 3701 2463 3755 ait
2493 3711 2542 3764 ι,
2582 3707 2635 3753 et
2665 3698 2850 3751 decem
2873 3696 2893 3726 ⁸
2921 3694 3063 3749 milia
3093 3694 3273 3749 decies
3308 3692 3504 3753 milies.
3537 3706 3637 3746 se-

356 3781 573 3840 Deillde
596 3796 662 3835 ex
692 3775 942 3832 δθθυηδίδ
981 3782 1075 3828 θυι
1117 3772 1455 3839 ¹¹⁰νί⁵⁵ί¹¹¹ίθν
1497 3781 1591 3826 θυι
1626 3771 1828 3826 ¹¹⁰³ίνί⁵
1867 3771 1949 3825 iu'
2047 3794 2281 3848 cundum
2327 3805 2428 3844 nos
2476 3786 2889 3844 sublimissimos
2922 3798 3269 3838 numerorum
3317 3782 3368 3835 in
3400 3782 3650 3851 seipsam

350 3872 763 3931 “metuamus
792 3868 1111 3933 νίηυίίδυδθ
1146 3874 1405 3938 quantum
1437 3864 1505 3919 ab
1536 3864 1650 3934 ipsa
1680 3876 1948 3932 “naq‘me‘
2050 3881 2331 3937 revolvens
2373 3888 2428 3935 et
2465 3876 2843 3947 multiplicans,
2879 3884 2936 3930 et
2977 3887 3076 3942 per
3102 3873 3200 3928 ho’s
3227 3882 3409 3943 aperte
3430 3872 3657 3940 signiﬁo

354 3982 474 4039 ‘que
512 3964 808 4022 secundum
871 3961 1133 4017 deiforme
1188 3957 1398 4021 extitit,
1453 3956 1533 4013 sic
1604 3955 1945 4011 manifestam

2055 3992 2180 4034 cans
2224 3973 2639 4031 innumerabiles
2671 3970 2984 4027 caelestium
3026 3969 3384 4023 essentiarum
3413 3966 3653 4020 ordina-

366 4072 518 4114 suam
549 4052 997 4110 muminmionem
1026 4048 1278 4105 condno“
1322 4047 1389 4111 ad
1430 4046 1680 4118 propriae
1717 4046 1949 4100 “cum”
2051 4072 2244 4126 tiones.
2279 4067 2473 4122 Multae
2497 4065 2640 4121 enim
2683 4071 2807 4119 sunt
2845 4062 3036 4116 beatae
3068 4057 3285 4113 militiae
3313 4072 3654 4125 supermun-

351 4148 532 4203 ἰίοηίδ
562 4145 887 4201 laudandum
920 4141 1185 4212 ignomm'
1211 4139 1381 4194 Lucet
1407 4147 1585 4192 autem
1609 4153 1708 4207 per
1736 4137 1946 4209 ⁵ί¹¹ε¹¹¹³
2048 4161 2249 4217 dalium
2272 4157 2659 4217 intellectuum,
2690 4153 2957 4207 infirmam
2984 4159 3038 4205 et
3061 4159 3657 4216 coartatamsupcran-

367 4242 616 4298 secundis
641 4255 735 4310 Per
758 4239 950 4309 Prima:
971 4244 1027 4291 ει
1047 4234 1093 4291 εί
1121 4242 1335 4305 0P0”ct
1352 4232 1590 4290 ιπθνίῑθτ
1611 4228 1815 4300 dicere:
1838 4232 1947 4304 ΡΓῘ·
2050 4264 2131 4309 tes
2160 4248 2515 4306 materialium
2544 4243 2840 4303 secundum
2864 4259 2960 4298 nos
2990 4255 3337 4296 numerorum
3358 4254 3659 4294 commeta-

352 4350 457 4390 ἰυο
477 4348 544 4389 c1
562 4332 776 4387 οεουιιο
797 4330 863 4386 ad
886 4326 1233 4384 manifeswm
1258 4327 1470 4382 ἀυθίῑαν
1496 4341 1593 4397 Per
1614 4327 1818 4397 Primas
1842 4325 1946 4379 Vir“
1977 4394 2016 4406 _
2048 4342 2400 4406 surationem,
2436 4350 2492 4394 et
2533 4352 2564 4391 a
2602 4335 2716 4391 sola
2761 4333 3000 4405 gnostica
3035 4331 3309 4393 deﬁnitae,
3337 4330 3655 4384 secundum

369 4438 526 4483 tutes.
564 4424 690 4481 Hoc
726 4438 858 4494 ergo
901 4421 1180 4493 theologus
1207 4420 1393 4475 didicit
1421 4394 1691 4475 ex—lucem
1714 4418 1943 4473 ducente

2055 4436 2219 4506 ipsam
2245 4428 2712 4502 supermundanae
2754 4434 2811 4482 et
2853 4423 3102 4480 caelestis
3152 4420 3534 4490 intelligentiae
3590 4432 3670 4478 ee

350 4534 490 4573 ‘eum
521 4515 740 4587 angelo,
767 4514 869 4569 hoc
897 4521 1011 4579 est,
1040 4511 1411 4583 purgationem
1438 4520 1492 4565 et
1518 4523 1707 4564 omnes
1734 4508 1944 4563 divinas

2055 4522 2311 4580 scientiae
2337 4519 2598 4575 ditissime
2644 4516 2722 4571 eis
2769 4513 3109 4569 donationem
3172 4512 3403 4564 sanitate
3453 4507 3653 4562 divina

367 4609 710 4678 operationes
729 4621 824 4677 per
846 4606 1048 4675 primas
1071 4603 1333 4659 essentias
1355 4603 1655 4658 relucentes
1678 4602 1730 4657 in
1756 4616 1944 4657 omnes

2055 4612 2248 4669 multae
2285 4609 2544 4666 scientiae
2593 4603 2981 4675 sapientilicae,
3008 4601 3246 4656 omnium
3287 4597 3441 4653 simul
3496 4612 3657 4667 quae

360 4701 606 4768 reliquas
656 4698 899 4754 distribui
940 4696 1237 4752 secundum
1267 4694 1689 4766 uniuscujusque
1717 4694 1782 4749 ad
1825 4694 1942 4750 dei-

2055 4713 2176 4761 sunt
2211 4699 2735 4772 superessentialitcr
2764 4696 3045 4751 existentis
3065 4692 3335 4763 principii,
3360 4699 3413 4744 et
3434 4704 3651 4746 causae

372 4792 501 4844 licas
552 4785 994 4857 participationes
1042 4783 1365 4855 analogiam.
1418 4781 1645 4853 Propter
1698 4783 1841 4852 quod
1890 4792 1947 4838 et

2055 4791 2474 4855 substantifieae,
2506 4798 2561 4845 et
2600 4786 2928 4844 continentis
2969 4783 3203 4846 virtutis,
3246 4790 3303 4837 et
3345 4779 3652 4835 ambientis

374 4878 542 4951 ignite
570 4878 905 4947 purgativam
932 4874 1315 4946 proprietatem
1340 4872 1472 4942 ipsis
1498 4871 1782 4942 Seraphim
1812 4888 1942 4929 con-
2050 4884 2551 4943 consummationis.
2917 4932 2929 4944 ‘

371 4976 660 5039 sequenter
686 4975 806 5037 post
831 4966 999 5020 Deum
1030 4963 1287 5034 reposuit.
1318 4961 1459 5017 Nihil
1505 4976 1634 5032 ergo
1677 4964 1949 5019 inordina-
2563 4960 2751 5039 CAP“
2770 4956 2964 5014 ULUM
3003 4954 3121 5010 XV.

371 5073 517 5126 tum,
545 5060 592 5115 si
617 5073 847 5131 purgare
913 5057 1110 5112 dicitur
1152 5056 1456 5127 theologum
1505 5055 1808 5126 Seraphim.
1855 5056 1945 5113 Sic
2050 5062 2196 5127 Quae
2224 5062 2323 5115 sint
2369 5056 2676 5129 formatione
2700 5051 3055 5121 angelicorum
3079 5048 3322 5102 virtutum
3355 5045 3640 5113 imagines.

368 5153 514 5207 enim
544 5151 683 5207 Deus
704 5156 905 5221 purgat
932 5162 1140 5213 omnes,
1167 5162 1395 5217 quorum
1427 5148 1588 5203 totius
1613 5147 1947 5218 purgationis
2118 5151 2222 5206 Fer
2250 5149 2393 5219 quod
2440 5152 2624 5208 restat,
2663 5142 2997 5196 remittentes
3032 5147 3292 5199 nostrum,
3324 5134 3368 5189 si
3394 5132 3641 5199 videtur,

380 5253 453 5300 ast
476 5257 662 5298 causa.
688 5240 853 5313 Magis
873 5246 1075 5304 autem,
1096 5237 1338 5308 proxime
1361 5237 1502 5291 enim
1528 5246 1739 5293 utemur
1760 5253 1943 5293 exem-
2048 5237 2466 5297 intellectualem
2495 5233 2708 5289 oculum
2753 5230 2896 5286 circa
2929 5228 3187 5284 sublimes
3224 5222 3643 5293 contemplatio-

1613 5354 1699 5408 VA
1709 5352 1867 5408 RIAE
1903 5350 2303 5410 LECTIONES.

1053 5446 1073 5474 ’
1101 5444 1143 5496 Α
1163 5443 1488 5513 jussionem.
1532 5445 1552 5475 ³
1579 5444 1620 5497 Ε
1651 5446 1931 5516 signiﬁcat.
1966 5445 1988 5476 ⁸
2015 5443 2105 5499 Sic
2132 5443 2251 5499 AE:
2290 5441 2377 5496 ΒΗ
2407 5450 2461 5496 et
2489 5448 2719 5493 centena.

1855 5575 1860 5579 .
1882 5532 2130 5590 NOTAE.

460 5448 702 5501 'mumtis
729 5461 837 5501 om.
865 5445 975 5500 EH.

447 5633 469 5659 -
501 5623 630 5675 uin.
663 5622 769 5689 vu,
810 5624 892 5675 t0.
