3936 6160
316 334 453 390 i065

974 341 1219 402 VERSIO
1257 345 1540 405 OPERUM
1580 350 1638 406 S.
1679 351 1995 408 DIONYSII.
2023 382 2078 391 —-
2120 350 2492 408 CAELESTIS
2529 352 2918 412 lERARClIlA.

3440 352 3591 411 ιοδστ

321 470 414 509 nes
458 448 699 520 angelico
746 452 948 524 vigore,
981 458 1049 513 ad
1084 457 1355 515 dividuam
1399 470 1455 517 et
1489 463 1893 535 multipartitam
1922 469 1971 527 Α
1997 465 2268 535 pr0priam
2309 465 2616 523 manifestet
2637 468 2658 499 ⁸
2700 466 2989 523 actionem.
3021 465 3587 536 Immensurabilisque

313 536 653 595 latitudinem
675 544 1020 603 multiformis
1044 550 1408 620 angelicarum
1435 555 1896 623 specificationum

314 632 615 700 varietatis,
631 636 1014 697 descendentes
1028 642 1219 698 iterum
1237 646 1288 700 in
1305 646 1434 715 ipsis
1449 658 1701 720 tanquam
1718 650 1902 704 incon-

313 722 666 789 sequentihus
698 727 750 780 in
794 728 1192 800 simplicitatem
1238 738 1552 793 caelestium
1597 741 1899 796 animorum

311 810 583 883 analytice
605 814 836 873 reﬂexis.
861 818 1037 876 Unum
1058 833 1238 881 autem
1259 828 1330 882 sit
1357 829 1447 884 tibi
1472 832 1899 902 praecognitum,

310 903 583 968 quomodo
606 920 799 963 sacrae
844 909 1196 970 formatarum
1224 917 1517 988 imaginum
1548 922 1903 978 resolutiones

311 991 528 1089 easdem
575 994 863 1065 aliquando
904 1003 1215 1061 caelestium
1266 1010 1627 1065 essentiarum
1670 1013 1900 1082 disposi—

314 1086 492 1136 tiOnes
518 1086 916 1144 sanctificantes
941 1092 1270 1164 significant,
1300 1108 1354 1154 et
1377 1100 1573 1155 iterum
1599 1102 1906 1158 sanctificao

316 1177 421 1272 uis,
480 1180 535 1226 et
576 1176 903 1236 novissimas
945 1185 1380 1256 sanctificantes,
1432 1192 1905 1265 sanctificatasque

312 1269 540 1329 primas,
563 1273 618 1318 et
641 1269 883 1335 easdem,
912 1283 971 1328 ut
996 1275 1199 1332 dictum
1228 1288 1333 1347 est,
1366 1281 1570 1351 primas
1597 1286 1905 1351 et‘medias

311 1362 370 1406 ct
393 1353 608 1412 ultimas
635 1358 895 1418 habentes
920 1365 1167 1433 virtutes,
1199 1370 1668 1433 nullainordinata
1698 1377 1905 1435 ratione

314 1443 649 1514 introducta,
681 1453 978 1511 secundum
1013 1457 1319 1528 huiusmodi
1368 1467 1757 1523 reserationum
1789 1485 1905 1526 mo-

312 1537 464 1631 dum.
494 1538 553 1594 Si
579 1544 794 1612 quidem
836 1549 979 1604 enim
1011 1553 1339 1610 sanetiﬂcari
1365 1559 1625 1626 quasdam
1658 1577 1689 1616 a
1716 1563 1905 1631 priori-

312 1629 419 1683 ltus
474 1631 778 1693 diceremus
811 1679 825 1704 ,
891 1639 1084 1700 deinde
1151 1649 1443 1704 earundem
1504 1629 1907 1712 sanctificantes

312 1720 542 1788 priores,
574 1724 767 1782 iterum
794 1733 1194 1792 sanctiﬁcantes
1237 1738 1545 1797 ultimarum
1573 1746 1903 1802 sanctilicari

2003 564 2057 611 et
2108 556 2392 613 invisibilis
2437 573 2533 627 per
2583 558 2841 628 seipsum,
2884 567 3077 628 potens
3113 556 3274 612 simul
3315 556 3577 617 omnium,

2003 658 2055 704 et
2086 664 2438 721 quaecunque
2464 651 2516 705 in
2552 651 2632 706 eis
2668 661 2795 705 sunt
2827 655 2870 715 ⁸,
2897 648 3032 704 fiunt
3055 648 3123 704 ad
3160 647 3430 703 actionem
3457 661 3582 716 pro-

2002 739 2201 810 priam,
2239 742 2475 808 mobilis,
2528 743 2746 797 tradens
2785 742 3019 810 seipsum
3051 739 3304 796 omnibus
3338 750 3584 809 quoquo-

2004 832 2165 887 modo
2182 832 2632 903 proximantibus.
2667 832 3031 888 Renovativus
3054 840 3279 887 naturae
3311 827 3585 891 custodia,-

2005 921 2395 977 illumiuativus
2433 923 2832 978 circumvelatis
2857 922 3250 991 splendoribus,
3280 920 3582 988 incompre-

2004 1012 2307 1078 hensibilis,
2321 1014 2520 1080 clarus,
2544 1015 2826 1079 discretus,
2848 1014 3116 1079 resiliens,
3140 1028 3356 1069 sursum
3377 1010 3584 1074 ferens,

2003 1112 2161 1159 acute
2173 1119 2377 1171 means,
2393 1105 2661 1172 excelsus,
2679 1121 2783 1162 non
2801 1112 3048 1175 receptus
3063 1101 3390 1161 contumelia
3412 1100 3585 1156 mino«

2004 1196 2253 1263 rationis,
2274 1212 2492 1268 semper
2513 1197 2712 1262 motus.
2747 1213 2846 1270 per
2872 1198 3106 1269 seipsum
3140 1205 3338 1259 motus,
3366 1206 3587 1248 movens

2005 1287 2253 1353 alterum,
2281 1284 2761 1359 comprehendens,
2786 1288 3289 1358 incomprehensus,
3311 1299 3417 1338 non
3440 1282 3585 1338 ἰηάί-

2004 1392 2136 1450 gens
2170 1377 2410 1442 alterius,
2446 1377 2617 1434 latens
2645 1394 2795 1444 vere,
2823 1391 3073 1434 crescens
3120 1394 3148 1430 a
3196 1375 3395 1444 seipso,
3423 1369 3587 1427 et-ad

2005 1476 2290 1538 susceptas
2325 1469 2580 1525 materias
2625 1469 2979 1525 manifestans
3026 1468 3223 1525 suimet
3259 1464 3593 1536 magnitudiv.

2006 1576 2148 1625 nem,
2174 1560 2403 1622 activus,
2429 1568 2639 1630 potens,
2664 1560 2825 1615 simul
2847 1560 3098 1616 omnibus
3120 1572 3376 1628 praesens
3405 1554 3589 1609 invisi-

2002 1650 2094 1705 bili
2104 1661 2203 1716 ter,
2224 1650 2498 1721 neglectus
2522 1666 2628 1707 non
2653 1666 2773 1707 esse
2787 1659 3027 1721 putatur,
3044 1649 3235 1705 attritu
3261 1657 3465 1711 autem,
3482 1645 3588 1701 sic-

2005 1744 2081 1797 uti
2107 1745 2340 1812 quadam
2369 1744 2603 1799 vindicta
2630 1744 3055 1801 connaturaliter
3086 1752 3141 1799 et
3164 1740 3383 1813 proprie
3409 1736 3588 1793 subito

312 1810 387 1862 ab
409 1810 540 1906 ipsis
578 1814 683 1872 illis
727 1822 1097 1890 sanctificatis',
1145 1843 1272 1885 vere
1303 1831 1700 1892 inordinatione
1728 1851 1815 1892 res
1849 1846 1904 1893 et

2012 1810 2281 1899 relucens,
2309 1842 2360 1889 et
2386 1834 2578 1889 iterum
2611 1810 3232 1906 incomprehensibiliter
3266 1810 3587 1904 impalpabio

313 1898 633 1957 confusione
681 1908 844 1963 multa
897 1912 1234 1984 interposita.
1295 1918 1351 1975 Si
1411 1938 1541 1979 vero
1584 1926 1802 1982 easdem
1851 1934 1909 1983 et

311 1990 656 2086 sanctilicare
678 2005 735 2051 et
779 2002 1104 2061 sanctificari
1142 2007 1393 2085 dicimus,
1424 2029 1698 2086 nunquam
1725 2027 1906 2074 autem

309 2079 611 2172 eorundem
644 2094 738 2140 aut
788 2088 857 2143 ab
898 2092 1124 2161 eisdem,
1168 2079 1390 2156 sedeas
1438 2079 1676 2172 singulas
1704 2108 1907 2163 sancti-

312 2166 470 2222 ficari
509 2171 725 2240 quidem
779 2192 809 2230 a
864 2180 1154 2250 prioribus,
1192 2189 1535 2247 sanctificarc
1581 2202 1763 2250 autem
1810 2212 1907 2252 no-

310 2257 599 2358 vissimas
632 2280 738 2318 non
771 2267 1223 2342 inconsequenter
1247 2276 1500 2336 fortassis
1534 2284 1656 2353 quis
1685 2285 1903 2355 dixerit,

312 2348 371 2399 in
400 2348 628 2444 eloquiis
652 2369 806 2412 sacre
852 2358 1021 2417 factas
1050 2362 1275 2433 formas,
1315 2382 1409 2425 eas
1434 2348 1722 2442 aliquando
1749 2348 1909 2444 posse

311 2446 372 2490 et
400 2440 593 2534 primis
633 2447 918 2505 et-ultimis
963 2462 1016 2507 et
1055 2456 1246 2512 mediis
1276 2440 1567 2519 virtutibus
1602 2440 1825 2534 pulchre
1852 2477 1906 2523 et

312 2541 448 2582 vere
479 2531 839 2592 circumdare.
872 2540 937 2594 Et
964 2558 1179 2599 sursum
1208 2547 1375 2617 igitur
1413 2531 1843 2612 conversibiliter
1887 2560 1900 2589 ’

311 2617 556 2717 extendi,
598 2629 654 2676 et
691 2638 819 2693 erga
859 2633 1175 2703 scmetipsas
1218 2636 1446 2695 firmiter
1485 2645 1750 2713 convolvi,
1784 2663 1906 2717 pro-

311 2708 558 2810 priarum
603 2714 900 2810 existentes
949 2725 1301 2784 custoditivas
1334 2731 1614 2801 virtutum,
1666 2708 1746 2791 etv
1777 2708 1905 2810 erga

317 2799 591 2899 venientia
622 2807 868 2864 sociabili
899 2817 1267 2886 processione,
1296 2823 1547 2891 providas
1564 2799 1659 2881 eas
1695 2828 1747 2882 in
1774 2799 1927 2899 par--

315 2887 631 2959 ticipatione
656 2897 870 2955 virtutis
913 2918 1056 2971 esse,
1106 2887 1356 2967 omnibus
1404 2927 1510 2969 non
1558 2916 1694 2973 falso
1740 2887 1904 2976 caad-

312 2981 512 3035 unabit
665 2988 991 3051 caelestibus
1043 3000 1315 3067 essentiis,
1381 3004 1483 3059 etsi
1522 3005 1643 3062 aliis
1688 2990 1903 3078 quidem

313 3074 656 3168 superposite
691 3088 745 3133 et
800 3083 1199 3156 universaliter,
1249 3099 1307 3146 ut
1344 3108 1504 3165 saepe
1546 3074 1746 3153 dictum
1797 3109 1900 3168 est,

2008 1926 2094 1990 lis,
2128 1942 2235 1981 non
2259 1926 2498 1982 minutus
2523 1927 2575 1981 in
2605 1928 2858 1984 omnibus
2888 1927 3172 1984 ditissimis
3196 1926 3396 1983 suimet
3417 1922 3588 1977 tradi-

2010 2018 2266 2074 tionibus.
2294 2018 2361 2073 Et
2390 2019 2589 2075 multas
2616 2019 2864 2076 fortassis
2891 2021 3013 2090 quis
3037 2018 3274 2075 inveniet
3292 2015 3437 2088 ignis
3454 2029 3591 2084 pro-

2006 2110 2268 2179 prietates
2291 2108 2569 2180 pulchras,
2596 2118 2654 2165 ut
2678 2110 2735 2165 in
2768 2110 3113 2165 scnsihilibus
3158 2105 3483 2177 imaginibus
3503 2102 3589 2157 (li-'-
3618 2138 3623 2142 ι

2006 2200 2165 2254 vinae
2222 2200 2576 2270 operationis.
2638 2200 2761 2255 Hoc
2797 2215 2927 2270 ergo
2986 2200 3222 2255 scientes
3284 2193 3590 2266 theosopbi,

2006 2290 2270 2346 caelestes
2298 2290 2564 2346 essentias
2592 2306 2660 2346 ex
2681 2291 2803 2361 igne
2824 2290 3194 2354 conformant,
3217 2288 3591 2357 significantes

2005 2395 2191 2435 earum
2216 2379 2481 2435 deiforme
2499 2390 2576 2446 et,
2593 2389 2852 2451 quantum
2896 2380 3175 2451 possibile,
3192 2380 3287 2435 Dei
3306 2376 3586 2435 imitabile.

2006 2468 2112 2525 Sed
2143 2477 2199 2524 et
2222 2467 2649 2525 humaniformes
2664 2470 2808 2539 ipsas
2833 2470 3168 2534 describunt,
3197 2476 3419 2539 propter
3435 2466 3590 2522 intel-

2003 2559 2254 2625 lectuale,
2276 2568 2333 2615 et
2369 2575 2586 2615 sursum
2634 2561 2889 2617 habendo
2937 2561 3216 2615 intuitivas
3241 2560 3492 2624 virtutes,
3535 2566 3592 2613 et

2004 2648 2207 2722 figurae
2226 2650 2246 2681 "
2263 2658 2469 2705 rectum
2493 2658 2548 2706 et
2568 2649 2987 2717 luculentum,et
3017 2650 3313 2706 secundum
3336 2657 3587 2704 naturam

2003 2742 2302 2813 principale
2329 2751 2385 2798 et
2411 2743 2611 2816 regale,
2636 2753 2690 2800 et
2719 2745 3017 2800 secundum
3049 2759 3268 2800 sensum
3306 2742 3590 2797 minimum

2002 2832 2242 2903 quidem,
2268 2843 2530 2904 quantum
2565 2834 2632 2889 ad
2677 2834 2914 2905 reliquas
2957 2834 3411 2891 irrationabilium
3467 2832 3590 2889 ani-

2003 2924 2224 2979 malium
2250 2925 2499 2991 virtutes,
2524 2926 2764 2980 omnium
2795 2941 2924 2983 vero
2949 2926 3381 2997 potentissimum
3399 2939 3594 2980 secun-

2002 3013 2129 3069 dum
2157 3014 2460 3071 intellectus
2488 3016 2913 3087 magnitudinem
2942 3018 3166 3083 virtute,
3207 3026 3263 3073 et
3291 3015 3588 3072 secundum

2008 3103 2381 3160 rationabilem
2433 3107 2714 3162 scientiam
2765 3108 3122 3164 oontinuitate
3146 3107 3190 3173 ⁸,
3214 3115 3270 3162 et
3292 3106 3588 3163 secundum

313 3160 441 3269 aliis
489 3174 1065 3269 vero-particulariter
1109 3189 1165 3236 et
1222 3182 1480 3253 subjecte.
1540 3187 1977 3251 lnchoandumC
2007 3204 2227 3250 natura
2262 3196 2474 3251 animae
2538 3195 2769 3253 liberum
2834 3205 2891 3253 et
2955 3160 3410 3269 potentissimum.
3482 3197 3584 3251 Est

313 3263 500 3312 autem
546 3262 772 3331 ratione,
804 3276 860 3322 et
901 3274 1268 3339 quaerendum
1314 3277 1367 3331 in
1404 3277 1580 3348 prima
1608 3280 1903 3339 formarum

313 3348 669 3442 resolutione,
719 3356 789 3411 ob
836 3374 997 3426 quam
1033 3378 1253 3422 causam
1300 3370 1566 3442 theologia
1618 3372 1729 3429 fere
1768 3374 1907 3430 ultra

310 3441 799 3537 omnesinvenitur
820 3450 1093 3510 honorans
1118 3456 1341 3535 ignitam
1362 3441 1573 3518 sacram
1588 3465 1905 3537 descriptio-

312 3546 464 3587 nem.
516 3534 760 3595 Invenies
803 3558 930 3614 ergo
971 3561 1090 3602 eam
1120 3534 1247 3606 non
1312 3554 1484 3609 solum
1527 3566 1672 3612 rotas
1720 3534 1906 3629 igneas

314 3624 772 3719 con-formantem,
799 3637 891 3689 sed
921 3645 973 3691 et
998 3639 1249 3696 animalia
1282 3644 1470 3712 ignita,
1498 3653 1555 3701 et
1579 3647 1725 3704 viros
1742 3624 1907 3719 quasi

314 3713 462 3782 ignis
506 3716 837 3790 fulgurantes
873 3737 911 3793 ι,
948 3737 1002 3783 et
1040 3731 1182 3788 circa
1221 3749 1315 3791 eas
1359 3738 1620 3795 caelestes
1642 3713 1905 3800 essentias

312 3807 564 3907 cumulos
583 3811 876 3870 carbonum
906 3819 1047 3888 ignis
1069 3823 1586 3896 circumponentem,
1617 3830 1904 3891 etﬂumina

316 3903 744 3987 immensurabili
793 3910 970 3963 sonitu
1056 3912 1176 3985 igne
1254 3915 1532 3987 flagrantia
1585 3933 1633 3975 ι.
1686 3920 1793 3979 Sed
1850 3932 1905 3982 et

316 3982 570 4076 Turonos
629 3992 708 4046 ait
756 4002 939 4066 igneos
984 4016 1139 4069 esse,
1186 4012 1242 4059 et
1295 4006 1441 4076 ipsos
1507 4011 1905 4072 excelsissimos

316 4072 605 4148 Seraphim
646 4084 872 4169 caelitus
922 4092 1174 4148 ardentes
1204 4109 1272 4151 ex
1314 4072 1786 4169 cognominatione
1832 4105 1905 4160 si-

314 4168 615 4267 gnificare:
649 4184 703 4230 et
736 4158 873 4249 i‘gnis
896 4197 1007 4250 pro,
1032 4184 1279 4243 rietatent
1305 4198 1359 4244 et
1379 4158 1747 4262 operationem
1771 4196 1905 4267 ipsis

314 4258 715 4357 distribuit,et
758 4271 979 4327 omnino
1028 4289 1242 4331 sursum
1289 4258 1649 4354 deorsumque
1678 4258 1901 4357 ignitam

314 4349 547 4447 honorat
573 4356 813 4413 selectim
855 4361 1150 4421 formarum
1182 4370 1465 4427 facturam.
1498 4349 1638 4446 Ergo
1684 4349 1901 4447 igneum

314 4439 624 4511 significare
653 4464 848 4508 censeo
883 4456 1195 4516 caelestium
1226 4465 1528 4523 animorum
1554 4439 1925 4529 d‘eifor'missim

2007 3294 2184 3342 autem
2210 3294 2264 3341 et
2288 3302 2384 3358 per
2403 3287 2634 3359 singula,
2667 3297 2727 3343 ut
2765 3290 3012 3355 aestimo,
3046 3288 3343 3360 corporalis
3370 3296 3590 3343 nostrae

2008 3379 2317 3452 multiplicis
2367 3382 2673 3452 partitionis
2730 3382 2973 3437 invenire
3029 3379 3289 3436 caelestes
3336 3378 3590 3442 virtutes,

2008 3471 2285 3537 dicentes,
2319 3466 2697 3544 conspectivas
2747 3473 2965 3544 quidem
3010 3470 3317 3543 significare
3361 3469 3592 3524 virtutes

2007 3561 2182 3631 ipsum
2213 3560 2281 3616 ad
2309 3562 2488 3617 divina
2529 3561 2820 3616 luminaria
2850 3561 3210 3617 clarissimum
3261 3568 3588 3630 respectum,

2006 3660 2061 3709 et
2089 3653 2282 3709 iterum
2316 3662 2555 3711 teneram
2587 3663 2641 3710 et
2679 3654 2936 3724 liquidam
2963 3663 3019 3710 et
3062 3668 3168 3709 non
3191 3667 3587 3725 repercussam,

2005 3743 2103 3798 sed
2139 3752 2295 3800 acute
2322 3744 2597 3812 mobilem,
2630 3753 2686 3802 et
2710 3760 2921 3816 puram,
2948 3755 3003 3800 et
3030 3744 3245 3816 planam
3285 3743 3594 3815 impassibi-

2003 3830 2130 3887 liter
2148 3832 2453 3889 divinarum
2496 3835 2892 3904 susceptionem
2932 3834 3406 3889 illuminationum.
3439 3832 3589 3891 Olfa-

2005 3930 2185 3977 ctuum
2214 3937 2344 3979 vero
2392 3924 2706 3981 discretivas
2734 3923 2982 3988 virtutes,
3030 3922 3157 3978 illud
3188 3937 3353 3991 super
3385 3922 3594 3977 intelle-

2004 3996 2150 4069 ctum
2179 4028 2345 4072 suave
2365 4014 2560 4071 olentis
2577 4013 2994 4079 distributionis,
3020 4021 3282 4082 quantum
3307 4012 3588 4081 possibile,
3638 4084 3645 4093 ἱ

2007 4107 2361 4176 receptivum,
2394 4113 2449 4161 et
2486 4121 2593 4161 non
2620 4104 2926 4175 hujusmodi
2957 4107 3184 4164 scientia
3236 4107 3586 4163 discretivnm

2005 4206 2061 4255 et
2101 4199 2321 4254 omnino
2356 4198 2721 4271 refugitivum.
2768 4200 2991 4256 Aurium
3023 4215 3153 4257 vero
3178 4200 3426 4265 virtutes,
3458 4199 3589 4255 illud

2002 4290 2272 4362 particeps
2295 4300 2349 4348 et
2374 4292 2676 4363 gnosticmn
2699 4292 2912 4349 divinae
2936 4291 3302 4364 inspirationis
3324 4291 3590 4360 suscepti-

2006 4399 2151 4439 vum.
2188 4383 2497 4441 Gustativas
2526 4394 2724 4448 autem,
2765 4385 3112 4441 invisibilium
3143 4398 3390 4440 escarum
3417 4383 3587 4455 pleni-

2008 4474 2288 4541 tudinem,
2336 4484 2393 4532 et
2464 4476 2765 4531 divinarum
2815 4484 2870 4531 et
2928 4474 3182 4530 alentium
3243 4486 3599 4544 promutuum,

316 4546 498 4636 mum;
533 4535 638 4606 Ipsi
683 4543 825 4596 enim
872 4549 1045 4602 sancti
1080 4551 1310 4621 theologi
1342 4555 1369 4594 ι)
1393 4561 1896 4627 superessentialem
1924 4556 1978 4615 D
2003 4566 2386 4636 susceptivum.
2410 4565 2661 4621 Tactivas
2684 4580 2847 4631 vero,
2865 4565 3235 4621 convenientis
3263 4574 3358 4620 aut
3384 4578 3593 4620 necem.

314 4630 373 4678 et
413 4624 699 4687 informem
750 4641 1041 4694 essentiam
1091 4642 1143 4697 in
1191 4644 1313 4716 igne
1363 4624 1523 4723 saepe
1563 4652 1917 4722 describunt,,

315 4726 576 4816 tanquam
613 4724 843 4782 habente
875 4730 1071 4787 multas
1099 4734 1334 4803 divinae,
1363 4739 1407 4794 si
1430 4738 1511 4795 fas
1531 4724 1732 4810 dicere,
1775 4762 1901 4816 pro-

314 4810 913 4910 prietatisxquantum
962 4824 1014 4880 in
1058 4826 1362 4888 visibilibus
1420 4833 1701 4910 imagines.
1757 4810 1899 4910 Ignis

316 4906 461 4956 enim
489 4906 759 4963 sensibilis
776 4921 859 4966 est
885 4915 1123 4984 quidem,
1147 4919 1225 4974 sic
1247 4906 1553 4988 dicendum,
1570 4927 1621 4981 in
1650 4906 1900 4989 omnibus

316 5000 373 5046 et
418 5009 515 5064 per
563 5000 742 5053 omnia
779 5003 924 5059 clare
971 5009 1136 5074 venit,
1188 5019 1243 5065 et
1279 5024 1586 5070 removetur
1622 5019 1892 5076 omnibus.

318 5083 387 5184 fit
409 5083 617 5145 lucidus
705 5103 787 5149 est
814 5096 973 5171 simul
1003 5106 1057 5153 et
1084 5101 1238 5170 quasi
1281 5105 1548 5172 occultus,
1600 5108 1900 5181 incognitus

317 5179 436 5244 ipse
464 5190 561 5245 per
582 5179 838 5251 seipsum,
868 5201 973 5241 non
1002 5190 1357 5247 accumbente
1380 5196 1627 5263 materia,
1660 5179 1897 5271 inquam

2002 4656 2070 4710 tis
2116 4656 2167 4710 in
2213 4657 2440 4712 scientia
2486 4657 2898 4727 diagnosticum.
2950 4656 3243 4728 Palpebras
3295 4655 3487 4710 deinde
3534 4666 3588 4711 et

1999 4743 2305 4813 supercilia,
2336 4743 2641 4801 divinarum
2679 4744 2944 4802 visionum
2985 4745 3376 4817 intelligentiae
3406 4755 3586 4801 custo-

1999 4836 2245 4893 ditivnm.
2293 4837 2592 4894 Juvenilem
2635 4854 2761 4895 vero
2789 4848 2844 4895 et
2888 4840 3125 4896 adultam
3173 4850 3425 4906 aetatem,
3455 4841 3586 4896 illud

2002 4926 2309 4986 innovantis
2337 4945 2550 5001 semper
2575 4931 2755 4986 vitalis
2783 4931 3017 4986 virtutis.
3048 4932 3245 4987 Dentes
3276 4941 3475 4995 autem,
3503 4931 3585 4986 di«

2004 5021 2233 5079 visivum
2267 5024 2468 5080 inditae
2508 5026 2797 5083 nutrientis
2823 5022 3191 5097 perfectionis.
3220 5025 3583 5095 Unaquaeque

2005 5112 2148 5167 enim
2179 5116 2410 5170 essentia
2438 5116 2813 5174 intellectualis
2839 5119 3092 5174 donatam
3126 5118 3226 5174 sibi
3260 5134 3289 5172 a
3318 5115 3582 5171 diviniora

2006 5201 2331 5261 uniforntem
2377 5204 2783 5274 intelligentiam
2826 5208 3051 5275 provida
3084 5205 3280 5262 virtute
3311 5202 3502 5259 dividit
3527 5212 3582 5257 et

1599 5327 1681 5382 VA
1690 5329 1849 5387 RIAE
1888 5332 2288 5394 LECTIONES.

411 5414 423 5443 ¹
452 5420 494 5476 Β
524 5425 966 5485 conversabiliter.

688 5428 981 5517 ξίεξιιςξιὶςςεξιςἰ
1042 5428 1555 5517 iacentia-riguit:
1590 5437 1805 5517 :“Bl‘ill
1858 5442 2201 5517 [tt/gerant”.
2304 5448 2324 5477 “
2365 5449 2454 5504 Ell
2497 5450 2740 5506 lucidius.
2843 5450 2978 5505 εΛΕ
3027 5448 3348 5517 manifestat.
3450 5447 3474 5483 ‘
3531 5457 3585 5504 et

320 5504 655 5561 "‘“W’WW
681 5499 735 5550 ίη
756 5499 829 5550 είε
862 5509 982 5552 Sum
1036 5499 1165 5554 ﬁunt
1189 5517 1298 5556 om.
1353 5502 1461 5559 BH.
1536 5512 1555 5546 τ
1589 5508 1678 5564 ωε
1707 5499 1899 5581 βαπτὰ,
1939 5499 2462 5575 νεΒηέέὸηηηηῶῖ,
2886 5499 2977 5566 "ﬁ

1840 5627 2087 5687 NOTAE.

394 5736 421 5766 ι
448 5725 643 5784 Ezech.
673 5729 723 5793 l;
757 5732 890 5785 Dan.
918 5730 1035 5799 VII;
1064 5732 1131 5789 IV
1156 5734 1287 5801 Reg.
1318 5733 1377 5789 ll.‘

2110 5742 2137 5784 δ
2169 5743 2333 5799 Hebr.
2366 5744 2431 5798 Χ.
