3952 6162
339 320 470 375 I057

1710 310 1987 369 JOANNIS
2029 307 2219 367 SCO'II

3440 290 3558 347 {Of-2

328 431 649 501 multiplicat
673 432 738 485 ad
789 430 1059 485 inferioris
1108 428 1401 484 ductrieem
1444 424 1762 497 analogiam.
1794 426 1901 480 IIu-
1933 428 1975 483 Λ
2006 424 2206 492 absque
2247 434 2396 474 mora
2439 415 2835 488 pervenientem
2870 408 3152 473 eﬁ‘ectum,
3177 415 3251 501 et
3293 405 3566 459 desursum

333 537 514 578 meros
544 530 720 576 autem
752 529 807 575 et
829 521 1067 581 brachia,
1107 528 1162 573 et
1184 520 1378 574 iterum
1408 533 1616 581 manus,
1646 515 1900 569 fartivum

335 623 391 667 et
421 614 754 682 operativum
786 619 841 666 et
882 611 1136 664 activum.
1165 609 1271 664 Cor
1306 624 1431 664 vero
1456 607 1759 675 symbolum
1786 618 1906 659 esse

334 702 610 756 deilormis
650 702 810 766 vitae,
861 702 1130 772 pr0priam
1172 699 1384 754 vitalem
1426 699 1675 751 virtutem
1708 692 1905 748 deifor—

334 792 493 847 miter
530 793 585 846 in
636 805 718 857 ea,
775 806 912 861 quae
963 789 1359 859 praeintellecta
1386 796 1529 851 sunt,
1567 782 1902 840 seminantis.

334 882 556 937 Pectora
600 882 795 936 iterum
842 881 1147 951 signiﬁcare
1175 880 1364 934 durum
1415 887 1467 931 et
1504 873 1903 931 custoditivum,

335 983 394 1025 ut
422 988 450 1025 a
495 973 772 1043 supposito
819 972 981 1028 corde
1024 972 1265 1026 viviﬁcae
1294 967 1702 1024 distributionis.
1742 965 1908 1018 Dorsa

334 1078 483 1130 vero,
529 1064 840 1118 continuum
887 1062 1047 1118 simul
1094 1069 1409 1116 cunctarum
1448 1057 1699 1112 fertilium
1740 1055 1907 1109 virtu-

339 1164 470 1207 tum.
498 1153 667 1210 Pedes
696 1164 900 1218 autem,
938 1154 1133 1208 mobile
1162 1160 1217 1208 et
1260 1150 1414 1205 velox
1444 1159 1498 1204 et
1525 1147 1722 1203 eursile
1745 1146 1799 1200 in
1830 1144 1910 1199 di-

338 1245 460 1299 vina
488 1260 701 1316 semper
725 1247 902 1300 euntis
929 1245 1199 1299 motionis.
1225 1242 1450 1312 Propter
1474 1240 1614 1310 quod
1637 1248 1690 1293 et
1711 1252 1909 1307 penna-

339 1347 421 1391 tos
499 1337 761 1407 theologia
818 1344 1144 1391 .sanctormn
1218 1334 1584 1389 intellectnum
1665 1327 1911 1399 ﬁguravit

336 1427 500 1497 pedes
530 1439 580 1480 α.
632 1424 932 1480 Pennatnm
962 1424 1216 1495 namque
1260 1409 1527 1493 signiﬁcat
1565 1419 1909 1491 anagogicam

338 1517 722 1581 velocitatem,
780 1525 835 1570 et
890 1516 1122 1571 caeleste
1182 1530 1393 1570 sursum
1458 1526 1644 1566 versus
1704 1508 1913 1565 itineris

340 1608 598 1671 activum,
624 1615 677 1662 et
726 1607 793 1661 ab
819 1607 964 1661 omni
996 1605 1180 1659 humili
1224 1619 1316 1674 per
1361 1618 1572 1659 sursum
1621 1601 1799 1655 ferens
1829 1612 1919 1653 re-

341 1708 565 1751 motum.
598 1695 715 1765 Ipsa
745 1710 872 1750 vero
900 1710 1197 1765 pennarmn
1225 1694 1413 1748 levitas
1451 1690 1582 1745 nihil
1617 1698 1912 1753 terrenum,

2008 512 2063 565 in
2090 526 2152 565 ea
2185 523 2324 580 quae
2349 508 2633 571 deorsum,
2665 516 2878 558 sursum
2904 495 3319 559 transvectivnm
3351 501 3570 556 motum,

2004 600 2297 667 erigentem
2344 596 2560 666 quidem
2611 593 2842 648 secunda
2882 591 2948 646 ad
2987 589 3322 657 superiorem
3361 581 3571 637 celsituo

2006 690 2215 751 dinem,
2262 696 2670 754 moventemque
2714 683 2886 752 prima
2950 680 3017 734 ad
3072 673 3577 734 eommunicativam

2006 790 2061 834 et
2095 779 2373 851 providam
2421 778 2687 832 minorum
2714 773 3108 845 processionem
3141 779 3183 818 θ.
3216 766 3370 821 Dicet
3399 771 3581 817 autem

2007 869 2251 925 fortassis
2294 869 2436 938 quis,
2480 867 2622 924 aérei
2662 866 2881 936 spiritus
2925 872 3199 918 ventosam
3238 855 3583 925 cognomina-

2010 962 2209 1016 tionem
2238 960 2498 1015 deiforme
2547 957 2859 1014 caelestium
2890 953 3213 1025 signiﬁcare.
3245 948 3419 1003 Habet
3442 947 3585 1001 enim

2008 1062 2063 1107 et
2090 1053 2194 1108 hoc
2223 1051 2437 1106 divinae
2469 1048 2806 1122 operationis
2833 1045 3121 1113 imaginem
3151 1050 3205 1096 et
3232 1038 3497 1097 formam,
3528 1045 3589 1091 ut

2011 1142 2062 1195 in
2113 1139 2406 1212 symbolica
2445 1137 2712 1208 theologia
2751 1151 2847 1204 per
2890 1131 3216 1186 tetrasticam
3256 1124 3591 1193 diiudicatio-

2010 1246 2130 1285 nem
2162 1245 2260 1300 per
2282 1229 2439 1299 plura
2469 1227 2900 1283 demonstratum
2916 1229 3017 1285 est,
3043 1217 3332 1274 secundum
3364 1225 3593 1268 naturae

2012 1322 2265 1377 motivam
2288 1362 2302 1386 ,
2356 1329 2411 1375 et
2454 1320 2783 1391 gignentem,
2813 1322 2868 1368 et
2898 1311 3167 1373 velocem,
3214 1316 3267 1361 et
3313 1314 3593 1375 potentem

2011 1411 2389 1482 rapacitatem,
2414 1417 2469 1463 et
2495 1407 2733 1478 ignotum
2763 1403 2917 1459 nobis
2939 1410 2995 1455 et
3016 1395 3282 1454 invisibile
3310 1393 3594 1448 latibulum

2014 1480 2337 1558 moventium
2359 1499 2745 1572 principiorum
2767 1503 2821 1549 ct
2841 1488 3381 1549 consummationum.
3408 1480 3597 1536 Nescis

2013 1596 2172 1660 etim,
2222 1591 2418 1664 inquit,
2467 1590 2604 1644 unde
2641 1589 2773 1643 venit
2835 1594 2928 1639 aut
2979 1598 3080 1653 quo
3126 1578 3265 1633 radit
3298 1575 3343 1628 τ.
3386 1573 3492 1628 Sed
3541 1578 3600 1625 et

2019 1686 2174 1741 nubis
2216 1684 2347 1756 ipsis
2373 1681 2609 1754 speciem
2643 1678 2903 1748 theologia
2959 1671 3398 1731 circumformat,
3428 1664 3598 1735 signi-

341 1788 439 1842 sed
484 1755 652 1842 totum
719 1755 917 1842 munde
960 1796 1013 1841 et
1061 1787 1179 1840 sine
1220 1784 1484 1856 gravitate
1532 1783 1583 1836 in
1643 1781 1914 1849 excelsum
1948 1770 1987 1827 Β
2021 1777 2187 1832 ﬁcans
2235 1755 2331 1845 per
2372 1775 2477 1829 hoc
2524 1785 2709 1826 saeros
2767 1767 3070 1823 intellectus
3126 1759 3322 1817 occulti
3378 1755 3599 1855 quidem

342 1878 657 1933 ascendens.
710 1877 922 1932 Nudum
953 1891 1163 1946 quoque
1200 1885 1256 1931 et
1294 1874 1671 1930 discalceatum
1695 1873 1724 1912 ι)
1754 1883 1810 1927 et
1838 1872 1914 1926 di-

344 1966 566 2023 missum
598 1976 652 2023 et
696 1967 1020 2031 absolutum,
1072 1976 1123 2020 et
1168 1966 1601 2021 immensurabile
1623 1974 1673 2019 et
1702 1980 1914 2035 purum,

342 2070 553 2121 eorum,
580 2071 719 2126 quae
747 2064 901 2112 extra
926 2064 1070 2119 sunt,
1100 2057 1447 2125 appositione,
1479 2062 1535 2109 et
1555 2056 1619 2109 ad
1658 2055 1916 2124 simplici-

346 2152 510 2198 tatem
558 2144 814 2209 divinam,
864 2155 1122 2214 quantum
1160 2146 1429 2215 possibile,
1487 2145 1915 2201 assimilativnm.

346 2235 451 2290 Sed
476 2237 726 2305 quoniam
757 2238 951 2291 iterum
985 2237 1175 2307 simpla
1219 2247 1274 2292 et
1302 2237 1524 2291 multum
1557 2236 1704 2290 varia
1734 2236 1918 2306 sophia

345 2336 402 2380 et
428 2327 596 2381 nudos
621 2327 801 2392 vestit,
827 2336 880 2382 et
928 2343 1057 2384 vasa
1097 2330 1359 2398 quaedam
1411 2328 1502 2382 dat
1538 2328 1665 2397 ipsis
1691 2329 1921 2384 circum-

347 2418 510 2481 ferre,
550 2415 634 2472 fer
665 2417 683 2449 ί
706 2425 760 2473 et
805 2417 1102 2478 animorum
1140 2418 1452 2474 caelestium
1476 2419 1923 2495 sacros_amictus

347 2516 402 2561 et
423 2523 648 2580 organa,
678 2512 970 2564 secundum
1013 2511 1154 2579 quod
1209 2511 1360 2566 nobis
1406 2510 1681 2580 possibile,
1715 2510 1922 2579 aperia-

349 2614 489 2654 mus.
505 2598 717 2655 Claram
740 2601 953 2672 quidem
975 2602 1118 2656 enim
1142 2611 1342 2656 vestem
1366 2603 1743 2672 igneamqueC,
1760 2602 1923 2672 signi-

349 2689 513 2744 ﬁcare
553 2692 779 2745 aestimo
832 2691 1091 2747 deiforme
1140 2693 1295 2762 juxta
1350 2694 1488 2764 ignis
1531 2694 1816 2764 imaginem
1869 2704 1924 2749 et

348 2779 698 2848 luculentum,
748 2790 966 2852 propter
1014 2784 1067 2837 in
1124 2784 1272 2838 caelo
1319 2785 1547 2854 quietes,
1594 2784 1680 2838 ubi
1744 2784 1922 2837 lumen

352 2880 407 2928 et
453 2873 674 2927 omnino
727 2873 989 2929 invisibile
1026 2875 1307 2930 dicendum
1362 2884 1454 2930 aut
1493 2875 1926 2932 intellectualiter

351 2961 685 3029 illuminans,
715 2973 807 3018 aut
846 2964 1274 3022 intellectualiter
1317 2965 1692 3022 illuminatum.
1730 2966 1925 3022 Sacer-

353 3057 585 3113 «iotalem
632 3071 793 3123 vero,
856 3056 924 3112 ad
969 3058 1148 3113 divina
1194 3067 1248 3114 et
1291 3060 1516 3130 mystica
1563 3059 1925 3130 speculamina

355 3146 626 3200 ductivum
659 3154 713 3202 et
741 3147 905 3204 totius
936 3148 1077 3204 vitae
1115 3159 1317 3204 votum.
1345 3117 1527 3206 'Zonas
1566 3117 1801 3222 quoque,
1845 3149 1924 3204 fe-
1952 3117 1995 3178 Ο

352 3235 654 3292 randarum
699 3239 934 3307 ipsarum
981 3240 1359 3296 custoditivum
1401 3240 1682 3306 virtutum,
1713 3248 1769 3294 et
1796 3254 1929 3293 con-

353 3337 664 3397 gregantem
706 3340 800 3381 eas
839 3326 1079 3381 habitum
1129 3329 1183 3383 in
1225 3328 1458 3398 seipsum
1486 3328 1633 3384 unite
1662 3328 1928 3392 converti,

354 3427 409 3472 et
435 3416 778 3474 circulariter
818 3433 941 3497 cum
988 3417 1249 3475 facilitate
1289 3435 1417 3475 casu
1461 3428 1680 3475 carente
1708 3428 1931 3475 naturae

354 3509 702 3564 similitudine
724 3508 867 3564 circa
893 3509 1127 3578 seipsum
1152 3508 1506 3565 circumferri.
1536 3510 1725 3579 Virgas
1745 3510 1930 3574 etiam,

357 3600 535 3669 regale
578 3616 643 3655 ae
688 3600 899 3666 ducale,
932 3609 1181 3669 rectaque
1216 3600 1238 3631 ³
1280 3601 1464 3656 omnia
1495 3601 1775 3658 deﬁniens.
1805 3600 1929 3655 Tela

355 3705 487 3748 vero
520 3700 576 3747 et
610 3707 856 3756 secures,
900 3691 1391 3747 dissimilitudinum
1438 3693 1798 3762 separativum
1825 3736 1841 3762 ,
1879 3706 1934 3749 et

356 3783 779 3840 discernentium
807 3783 1068 3837 virtutum
1094 3796 1341 3848 acumen,
1365 3790 1420 3838 et
1447 3781 1631 3839 eIIieax
1659 3793 1714 3841 et
1743 3796 1930 3840 actuo-

357 3892 500 3934 sum.
536 3876 872 3933 Geometrica
910 3883 966 3930 et
1006 3875 1268 3930 tectonica
1314 3890 1472 3941 vasa,
1517 3872 1850 3933 fundativum
1881 3886 1936 3933 et

358 3968 753 4024 aediﬁcativum
794 3974 849 4023 et
891 3964 1269 4036 perfectivum,
1325 3974 1379 4020 et
1430 3980 1783 4037 quaecunque
1829 3967 1934 4023 alia

359 4059 665 4115 reducentis
703 4064 759 4112 et
795 4057 1159 4113 convertentis
1198 4063 1323 4111 sunt
1362 4056 1723 4113 secundorum
1755 4057 1936 4128 provi-

355 4148 591 4201 dentiac.
622 4147 719 4200 Est
761 4154 938 4201 autem
966 4144 1183 4214 quando
1220 4136 1366 4201 eth
1396 4160 1495 4200 nos
1526 4145 1827 4201 divinorum
1850 4144 1937 4214 ju-

358 4239 620 4292 diciorum
647 4243 773 4292 sunt
797 4235 1039 4307 symbola
1064 4234 1173 4299 illa,
1199 4250 1336 4305 quae
1366 4245 1484 4291 acta
1505 4246 1650 4303 sunt,
1681 4252 1711 4290 a
1733 4237 1936 4293 sanctis

356 4328 564 4401 angelis
587 4343 812 4400 organa,
842 4326 962 4382 aliis
992 4326 1205 4397 quidem
1235 4327 1635 4383 declarantibus
1661 4329 1939 4397 corrigen-

362 4432 464 4475 tem
514 4421 894 4491 disciplinam,
948 4427 1042 4473 aut
1093 4418 1401 4489 punientem
1456 4416 1763 4489 justitiam,
1816 4418 2014 4515 aliisD

358 4527 486 4566 vero
543 4520 804 4584 angustae
868 4509 1168 4565 libertatem
1195 4551 1208 4575 ,
1264 4518 1356 4563 aut
1393 4509 1709 4580 disciplinae
1745 4508 1928 4574 ﬁnem,

364 4610 457 4652 aut
484 4601 680 4671 prioris
709 4602 1045 4657 constantiae
1071 4599 1095 4632 ³
1125 4600 1564 4670 resumptionem,
1596 4607 1687 4653 aut
1709 4599 1926 4669 opposi-

362 4692 560 4746 tionem
589 4691 814 4747 aliorum
850 4693 1136 4755 donorum,
1162 4706 1447 4761 parvorum
1473 4697 1564 4744 aut
1591 4703 1930 4758 magnorum,

364 4782 695 4837 sensibilium
749 4792 841 4838 ant
888 4784 1233 4839 invisibilium
1275 4781 1345 4834 δε
1386 4790 1440 4838 et
1480 4781 1699 4835 omnino
1749 4778 1931 4834 forsan

360 4891 466 4929 nun
490 4873 746 4930 dubitarit
777 4878 1056 4945 perspicax
1093 4876 1304 4931 animus
1325 4874 1551 4946 pulchre
1582 4871 1939 4927 invisibilibus

359 4968 599 5021 alunare
673 4958 927 5021 visibilia.
983 4967 1129 5037 Ipsos
1191 4967 1351 5020 etiam
1412 4974 1601 5020 ventos
1669 4963 1938 5019 nominari

358 5072 546 5110 eorum
602 5055 940 5111 velocitatem
985 5056 1284 5126 signiﬁcat,
1336 5064 1391 5110 et
1434 5056 1486 5110 in
1535 5054 1784 5109 omnibus
1829 5051 1944 5107 fere

2022 1844 2245 1923 luminis
2270 1856 2700 1936 supermuntlane
2727 1856 3145 1931 superrepletos,
3174 1852 3349 1921 prima
3382 1844 3599 1916 appari-

2020 1959 2165 2012 tione
2185 1957 2415 2027 primam
2452 1951 2939 2007 manifestationem
2967 1956 3222 2016 pompose
3245 1938 3599 2007 accipientes,

2020 2057 2074 2102 et
2112 2026 2281 2116 ipsam
2313 2047 2529 2115 cepiose
2570 2044 2620 2098 in
2648 2056 2734 2107 ea,
2787 2054 2926 2109 quae
2967 2044 3093 2093 sunt
3118 2031 3378 2093 secundo,
3423 2026 3602 2080 lucide

2020 2149 2074 2193 et
2115 2115 2587 2209 proportionaliter
2625 2130 3047 2187 distribuentes:
3100 2131 3155 2178 et
3200 2122 3320 2191 quia
3367 2115 3604 2209 genitale

2022 2208 2183 2287 eiset
2208 2230 2479 2284 viviﬁcum
2509 2235 2566 2282 et
2599 2225 2832 2279 activum
2865 2229 2917 2275 et
2946 2216 3296 2289 perfectivum
3327 2208 3601 2269 subsistit,

2017 2324 2171 2393 juxta
2217 2317 2640 2376 intellectualem
2683 2313 2932 2368 imbrium
2985 2305 3417 2373 conceptionem,
3462 2314 3606 2369 quae

2024 2414 2296 2483 excipiens
2356 2409 2505 2466 sinus
2554 2404 2788 2461 humidis
2831 2399 3023 2472 pluviis
3074 2401 3124 2454 in
3175 2395 3369 2452 vitales
3420 2400 3608 2462 partes

2025 2480 2299 2560 evocatur.
2323 2501 2438 2571 Ipsa
2466 2506 2644 2554 autem
2675 2505 2729 2551 et
2754 2494 2773 2524 ⁵
2803 2493 2945 2548 aéris
2985 2501 3041 2545 et
3070 2487 3251 2543 electri
3281 2492 3336 2542 et
3362 2480 3605 2553 lapidum

2025 2570 2421 2651 multicolorum
2447 2590 2679 2660 speciem
2707 2583 2969 2653 theologia
2998 2578 3323 2637 caelestibus
3349 2570 3609 2629 essentiis

2026 2686 2381 2759 circumponit
2423 2686 2469 2737 ε.
2515 2682 2783 2737 Electram
2827 2675 3063 2746 quidem,
3111 2668 3265 2741 quasi
3310 2660 3608 2759 auriforme

2026 2779 2183 2836 simul
2224 2750 2279 2833 et
2305 2782 2636 2847 argenteum,
2688 2768 2954 2839 signiﬁcat
2997 2757 3401 2833 impntribilem,
3449 2762 3511 2805 ut
3548 2750 3609 2803 in

2028 2887 2181 2935 auro,
2209 2846 2440 2924 etsimul
2467 2866 2694 2934 largum,
2722 2871 2775 2916 et
2802 2876 2905 2913 non
2951 2855 3239 2914 minutum,
3270 2858 3323 2902 et
3360 2846 3608 2900 inconta-

2029 2964 2288 3017 minatum
2314 2957 2682 3028 splendorem,
2715 2960 2768 3007 et
2799 2958 3065 3019 apertam,
3097 2950 3156 2997 ut
3189 2941 3243 2994 in
3269 2943 3522 3007 argento,
3548 2937 3611 2984 et

2030 3053 2385 3115 Iuciformem,
2417 3056 2469 3102 et
2494 3044 2781 3102 caelestem
2811 3038 3135 3096 claritatem.
3182 3029 3385 3086 Cbalco
3418 3033 3609 3115 autem

2030 3141 2322 3197 secundum
2368 3136 2594 3192 traditas
2637 3131 2874 3187 rationes
2914 3135 3006 3183 aut
3044 3126 3254 3195 igneum
3283 3123 3413 3183 ,aut
3455 3111 3610 3166 auri-

2031 3325 2236 3395 species
2287 3319 2589 3392 signiﬁcare
2626 3312 3054 3371 aestimandum,
3103 3313 3197 3358 aut
3240 3300 3393 3371 quasi
3455 3294 3612 3395 albas

2030 3416 2334 3479 Iucil‘orme,
2387 3420 2480 3466 aut
2505 3408 2657 3480 quasi
2703 3407 2898 3460 rubeas
2943 3399 3254 3458 auriforme,
3312 3399 3405 3446 aut
3449 3386 3610 3480 quasi

2030 3507 2257 3580 pallidas
2291 3476 2538 3572 juvenile.
2559 3509 2613 3555 et
2656 3511 2883 3561 novum;
2919 3503 2971 3548 et
3003 3505 3099 3561 per
3134 3484 3374 3555 singulas
3402 3476 3614 3580 species

2030 3565 2273 3653 invenies
2319 3590 2668 3662 anagogicam
2719 3586 3020 3658 typicarum
3077 3576 3368 3646 imaginum
3418 3565 3613 3662 dijudi-

2032 3688 2321 3743 cationem.
2384 3659 2792 3751 sedquoniam
2860 3674 3075 3745 quidem
3127 3670 3262 3723 haec
3313 3659 3612 3751 secundum

2032 3778 2284 3832 virtutem
2330 3789 2360 3826 a
2413 3750 2569 3827 nobis
2616 3766 2944 3825 suﬁicienter
2983 3762 3123 3817 dicta
3176 3769 3295 3811 esse
3350 3750 3609 3807 arbitror,

2032 3867 2418 3923 transeundum
2462 3864 2514 3918 in
2570 3869 2811 3916 sanctam
2854 3851 3237 3909 reserationem
3295 3838 3612 3897 caelestium

2033 3959 2335 4013 animorum
2360 3968 2512 4008 sacre
2535 3952 2796 4023 ﬁguratae
2820 3942 3063 4001 bcstialis
3089 3934 3440 3993 formationis.

2035 4065 2156 4103 nem
2184 4047 2329 4103 enim
2362 4020 2669 4113 signiﬁcare
2694 4038 3018 4096 censendum
3052 4026 3347 4102 principale
3370 4033 3423 4078 et
3446 4020 3616 4113 robu-

2036 4151 2201 4203 SIum,
2231 4146 2284 4191 et
2329 4110 2646 4190 indomitum
2677 4138 2731 4185 et
2774 4128 3013 4182 abditum
3055 4118 3335 4176 ineffabilis
3359 4110 3618 4203 divinita-

2038 4232 2129 4295 tis,
2167 4236 2227 4282 ut
2258 4228 2428 4280 virtus
2456 4219 2867 4277 assimilativum
2890 4207 3330 4269 intellectualium
3358 4199 3618 4268 vestigio-

2036 4338 2155 4377 rum
2186 4312 2657 4376 circumvelamine
2704 4319 2760 4366 et
2796 4306 3021 4378 mystice
3072 4297 3316 4355 fortassis
3352 4304 3620 4362 pompose

2038 4415 2235 4470 amictu
2263 4452 2280 4477 ,
2310 4407 2601 4464 secundum
2626 4401 2858 4456 divinam
2896 4391 3337 4451 illuminationcm
3358 4385 3409 4437 in
3439 4387 3622 4435 semet

2039 4507 2287 4562 restituto
2334 4500 2544 4553 itinere.
2593 4495 2766 4565 Ipsam
2812 4502 2940 4542 vero
2968 4484 3149 4546 bovis,
3174 4477 3406 4533 validum
3432 4480 3488 4527 et
3509 4487 3619 4565 no-

2034 4613 2181 4659 vum,
2218 4600 2273 4646 et
2298 4591 2321 4622 ⁸
2358 4561 2746 4643 intellectuales
2784 4578 2963 4635 sulcos
2996 4576 3160 4629 latum
3212 4570 3267 4624 in
3315 4561 3621 4633 susceptio-

2035 4703 2157 4743 nem
2201 4679 2513 4738 caelestium
2549 4685 2605 4731 et
2640 4671 2972 4745 gignentium
3012 4666 3299 4724 imbrium,
3342 4666 3396 4714 et
3432 4664 3621 4745 custo-

2038 4779 2257 4834 ditivum
2304 4784 2357 4829 ct
2405 4768 2854 4841 potentissimum.
2902 4762 3072 4831 Ipsam
3133 4754 3328 4810 dehinc
3381 4744 3620 4841 aquilae,

2042 4868 2219 4938 regale
2248 4874 2303 4922 et
2329 4839 2621 4925 altifernm,
2652 4868 2705 4912 et
2725 4854 3018 4916 citivolum,
3056 4858 3112 4905 et
3147 4847 3213 4900 ad
3243 4839 3617 4914 potentitieum

2045 4934 2353 5014 aliinentum
2377 4963 2592 5008 acutum
2618 4958 2672 5003 et
2697 4945 2954 5010 sobrium,
2978 4951 3035 4996 et
3065 4937 3221 5008 agile,
3248 4947 3301 4988 et
3333 4934 3465 4986 bene
3495 4942 3619 4980 ma-

2046 5053 2339 5112 chinatum,
2371 5057 2425 5101 et
2455 5045 2522 5100 ad
2550 5042 2823 5112 copiosum
2856 5045 2911 5092 et
2938 5032 3368 5090 multolucentem
3404 5020 3621 5076 radium

1630 5164 1883 5221 VARIAE
1919 5158 2317 5218 LECTIONES.

433 5268 446 5292 ¹
473 5262 560 5317 ΒΗ
590 5274 699 5315 sed.
779 5263 797 5290 ²
838 5259 923 5314 BII
955 5269 1239 5330 rectaeque.

1320 5261 1341 5292 ³
1362 5259 1405 5313 Α
1431 5259 1809 5328 beneﬁcentiae.

1888 5254 1908 5283 ⁸
1929 5264 1977 5309 et
2008 5269 2116 5309 om.
2141 5252 2205 5304 A.

2283 5249 2304 5280 ⁵
2333 5247 2419 5301 BII
2446 5246 2533 5300 ad.

1882 5362 2129 5421 NOTAE.

436 5495 458 5520 ⁸·
494 5487 686 5539 Ezech.
717 5484 782 5541 I..

436 5555 464 5593 δ
494 5555 629 5609 Gen.
669 5556 850 5616 XVIII,
874 5554 1010 5609 XIX.

437 5632 458 5659 ε
496 5623 655 5688 Apoc.
684 5626 720 5674 I.

433 5689 459 5729 ά
491 5684 681 5745 Ilict‘h.
707 5693 747 5745 Χ
769 5692 977 5754 μιαίὶἰς.
1008 5691 1101 5756 VI;
1130 5690 1188 5744 II.
1216 5688 1349 5741 Mac.
1372 5688 1440 5751 V;
1469 5687 1659 5743 Ezech.
1690 5684 1938 5741 XXXXI;

2048 5471 2211 5547 Apoc;
2240 5465 2579 5547 XXILAmc.
2610 5460 2692 5547 IIII;
2718 5457 2883 5547 Zaeh.
2908 5453 3036 5508 VIII.

2121 5552 2142 5579 ο
2173 5538 2307 5593 Gen.
2337 5528 2576 5595 XXVIII;
2610 5532 2765 5586 Joan.
2797 5528 2835 5581 I.

2123 5610 2140 5647 ί
2172 5608 2323 5662 .Ioan.
2365 5605 2449 5665 Ill,
2482 5606 2551 5665 8',
2580 5601 2745 5657 Isaiae
2770 5598 2833 5650 ν.

2123 5682 2144 5718 ε
2177 5678 2343 5731 Isaiae
2372 5664 2492 5739 LV;
2528 5675 2691 5744 Apoc.
2727 5669 2776 5733 I;
2811 5668 2943 5720 Dan.
2974 5664 3036 5718 Il.
