3952 6162
273 288 413 345 ωΰὶ)

866 281 1114 339 VERSIO
1151 278 1432 338 OPERUM
1475 277 1532 331 S.
1576 269 1893 330 DlONYSll.
1932 298 2001 307 —-
2028 257 2557 320 ECCLESIASTICA
2596 247 2994 310 lEllAllClll‘A.

2446 102 2477 129 /

3400 243 3565 295 ίΟτοί

269 398 453 457 divini
483 394 614 453 solis
661 395 929 450 desiderio
976 396 1029 448 in
1084 390 1532 462 speculativarum
1589 386 1851 439 virtutum
1881 386 1927 443 Α
1955 378 2178 432 directo.
2218 374 2310 428 Est
2336 381 2515 426 autem
2544 376 2596 422 et
2632 381 2728 435 per
2754 362 2911 417 aliam
2945 370 3218 429 anagogen
3248 354 3541 421 dijudirarc

268 489 418 546 Iunis
433 487 727 552 obtutibus,
744 485 1071 546 immediate,
1093 492 1255 546 recte,
1274 488 1328 535 et
1349 476 1710 533 inﬂexibiliter
1724 488 1854 528 con-

273 577 665 649 templativum.
708 575 855 628 Illam
896 589 1024 628 vero
1050 587 1343 642 equorum.
1373 568 1629 624 obediens
1665 573 1720 619 et
1747 548 1890 617 [τρε

271 668 491 733 uabile;
540 678 597 720 ct
640 666 821 718 album
850 665 1099 733 quidem,
1142 677 1267 718 vere
1295 659 1551 721 lucidum,
1598 664 1654 711 et
1705 653 1858 726 quasi

272 757 512 810 maxime
542 755 707 809 divini
762 753 979 807 luminis
1024 750 1505 822 cognatissimum;
1537 740 1724 801 eorum
1765 760 1859 798 au-

272 858 404 907 tem,
438 848 531 915 qui
557 847 693 916 nigri
724 855 869 908 sunt,
898 844 1139 898 abditum
1167 859 1184 909 ;
1217 843 1436 895 rubrum
1463 853 1613 901 vero,
1645 838 1859 907 igneum

270 948 321 992 ei
352 938 622 999 activum;
673 935 1089 990 connuixtorum
1120 947 1332 1003 quoque
1358 948 1419 987 ex
1454 930 1577 984 albo
1601 936 1656 1003 et
1684 928 1857 999 nigro,

267 1025 566 1095 perfectiva
625 1024 825 1079 virtute
888 1032 1251 1078 extremorum
1310 998 1761 1091 conjunctivum,
1807 1024 1862 1071 et

271 1116 445 1185 prima
486 1116 736 1169 secundis
760 1155 776 1179 ,
825 1127 879 1168 et
906 1115 1138 1168 secunda
1173 1113 1364 1182 primis
1391 1113 1406 1143 ¹
1434 1109 1864 1166 conversibiliter

269 1221 333 1257 ac
360 1207 585 1275 provide
614 1213 963 1260 connectens.
996 1204 1101 1259 Sed
1135 1204 1179 1258 si
1212 1220 1318 1257 non
1350 1202 1614 1258 sermonis
1650 1199 1863 1269 conspi-

268 1310 524 1350 carenms
546 1296 1142 1349 ‘commensurationem
1174 1335 1189 1360 ,
1234 1304 1289 1348 et
1325 1310 1423 1364 per
1456 1303 1638 1362 partes
1663 1292 1865 1346 anima-

270 1383 401 1437 lium
445 1386 710 1439 dictorum
770 1385 1169 1454 proprietates,
1214 1394 1269 1436 et
1323 1398 1510 1437 onmes
1555 1380 1865 1451 corporales

267 1491 459 1528 eorum
502 1474 960 1529 conformationes
1007 1476 1397 1529 adunassemus
1452 1474 1701 1527 fortassis
1755 1485 1863 1524 non

271 1563 572 1631 incongrue
594 1564 920 1619 caelestibus
944 1564 1232 1619 virtutibus
1252 1563 1545 1619 secundum
1577 1560 1866 1633 dissimiles

271 1655 677 1709 similitudines.
715 1655 1086 1709 Furibuudum
1134 1654 1349 1724 quidem
1399 1655 1453 1708 in
1488 1648 1749 1724 ipsarum
1783 1653 1864 1707 in-

1958 464 2399 522 intellectualium
2435 468 2675 514 rotarum
2700 451 3069 523 imaginariam
3099 445 3538 523 descriptionem.

1959 558 2265 614 Vocitatum
2293 562 2376 609 est
2401 552 2544 607 enim
2576 550 2674 613 eis,
2708 555 2768 601 ut
2800 520 2873 599 ait
2907 541 3205 609 theologus,
3249 520 3413 628 53533
3437 541 3463 574 δ
3491 546 3542 587 ε.

1961 664 2239 733 Signiﬁcat
2262 668 2443 714 autem
2473 657 2597 719 hoc,
2624 654 2776 724 juxta
2799 648 3110 706 hebraicam
3145 659 3356 706 vocem,
3388 655 3545 697 revo-

1958 729 2190 807 luiiones
2233 748 2315 803 vel
2344 746 2699 802 revelationes
2724 745 2765 794 ⁵.
2820 740 3014 810 igneae
3051 735 3317 806 siquidem
3345 740 3400 788 et
3430 729 3543 786 dei-

1960 842 2160 896 formes
2210 846 2361 893 rotae
2412 832 2774 890 revelationes
2811 821 3027 898 quidem
3076 826 3097 857 ⁵
3143 824 3342 879 habent
3398 821 3544 875 circa

1960 934 2190 1004 idipsum
2215 930 2479 999 optimum
2508 920 2906 992 sempermobili
2929 926 3075 973 motu
3101 934 3114 969 :
3141 913 3501 969 revelationes
3520 907 3545 944 ⁷

1960 1002 2090 1082 vero
2115 1030 2449 1080 secretorum
2483 1012 2936 1075 manifestatione,
2971 1018 3026 1063 et
3071 1002 3548 1072 circumsubjccto—

1962 1131 2080 1170 rum
2132 1112 2482 1172 reductione,
2528 1116 2582 1161 et
2628 1105 2855 1159 altarum
2898 1096 3349 1163 ilhiminatlonum
3402 1092 3455 1145 in
3482 1104 3546 1144 ea

1963 1223 2101 1276 quae
2126 1204 2363 1271 subjecta
2411 1208 2536 1255 sunt
2582 1195 2861 1253 deductiva
2890 1188 3244 1261 perfectione.
3290 1183 3547 1253 Reliquus

1961 1296 2117 1360 nobis
2139 1295 2189 1347 in
2220 1289 2649 1362 explanationem
2673 1286 2738 1339 de
2767 1281 2961 1355 gaudio
2982 1277 3294 1333 caelestium
3322 1271 3549 1342 disposio

1965 1385 2169 1439 tiomnn
2212 1397 2410 1437 sermo.
2440 1375 2650 1433 Etenim
2683 1370 3016 1442 acceptrices
3049 1365 3269 1422 omnino
3293 1377 3398 1417 non
3423 1368 3549 1415 sunt

1964 1474 2101 1543 ejus,
2124 1486 2263 1542 quae.
2288 1469 2581 1525 secundum
2606 1480 2703 1518 nos
2733 1469 2839 1526 est,
2865 1442 3546 1530 passibilisdelectationis.

1964 1566 2317 1639 Congaudere
2368 1571 2545 1616 autem
2576 1560 2684 1614 Deo
2724 1556 2750 1596 ά
2795 1556 3051 1609 dicuntur
3097 1547 3426 1621 perditorum
3467 1544 3555 1597 in-

1967 1659 2235 1717 ventioue,
2265 1655 2421 1725 juxta
2450 1649 2765 1707 deiformem
2793 1642 3179 1715 epulationcm,
3213 1646 3269 1692 et
3296 1636 3349 1690 in
3373 1631 3553 1704 provi-

272 1745 630 1800 tcllcctualem
653 1745 1044 1811 fortitudinem,
1072 1747 1227 1816 cujus
1255 1746 1581 1801 novissimus
1606 1743 1757 1799 furor
1779 1754 1863 1799 est
1892 1735 1937 1794 Β
1967 1752 2146 1808 deﬂua
2193 1757 2247 1804 ει
2293 1746 2463 1802 salute
2510 1744 2563 1798 in
2595 1743 2761 1797 Deum
2794 1734 3133 1793 redeuntium
3167 1727 3552 1787 deiformitate,

268 1850 471 1899 sonus;
504 1836 674 1904 ipsam
703 1850 834 1890 vero
857 1835 1055 1889 iterum
1085 1836 1597 1904 concupiscentiam,
1621 1836 1675 1889 in
1715 1851 1865 1889 amo—

269 1941 388 1980 rem
434 1927 677 1981 divinum
734 1945 747 1980 :
798 1935 852 1980 et
910 1928 1220 1981 summatim
1270 1930 1291 1958 ²
1338 1927 1659 1992 dicendum,
1706 1924 1866 1981 simul

268 2032 461 2071 omnes
498 2018 948 2071 irrationabilium
988 2018 1302 2072 animalium
1330 2027 1385 2073 et
1414 2033 1607 2073 sensus
1636 2027 1691 2072 et
1724 2019 1863 2073 mul-

269 2108 486 2175 tiplices
510 2117 692 2178 partes
714 2109 768 2162 in
793 2108 814 2139 ³
841 2109 1226 2164 immateriales
1255 2109 1567 2166 caelestium
1598 2112 1867 2166 essentiae

270 2198 661 2268 intelligentias
685 2207 739 2254 et
759 2197 1056 2253 uniformes
1082 2200 1313 2254 virtutes
1342 2200 1683 2256 reducentes.
1709 2200 1865 2256 Sulli.

269 2292 424 2344 ciunt
451 2300 632 2345 autem
660 2291 995 2361 sapientibus
1030 2307 1135 2347 non
1166 2292 1336 2346 solum
1368 2293 1503 2348 haec
1532 2294 1667 2362 ipsa,
1695 2293 1789 2348 sed
1814 2300 1869 2347 et

271 2381 437 2434 unius
485 2380 880 2450 signiﬁcativae
931 2382 1181 2453 imaginis
1218 2381 1533 2451 dijudicatio
1583 2386 1636 2438 in
1685 2384 1867 2453 proxi-

270 2489 489 2527 marum
521 2474 679 2529 simili
713 2476 874 2530 modo
894 2475 1337 2530 declarationem.
1363 2476 1869 2546 [inspiciendumque

271 2574 328 2617 et
362 2566 487 2632 hoc,
514 2564 705 2621 fluvios
735 2567 911 2623 dictos
942 2567 1132 2633 fuisse,
1165 2577 1218 2623 et
1246 2576 1413 2633 rotas,
1441 2577 1496 2623 et
1521 2582 1716 2623 currus
1744 2582 1868 2623 con-

272 2674 448 2713 nexos
499 2658 825 2715 caelestibus
871 2659 1124 2715 essentiis
1166 2672 1214 2713 α.
1271 2660 1429 2731 lgnea
1466 2660 1682 2730 quidem
1725 2660 1869 2714 cnim

272 2745 502 2801 ﬂumina
533 2749 840 2819 signiﬁcant
868 2750 1078 2805 divinos
1112 2762 1416 2820 promotus,
1443 2752 1714 2821 copiosam
1740 2751 1873 2821 ipsis

274 2846 334 2891 et
377 2854 486 2892 non
518 2841 856 2896 deﬁcientem
884 2840 1211 2897 afﬂuentiam
1247 2841 1543 2908 donantes,
1571 2851 1626 2898 et
1657 2842 1870 2897 vivillca

274 2931 584 2987 nutrientes
637 2931 987 2998 fecunditate.
1014 2933 1219 2989 Currus
1249 2944 1449 3001 autem,
1475 2932 1873 3003 conjunctivam

273 3021 692 3079 similitudinum
716 3026 1029 3081 societatem
1058 3025 1108 3079 ι’.
1155 3026 1324 3081 Rotae
1364 3033 1563 3089 autem,
1604 3031 1873 3094 pennatae

1966 1852 2021 1897 et
2063 1838 2433 1911 copiosissima
2466 1832 2694 1895 laetitia,
2731 1838 2786 1884 et
2823 1827 2911 1882 illa
2944 1820 3247 1879 constantia
3273 1812 3551 1877 ineffabili,

1966 1933 2019 1989 in
2051 1906 2203 2001 cujus
2230 1926 2642 2001 participatione
2672 1934 2832 1990 saepe
2863 1916 2985 1973 facti
3015 1920 3139 1982 sunt
3166 1920 3222 1965 et
3247 1909 3351 1964 viri
3380 1906 3555 1961 sancti

1965 2042 2062 2097 per
2089 1999 2309 2079 dieilicos
2359 2019 2661 2074 divinarum
2706 2008 3159 2066 illuminatiouum
3190 1999 3555 2072 superadvcn~

1967 2090 2074 2172 tus.
2114 2113 2284 2168 Tanta
2315 2125 2344 2163 a
2368 2122 2454 2163 me
2482 2117 2538 2162 et
2575 2106 2640 2160 de
2674 2100 2877 2157 sanctis
2914 2092 3388 2153 reformationibus
3414 2090 3557 2143 dicta

1967 2216 2129 2264 sunt:
2165 2190 2405 2275 diligenti
2432 2199 2647 2269 quidem
2676 2208 2865 2251 earum
2895 2186 3332 2245 manifestatione
3375 2180 3561 2238 delici-

1967 2312 2106 2353 rsus.
2154 2271 2300 2349 llaec
2342 2297 2521 2344 autem
2553 2290 2946 2343 consummata,
2976 2288 3036 2332 ut
3070 2275 3319 2337 aestimo,
3353 2271 3420 2326 ad
3450 2283 3555 2323 non

1968 2385 2243 2444 humiliter
2293 2396 2392 2435 nos
2437 2390 2723 2433 remanere
2778 2371 2832 2426 in
2890 2366 3189 2439 ﬁgurativis
3234 2359 3556 2434 phantasiis.

1970 2479 2026 2535 Si
2055 2485 2232 2533 autem
2284 2482 2339 2528 et
2400 2471 2502 2525 hoc
2544 2465 2787 2530 dixeris,
2848 2458 3116 2533 quomodo
3163 2470 3271 2512 non
3317 2450 3555 2507 omnium

1971 2567 2164 2629 deinde
2207 2562 2571 2634 angelicarum
2614 2558 2667 2612 in
2692 2553 2919 2624 eloquiis
2940 2551 3221 2611 virtutum,
3249 2552 3342 2598 aut
3369 2553 3559 2611 opera-

1973 2660 2196 2722 tiouum,
2225 2632 2319 2708 aut
2348 2651 2640 2720 imaginum
2670 2645 2899 2701 fecimus
2936 2637 3251 2695 memoriam
3280 2632 3301 2684 ?
3329 2642 3555 2701 respon-

1973 2750 2163 2804 demus
2185 2760 2394 2809 verum,
2416 2742 2542 2813 quia
2565 2750 2797 2810 quarum
2817 2735 3034 2806 quidem
3065 2724 3580 2800 supermundanam.

1974 2840 2255 2896 scientiam
2304 2835 2669 2906 ignoravimus
2698 2871 2714 2897 ,
2772 2829 2827 2884 in
2874 2826 3006 2898 ipsis
3051 2837 3149 2877 nos
3178 2818 3399 2875 alterius
3423 2815 3558 2869 luei-

1976 2932 2097 2987 duci
2128 2928 2372 2985 docentis
2413 2938 2634 2995 egemus
2676 2933 2721 2974 ο.
2775 2919 3050 2986 Quaedam
3081 2922 3259 2968 autem
3301 2917 3560 2975 tanquam

1978 3023 2136 3079 dictis
2165 3033 2335 3090 aeque
2360 3016 2595 3087 potentia
2624 3008 3117 3083 praetermisimus,
3158 3011 3562 3058 commensura-

274 3112 498 3180 quidem
526 3129 647 3169 cum
689 3116 797 3169 sint
823 3156 837 3180 ,
875 3117 1035 3186 inque
1065 3107 1161 3179 cf,
1192 3130 1332 3184 quae
1352 3122 1489 3168 ante
1521 3091 1870 3183 conspectum
1900 3091 1945 3154 (ἶ
1979 3112 2112 3168 tioni
2160 3108 2423 3166 sermonis
2466 3104 2810 3175 providentes
2831 3140 2845 3164 ,
2876 3107 2929 3153 et
2958 3109 3119 3165 super
3164 3106 3265 3147 nos
3292 3094 3583 3145 secretum;

275 3209 430 3263 sunt,
479 3201 967 3258 inconversibiliter
1002 3212 1057 3258 et
1098 3200 1462 3257 inﬂexibiliter
1502 3210 1730 3265 euntes,
1774 3216 1873 3271 per

276 3299 489 3345 rectam
536 3301 593 3346 et
623 3292 824 3360 justam
853 3295 993 3349 viam
1038 3294 1272 3348 eximiae
1312 3293 1642 3362 operationis
1685 3306 1872 3347 earum

275 3378 540 3432 virtutem
572 3367 890 3437 in'eamdcm
917 3382 1035 3437 sine
1060 3382 1199 3437 ﬂexu
1229 3392 1284 3438 et
1306 3392 1452 3437 recte
1473 3390 1675 3436 sectam
1702 3381 1869 3447 viam,

276 3467 444 3523 simul
470 3472 616 3557 omni
637 3488 824 3527 earum
852 3471 1197 3528 intellectuali
1224 3481 1402 3527 rotatu
1440 3472 1873 3542 supermundaue

1981 3202 2198 3258 silentio
2249 3197 2689 3254 lienorilicantes.
2720 3189 2950 3261 Explirit
2982 3186 3113 3239 liber
3138 3184 3203 3237 de
3223 3179 3431 3235 caelesti
3470 3175 3561 3231 Ie-

1981 3291 2213 3345 rarcln'a.
2277 3278 2646 3358 Angelicaram
2703 3278 3110 3350 descriptionum
3152 3267 3562 3326 illuminationes

1980 3379 2232 3451 defudiin
2256 3420 2271 3444 ,
2304 3357 2599 3432 hominibus
2629 3371 2867 3429 revelain
2900 3368 3072 3423 videre
3101 3364 3277 3419 animo
3309 3357 3565 3429 composi-

1979 3482 2090 3526 tum
2126 3479 2342 3525 astrum.

774 3745 1294 3907 SANCTI
1378 3786 2023 3952 DlONYSll
2106 3770 3085 3896 AREOPAGITAE

1480 4044 1783 4123 LIBER
1844 4037 2378 4119 SECUNDUS

640 4253 843 4375 DE.
936 4236 2166 4377 ECCLESIASTICA
2262 4221 3181 4361 IERARCHIA.

299 4523 619 4564 serenum
654 4522 708 4561 IN
746 4520 958 4561 sanant
999 4502 1291 4558 meassqu
1331 4516 1398 4555 ne
1435 4514 1847 4555 eccrssusncs
1900 4499 1954 4559 D
2048 4491 2531 4562 Compresbystero
2559 4485 2845 4541 TlllO'l‘ﬂEO
2880 4481 3167 4537 DIONYSIUS
3203 4475 3513 4547 Presbyter.

930 4588 1237 4629 ιειιΔιιοιιιΑ.

277 4667 538 4740 Symbola
591 4667 896 4740 divinarum
939 4663 1574 4740 mirabilium_sacrorupt
1620 4661 1872 4740 uni/armi

354 4738 562 4807 fabula,
618 4740 675 4791 in
724 4736 1088 4805 singularitete
1133 4733 1383 4803 recipiens
1444 4733 1601 4785 unius
1660 4731 1877 4784 luminis

354 4824 522 4862 unam
544 4807 856 4860 claritatem.

377 4886 729 4944 ιΝειΡιυδΤ
769 4883 1105 4943 CAPITULA
1147 4884 1236 4938 DE
1268 4879 1806 4940 ECCLESIASTICA

855 4953 1224 5011 IERARCHIA
1261 4955 1306 5007 ⁸.

1981 4595 2022 4647 Ι.
2042 4596 2177 4655 Quae
2200 4598 2263 4643 sit
2281 4591 2643 4655 ecclesiasticae
2671 4586 2955 4638 lerarchiae
2979 4583 3195 4643 traditio,
3212 4585 3266 4632 et
3286 4591 3412 4644 quae
3432 4577 3564 4639 ejus-

2041 4654 2154 4704 dem
2177 4654 2463 4716 speculatio.

1981 4726 2047 4776 Il.
2070 4727 2147 4777 De
2173 4726 2481 4788 perﬁciendis
2503 4724 2553 4788 in
2600 4721 2914 4788 photismate.

1982 4788 2070 4838 ιιι.
2098 4781 2186 4838 De'
2201 4786 2507 4848 perficiendis
2539 4781 2800 4845 ἱιιέγηδχὶ.

1983 4868 2066 4918 ιν.
2088 4868 2163 4918 De
2189 4865 2500 4929 perﬁciendis
2519 4865 2566 4911 in
2583 4865 2724 4920 miro,
2750 4868 2802 4911 et
2830 4860 2878 4908 in
2907 4859 3010 4919 ipso
3035 4854 3319 4907 oﬁerendis.

1984 4938 2045 4991 V.
2068 4939 2145 4989 De
2161 4936 2536 4987 sacerdotalibus
2566 4930 3073 4985 consummattontbus.

1581 5090 1830 5149 VARIAE
1866 5088 2269 5147 LECTIONES.

364 5195 381 5224 ι
429 5200 479 5243 et
522 5190 750 5244 secunda
786 5188 969 5252 primis
1010 5201 1122 5242 om.
1175 5184 1287 5240 EH.

397 5261 492 5334 τιλ
515 5261 624 5334 γιλ.
697 5261 723 5292 ⁵
756 5257 833 5339 uel
871 5256 1205 5312 revelationes
1246 5271 1367 5339 om.
1392 5253 1497 5311 BE.

338 5333 383 5388 l'.
414 5330 560 5384 Haec
598 5337 719 5385 sunt
758 5345 816 5382 tn
857 5329 955 5383 hoc
994 5329 1059 5382 de
1082 5327 1431 5384 ecclesiastica
1475 5325 1497 5380 Ι

1385 5185 1407 5217 ²
1437 5183 1481 5238 Ε
1529 5183 1949 5237 consummatim.

1586 5253 1607 5285 ⁸
1635 5263 1682 5308 et
1727 5252 2006 5322 deiformes
2033 5282 2102 5292 —
2129 5248 2340 5322 quidem
2374 5264 2485 5303 om.
2522 5244 2633 5300 BH.

2049 5180 2071 5212 ³
2099 5182 2156 5234 in
2192 5194 2303 5233 om.
2341 5176 2502 5233 ΑΕΗ.
2578 5181 2603 5212 δ
2630 5173 2821 5241 Conj.;
2880 5172 3037 5227 codd.
3088 5179 3154 5241 et
3184 5176 3564 5241 textusgraec.

2732 5235 2761 5278 ’ί
2786 5235 2879 5300 Sic
2911 5243 3031 5307 AE;
3064 5238 3154 5294 BH
3202 5235 3562 5293 revelationes.

414 5318 560 5384 Ἄιαεέ
598 5337 719 5385 sunt
758 5329 816 5382 in
857 5329 955 5383 hoc
994 5329 1059 5382 de
1082 5327 1431 5384 ecclesiastica
1475 5324 1748 5381 lerarclu'a
1791 5318 1957 5377 totum
2006 5318 2241 5391 capitula
2268 5334 2363 5372 vn.

1815 5435 2072 5493 NOTAE.

362 5549 385 5574 ο
440 5534 573 5587 Dan.
602 5533 728 5594 Vll;
762 5533 961 5588 Ezeclt.
994 5532 1033 5596 l,
1066 5532 1131 5587 Χ.

364 5607 391 5644 ι’
428 5604 500 5675 lV
532 5603 749 5675 Reggl;
784 5604 978 5675 Ezech.
1009 5603 1046 5657 l.

365 5687 386 5711 π
425 5672 633 5729 Εῑοεὴξ
653 5672 721 5739 Χ,
747 5674 832 5727 η.

2053 5524 2084 5632 τί
2121 5523 2253 5649 at;
2287 5522 2427 5647 u-
