3952 6162
429 261 558 316 N71

426 373 506 425 \‘l.
535 374 610 426 De
636 376 1036 437 perficiendorum
1062 381 1328 429 ordinibus.

429 446 532 496 ιιι.
562 447 636 497 De
663 446 967 508 perﬁciendis
989 451 1037 499 in
1056 450 1422 500 dormientibus.

498 531 1002 586 Praeeumbentium
1046 534 1401 601 capitulorum
1449 533 1752 588 doctrinam
1802 548 1999 589 secun-

427 626 551 676 dum
582 621 847 689 duplicem
870 622 1082 691 perficit
1116 624 1352 678 modum.
1390 623 1629 679 Primum
1659 625 1803 680 enim
1832 639 2000 694 expo-

425 714 513 768 nit‘
536 711 648 767 hoc
670 753 684 777 ,
715 716 984 781 quomodo
1012 714 1289 784 perficitur
1319 716 1632 786 mysterium
1662 715 1903 785 capituli,
1931 730 1997 768 ac

1786 267 2066 326 JOANNIS
2103 272 2293 327 SCOTI

3542 272 3679 331 {073

2111 390 2301 443 deinde
2366 388 2603 443 theoriae
2670 389 2938 458 quandam
3008 388 3344 444 traditionem
3403 407 3417 441 :
3497 400 3682 461 utputa

2109 483 2351 552 mysterii
2402 481 2806 536 illuminationis
2859 481 3123 551 expositio
3170 480 3437 551 primum;
3487 483 3680 538 deinde

2107 574 2347 627 secunda
2405 572 2608 627 theoria
2671 571 2806 639 ejus.
2862 571 3060 625 lterum
3108 569 3366 644 {mysterii
3430 574 3679 642 σννᾶξευς

2105 663 2400 734 expositio;
2441 661 2631 718 deinde
2661 662 2866 718 theoria
2901 660 3035 733 ejus.

580 914 1026 1068 INCIPIT
1130 916 1467 1066 LIBER
1521 916 1713 1065 ’ΒΕ
1828 904 2698 1066 EGCLESIASTIGA
2806 910 3476 1078 IIIIIAIIGIIIA.

980 1176 1374 1234 CAPITULUM
1415 1178 1453 1233 l.

426 1312 572 1378 Quae
619 1312 683 1364 sit
732 1310 1108 1365 ecclesiasticae
1136 1297 1451 1379 Alerarcjtiae
1502 1309 1736 1372 traditio,
1786 1319 2002 1376 etquae

917 1380 1148 1448 ejusdem
1195 1378 1500 1449 speculatio.

495 1512 631 1578 Quia
677 1512 893 1580 quidem
935 1509 1234 1574 secundum
1263 1526 1361 1567 nos
1396 1510 1664 1565 Ierarchia
1710 1524 1999 1579 puerorum

423 1603 729 1656 divinorum
770 1601 1133 1656 sacratissima
1165 1600 1368 1654 intenta
1412 1611 1573 1669 atque
1601 1600 1780 1654 divina
1832 1600 2000 1654 habe-

427 1705 514 1749 tur
544 1694 730 1748 deilica
761 1694 986 1748 scientia
1019 1702 1071 1747 et
1091 1692 1408 1763 operatione
1431 1701 1484 1746 et
1509 1693 1997 1754 consummatione,

425 1801 490 1839 ex
531 1785 982 1854 supermundanis
1029 1795 1085 1839 et
1134 1785 1517 1845 sacratissimis
1565 1798 1664 1839 nos
1713 1785 2001 1840 ostendere

427 1887 639 1948 oportet
700 1877 928 1947 eloquiis
980 1893 1169 1933 sacrae
1225 1877 1574 1946 perfectionis
1619 1877 1999 1947 mysteriorum

425 1971 624 2029 τελετήν
651 1968 755 2033 bis,
786 1950 878 2037 qui
917 1983 985 2022 ex
1016 1968 1335 2027 ierarchicis
1354 1968 1707 2023 sacramentis
1754 1977 1809 2022 et
1838 1967 2000 2021 tradi-

425 2060 665 2113 tionibus
693 2056 918 2127 perfecti
947 2068 1093 2115 sunt.
1133 2058 1238 2113 Sed
1279 2059 1420 2123 vide,
1468 2059 1739 2128 quomodo
1782 2073 1888 2113 non
1934 2073 2000 2118 ex

425 2151 716 2221 principio,
794 2150 839 2204 si
912 2159 1100 2204 sancta
1164 2159 1471 2209 sanctorum
1543 2163 1884 2204 revenerare.
1943 2146 2000 2201 Si

426 2249 607 2296 autem
639 2248 697 2296 et
732 2253 873 2309 quae
900 2248 1026 2294 sunt
1070 2239 1281 2297 secreta
1325 2239 1419 2297 Dei
1458 2236 1912 2293 iutellectualibus
1948 2245 2003 2290 et

426 2329 793 2386 invisibilibus
856 2329 1100 2385 scientiis
1161 2328 1566 2393 honoriﬁcabis,
1609 2327 2002 2401 imparticipata

426 2419 644 2490 quidem
672 2419 806 2476 haec
833 2428 889 2474 et
933 2419 1361 2474 ineontaminata
1402 2420 1470 2474 ab
1498 2417 1833 2488 imperfectis
1874 2432 2004 2472 con-

2031 1182 2074 1237 Α
2103 1174 2282 1229 chiam
2311 1172 2675 1228 laudantibus.
2722 1171 2952 1230 Tantum
2990 1186 3168 1234 tamen
3213 1178 3393 1232 dicere
3433 1191 3688 1234 necessa-

2107 1269 2269 1331 rium,
2301 1265 2572 1334 quomodo
2600 1273 2655 1320 et
2674 1265 2770 1325 illa
2805 1276 2859 1321 et
2885 1269 3066 1324 omnis
3094 1286 3236 1325 nunc
3266 1269 3492 1324 laudans
3518 1284 3685 1339 supra

2104 1371 2201 1411 nos
2237 1354 2509 1412 lerarchia
2539 1369 2698 1409 unam
2750 1356 2914 1411 habet
2961 1366 3016 1412 et
3059 1358 3285 1413 eandem
3328 1374 3426 1429 per
3467 1374 3685 1414 omnem

2103 1446 2458 1501 lerarchieam
2524 1446 2792 1501 actionem
2852 1448 3139 1514 virtutem,
3200 1449 3481 1521 ipsumque
3536 1465 3691 1504 sum-

2103 1553 2250 1592 mum
2288 1537 2646 1600 sacerdotem,
2688 1540 2958 1606 quomodo
2999 1540 3150 1608 juxta
3201 1554 3325 1594 eum
3369 1541 3603 1595 essentia
3631 1547 3692 1594 et

2103 1629 2349 1699 analogia
2392 1637 2448 1683 et
2477 1629 2611 1684 ordo
2655 1630 2816 1685 habet
2846 1630 3033 1700 perﬁci
3056 1631 3346 1686 secundum
3393 1633 3598 1695 divina,
3630 1641 3691 1686 et

2103 1719 2369 1784 deificari,
2402 1727 2454 1775 et
2505 1718 2760 1789 subjectis
2793 1720 3006 1776 tradere
3048 1722 3340 1776 secundum
3372 1722 3691 1790 dignitatem

2104 1810 2416 1880 unicuique,
2486 1808 2629 1863 facta
2679 1808 2727 1862 ei
2791 1809 3049 1864 divinitus
3116 1826 3268 1865 saera
3321 1810 3690 1864 deiﬂeatione.

2101 1898 2361 1969 Ipsosque
2388 1898 2631 1954 subditos
2670 1899 2822 1967 sequi
2850 1900 3066 1968 quidem
3095 1899 3367 1963 meliores,
3396 1900 3692 1955 extendere

2103 2004 2231 2045 vero
2260 1990 2500 2045 minores
2533 1990 2584 2043 in
2611 2004 2677 2046 ea
2715 2004 2855 2057 quae
2885 1998 3007 2047 ante
3029 1998 3178 2042 sunt.
3205 1988 3477 2055 Quosdam
3507 1998 3690 2041 autem

2102 2088 2160 2133 et
2188 2091 2464 2148 praeesse,
2493 2086 2566 2142 et,
2599 2086 2859 2145 quantum
2906 2076 3185 2146 possibile,
3213 2077 3348 2131 alios
3390 2076 3609 2137 dueere.
3634 2083 3693 2129 et

2102 2184 2199 2239 per
2230 2170 2372 2224 hanc
2399 2168 2637 2227 divinam
2686 2176 2743 2222 et
2784 2168 3139 2224 ierarehicam
3184 2167 3524 2223 harmoniam
3566 2179 3692 2221 vere

2104 2259 2433 2314 subsistente
2459 2259 2600 2312 bono
2649 2266 2703 2313 et
2743 2257 2973 2325 sapienti
3022 2266 3078 2311 et
3118 2258 3319 2327 optimo
3367 2257 3694 2327 participare

2102 2347 2524 2417 unumquodque
2565 2360 2808 2416 quaeque
2836 2347 3079 2401 virtutes.
3138 2346 3246 2401 Sed
3294 2346 3444 2416 ipsae
3470 2346 3693 2416 quidem

2105 2454 2269 2510 super
2312 2454 2410 2499 nos
2458 2438 2729 2493 essentiae
2776 2446 2833 2493 et
2883 2438 3271 2503 ordinationes,
3318 2453 3549 2507 quarum
3574 2436 3689 2504 jam

426 2525 673 2575 servans:
711 2509 882 2566 sacris
919 2518 1099 2563 amem
1143 2508 1291 2574 δοίίδν
1344 2523 1625 2564 εθθτονυω
1667 2522 1790 2562 cum
1844 2521 1999 2599 sa?”
2030 2539 2080 2599 Β
2107 2508 2427 2588 memoriam
2449 2542 2662 2583 sacram
2697 2524 2947 2589 fecimus,
2978 2535 3034 2580 et
3069 2525 3435 2595 incorporales
3467 2535 3596 2580 sunt
3634 2532 3693 2579 et

427 2600 837 2664 illuminatione,
867 2611 1055 2655 sancte
1092 2608 1146 2654 et
1185 2599 1408 2670 pulchre
1442 2600 1862 2655 communicatis.
1908 2597 2001 2655 Sic

427 2694 595 2757 enim,
626 2702 687 2746 ut
710 2691 979 2762 theologia
1009 2692 1175 2746 Deum
1209 2690 1551 2767 laudantibus
1577 2691 1730 2745 nobis
1759 2691 1999 2758 tradidit,

429 2789 487 2836 et
513 2780 629 2850 ipse
677 2780 834 2837 .Iesus
881 2781 1248 2844 divinissimus
1287 2782 1501 2836 animus
1551 2790 1606 2835 et
1656 2795 2003 2851 superessen-

433 2870 596 2937 tialis,
619 2872 796 2926 omnis
821 2870 1125 2929 lerarchiae
1151 2880 1205 2931 et
1231 2871 1677 2933 sanctificationis
1701 2880 1758 2927 et
1785 2870 2001 2926 deifica-

432 2962 593 3016 tionis
621 2962 939 3033 principium
982 2970 1038 3017 et
1062 2963 1298 3020 essentia
1344 2972 1400 3017 et
1428 2962 1762 3017 divinissima
1806 2962 2000 3028 virtus,

430 3052 602 3107 beatis
637 3061 691 3107 et
745 3062 988 3109 nostrum
1037 3051 1351 3111 melioribus
1400 3053 1650 3113 essenliis
1703 3051 2005 3124 signiﬁcan-

431 3144 537 3197 tius
578 3143 817 3201 simulet
866 3142 1280 3198 intellectualius
1311 3142 1512 3209 illucet,
1547 3154 1604 3200 et
1640 3159 1734 3198 eas
1775 3144 1841 3199 ad
1877 3158 2004 3214 pro-

427 3234 605 3301 prium
634 3232 811 3294 lumen
841 3232 1120 3288 assimulat
1143 3234 1433 3288 secundum
1463 3234 1732 3300 virtutem,
1766 3243 2005 3288 nostras-

428 3337 533 3391 quc
567 3323 632 3383 ad
660 3337 717 3381 se
740 3331 1064 3388 extenuatas,
1093 3330 1147 3377 et
1167 3337 1265 3377 nos
1291 3322 1611 3377 extendente
1642 3322 1784 3379 bono
1821 3338 2005 3377 amore

429 3410 715 3479 complieat
761 3411 1311 3494 multas.alteritatcs,
1368 3421 1422 3466 et
1478 3413 1534 3467 in
1585 3412 1907 3468 uniformcm
1952 3422 2007 3470 et

430 3502 665 3560 divinant
701 3518 1080 3561 consutnmans
1116 3505 1305 3568 vitam,
1350 3504 1591 3559 habitum
1630 3513 1685 3559 et
1716 3506 2000 3568 actionem,

431 3604 674 3650 sanctam
700 3604 753 3653 et
781 3594 1056 3664 pulchram
1086 3596 1251 3651 donat
1281 3595 1493 3651 divinae
1516 3596 1964 3651 sacerdotalitatis
1986 3603 2002 3633 ¹

431 3685 708 3740 virtutem.
740 3684 939 3740 Deinde
969 3686 1021 3743 in
1057 3694 1298 3742 sanctam
1327 3688 1602 3743 venientes
1629 3688 1795 3743 divini
1821 3703 2004 3742 sacer-

433 3776 564 3831 dotii
591 3776 979 3847 operationem,
1010 3778 1230 3847 propius
1258 3778 1472 3847 quidem
1503 3793 1602 3833 nos
1630 3764 1892 3834 efﬁcimur
1912 3793 2004 3833 su-

348 3934 356 3942 i
430 3883 526 3938 per
546 3883 643 3923 nos
663 3869 1019 3924 cssentiarnm
1048 3869 1342 3924 secundum
1373 3870 1628 3924 virtutem
1662 3868 1998 3924 similitudini
2028 3880 2076 3943 ρ

431 3959 701 4020 manentis
743 3969 797 4014 et
847 3959 1198 4016 immutabilis
1243 3976 1430 4016 earum
1465 3975 1653 4016 sacrae
1695 3959 2000 4016 collocatio-

431 4051 535 4114 nis,
564 4060 624 4105 et
646 4051 666 4080 '
697 4050 797 4106 hac
830 4051 898 4106 ad
928 4052 1140 4108 beatam
1180 4051 1305 4111 Iesu
1345 4060 1397 4110 et
1439 4052 1673 4108 divinam
1700 4050 2004 4108 claritatem

432 4141 802 4210 respicientes,
834 4151 889 4195 et
925 4156 1273 4210 quaecunque
1296 4143 1478 4199 videre
1527 4142 1799 4212 possibile,
1828 4141 2005 4211 exple.

433 4241 615 4288 rantes
641 4246 794 4286 sacre
816 4240 871 4287 et
911 4231 1368 4301 speculationibus
1393 4232 1649 4287 scientiae
1694 4231 2000 4297 illuminati,

431 4324 716 4395 mysticam
762 4322 1097 4391 disciplinam
1148 4324 1450 4378 consecrati
1500 4333 1554 4378 et
1597 4333 2003 4389 consecrantes,

431 4420 740 4478 luciformes
790 4426 845 4474 et
888 4418 1086 4485 deiliei,
1134 4417 1356 4488 perfecti
1403 4417 1847 4489 et‘perfectiores
1887 4418 2004 4474 fieri

430 4512 749 4583 poterimus.
781 4508 1056 4576 Quaedam
1084 4509 1247 4579 igitur
1277 4509 1602 4580 Angelorum
1637 4521 1721 4567 est
1755 4520 1811 4566 et
1832 4511 2005 4566 Arch-

433 4601 744 4671 augelorum
762 4601 1054 4667 Ierarcbia,
1078 4610 1131 4656 et
1164 4601 1656 4672 supermundalium
1672 4603 2002 4674 Principum,

433 4699 488 4744 et
507 4690 865 4755 Potestatum,
917 4701 971 4746 et
998 4690 1296 4758 Virtutum,
1342 4692 1906 4765 Dominationumque,
1952 4703 2010 4750 et

433 4781 735 4835 divinorum
769 4781 1127 4848 Thronorum,
1160 4792 1253 4837 aut
1300 4784 1734 4852 aequipotentum
1777 4784 2007 4839 Thronis

433 4870 811 4937 cssentiarnm,
841 4887 975 4941 quas
1001 4873 1265 4944 theologia
1296 4882 1501 4928 attente
1527 4883 1583 4929 et
1624 4890 1837 4951 semper
1862 4877 2007 4931 circa

434 4966 603 5021 Deum
660 4977 780 5018 esse
826 4974 882 5017 et
934 4974 1056 5034 post
1104 4966 1272 5020 Deum
1326 4966 1507 5031 tradit,
1572 4964 1860 5021 Cherubim
1914 4980 2009 5022 eas

425 5042 798 5110 Hebraeorum
822 5069 953 5109 voce
976 5063 1032 5108 et
1050 5055 1333 5125 Seraphim
1366 5055 1652 5111 nominans
1676 5074 1690 5108 :
1719 5064 2007 5111 ornatuum

433 5165 620 5204 eorum
648 5157 705 5203 et
730 5146 1121 5213 lerarcltiarum
1150 5155 1366 5203 sanctos
1392 5149 1612 5205 ordines
1640 5159 1695 5204 et
1717 5148 2007 5204 divisiones

2104 2619 2438 2684 invisibiles,
2480 2627 2535 2674 et
2582 2618 3013 2688 supermundana
3063 2627 3147 2674 est
3191 2617 3485 2672 secundum
3538 2616 3691 2684 ipsas

2102 2713 2372 2769 Ierarchia
2400 2730 2413 2766 :
2442 2726 2563 2766 eam
2588 2725 2717 2765 vero
2739 2710 3032 2767 secundum
3065 2724 3166 2763 nos
3188 2709 3430 2763 videmus
3456 2719 3693 2776 pr0por-

2103 2802 2377 2859 tionaliter
2407 2801 2562 2859 nobis
2584 2799 2714 2869 ipsis
2750 2798 3084 2855 sensibilium
3110 2798 3475 2868 symbolarum
3501 2797 3687 2852 varie-

2106 2902 2216 2950 tate
2260 2891 2692 2962 multiplicatam,
2724 2905 2790 2945 ex
2833 2889 3027 2959 quibus
3067 2888 3365 2944 ierarchiee
3393 2888 3447 2940 itt
3476 2885 3691 2942 unifor-

2104 3000 2246 3040 mem
2287 2983 2501 3038 theosin
2542 2982 2594 3036 in
2641 2995 3042 3045 eommensura,
3092 2992 3232 3049 quae
3259 2978 3556 3033 secundum
3590 2994 3697 3033 nos

2105 3085 2206 3141 est,
2261 3075 2593 3140 reducimur,
2658 3073 2934 3142 Deumque
3002 3082 3057 3126 et
3112 3071 3346 3126 divinam
3399 3069 3693 3125 virtutem.

2104 3167 2259 3237 Ipsae
2286 3165 2525 3235 quidem,
2555 3172 2613 3218 ut
2652 3162 2975 3228 intellectus,
3004 3150 3305 3230 intelligunt
3344 3158 3501 3230 juxta
3542 3160 3696 3229 quod

2104 3264 2186 3316 eis
2231 3258 2313 3312 fas
2357 3264 2443 3312 est
2472 3275 2486 3311 :
2514 3271 2615 3312 nos
2668 3270 2798 3310 vero
2848 3252 3190 3309 sensibilibus
3249 3250 3575 3321 imaginibus
3634 3251 3691 3305 in

2105 3351 2354 3414 divinas,
2410 3355 2670 3417 quantum
2728 3344 2981 3416 possibile
3030 3354 3145 3409 est,
3202 3342 3511 3397 redueimur
3554 3355 3692 3395 con-

2107 3440 2502 3512 templationes.
2561 3438 2806 3507 Veroque
2874 3434 3202 3499 dicendum,
3255 3447 3419 3487 unum
3468 3431 3691 3500 quidem

2107 3541 2211 3597 est,
2250 3523 2403 3601 cujus
2451 3544 2640 3589 omnes
2685 3517 2983 3582 uniformes
3032 3533 3312 3594 appetunt,
3361 3522 3693 3592 participant

2108 3640 2238 3680 vero
2270 3639 2377 3679 non
2411 3621 2751 3677 uniformiter
2773 3619 2962 3673 eodem
2991 3625 3046 3671 et
3097 3631 3207 3670 uno
3246 3624 3391 3678 ente,
3416 3614 3511 3667 sed
3547 3614 3691 3667 sicut

2109 3714 2399 3783 unicuique
2435 3711 2611 3766 divina
2636 3709 2763 3781 juga
2790 3702 2827 3741 ’³
2872 3704 3196 3761 distribuunt
3219 3704 3368 3773 juxta
3398 3701 3690 3772 dignitates

2111 3816 2340 3877 partem.
2382 3803 2490 3858 Sed
2527 3803 2663 3856 haec
2687 3799 2906 3881 quidem
2932 3796 3087 3851 nobis
3130 3795 3182 3849 in
3207 3810 3294 3858 ea,
3322 3806 3469 3881 quae
3509 3801 3596 3846 est
3622 3791 3692 3845 de

2107 3876 2406 3951 visibilibus
2453 3902 2477 3934 ι
2532 3902 2587 3947 et
2615 3876 2994 3951 sensibilibus,
3042 3886 3254 3940 actione
3305 3876 3475 3938 ιῐιίιιιο
3526 3881 3693 3935 latius

2108 3988 2334 4049 dicenda
2371 3994 2515 4049 sunt.
2557 3981 2711 4037 Nunc
2743 3995 2874 4035 vero
2897 3987 3136 4033 nostram
3165 3974 3514 4035 lerarcbiam,
3539 3971 3692 4042 prin-

2107 4081 2415 4154 cipiumque
2436 4077 2552 4146 ejus
2581 4084 2636 4129 et
2655 4071 2965 4134 essentiam,
3006 4076 3265 4138 quantum
3295 4063 3553 4137 possibile
3576 4071 3684 4128 est,

2109 4157 2287 4228 dicere
2320 4167 2556 4231 te‘ntabo,
2581 4164 2819 4221 omnium
2848 4161 3239 4229 Ierarcltiarum
3269 4157 3592 4227 principium
3633 4164 3695 4209 et

2108 4259 2631 4318 consummationem
2685 4251 2868 4309 Jesum
2903 4251 3199 4327 invocans.
3232 4246 3327 4301 Est
3363 4245 3581 4315 quidem
3610 4244 3696 4298 le-

2109 4352 2325 4409 rarchia
2352 4348 2554 4413 omnis,
2585 4344 2880 4401 secundum
2906 4335 3223 4395 honorabile
3250 4344 3468 4390 nostrae
3496 4348 3693 4388 sacrae

2110 4440 2435 4504 traditionis,
2463 4436 2639 4493 omnis
2676 4434 3044 4505 subjectorum
3088 4442 3369 4483 sacrorum
3408 4426 3566 4490 ratio,
3592 4434 3694 4479 ant

2107 4528 2565 4587 universalissima
2593 4522 2752 4593 hujus
2781 4520 3025 4582 fortassis
3052 4515 3383 4579 lerarchiae,
3408 4523 3505 4568 aut
3524 4514 3693 4583 hujus

2108 4633 2386 4678 sacrorum
2424 4612 2839 4672 consummatio.
2874 4610 3067 4664 Nostra
3106 4607 3269 4677 igitur
3307 4605 3574 4659 lerarcbia
3607 4606 3697 4655 cii-

2107 4713 2249 4767 citur
2272 4719 2324 4765 et
2355 4718 2437 4764 est
2464 4707 2748 4762 continens
2768 4701 3029 4765 omnium,
3054 4713 3192 4767 quae
3214 4698 3369 4768 juxta
3391 4711 3510 4750 eam
3534 4707 3691 4758 sunt,

2108 4791 2387 4857 sacrorum
2427 4796 2609 4851 actio:
2644 4792 2938 4848 secundum
2964 4803 3125 4858 quam
3150 4787 3369 4841 divinus
3405 4785 3695 4840 lerat-rhea

2108 4889 2379 4962 perfectus
2407 4886 2646 4940 omnium
2694 4881 2935 4944 habebit,
2976 4893 3117 4950 quae
3170 4879 3466 4933 secundum
3508 4878 3691 4946 ipsum

2108 4989 2255 5043 sunt,
2285 4976 2770 5033 sacratissimorum
2793 4970 3283 5042 participationem,
3307 4976 3491 5038 utpote
3511 4966 3693 5021 Ierar-

2111 5069 2213 5123 cba
2235 5064 2670 5138 cognominatus.
2706 5061 2859 5116 Sicut
2880 5060 3023 5114 enim
3052 5058 3381 5113 lerarebiam
3408 5058 3498 5127 qui
3529 5057 3694 5122 dicit,

2109 5158 2349 5216 omnium
2375 5153 2533 5210 simul
2565 5152 3010 5222 comprehensam
3037 5149 3170 5205 dicit
3197 5164 3476 5204 sacrorum
3502 5149 3697 5218 dispo-

434 5252 768 5309 consequens
816 5235 1058 5290 invenies
1098 5236 1152 5290 in
1180 5238 1260 5293 eis
1304 5247 1567 5304 nostram,
1604 5253 1711 5293 non
1736 5239 2004 5309 condigne
2032 5239 2082 5296 D
2111 5250 2359 5304 sitionem
2394 5259 2409 5298 :
2438 5244 2517 5299 sic
2545 5242 2827 5299 lerarehen
2863 5241 3069 5305 dicens,
3103 5239 3343 5295 declarat
3378 5239 3696 5295 mirabilem

432 5332 668 5403 quidem,
695 5337 754 5384 ut
780 5327 1034 5400 possibile
1075 5336 1276 5395 autem,
1323 5337 1379 5383 et
1421 5339 1480 5383 ut
1516 5331 1783 5400 theologia
1815 5348 2002 5387 saera-

436 5422 654 5485 tissimis
686 5420 981 5490 Scripturis
1031 5418 1448 5484 subintroduxit,
1491 5419 1643 5488 juxta
1695 5436 1787 5477 eas
1838 5421 2007 5477 Ierar-

2114 5348 2170 5393 et
2194 5337 2431 5393 divinum
2455 5335 2654 5398 virum,
2681 5330 2857 5387 omnis
2885 5344 3074 5385 sacrae
3098 5330 3366 5383 eruditum
3399 5327 3697 5395 scientiae,

2115 5430 2171 5485 in
2200 5443 2305 5498 quo
2324 5441 2456 5496 pure
2485 5439 2578 5479 sua
2615 5421 2881 5479 lerarchia
2912 5424 3087 5479 onmis
3108 5419 3382 5491 perficitur
3409 5428 3459 5472 et
3479 5436 3694 5492 cogno-

1724 5533 1978 5595 VARIAE
2011 5533 2409 5597 LECTIONES.

510 5653 522 5691 ⁸
555 5651 639 5711 ΒΕ
667 5649 1021 5705 sacerdotalis.
1121 5650 1141 5677 ¹
1185 5645 1274 5700 ΒΗ
1300 5662 1381 5700 ex.
1461 5646 1479 5677 ³
1508 5643 1595 5700 BH
1613 5646 1761 5715 jura.

1842 5660 1859 5684 ⁸
1884 5651 2014 5706 ABE
2036 5652 2098 5707 de
2137 5647 2472 5705 inrisibilibns
2537 5645 2622 5715 (de
2650 5659 2756 5699 om.
2789 5643 2869 5714 Ε).
