3952 6162
301 303 434 360 10ῗῦ

852 303 1096 359 VERSIO
1133 300 1414 358 OPERUM
1454 302 1511 358 S.
1556 299 1869 357 DlONYSll.
1897 329 1969 338 —
2004 299 2535 357 ECCLESIASTICA
2575 301 2970 360 IERARCHIA.

3391 258 3543 353 ἰυγι

288 415 479 470 scitur.
513 413 682 482 Hujus
708 413 1030 483 principium
1056 412 1385 476 lerarchiae,
1424 411 1541 466 fons
1568 413 1731 475 vitae,
1767 426 1855 464 es—
1883 412 1926 469 Α
1957 424 2062 465 non
2095 421 2316 482 preptcr
2354 413 2658 468 immundos
2694 414 2865 468 solum
2888 454 2902 478 ,
2940 412 3136 481 quibus
3163 426 3263 468 nec
3299 412 3540 484 symbols

287 504 461 558 sentis
490 502 770 565 bonitatis,
801 519 905 556 una
933 504 1280 558 existentium
1307 520 1470 559 causa
1502 504 1763 568 Trinitas,
1794 520 1861 558 ex
1914 500 1935 515 ’

287 608 389 660 qua
419 601 473 646 et
503 607 622 647 esse
650 601 704 647 et
747 592 884 647 bene
911 607 1029 649 esse
1055 594 1471 649 subsistentibus
1521 609 1619 663 per
1654 595 1865 648 bonita-

287 696 416 737 tem.
447 685 559 739 llac
592 686 832 739 omnium
874 687 1186 741 summitate
1209 688 1542 743 divinissima
1585 688 1865 757 principali

288 776 641 841 beatitudine,
676 778 813 831 trina
847 778 1024 842 unica,
1075 795 1199 834 vere
1250 781 1535 845 existente,
1568 780 1865 834 secundum

287 868 445 920 nobis
520 868 1093 937 incomprehensibilc,
1171 869 1298 924 huic
1358 868 1869 924 desiderabilissitna

288 959 538 1015 voluntas
580 961 796 1030 quidem
845 970 927 1016 est
978 963 1259 1018 rationalis
1296 963 1444 1018 salus
1474 971 1529 1017 et
1574 964 1867 1018 secundum

293 1063 393 1100 nos
417 1057 471 1101 et
497 1064 659 1117 super
680 1066 778 1104 nos
798 1052 1178 1106 essentiarum.
1207 1052 1352 1107 llaec
1374 1063 1553 1107 autem
1581 1069 1683 1106 non
1714 1052 1873 1106 aliter

291 1141 408 1193 fieri
438 1150 631 1208 potest,
664 1142 764 1196 nisi
798 1142 1064 1198 deificatis
1115 1144 1357 1199 salvatis.
1388 1145 1668 1197 Deificatio
1690 1153 1871 1197 autem

289 1238 377 1282 cst
399 1230 464 1282 ad
489 1229 676 1293 Deum,
698 1242 958 1299 quantum
987 1233 1266 1301 possibile,
1290 1244 1344 1287 et
1370 1233 1665 1286 similitudo
1686 1244 1740 1287 et
1761 1233 1876 1286 uni-

292 1327 398 1372 tas.
422 1317 578 1373 Omni
604 1330 787 1375 autem
812 1322 912 1375 hoc
933 1337 1218 1377 commune
1239 1323 1540 1378 lerarcbiae
1580 1337 1872 1385 summum,

290 1410 358 1461 ad
391 1409 562 1464 Deum
593 1419 648 1464 et
692 1411 874 1466 divina
925 1421 1130 1468 attenta
1165 1414 1399 1477 dilectio,
1431 1414 1688 1468 divinitus
1712 1422 1876 1482 atque

291 1505 543 1566 potenter
567 1498 891 1564 sacriﬁcata,
921 1511 975 1554 et
1002 1501 1071 1556 ab
1099 1516 1287 1555 eorum
1317 1501 1606 1556 contrariis
1635 1501 1874 1571 perfecta

288 1598 345 1641 ct
372 1588 795 1642 inconversibilis
822 1592 1076 1655 reversio,
1095 1592 1327 1662 cognitio
1343 1607 1551 1656 eorum,
1569 1606 1706 1660 quae
1722 1599 1870 1655 sunt,

289 1692 434 1745 quae
454 1693 542 1743 ea,
569 1693 709 1748 quae
737 1688 884 1745 sunt,
913 1692 1018 1746 est,
1042 1681 1420 1736 intellectualis
1449 1681 1693 1735 veritatis
1718 1691 1771 1735 et
1796 1682 1875 1734 vi-

1967 511 2187 572 tangere
2232 503 2336 568 fas,
2388 505 2482 557 sed
2510 505 2634 572 quia
2674 514 2729 558 et
2777 504 3070 574 symbolica
3120 506 3384 573 quaedam
3434 514 3545 559 est.

1966 593 2117 660 Quod
2141 594 2355 662 quidem
2383 594 2493 648 dixi
2526 595 3000 664 proportionalitcr
3029 594 3183 648 nobis
3207 593 3339 663 ipsis
3360 604 3544 651 nostra

1968 682 2265 749 lerarchia,
2315 684 2633 740 desiderans
2680 685 2954 741 sensibilia
3007 685 3059 739 in
3097 701 3216 739 eam
3254 701 3319 739 ex
3370 686 3451 740 eis
3477 686 3545 741 ad

1968 774 2256 830 invisibilia
2303 775 2618 831 diviniorcm
2653 785 2894 831 nostram
2949 776 3338 832 reductionem.
3377 777 3547 833 Reve-

1968 866 2158 921 laudae
2207 877 2384 921 tamen
2414 877 2535 922 sunt
2568 868 2935 940 symbolarum
2963 868 3203 923 rationes
3231 868 3428 923 divinis
3455 884 3545 922 sa-

1970 961 2080 1014 cris
2121 958 2530 1030 perfectoribus.
2563 959 2708 1029 Quas
2752 975 2856 1014 non
2887 969 2969 1014 est
2993 958 3197 1027 justum
3230 959 3461 1013 educere
3494 960 3545 1013 in

1972 1052 2146 1107 adhuc
2171 1053 2551 1123 perﬁciendos,
2574 1053 2830 1115 scientes,
2852 1052 3120 1121 quomodo
3138 1065 3416 1105 sacrorum
3440 1051 3550 1103 Deo

1976 1145 2219 1199 tradente
2246 1144 2585 1214 legislatores
2612 1154 2900 1197 ornatuum
2925 1144 3140 1197 statutis
3164 1151 3218 1197 et
3256 1141 3551 1197 inconfusis

1973 1232 2352 1297 ordinibus,et
2392 1250 2716 1302 unoquoque
2743 1234 3036 1287 secundum
3070 1233 3383 1302 dignitatem
3411 1233 3552 1285 acci-

1976 1325 2156 1392 piente
2203 1322 2641 1393 proportionibus
2668 1331 2722 1375 et
2756 1322 2928 1375 sacris
2973 1320 3442 1375 distributionibus
3466 1318 3552 1373 le-

1977 1415 2244 1470 rarcbiam
2272 1415 2678 1469 ordinaverunt.
2722 1412 2953 1482 Propter
2976 1411 3121 1481 quod
3162 1420 3218 1466 et
3254 1410 3360 1464 tuis
3385 1410 3557 1465 sacris

1976 1506 2694 1572 confessionibus‘credens,
2727 1506 2997 1561 recordari
3040 1505 3185 1562 enim
3211 1520 3397 1560 earum
3437 1519 3556 1559 san.

1975 1606 2119 1653 ctum
2148 1607 2252 1664 est,
2300 1598 2382 1653 sic
2423 1614 2640 1652 omnem
2685 1597 2901 1667 quidem
2944 1595 3344 1665 superpositam
3373 1594 3555 1648 lcrar—

1976 1690 2187 1743 cbicam
2213 1696 2455 1753 sanctam
2483 1687 2696 1742 laudem
2726 1694 2750 1724 ³
2774 1703 2879 1742 non
2910 1670 3091 1739 trades
3136 1684 3317 1748 alteri,
3368 1691 3557 1738 contra

288 1769 373 1821 sio
398 1761 452 1821 et
471 1768 713 1829 scientia,
738 1770 1021 1825 uniformis
1042 1771 1521 1826 consummationis
1543 1771 1722 1825 divina
1740 1786 1867 1840 par-
1896 1762 1944 1820 B
1973 1795 2144 1849 aeque
2172 1780 2454 1835 ordinatos
2511 1779 2605 1835 tibi
2656 1778 2947 1834 deiformes
2976 1792 3160 1832 sacros
3200 1774 3555 1846 perfectores.

290 1858 557 1927 ticipatio,
598 1861 766 1928 ipsius
793 1863 984 1927 unius,‘
1014 1872 1275 1931 quantum
1320 1862 1592 1932 possibile,
1622 1872 1865 1916 contem~

289 1948 549 2016 plationis
595 1948 836 2015 refectio,
866 1952 1111 2006 nutriens
1159 1952 1501 2007 invisibiliter
1530 1963 1583 2006 et
1614 1952 1868 2006 deificans

288 2054 509 2095 omnem
538 2039 591 2094 in
622 2055 682 2095 se
713 2052 1016 2096 extentum.
1067 2043 1320 2099 Dicamus
1351 2046 1550 2115 itaque,
1604 2046 1871 2115 quomodo

289 2129 476 2182 divina
524 2131 814 2194 beatitudo,
844 2142 1039 2187 natura
1065 2135 1335 2199 divinitas,
1370 2136 1690 2207 principium
1722 2137 1872 2191 deiti-

293 2221 553 2287 rationis,
603 2238 670 2277 ex
695 2240 803 2294 quo
847 2225 1085 2280 deificari
1113 2226 1375 2281 deificatis
1420 2227 1661 2281 bonitate
1694 2227 1873 2281 divina

290 2313 627 2368 lerarcbiam
661 2312 713 2367 in
760 2313 935 2368 salute
963 2322 1018 2368 et
1050 2316 1258 2371 unitate
1292 2316 1529 2370 omnium
1553 2324 1607 2369 et
1641 2316 1870 2369 rationa-

294 2403 431 2460 liuin
476 2413 532 2459 et
572 2404 1011 2460 intellectualium
1040 2407 1395 2460 essentiarum
1425 2405 1663 2461 donavit.
1695 2405 1761 2461 Et
1788 2421 1872 2459 δυο

295 2494 683 2563 permundanis
712 2495 927 2563 quidem
958 2505 1015 2550 et
1037 2495 1210 2552 beatis
1246 2498 1515 2566 quietibus
1547 2496 1872 2551 immateria-

296 2586 402 2639 Iius
453 2593 506 2638 et
549 2584 980 2640 intellectualius.
1046 2585 1163 2640 Non
1219 2586 1364 2640 enim
1404 2585 1743 2641 extrinsecus
1782 2599 1875 2639 eas

298 2675 446 2728 Deus
486 2675 539 2727 in
574 2675 756 2730 divina
787 2685 1047 2740 moveret,
1091 2674 1435 2731 invisibiliter
1486 2684 1664 2731 autem
1703 2684 1757 2729 et
1796 2675 1875 2728 in-

297 2763 570 2819 trinsecus
616 2765 943 2820 illuminatas
984 2780 1103 2821 eam
1154 2766 1209 2819 in
1239 2779 1297 2820 se
1325 2779 1514 2834 puram
1553 2774 1609 2820 et
1636 2766 1877 2820 immate-

297 2854 490 2908 rialein
518 2856 905 2910 divinissimatn
936 2855 1283 2909 voluntatem.
1324 2854 1490 2909 Nobis
1512 2863 1713 2919 autem,
1733 2854 1876 2924 quod

298 2946 407 3000 illis
436 2956 490 2999 et
543 2944 885 3001 uniforaiter
927 2956 984 3001 et
1036 2946 1322 3001 connexim
1370 2945 1620 3009 donatur,
1653 2959 1717 2999 ex
1769 2944 1878 2998 Deo

300 3035 518 3089 traditis
545 3034 794 3105 eloquiis,
824 3046 1081 3105 quantum
1128 3036 1280 3090 nobis
1314 3034 1586 3106 possibile,
1617 3035 1670 3089 in
1700 3035 1875 3090 varie-

1972 1872 2184 1942 Eosque
2214 1870 2437 1938 patieris
2465 1870 2711 1925 confiteri
2759 1869 3053 1924 secundum
3080 1868 3249 1937 legem
3299 1865 3558 1921 ierarchi-

1969 1976 2113 2026 cam,
2160 1960 2481 2015 mundorum
2531 1962 2747 2030 quidem
2803 1961 3002 2015 munda
3049 1969 3292 2029 tangere,
3324 1974 3561 2015 comma.

1972 2053 2263 2119 nicareque
2287 2052 2416 2106 solis
2437 2052 2859 2107 deilicativorum
2885 2052 3102 2115 divinis,
3125 2060 3180 2105 et
3198 2050 3556 2119 perfectorum

1972 2140 2304 2211 perfectivis,
2334 2142 2643 2211 sanctisque
2679 2142 3164 2196 sanctissimorum.
3206 2139 3559 2208 Aliorumquc

1974 2234 2403 2289 ierarcbicorum
2437 2233 2528 2288 tibi
2560 2244 2613 2287 et
2639 2233 2743 2287 hoc
2768 2233 2966 2287 tradidi
2999 2232 3182 2286 divino
3208 2230 3368 2285 dono.

2512 2365 2907 2423 CAPITULUM
2959 2366 3023 2423 ΙΙ..

2328 2477 2401 2531 De
2435 2477 2770 2547 perﬁciendis
2794 2478 2851 2533 in
2874 2478 3207 2547 phatismate.

2046 2590 2256 2644 Dictum
2285 2598 2369 2644 est
2399 2590 2564 2658 igitur
2594 2604 2622 2641 a
2658 2589 2812 2643 nobis
2840 2602 3018 2653 sacre,
3044 2586 3312 2658 quomodo
3335 2587 3449 2657 ipsa
3478 2595 3565 2641 est

1975 2678 2268 2734 secundum
2315 2693 2414 2733 nos
2460 2678 2766 2733 lerarchiae
2809 2677 3217 2747 interpretatio,
3271 2675 3338 2729 ad
3394 2676 3563 2730 Deum

1975 2780 2183 2836 nostra,
2216 2778 2476 2839 quantum
2504 2769 2653 2834 licet,
2676 2779 2731 2824 et
2752 2768 3057 2823 similitudo
3084 2775 3138 2821 et
3166 2767 3362 2821 unitas.
3398 2766 3565 2837 Hujus

1976 2872 2176 2926 autem,
2212 2870 2270 2916 ut
2294 2861 2473 2915 divina
2518 2860 2712 2915 docent
2756 2859 2990 2928 eloquia,
3013 2858 3381 2928 piissimorum
3408 2873 3558 2911 man-

1978 2954 2224 3008 datorum
2269 2950 2645 3005 dilectionibus
2688 2958 2745 3004 et
2784 2949 2957 3003 sacris
3000 2947 3308 3002 actionibus
3325 2944 3565 3015 jucunde

1979 3040 2311 3111 perficimur.
2360 3037 2597 3094 Servabit
2627 3038 2781 3102 enim,
2829 3037 3023 3107 inquit,
3058 3035 3279 3105 diligens
3324 3051 3404 3088 me
3454 3051 3566 3089 vcr-

302 3132 413 3181 tate
441 3134 496 3178 et
518 3125 859 3182 multitudine
904 3128 1288 3197 separabilium
1324 3125 1685 3197 symbolorum
1717 3127 1873 3181 dona-
1906 3121 1950 3183 C
1985 3134 2104 3187 bum
2130 3148 2321 3197 meum,
2352 3140 2400 3186 et
2432 3130 2595 3185 Pater
2621 3147 2767 3185 meus
2816 3130 2838 3162 ³
2878 3129 3058 3200 diliget
3103 3144 3242 3193 eum,
3268 3137 3315 3181 et
3354 3128 3423 3179 ad
3448 3143 3567 3180 eum

304 3222 415 3265 tum
440 3222 541 3268 est.
578 3213 824 3268 Esseutia
872 3214 1016 3271 enim
1068 3222 1283 3269 nostrae
1314 3213 1617 3269 lerarchiae
1653 3221 1734 3268 cst
1773 3212 1883 3268 Deo

232 3333 251 3348 ι
302 3304 503 3359 tradita
529 3306 761 3375 eloquia.
796 3306 1146 3362 Sanctissima
1177 3315 1358 3360 autem
1399 3305 1611 3375 eloquia
1634 3305 1768 3360 haec
1803 3305 1881 3359 di-

302 3394 504 3459 cimus,
550 3411 901 3465 quaecunque
930 3412 961 3450 a
1011 3396 1207 3451 divinis
1247 3396 1450 3450 nostris
1524 3411 1678 3450 sacre
1711 3394 1885 3466 perfe-

301 3490 547 3543 etoribus
570 3488 622 3542 in
651 3487 998 3558 agiographis
1037 3487 1192 3541 nobis
1222 3495 1278 3541 et
1322 3486 1637 3556 tbeologieis
1689 3484 1887 3539 donata

303 3590 436 3635 sunt
483 3579 659 3633 deltis.
700 3563 862 3648 Atqui
912 3590 965 3633 et
1010 3594 1360 3648 quaecunque
1412 3579 1480 3635 ab
1536 3578 1666 3648 ipsis
1718 3577 1889 3632 sacris

305 3688 326 3723 κ
342 3670 436 3724 iris
459 3669 884 3727 immaterialiori
906 3669 1149 3740 doctrina
1171 3678 1229 3722 et
1252 3669 1458 3723 minore
1480 3669 1748 3737 quomodo
1770 3667 1885 3738 jam

307 3762 531 3817 caelesti
580 3761 872 3826 lerarcbia,
919 3776 985 3814 ex
1011 3760 1286 3819 intellectu
1337 3760 1391 3815 in
1422 3760 1755 3815 intellectum
1796 3776 1891 3829 per

308 3852 548 3904 medium
594 3850 817 3907 verbum
867 3850 1143 3920 corporale
1192 3851 1432 3919 quidem,
1485 3849 1892 3904 immaterialius

312 3959 442 3997 vero
494 3952 671 3997 tamen
717 3950 874 3997 extra
919 3943 1239 4012 scripturam
1284 3944 1449 3998 duces
1477 3943 1646 3998 nostri
1694 3943 1891 4005 eruditi

308 4044 458 4087 sinit.
483 4033 667 4104 Neque
682 4034 815 4090 haec
835 4036 1000 4090 divini
1014 4036 1205 4089 summi
1230 4036 1545 4091 sacerdotes
1564 4036 1615 4090 in
1640 4034 1890 4090 sacriﬁcii

314 4140 620 4188 mximiune,
653 4140 759 4178 non
788 4124 976 4179 velatis
1004 4125 1382 4191 invisibilibus,
1414 4126 1507 4179 sed
1549 4125 1603 4180 in
1634 4124 1893 4195 symbolis

313 4216 488 4269 sacris
510 4216 863 4271 tradiderunt.
894 4215 989 4270 Est
1009 4218 1150 4271 enim
1183 4232 1290 4271 non
1317 4216 1494 4272 omnis
1520 4217 1769 4279 mundus,
1798 4230 1894 4269 ne—

312 4321 421 4371 que
459 4307 720 4369 omnium,
761 4315 820 4360 ut
849 4306 1058 4376 eloquia
1096 4308 1266 4371 aiunt,
1298 4308 1525 4363 scientia
1550 4320 1597 4361 ει.
1633 4307 1894 4363 Necessa-

315 4397 397 4449 rio
429 4395 594 4464 igitur
636 4397 794 4467 primi
823 4405 1040 4453 nostrae
1076 4397 1380 4453 lerarchiae
1409 4397 1573 4453 duces
1597 4416 1663 4453 ex
1712 4415 1893 4469 super-

312 4490 594 4545 essentiali
643 4491 864 4557 deitate,
920 4491 1019 4561 ipsi
1070 4491 1253 4547 divino
1303 4491 1489 4561 repleti
1528 4492 1693 4558 dono,
1737 4502 1793 4548 et
1842 4493 1895 4546 in

318 4582 551 4650 idipsum
576 4583 770 4638 deinde
816 4584 1029 4654 praeire
1073 4599 1136 4640 ex
1182 4585 1362 4641 divina
1392 4586 1632 4640 bonitate
1662 4594 1680 4624 ι
1723 4585 1893 4649 missi,

318 4681 376 4725 et
408 4670 509 4740 ipsi
551 4686 678 4726 vero
724 4672 938 4741 copiose
972 4680 1236 4737 amantes,
1270 4681 1525 4743 tanquam
1555 4673 1660 4739 Dii,
1683 4688 1894 4737 eorum,

319 4766 409 4832 qui
443 4774 562 4833 post
598 4779 657 4820 se
687 4775 833 4831 sunt,
860 4767 1190 4821 reductionis
1236 4776 1291 4821 et
1320 4766 1697 4830 deificationis,
1719 4767 1893 4821 sensi-

321 4858 519 4911 bilibus
540 4858 864 4928 imaginibus
888 4858 1301 4927 supercaelestia
1330 4867 1384 4913 et
1403 4859 1661 4913 varietate
1685 4867 1740 4911 et
1762 4856 1895 4911 mul-

322 4948 553 5003 titudine
582 4949 890 5013 connexim,
922 4958 977 5002 et
1022 4949 1076 5002 in
1109 4949 1358 5003 humanis
1383 4948 1585 5010 divina,
1614 4956 1669 5001 et
1710 4948 1762 5001 in
1790 4963 1901 5001 ma-

325 5036 604 5093 tcrialibus
635 5038 1036 5103 immaterialia,
1075 5047 1132 5093 et
1170 5040 1256 5094 bis
1277 5055 1414 5109 quae
1453 5038 1745 5093 secundum
1797 5055 1896 5094 nos

322 5136 451 5179 sunt
502 5127 997 5197 superessentialia,
1044 5129 1261 5197 scriptis
1294 5146 1407 5183 Sllls
1455 5137 1640 5205 etnon
1679 5130 1894 5197 scriptis

323 5217 609 5281 doctrinis,
655 5219 949 5274 secundum
977 5233 1160 5273 sacras
1209 5218 1366 5272 nobis
1414 5218 1671 5273 dederunt
1702 5218 1887 5287 leges:

1989 3220 2266 3288 ueniamus,
2296 3237 2341 3279 et
2370 3225 2694 3279 mansionem
2720 3223 2862 3294 apud
2883 3238 2999 3276 eum
3027 3221 3279 3292 faciemus
3302 3220 3351 3272 ι’.
3387 3218 3571 3286 Quod-

1988 3323 2110 3375 dam
2168 3332 2298 3388 ergo
2359 3324 2442 3371 est
2489 3315 2812 3384 principium
2881 3311 3348 3367 sanctissimorum
3413 3324 3571 3363 man-

1988 3410 2236 3464 datorum
2275 3419 2465 3461 sacrae
2492 3406 2743 3464 actionis,
2780 3404 2845 3457 ad
2873 3403 3102 3456 aliorum
3130 3400 3429 3455 divinorum
3459 3397 3573 3453 elo-

1988 3501 2237 3571 quiorum
2263 3508 2317 3552 et
2350 3513 2627 3553 sacrarum
2665 3493 3331 3573 actionum-susceptivam
3371 3506 3570 3561 oppor-

1991 3592 2271 3645 tunitatem
2326 3589 2566 3644 formans
2613 3586 2877 3642 animales
2930 3593 3146 3639 nostros
3203 3582 3453 3644 habitus,
3503 3581 3572 3632 ad

1992 3681 2409 3752 supercaelestis
2437 3679 2632 3747 quietis
2655 3693 2933 3748 anagogen
2961 3684 3205 3731 nostrum
3240 3674 3344 3728 iter
3371 3671 3572 3725 faciens

1993 3787 2181 3827 sacrae
2219 3781 2275 3826 et
2310 3771 2678 3825 divinissimae
2708 3778 2925 3823 nostrae
2955 3765 3381 3837 regenerationis
3411 3762 3575 3817 tradi-

1993 3863 2089 3917 tio.
2119 3861 2187 3915 Ut
2211 3862 2353 3915 enim
2380 3861 2681 3916 communis
2708 3868 2892 3913 noster
2918 3858 2992 3912 ait
3018 3857 3146 3920 dux,
3170 3855 3465 3910 secundum
3491 3854 3573 3907 in-

1996 3953 2270 4007 tellectum
2301 3952 2517 4021 quidem
2569 3951 2622 4003 in
2666 3949 2846 4002 divina
2891 3945 3258 4015 primordialis
3289 3953 3466 3998 motus
3493 3953 3576 3997 est

1994 4046 2104 4101 Deo
2156 4045 2446 4112 disinaque
2493 4040 2804 4102 dilectione,
2853 4037 2920 4091 ad
2966 4050 3174 4091 sacram
3204 4035 3574 4103 operationem

1995 4136 2298 4188 divinorum
2362 4129 2738 4184 mandatorum
2782 4124 3232 4195 principalissiina
3279 4122 3573 4192 processio,

1994 4222 2206 4277 essendi
2230 4219 2485 4275 divinitus
2511 4233 2608 4271 nos
2639 4215 3066 4271 ineffabilissima
3089 4212 3313 4268 creatio.
3346 4210 3403 4265 Si
3430 4211 3575 4264 enim

1995 4328 2114 4367 esse
2130 4310 2382 4366 divinitus
2407 4317 2488 4363 est
2503 4308 2681 4363 divina
2706 4305 3004 4377 generatio,
3028 4302 3286 4370 numquid
3311 4316 3417 4356 non
3438 4299 3462 4334 ⁸
3481 4299 3577 4354 ali—

1998 4402 2212 4472 quando
2233 4400 2360 4469 quid
2380 4406 2623 4452 nosceret
2639 4398 2746 4451 Deo
2761 4393 3105 4449 traditoruin?
3119 4391 3301 4459 Neque
3323 4390 3538 4459 quidem
3554 4389 3576 4418 ⁵

1925 4472 2348 4562 1’operaretur,
2395 4489 2487 4559 qui
2545 4504 2719 4557 neque
2767 4486 3064 4542 subsistere
3099 4482 3581 4538 divinitushabuit.

1999 4585 2107 4643 Aut
2134 4581 2390 4651 numquid
2423 4595 2477 4634 et
2523 4594 2621 4634 nos
2660 4580 2957 4633 humanum
3004 4574 3235 4630 dicimus
3284 4571 3579 4627 subsistere

1999 4680 2214 4741 oportet
2263 4671 2542 4740 primum,
2592 4668 2785 4722 deinde
2840 4664 3051 4734 operari
3103 4661 3397 4718 secundum
3446 4659 3578 4715 nos?

2001 4763 2278 4829 Quomodo
2303 4777 2368 4814 an
2404 4776 2507 4813 non
2530 4760 2813 4813 existentis
2838 4773 3009 4825 neque
3038 4764 3265 4818 motum,
3288 4752 3383 4806 sed
3408 4763 3580 4819 neque

2000 4853 2397 4909 subsistentiam
2434 4850 2683 4904 habentis
2728 4852 2749 4885 ⁶
2779 4847 2904 4901 illud
2942 4844 3278 4899 solummodo
3308 4838 3581 4910 operantis

2009 4956 2100 4999 aut
2122 4945 2395 5015 patientis,
2428 4942 2480 4996 in
2507 4939 2703 5011 quibus
2732 4953 2850 4992 esse
2875 4946 3032 4993 natus
3058 4935 3176 4991 est?
3199 4932 3303 4989 Sed
3334 4934 3437 4987 hoc
3464 4928 3582 4997 qui-

2001 5043 2144 5102 dem,
2163 5047 2220 5091 nt
2243 5036 2491 5100 aestimo,
2516 5041 2782 5102 apertum.
2807 5029 3007 5083 Deinde
3024 5036 3202 5083 autem
3217 5020 3431 5080 divina'
3448 5018 3583 5074 divi-

2002 5146 2097 5183 nae
2125 5126 2487 5197 generationis
2514 5122 2859 5194 inspiciemus
2879 5119 3140 5191 symbola.
3161 5116 3225 5171 Et
3249 5113 3378 5168 mihi
3405 5107 3584 5163 nullus

2000 5220 2343 5288 imperfectus
2366 5219 2416 5271 in
2449 5213 2953 5283 contemplationem
2985 5210 3186 5263 veniat.
3230 5200 3440 5258 Etenim
3479 5213 3583 5252 non

1600 5327 1850 5385 V'AlllAE
1889 5332 2283 5389 LECTIONES.

404 5438 735 5506 'll'pietute.
813 5446 831 5475 θ
874 5438 914 5490 Ε
961 5436 1314 5490 lenire/licam
1357 5437 1640 5491 secundum
1668 5436 1899 5494 laudem.

334 5509 578 5563 habentis
614 5508 902 5572 uiuentis,
926 5507 1087 5571 illud;
1123 5508 1166 5560 Α
1192 5508 1461 5573 habentis,
1485 5508 1706 5563 existens
1740 5509 1887 5565 illud.

1978 5444 1998 5474 ³
2031 5458 2172 5495 meus
2221 5455 2329 5494 om.
2360 5439 2402 5492 Β
2423 5440 2483 5493 E.
2580 5438 2601 5468 ⁸
2635 5438 2673 5490 Α
2705 5449 3059 5506 nrquaquam.
3126 5431 3147 5462 ⁸
3174 5426 3218 5483 H
3252 5425 3410 5490 enim,
3486 5423 3507 5455 ⁸
3546 5422 3588 5477 Ε

1973 5514 1992 5544 ⁷
2016 5513 2190 5564 divina
2213 5527 2319 5565 om.
2354 5509 2462 5563 BH.
2834 5526 2839 5531 ‘

1864 5599 2114 5655 NOTAE.

404 5704 425 5731 ι
454 5690 606 5747 Joan.
640 5693 780 5760 Xlll;
814 5694 831 5749 Ι
860 5694 982 5749 (Lor.
1018 5690 1148 5748 Vill.

2095 5693 2119 5731 ι’
2158 5692 2307 5747 Joau.
2338 5690 2474 5753 XIV,
2506 5689 2596 5743 :25.
