3952 6162
385 283 526 340 11)ῗὸ

1764 267 2046 326 JOANNIS
2084 265 2286 322 SCOTL

3509 269 3650 326 Τυτό

384 399 596 451 solares-
629 393 865 464 fulgores
887 394 937 447 in
973 391 1200 448 inﬁrmis
1225 388 1438 459 pupillis
1467 387 1659 442 intueri
1690 401 1794 442 non
1823 383 1960 454 peri-
1994 383 2040 442 Α
2068 383 2370 437 oralionem
2421 399 2630 437 Sal‘l‘allt
2671 383 2817 444 facit.
2859 393 2908 437 ει
2948 383 3090 436 hanc
3119 386 3264 437 οιυιιῖ
3297 384 3375 440 Sic
3402 385 3642 442 Εεοῑεῦὶθ

383 489 650 550 c.dosum,
707 499 880 554 neque
920 483 1026 548 his,
1071 495 1210 550 quae
1233 495 1393 548 supra
1443 494 1540 534 nos
1577 486 1721 540 sunt,
1762 476 1960 531 audere

387 582 694 632 innocuum.
727 573 1003 645 Siquidem
1029 587 1156 627 vera
1185 580 1265 626 est
1288 569 1442 638 juxta
1472 570 1640 638 legem
1669 567 1960 639 lerarchia,

385 668 571 720 Oziam
599 665 846 735 quidem,
878 663 1004 733 quia
1033 663 1205 718 sacris
1242 661 1443 717 abusus
1469 670 1574 725 est,
1611 659 1958 724 subvertens;

381 761 560 814 (lbore
582 773 730 821 vero,
761 758 890 828 quia
937 771 1100 826 supra
1147 769 1206 810 se
1245 755 1444 820 sacris;
1496 752 1681 808 Nadab
1701 761 1882 807 autem
1907 757 1966 804 et

381 847 578 914 Abiud,
602 846 728 918 quia
757 847 990 917 propriis
1016 844 1294 916 prophane
1322 844 1476 899 abusi
1507 851 1638 898 sunt
1661 853 1712 895 ο.

830 976 1135 1047 Mysterium
1163 975 1515 1046 pltotismntis.

451 1112 708 1168 Summus
733 1112 948 1180 quidem
980 1111 1253 1173 sacerdos,
1276 1109 1489 1163 assidue
1523 1107 1589 1161 ad
1619 1107 1787 1162 Deum
1816 1103 1968 1159 simi-

377 1203 604 1258 litudine
650 1217 839 1256 omnes
885 1203 1131 1256 homines
1182 1201 1366 1255 volens
1417 1199 1595 1254 salvos
1641 1213 1783 1262 esse,
1819 1205 1873 1250 et
1909 1196 1963 1249 in

379 1295 736 1365 :gnitionem.
769 1295 1015 1350 veritatis
1071 1295 1254 1349 venire
1286 1295 1338 1358 ι),
1387 1293 1664 1363 praedicat
1715 1291 1964 1346 omnibus

378 1402 466 1448 ea,
491 1400 633 1454 quae
657 1399 783 1438 vere
808 1393 951 1448 sunt,
985 1385 1295 1452 Evangelia,
1341 1385 1508 1438 Deum
1537 1381 1823 1452 propitium
1854 1380 1958 1440 his,

377 1475 470 1545 qui
503 1475 556 1528 in
586 1484 730 1529 terra
774 1487 920 1538 sunt,
957 1490 1020 1528 ex
1055 1475 1268 1544 propria
1302 1475 1623 1530 existentean
1651 1481 1706 1527 et
1729 1471 1958 1524 naturali

379 1565 641 1626 boaitatc,
692 1564 1023 1619 snﬁ‘acienter
1065 1565 1250 1619 venire
1299 1565 1366 1618 ad
1397 1566 1653 1619 unitatem
1685 1578 1838 1618 suam
1866 1577 1961 1630 per

379 1653 769 1710 humanitatem
802 1656 958 1724 digne
987 1655 1386 1720 acstimantem,
1439 1665 1496 1710 et
1533 1656 1602 1708 ad
1649 1669 1708 1709 se
1761 1651 1955 1706 unitati

2069 477 2394 544 cutnplente,
2446 476 2842 531 subintrodueit
2871 477 3086 546 quidem
3115 492 3262 540 eum,
3289 485 3346 530 et
3372 479 3524 532 exuit
3552 495 3650 549 per

2070 571 2368 639 ministros.
2411 571 2540 626 Dein
2585 580 2832 624 statuens
2873 571 2926 624 in
2972 569 3216 625 occiduis
3260 571 3547 636 intentum,
3593 581 3649 627 et

2073 681 2262 718 manus
2287 664 2582 733 erigentem
2607 663 2673 716 ad
2707 663 2875 732 ipsam
2913 678 3203 717 conversas
3233 664 3526 728 regionem,
3557 680 3650 718 ex-

2070 755 2284 812 saﬁlare
2329 757 2547 825 quidem
2589 756 2689 824 ipsi
2729 765 2809 809 ter
2837 755 3058 822 jnbetnr
3089 754 3352 818 Sathana,
3392 765 3444 808 et
3477 757 3650 813 adhuc

2070 863 2208 914 quae
2253 855 2375 899 sunt
2423 845 2928 904 abrenuntiatitmis.
2977 845 3244 900 conﬁteri.
3279 846 3342 899 Et
3371 856 3454 898 ter
3481 847 3530 900 ei
3561 848 3650 898 ah-

2073 937 2526 990 rcnnntiationcm
2591 946 2933 1000 contestans,
2990 936 3338 990 conﬁtentem
3392 945 3478 990 ter
3528 939 3650 1000 hoc,

2072 1026 2374 1080 transducit
2415 1025 2479 1080 ad
2510 1027 2794 1086 orientem,
2825 1035 2878 1080 et
2903 1027 2969 1080 ad
3004 1026 3212 1080 caelum
3250 1029 3649 1096 respicientem,

2069 1129 2121 1172 et
2157 1135 2348 1173 munus
2375 1119 2780 1182 extendentem,
2819 1118 2974 1187 jubet
3003 1121 3308 1174 coordinari
3351 1121 3574 1175 Christo
3599 1133 3652 1175 et

2070 1211 2321 1263 ..ιειιιὶεκεε
2389 1211 2496 1264 Deo
2563 1210 2776 1264 traditis
2838 1214 3012 1266 sacris
3075 1211 3324 1281 eloquiis.
3391 1213 3470 1265 Eo
3523 1227 3655 1265 vero

2069 1311 2120 1354 ct
2188 1302 2288 1354 hoc
2342 1300 2611 1365 faciente,
2670 1310 2898 1354 testatur
2959 1303 3154 1356 iterum
3211 1313 3297 1356 ter
3347 1301 3652 1356 confessio~

2069 1408 2212 1446 nem.
2247 1391 2313 1444 Et
2339 1391 2534 1445 iterum
2568 1392 2690 1461 ipso
2714 1403 2795 1445 ter
2823 1391 3138 1456 conﬁtente,
3164 1407 3329 1446 orans
3357 1393 3652 1456 benedicit,

2067 1492 2124 1536 et
2177 1498 2370 1536 nimius
2420 1481 2668 1552 imponit.
2702 1482 2768 1535 Et
2800 1483 2866 1535 ad
2890 1497 3158 1536 summum
3182 1481 3505 1536 cxuentibus
3528 1498 3663 1536 etim-

2068 1571 2356 1635 ministris,
2387 1569 2618 1624 afferunt
2649 1569 2868 1640 quidem
2913 1571 3226 1624 sacerdotes
3252 1570 3537 1625 unctionis
3569 1587 3657 1624 sa-

2066 1677 2216 1714 crtun
2247 1659 2444 1713 oleum.
2476 1659 2595 1729 Ipse
2623 1670 2804 1712 autem
2829 1659 3139 1714 unctionem
3167 1675 3265 1729 per
3283 1660 3652 1730 signationem

381 1745 556 1802 instar
595 1745 735 1815 ignis
774 1745 1076 1800 assimilare
1115 1746 1217 1800 sibi
1265 1747 1414 1800 unita
1458 1746 1752 1800 secundum
1791 1745 1966 1814 ipsum
1998 1735 2043 1793 Β
2073 1765 2157 1809 ιρι.
2205 1754 2493 1822 incipiens,
2544 1765 2786 1808 celerum
2842 1754 3212 1809 sacerdomms
3243 1754 3420 1808 νει-,πη
3455 1770 3656 1821 ungo",

377 1837 711 1906 propositum
751 1847 1112 1908 coaptantcm.
1145 1835 1406 1908 Quo’quot
1465 1839 1602 1892 enim
1664 1847 1964 1905 receperunt

384 1945 522 1994 eum,
552 1929 692 1984 dedit
735 1929 814 2000 eis
858 1938 1187 2002 potestatem,
1215 1929 1354 1998 ﬁlios
1401 1929 1499 1982 Dei
1535 1929 1674 1996 ﬁeri,
1708 1929 1966 1982 credenti-

379 2021 475 2074 bus
514 2022 566 2076 in
597 2021 804 2074 nomine
841 2020 974 2089 ejus,
1007 2022 1094 2086 qui
1143 2037 1248 2073 non
1301 2036 1365 2074 rat
1393 2020 1756 2088 sanguinibus,
1801 2035 1966 2087 neque

375 2126 442 2164 ex
483 2109 748 2164 voluntate
798 2111 997 2173 carnis,
1051 2111 1141 2162 sed
1197 2125 1262 2163 ea:
1315 2109 1424 2162 Deo
1475 2111 1585 2162 nali
1625 2120 1744 2161 sunt
1773 2119 1818 2160 ο.
1861 2107 1962 2173 Qui

377 2210 555 2254 autem
592 2202 782 2256 horum
813 2200 985 2270 diligit
1025 2215 1152 2254 vere
1197 2199 1690 2268 supermumlalinut
1729 2199 1963 2252 divinam

379 2291 869 2360 participationem,
919 2291 1143 2346 veniens
1188 2292 1254 2344 ad
1298 2291 1565 2360 quendam
1607 2289 1964 2353 eruditorum,

377 2382 570 2436 suadet
612 2398 671 2438 se
708 2383 828 2436 duci
861 2383 928 2436 ab
958 2397 1022 2435 eo
1043 2397 1139 2446 ea,
1191 2397 1330 2450 quae
1369 2388 1452 2436 est
1486 2381 1552 2434 ad
1587 2396 1854 2435 summum
1881 2396 1966 2434 sa-

377 2472 671 2536 cerdotem,
706 2472 810 2525 \ia.
845 2473 959 2542 Ipse
998 2481 1178 2526 autem
1227 2471 1604 2525 universaliter
1640 2472 1962 2524 subsecutu-

378 2577 497 2614 rmn
540 2576 663 2616 esse
711 2561 979 2630 promittit
1018 2561 1334 2626 tradituros,
1371 2571 1426 2616 et
1449 2562 1609 2631 digne
1639 2560 1966 2616 accessionis

375 2651 515 2721 ejus,
545 2659 602 2704 et
627 2651 784 2706 simul
815 2652 990 2706 omnis
1023 2651 1076 2706 in
1109 2652 1157 2706 id
1189 2651 1332 2720 quod
1376 2652 1630 2720 deinceps
1676 2660 1777 2716 est,
1827 2651 1967 2704 vitae

376 2741 745 2810 cognitionem
770 2742 1030 2810 recipere,
1057 2757 1180 2796 eum
1209 2741 1425 2810 quidem
1453 2741 1596 2795 illius
1618 2741 1789 2796 salute
1813 2755 1966 2794 sacre

377 2831 771 2901 interrogante.
799 2831 878 2884 Ad
911 2846 1038 2886 vero
1069 2832 1144 2885 rei
1174 2831 1511 2888 altitudinem
1535 2841 1725 2887 contra
1750 2848 1970 2887 mensu-

380 2930 590 2975 rantem
619 2923 934 2987 humanum,
953 2923 1374 2992 horrorquidcm
1397 2923 1576 2978 subito
1591 2923 1964 2994 etimpossibi-

379 3015 502 3070 litas
523 3017 907 3071 circumstant:
931 3016 1256 3072 obeuntibtls
1273 3023 1453 3070 tamen
1475 3017 1559 3070 eis
1575 3015 1804 3085 perﬁcit,
1822 3017 1964 3086 quod

381 3107 606 3175 petitum
628 3115 712 3161 est
755 3106 1089 3161 deiformiter
1119 3105 1399 3162 confessus
1424 3114 1528 3162 est.
1561 3106 1629 3161 Et
1647 3107 1737 3176 qui
1771 3106 1966 3176 accipit

375 3212 521 3262 eum,
554 3197 701 3252 ducit
723 3199 791 3278 ad
817 3199 884 3253 ab
908 3197 1178 3253 lerarchia
1211 3199 1670 3268 cognominatum.
1695 3197 1812 3268 Ipse
1838 3198 1967 3253 vero

376 3304 499 3342 cum
541 3289 741 3344 laetitia
785 3289 1039 3360 tanquam
1091 3290 1142 3343 in
1191 3289 1428 3344 humeris
1471 3303 1625 3342 ovem
1656 3287 1964 3357 recipiensd

377 3381 640 3435 ambobus
670 3381 820 3440 viris,
867 3389 924 3433 ut
955 3381 1209 3447 diximus,
1248 3382 1481 3452 primum
1523 3381 1738 3448 quidem
1787 3379 1968 3434 laudat

375 3486 475 3541 per
504 3470 898 3525 intellectuales
932 3471 1302 3526 Eucharistias
1329 3481 1383 3525 et
1409 3457 1748 3541 corporalem
1775 3473 1966 3526 adora-

383 3563 581 3614 tionem
633 3576 798 3614 unum
850 3561 1140 3630 benignum
1174 3563 1518 3630 principium,
1552 3579 1614 3615 ex
1646 3578 1751 3630 quo
1778 3572 1964 3618 vocata

379 3658 664 3714 vocantur,
714 3662 770 3704 et
823 3652 1025 3706 salvata
1070 3653 1364 3706 salvantur.
1400 3653 1602 3708 Deinde
1638 3669 1852 3708 omnem
1880 3670 1966 3709 sa-

378 3759 527 3798 cram
555 3745 962 3814 dispositionem
1006 3747 1058 3800 in
1091 3748 1477 3816 cooperatione
1506 3749 1723 3818 quidem
1753 3763 1809 3804 et
1837 3767 1966 3806 con-

377 3833 672 3890 festivitate
700 3835 891 3891 salutis
922 3837 1054 3901 viri,
1096 3837 1469 3894 Eucharistiae
1505 3855 1718 3910 quoque
1755 3842 1966 3898 divinae

383 3925 667 3992 bonitatis,
715 3927 770 3982 in
801 3942 1015 3998 sacrum
1050 3931 1276 3984 chorum
1299 3945 1654 4002 congregans,
1683 3932 1736 3986 in
1765 3933 1966 4003 princi-

375 4015 468 4087 pio
492 4017 709 4088 quidem
739 4020 1007 4088 quendam
1037 4020 1266 4089 eloquiis
1289 4021 1688 4078 incumbentem
1717 4025 1966 4080 omnibus

376 4106 654 4162 Ecclesiae
681 4108 1106 4177 plenitudiuibus
1129 4109 1385 4181 hymnum
1415 4113 1612 4182 psallit.
1639 4113 1704 4168 Et
1720 4124 1840 4184 post
1864 4117 1965 4171 hoc

376 4200 614 4253 divinam
661 4199 902 4254 salutans
951 4215 1216 4267 mensam,
1269 4203 1335 4256 ad
1379 4203 1555 4258 virum
1585 4205 1962 4262 advenientem

375 4291 609 4353 accedit,
641 4300 697 4345 et
734 4293 1030 4363 interrogat
1077 4309 1223 4357 cum,
1269 4295 1400 4364 quid
1444 4296 1630 4352 volens
1679 4299 1844 4353 venit.
1887 4300 1963 4354 Eo

375 4397 505 4438 vero
531 4383 782 4454 religiose
803 4382 1281 4452 accusante,juxta
1303 4386 1566 4442 anadochi
1591 4388 1954 4456 traditionem,
1985 4422 2036 4481 Β

381 4475 1247 4546 incredulitatem.'ignorantiam
1295 4479 1407 4533 veri
1447 4479 1594 4542 boni,
1639 4480 1815 4534 divina
1850 4482 1955 4536 vita

377 4565 635 4621 de~idiam
675 4567 716 4632 ',
748 4568 1109 4638 dignanthue
1138 4583 1236 4638 per
1273 4584 1481 4624 sacram
1519 4585 1669 4624 suam
1699 4573 1960 4627 medieta-

2065 1849 2211 1900 omni
2262 1861 2488 1916 corpore
2541 1845 2779 1908 tradens,
2818 1845 2886 1898 ad
2916 1851 3144 1898 matrem
3175 1843 3458 1897 ﬁliolitatis
3486 1843 3654 1905 venit,

2065 1947 2118 1990 et
2151 1947 2277 1990 tunc
2306 1952 2502 2006 aquam
2541 1937 2713 1990 sacris
2742 1935 3174 1990 invocationibus
3201 1934 3571 1996 sanctiﬁeans,
3603 1941 3654 1986 et

2067 2029 2238 2081 tribus
2273 2027 2604 2081 sanctissimi
2637 2027 2950 2081 chrismatis
2977 2023 3395 2080 cruciformibus
3429 2023 3656 2078 effusio-

2066 2119 2224 2172 nibus
2267 2117 2556 2187 perﬁciens
2589 2117 2754 2180 illam,
2809 2127 2864 2173 et
2909 2117 3217 2172 chrismatis
3267 2116 3659 2172 sacratissimis

2066 2212 2484 2266 immissionibus
2511 2212 2720 2282 aequali
2763 2228 2988 2266 numero
3017 2227 3232 2266 sacrum
3265 2211 3374 2265 Deo
3403 2219 3658 2280 accepta-

2063 2305 2246 2358 bilium
2293 2305 2676 2374 prephetarum
2723 2305 3078 2374 inspiratione
3123 2303 3422 2358 melodema
3461 2317 3659 2357 conso—

2065 2409 2222 2459 nans,
2245 2391 2398 2460 jubet
2438 2392 2616 2447 virum
2664 2392 2868 2447 afferri.
2920 2393 2987 2446 Et
3017 2393 3249 2462 quodam
3281 2391 3565 2446 sacerdote
3590 2407 3655 2446 ex

2065 2485 2426 2554 descriptione
2477 2484 2646 2554 ipsius
2702 2483 3038 2538 anadochum
3097 2483 3470 2552 praedicante,
3537 2482 3656 2550 ipse

2065 2577 2279 2646 quidem
2313 2592 2340 2629 a
2371 2576 2747 2631 sacerdotibus
2777 2575 2844 2629 ad
2875 2591 3070 2644 aquam
3099 2575 3333 2638 ducitur,
3364 2573 3430 2626 ad
3455 2573 3656 2626 summi

2065 2665 2360 2720 sacerdotis
2412 2681 2630 2718 mamtm
2677 2674 2778 2720 :et
2826 2667 2892 2718 ad
2941 2680 3063 2720 eum
3109 2664 3490 2728 manuductus,
3539 2663 3658 2732 ipse

2065 2771 2308 2811 sunnnus
2337 2755 2598 2810 sacerdos
2628 2753 2859 2824 desuper
2884 2763 3056 2818 stans,
3101 2751 3520 2807 reclamantibus
3551 2751 3660 2804 ite-

2065 2865 2182 2904 rum
2215 2849 2280 2902 ad
2321 2863 2590 2902 smnmum
2633 2847 2968 2901 sacerdotem
3019 2843 3170 2914 juxta
3222 2859 3412 2915 aquam
3451 2857 3657 2898 nomen

2064 2940 2373 3009 perﬁciendi
2403 2939 2793 3004 sacerdotibus,
2821 2947 2904 2992 ter
2932 2938 3152 3008 quidem
3197 2938 3366 3007 ipsum
3406 2949 3662 2990 summus

2069 3032 2324 3088 sacerdos
2372 3032 2635 3102 haptizat,
2679 3031 2852 3085 tribus
2881 3030 3192 3100 perﬁciendi
3225 3027 3655 3084 dimersionibus

2073 3135 2126 3179 et
2175 3124 2571 3178 emersionihus
2625 3123 2820 3178 trinam
2855 3121 3071 3176 divinae
3125 3118 3470 3174 beatitudinis
3500 3117 3662 3171 invo-

2069 3233 2198 3272 cans
2247 3214 2624 3270 substantiam.
2671 3212 3016 3281 Accipirnles
3073 3220 3251 3265 autem
3300 3224 3422 3264 eum
3471 3221 3661 3262 sacer-

2068 3305 2235 3364 dotes,
2261 3303 2542 3374 porrigunt
2587 3301 2914 3357 accessionis
2941 3309 2996 3355 et
3024 3299 3304 3354 anadocho
3330 3307 3384 3352 et
3412 3296 3560 3360 duci,
3603 3302 3660 3348 et

2067 3410 2188 3449 cum
2260 3395 2378 3464 ipso
2439 3393 2768 3463 accipientes
2818 3390 3141 3446 vestimenta
3201 3387 3656 3460 perﬁciendorum

2068 3485 2408 3548 adunatim’,
2438 3484 2504 3538 ad
2547 3497 2818 3537 summum
2863 3479 3204 3535 sacerdotem
3253 3477 3448 3532 iterum
3497 3475 3660 3529 redu-

2066 3587 2214 3629 cunt.
2277 3574 2583 3644 Ipse-vero
2639 3571 3085 3628 deiﬁcantissimo
3140 3575 3418 3638 unguento
3475 3565 3657 3618 virum

2065 3667 2305 3736 signans,
2349 3664 2670 3735 participem
2703 3661 3017 3716 manifestat
3047 3661 3114 3716 de
3141 3669 3325 3714 cetero
3346 3670 3505 3712 sacre
3530 3671 3655 3725 per-

2067 3758 2400 3814 fectissimae
2425 3755 2820 3812 Eucharistiae.
2855 3753 3000 3808 Haec
3029 3761 3208 3807 autem
3239 3749 3550 3822 perﬁciens,
3587 3748 3658 3802 ab

2068 3853 2165 3907 ista
2194 3851 2217 3883 ³
2248 3852 2299 3906 in
2325 3849 2608 3920 sequentia
2643 3847 3014 3919 processione,
3044 3845 3239 3900 iterum
3271 3844 3324 3898 in
3353 3842 3654 3912 primorum

2065 3944 2376 3999 extenditur
2397 3941 2932 4012 contemplationem,
2961 3938 3117 4010 quasi
3153 3953 3252 4007 per
3281 3935 3488 3990 nullum
3517 3943 3660 3987 tem-

2066 4050 2166 4106 pus
2192 4045 2286 4088 aut
2335 4033 2552 4088 modum
2593 4033 2645 4087 in
2693 4033 2870 4088 alieno
2905 4030 3138 4100 quodam
3181 4035 3403 4098 praeter
3429 4023 3656 4095 prapria

2067 4139 2449 4190 conversurus,
2483 4123 2578 4179 sed
2603 4137 2635 4176 a
2658 4121 2856 4176 divinis
2885 4121 2939 4174 in
2967 4119 3146 4176 divina
3171 4117 3480 4179 attendens,
3509 4126 3657 4168 sem—

2067 4233 2161 4288 per
2183 4217 2366 4272 divino
2393 4216 2595 4288 Spiritu
2628 4211 3134 4270 transordinandus.

2735 4343 2983 4400 Tlieoria.

2132 4477 2276 4532 Haec
2323 4477 2560 4546 quidem,
2608 4481 2872 4544 quantum
2920 4473 2976 4527 in
3013 4450 3295 4542 symbolis,
3345 4479 3534 4522 sacrae
3557 4463 3662 4518 ho-

2057 4570 2194 4624 stiae
2223 4569 2402 4624 divina
2431 4567 2710 4639 generatio
2741 4565 2874 4620 nihil
2929 4563 3244 4618 indecorum
3295 4567 3393 4612 aut
3421 4557 3660 4611 immun-

379 4661 485 4707 tem
533 4654 643 4710 Deo
672 4657 850 4711 divina
897 4658 1176 4726 consequi,
1213 4667 1447 4713 testatur
1469 4661 1684 4728 quidem
1717 4661 1812 4731 ipsi
1844 4678 1962 4731 pro-
2058 4659 2203 4716 dnm.
2255 4673 2432 4728 neque
2478 4671 2546 4712 ex
2597 4655 2946 4712 sensibilibus
2987 4651 3192 4707 habens
3222 4646 3653 4712 characteribus,

377 4747 616 4804 futuram
657 4750 1015 4805 universalem
1037 4789 1042 4796 .
1065 4750 1179 4805 fore
1221 4751 1678 4821 propitiationem,
1704 4764 1958 4822 tanquam

376 4839 775 4909 perfectissimo
824 4849 878 4895 et
925 4841 1272 4897 immaculato
1323 4841 1453 4898 Deo.
1514 4842 1579 4896 Et
1630 4845 1861 4898 divinam
1909 4846 1957 4900 ei

377 4929 850 4984 conversationem
903 4931 1272 4996 introducens,
1307 4941 1360 4987 et
1401 4931 1760 5002 interrogans,
1804 4935 1957 4990 sisic

377 5035 736 5080 conversatus
761 5033 863 5085 est.
893 5034 1016 5096 post
1041 5025 1434 5082 confessionem
1465 5026 1689 5094 imponit
1720 5025 1834 5094 ejus
1862 5043 1956 5082 ca-

374 5113 473 5182 piti
501 5130 746 5182 manum,
773 5125 829 5172 et
872 5117 1110 5187 signans,
1153 5115 1382 5171 describi
1413 5115 1641 5186 imperat
1666 5118 1960 5173 sacerdoti-

373 5201 477 5259 bus
504 5207 678 5262 virum
701 5216 758 5263 et
782 5207 1138 5262 auadochum.
1166 5207 1300 5276 ipsis
1323 5216 1502 5261 autem
1530 5205 1957 5262 describentibus

2061 4750 2152 4804 sed
2182 4749 2290 4803 Deo
2319 4748 2512 4818 dignae
2539 4742 3012 4814 contemplationis
3045 4738 3354 4810 aenigmata
3393 4732 3663 4790 naturali-

2063 4841 2166 4896 bus
2216 4847 2272 4894 et
2337 4837 2615 4902 hominem
2665 4835 2980 4891 decentibus
3033 4829 3267 4901 speculis
3326 4825 3655 4896 imaginans.

2063 4929 2204 4997 Quid
2229 4929 2393 4992 enim,
2423 4927 2468 4982 si
2509 4933 2754 4997 apparet,
2787 4933 2997 4994 peccat,
3041 4931 3097 4977 et
3139 4919 3459 4976 diviniorem
3487 4915 3661 4970 ratio-

2065 5039 2187 5077 nem
2217 5020 2676 5092 perﬁciendorum
2693 5017 2944 5073 silentem
2977 5012 3232 5078 consulit,
3264 5019 3324 5068 et
3359 5008 3536 5065 divina
3560 5006 3662 5060 do-

2063 5115 2237 5170 ctrina
2269 5110 2606 5167 advenientis
2643 5109 3062 5164 viviﬁcationem
3099 5120 3254 5162 saeve
3277 5114 3561 5175 peragens,
3598 5107 3657 5152 et

2063 5205 2240 5262 omnis
2267 5203 2429 5260 simul
2453 5202 2694 5258 malitiae
2721 5217 2819 5273 per
2843 5201 3096 5258 eximiam
3125 5207 3182 5256 et
3211 5196 3442 5254 divinam
3478 5191 3655 5246 vitam

1664 5317 1916 5372 VARIAE
1951 5314 2350 5376 LECTIONES.

451 5409 466 5436 '
507 5405 698 5462 Divina
741 5409 845 5464 vita
871 5408 1126 5462 desidiam
1155 5422 1262 5464 om.
1294 5407 1400 5461 BH.
1477 5409 1497 5439 ’
1536 5408 1626 5462 ΛΕ
1656 5409 1966 5466 adulantum.

2041 5413 2063 5446 ι
2101 5411 2192 5465 ΑΕ
2225 5410 2359 5478 ipsa.

1908 5502 2159 5560 NOTAE.

453 5602 477 5657 ξ·
521 5590 560 5644 ΙΙ
587 5591 764 5646 Paral.
798 5593 999 5657 XXVI;
1035 5593 1192 5647 Num.
1227 5591 1374 5657 XVI;
1409 5591 1576 5646 Levii.
1616 5593 1679 5646 λ.

451 5655 480 5698 δ
519 5658 540 5711 ι
567 5659 705 5713 Tim.
736 5665 774 5717 II

2149 5607 2170 5631 ε
2213 5591 2439 5655 10am],
2479 5591 2559 5646 l2.

2141 5663 2165 5702 δ
2211 5663 2337 5718 Luc.
2365 5662 2478 5716 XV.
