3952 6162
270 290 403 345 td77

842 284 1088 342 VERSIO
1126 284 1407 342 OPERUM
1449 286 1504 340 S.
1547 285 1835 341 ῡιοΜδιι

1945 317 1955 325 -
1981 288 2501 343 EUCLESIAS'l’IiLA
2545 288 2697 341 lEfiA
2709 287 2931 341 BGHM.

3379 296 3516 349 1078

262 380 582 452 purgatione
610 393 705 447 per
748 394 940 449 aquam
978 380 1208 434 naturali
1241 380 1571 449 corporalius
1612 381 1708 449 ipsi
1752 380 1842 432 dc-
1872 386 1918 444 Α
1947 382 2034 448 qui
2083 380 2426 450 imperfectus
2453 389 2554 442 est,
2585 380 2696 447 ipse
2721 395 2823 430 non
2852 379 2973 433 inde
3008 378 3032 408 θ
3064 382 3428 450 concupiscet,
3462 386 3513 439 in

262 471 567 527 nuncians?
596 470 736 525 llaec
762 486 890 542 ergo
913 472 1013 526 etsi
1039 471 1166 525 nihil
1192 471 1332 525 aliud
1361 470 1592 525 divinius
1621 471 1843 524 haberet

259 563 715 633 perficiendorum
766 563 1058 632 symbolica
1109 563 1361 629 traditio,
1410 579 1515 617 non
1566 563 1840 616 immunda

257 664 424 719 esset,
457 663 517 709 ut
564 654 811 719 aestimo,
860 654 1161 708 doctrinam
1212 655 1425 723 quidem
1475 663 1655 710 rectae
1701 654 1843 708 vitae

258 744 609 797 introducens
632 745 674 808 ",
698 742 1101 813 perfectamque
1117 744 1171 798 in
1188 745 1389 798 malitia
1415 744 1842 798 conversationis

256 831 602 897 solutionem,
645 833 1026 888 universaliter
1078 849 1304 904 corpore
1349 833 1667 888 naturaliter
1716 849 1844 902 pur-

254 932 384 990 gato
413 937 509 991 per
546 937 764 991 aquam,
798 924 1143 977 confirmans.
1196 924 1302 979 Sed
1351 925 1423 977 sit
1450 925 1664 993 quidem
1712 925 1843 977 hace

254 1010 589 1079 imperfectis
632 1013 990 1068 introductiva
1035 1015 1335 1069 animarum
1382 1017 1543 1080 actio,
1588 1025 1642 1070 et
1671 1022 1841 1069 ierar-

251 1102 410 1154 chica
445 1110 499 1155 et
524 1101 834 1168 uniformia,
858 1114 1117 1174 quantum
1171 1103 1273 1170 fas,
1305 1121 1334 1159 a
1367 1105 1708 1160 multitudine
1736 1106 1841 1159 dis-

254 1191 622 1259 tinguens,’et
655 1194 1064 1249 commoderans
1113 1193 1404 1250 immundis
1441 1196 1720 1250 ordinibus
1763 1197 1841 1249 in—

247 1293 590 1351 compactam
613 1283 970 1340 altitudinem.
999 1286 1108 1341 Nos
1137 1296 1316 1341 autem
1332 1289 1737 1343 ascensionibus
1759 1303 1845 1341 sa-

247 1374 362 1427 cris
396 1374 449 1427 in
480 1374 840 1445 perfectorem
870 1378 1146 1448 principia
1175 1380 1544 1450 reSpieientes,
1584 1389 1637 1434 et
1674 1396 1736 1436 ea
1764 1381 1843 1435 di-

247 1465 297 1513 vi
309 1464 455 1520 nitus
471 1467 1076 1539 eruditi,coguoscemus
1091 1486 1318 1540 quorum
1335 1482 1453 1526 sunt
1471 1472 1842 1526 characterum

245 1552 477 1626 efﬁgies,
502 1565 557 1611 et
577 1573 805 1627 quormu
834 1561 1179 1615 invisibilium
1201 1562 1484 1632 imagines.
1514 1561 1651 1615 Sunt
1678 1562 1839 1628 enim,

246 1656 308 1697 ut
360 1645 413 1700 iu
458 1660 547 1712 ea,
593 1663 733 1718 quae
780 1659 865 1704 est
896 1650 960 1704 de
994 1650 1351 1705 invisibilihus
1391 1655 1461 1704 et
1479 1652 1838 1716 sensibilibus,

1944 473 2091 527 brevi
2121 488 2243 525 vero
2264 473 2483 543 peripsa
2509 470 2587 525 sui
2610 471 2803 539 prima,
2825 470 3014 524 deinde
3032 469 3204 524 adhuc
3234 470 3434 539 priora,
3464 485 3518 529 et

1943 577 2040 630 per
2063 562 2153 615 illa
2178 561 2230 614 in
2255 561 2604 631 praestantia,
2635 570 2688 614 et
2707 559 2978 628 perfectus
3004 560 3054 612 in
3080 559 3519 616 sublimissimam

1944 652 2177 708 divinam
2216 653 2266 706 in
2293 651 2483 705 ordine
2508 659 2562 704 et
2602 665 2755 704 sacre
2781 648 3035 704 ascendet
3059 651 3516 707 communionem.

1943 744 2113 813 llujus
2139 751 2221 798 est
2245 752 2470 796 ornatus
2499 750 2553 795 et
2591 740 2728 795 sacri
2755 741 2961 795 ordinis
2990 741 3185 811 imago,
3233 741 3522 796 advenien-

1942 834 2012 888 tis
2038 831 2305 892 confusio,
2323 839 2377 886 et
2391 846 2599 896 eorum,
2623 844 2760 901 quae
2775 830 3067 884 secundum
3084 830 3318 901 seipsum
3336 830 3358 862 ⁸
3372 840 3521 897 sunt,

1942 923 2198 994 cognitio,
2226 922 2291 976 ad
2339 936 2605 974 summum
2659 918 2992 975 sacerdOtem
3038 920 3156 974 viae
3185 921 3521 977 anadoclnuu

1943 1015 2146 1077 habens
2171 1012 2507 1082 magistrum.
2536 1010 2668 1063 Eum
2691 1024 2819 1064 vero
2832 1009 2909 1061 sic
2933 1010 3308 1064 ascendentem
3341 1011 3523 1066 divina

1943 1105 2216 1161 beatitudo
2244 1103 2297 1157 in
2347 1118 2499 1156 suam
2548 1102 3010 1172 participationem
3042 1103 3253 1171 recipit,
3299 1112 3352 1157 et
3395 1116 3522 1173 pro—

1942 1198 2118 1267 prium
2146 1195 2325 1249 lumcn
2362 1202 2617 1262 tauquam
2648 1194 2876 1262 quodam
2916 1194 3013 1263 ipsi
3045 1195 3198 1265 signo
3223 1195 3405 1256 tradit,
3435 1197 3519 1250 di-

1945 1289 2124 1341 vinum
2148 1286 2453 1356 perficiens,
2482 1292 2536 1338 et
2559 1285 3041 1339 communicantem
3068 1286 3393 1352 divinorum,
3417 1289 3527 1342 dis-

1946 1380 2251 1435 tributionis
2312 1386 2366 1432 et
2424 1390 2614 1430 sacrae
2684 1376 3037 1430 ordinationis
3094 1395 3106 1430 :
3161 1392 3387 1447 quorum
3441 1388 3525 1433 est

1943 1472 2242 1543 symbolum
2301 1486 2551 1534 sacrum,
2613 1485 2823 1524 summo
2886 1470 3162 1525 sacerdote
3216 1471 3524 1527 advenienti

1945 1548 2197 1620 donatum
2229 1563 2586 1635 signaculum,
2643 1573 2696 1615 et
2739 1562 3077 1617 sacerdotum
3127 1562 3380 1617 salutaris
3427 1563 3522 1618 de-

1945 1657 2203 1725 scriptio:
2238 1655 2289 1708 in
2317 1654 2540 1708 salvatis
2581 1669 2700 1706 eum
2730 1668 3144 1718 connumerans,
3175 1662 3229 1709 et
3251 1655 3527 1709 memoriis

244 1735 468 1791 actione
517 1748 701 1808 aperte
748 1740 1076 1808 disputatum
1109 1752 1191 1795 est
1242 1744 1285 1808 ’,
1326 1744 1587 1811 Quaedam
1619 1743 1834 1813 quidem
1870 1744 1911 1802 Β
1940 1746 2108 1801 sacris
2150 1760 2359 1816 ponens
2408 1744 2545 1812 apud
2593 1758 2714 1796 eum
2763 1751 2815 1797 et
2857 1742 3217 1805 auadochum,
3272 1753 3526 1811 tanquam

243 1830 583 1887 scusibiliter
612 1848 800 1889 sacrae
839 1836 1185 1892 invisibilium
1229 1838 1249 1869 ³
1298 1838 1729 1909 imaginationes,
1779 1846 1834 1893 et

244 1918 300 1971 in
364 1933 427 1973 ea
480 1924 831 1979 manuductio
883 1936 938 1979 et
988 1926 1095 1979 via.
1133 1927 1423 1981 invisibilia
1473 1942 1600 1982 vero
1625 1944 1832 1993 eorum,

241 2023 394 2078 quae
422 2013 715 2067 secundum
733 2029 949 2069 sensum
966 2026 1113 2082 sunt,
1133 2020 1552 2074 ierarchicorum
1571 2030 1621 2075 et
1637 2022 1836 2090 princi-

242 2100 400 2169 pium
430 2111 484 2156 et
514 2104 758 2159 scientia.
793 2106 1045 2163 Dicamus
1085 2108 1268 2179 igitur,
1296 2111 1564 2180 quomodo
1593 2119 1676 2164 est
1710 2112 1836 2167 divi-

244 2205 355 2244 nae
374 2192 719 2248 beatitudinis
736 2196 965 2261 bonitas,
985 2214 1197 2268 semper
1213 2198 1364 2269 juxta
1380 2201 1566 2255 eadem
1585 2210 1637 2254 et
1650 2201 1836 2255 simili-

247 2292 338 2336 ter
366 2282 575 2344 habens
603 2286 801 2354 proprii
831 2286 1047 2345 luminis
1072 2288 1343 2343 beneficos
1360 2290 1557 2355 radios,
1582 2291 1633 2344 in
1651 2305 1838 2345 omnes

240 2374 469 2443 eopiose
497 2378 751 2444 expandit
794 2379 1177 2434 intellectudcs
1220 2381 1416 2435 vultus.
1469 2381 1525 2435 Si
1557 2383 1677 2450 quis
1711 2398 1839 2453 ergo

242 2465 563 2521 discesserit
589 2468 657 2521 ab
685 2469 938 2523 invisibili
976 2469 1178 2523 lumine
1207 2480 1300 2525 aut
1337 2471 1716 2536 invisibilihus,
1744 2487 1835 2525 su-

242 2557 475 2625 perbus,
526 2574 623 2627 per
660 2574 717 2613 se
766 2568 978 2629 potens,
1030 2561 1265 2615 nuditiae
1304 2576 1489 2615 amore
1534 2562 1840 2619 condoccns

245 2647 574 2702 naturaliter
601 2648 876 2719 inspersos
905 2651 953 2703 ei
984 2650 1049 2703 ad
1078 2651 1484 2704 illuminandum
1515 2652 1703 2715 virtus,
1723 2667 1842 2705 sus-

244 2738 508 2806 penditur
557 2742 861 2809 praesentis
909 2741 1022 2811 ipsa
1065 2741 1285 2796 luminis
1337 2760 1441 2797 non
1493 2743 1837 2808 discedentis,

244 2828 347 2882 sed
375 2829 769 2898 superlacentis
788 2831 900 2900 ipsa
924 2832 1193 2900 aspiciens
1208 2840 1261 2885 et
1282 2840 1528 2887 avertens
1551 2846 1842 2887 occurren-

243 2919 317 2974 tis
345 2918 700 2975 deiformiter.
734 2918 897 2991 Sique
918 2923 1034 2991 ejus
1057 2923 1332 2977 moderate
1357 2924 1458 2993 ipsi
1489 2924 1597 2978 dati
1619 2922 1841 2978 visibilis

244 3008 492 3065 visiones
521 3011 895 3080 Supersilierit,
922 3020 974 3064 et
1001 3003 1064 3064 add
1094 3011 1235 3082 ipsas
1270 3027 1431 3081 super
1453 3027 1607 3067 suum
1635 3012 1839 3066 vultum

1939 1834 2183 1889 vivificae
2212 1833 2277 1887 ad
2309 1833 2590 1887 veritatem
2621 1832 2739 1884 viae
2769 1839 3067 1886 amatorem
3100 1831 3315 1900 quidem
3341 1846 3527 1885 verum

1938 1935 1991 1980 et
2039 1933 2458 1994 consequentem
2509 1925 2709 1976 ducens
2753 1922 2941 1986 divini,
2988 1938 3093 1977 non
3145 1932 3529 1992 errantemque

1939 2020 2049 2075 Deo
2084 2021 2294 2074 traditis
2347 2018 2686 2073 ductionibus
2730 2018 3007 2087 sequentis
3054 2017 3526 2072 manuductorem.

1941 2115 2046 2170 Sed
2081 2130 2183 2167 non
2211 2111 2390 2167 incst‘
2420 2126 2629 2166 summe
2682 2109 3077 2165 contrariorum
3110 2108 3269 2163 simul
3304 2108 3534 2178 partici-

1941 2220 2282 2279 pare,ncque
2312 2204 2742 2259 communionem
2769 2201 3036 2271 quandam
3064 2200 3129 2254 ad
3147 2216 3312 2255 unum
3330 2199 3533 2254 haben-

1945 2310 2052 2353 tem
2071 2298 2300 2367 partitas
2316 2295 2514 2349 habere
2544 2293 2707 2356 vitas,
2731 2292 2774 2346 si
2796 2292 2957 2345 unius
2979 2290 3169 2360 recipit
3192 2290 3401 2343 firmam
3420 2303 3532 2359 par-

1943 2386 2331 2457 ticipationem,
2359 2381 2879 2438 sedimmoderatum
2921 2394 3040 2433 esse
3073 2387 3127 2433 et
3165 2377 3530 2432 inordinatum

1943 2478 1995 2532 in
2031 2476 2279 2531 omnibus
2315 2472 2682 2528 uniformitate
2708 2470 3078 2526 divisionibus.
3125 2468 3278 2536 Quod
3312 2468 3530 2539 quidem

1942 2565 2304 2638 symbolarum
2346 2562 2564 2618 traditio
2611 2577 2765 2617 sacre
2812 2561 3107 2625 insinuans,
3157 2558 3531 2614 advenientem

1942 2658 2087 2712 velut
2116 2657 2345 2727 priorem
2375 2655 2541 2710 vitam
2575 2668 2798 2717 exuens,
2825 2661 2879 2708 et
2906 2667 3073 2722 usque
3090 2652 3244 2723 juxta
3270 2651 3414 2706 illam
3446 2652 3531 2703 ut-

1945 2746 2105 2801 timos
2134 2745 2349 2802 habitus
2378 2743 2611 2809 solvens,
2637 2742 2836 2796 nudum
2870 2749 2923 2795 et
2972 2739 3346 2795 discalciatum
3391 2740 3535 2795 sistit

1945 2836 2012 2891 ad
2039 2834 2260 2891 occidua
2286 2833 2656 2904 aspicientem,
2687 2841 2740 2887 et
2764 2847 3021 2885 manuum
3050 2831 3535 2886 abrenuuciatione

1943 2930 2203 2985 obscurae
2232 2927 2463 2979 malitiae
2495 2932 2806 2979 renuentem
2834 2922 3266 2987 communiones,
3305 2930 3361 2977 et
3386 2922 3535 2992 inge-

1947 3018 2119 3072 nitum
2149 3016 2251 3070 sibi
2298 3012 2749 3069 dissimilitudinis
2792 3011 3036 3066 habitum
3070 3020 3326 3080 tanquam
3356 3011 3535 3079 exspi-

244 3100 535 3155 cl.n-itates
581 3102 788 3155 obtueri
829 3101 1150 3157 fiducialiter
1193 3102 1429 3168 audebit,
1479 3103 1568 3157 lux
1621 3103 1837 3173 quidem
1869 3111 1911 3172 (ζ
1945 3119 2150 3163 mntem
2223 3116 2275 3160 et
2327 3103 2662 3158 universales
2730 3102 3101 3156 conﬁtentem.
3167 3099 3250 3154 Ad
3305 3100 3406 3153 hoc
3457 3099 3536 3152 sic

242 3191 570 3260 operabitur
614 3202 826 3261 praeter
850 3192 1023 3245 lucem
1055 3191 1185 3246 nihil
1212 3208 1226 3258 ;
1278 3192 1390 3261 ipsa
1418 3205 1546 3246 vero
1573 3191 1842 3261 perfectos

245 3280 573 3351 imperfecte
619 3283 1027 3352 concupiscens,
1085 3298 1151 3337 eo
1185 3283 1398 3352 quidem
1441 3297 1547 3351 quo
1595 3284 1844 3353 inconse-

244 3380 486 3440 quentes
534 3388 639 3425 non
668 3373 831 3426 etiam
867 3373 1125 3444 intelliget
1148 3413 1162 3437 ,
1208 3372 1570 3444 humilemque
1599 3374 1844 3430 iuornate

244 3465 579 3533 despiciens,
601 3481 697 3536 per
728 3466 959 3536 seipsam
996 3465 1211 3521 refellit.
1253 3465 1657 3532 Verumtamen,
1701 3468 1843 3536 quod

244 3556 474 3627 quidem
519 3557 795 3623 dixeram,
834 3558 1074 3613 benefice
1120 3572 1333 3626 semper
1390 3556 1881 3614 intellectualibus'

246 3644 498 3699 vultibus
526 3646 763 3700 divimnn
795 3661 1087 3710 expansum
1130 3653 1212 3700 est
1245 3645 1450 3711 lumen,
1493 3647 1739 3716 inestque
1767 3646 1845 3701 eis

246 3738 502 3808 recipere
532 3748 812 3808 praesente
837 3753 924 3801 eo,
950 3746 1003 3792 et
1039 3752 1252 3807 semper
1274 3738 1339 3791 ad
1370 3737 1536 3792 Deum
1565 3737 1845 3792 decentem

246 3829 597 3899 propriorum
649 3829 994 3885 traditionem
1044 3828 1308 3883 eximente
1354 3828 1722 3897 paratissimo.
1763 3826 1845 3880 Ad

246 3919 399 3974 hanc
426 3917 638 3972 divinus
664 3932 907 3972 summus
934 3919 1189 3972 sacerdos
1233 3915 1558 3971 reformatur
1593 3915 1845 3969 imitatio-

246 4026 405 4075 nem,
456 4009 767 4064 luciformes
822 4024 949 4064 suae
994 4009 1209 4064 divinae
1255 4008 1531 4063 doctrinae
1572 4007 1846 4061 claritates

247 4101 476 4169 copiose
492 4099 544 4152 in
557 4114 744 4153 omnes
758 4098 1149 4169 expandens,et
1160 4098 1532 4152 advenientem
1547 4095 1847 4149 illuminare

249 4191 349 4244 Dei
384 4189 628 4243 imitator
654 4190 1026 4259 paratissimus
1054 4204 1168 4250 ens,
1202 4202 1308 4242 non
1358 4187 1642 4251 invidiose,
1673 4200 1848 4253 neque

248 4281 538 4335 immunde
583 4280 751 4350 priori
807 4278 1077 4348 apostasia
1138 4266 1488 4333 immoderata
1551 4276 1844 4345 quidquam

247 4384 475 4440 semper
502 4384 715 4430 usurus.
756 4370 849 4425 sed
880 4368 1135 4425 divinitus
1163 4383 1374 4438 semper
1410 4366 1846 4449 provenientibus

1943 3200 2161 3253 omnino
2198 3193 2687 3250 immensurabilem
2729 3193 2900 3261 ipsum
2932 3199 2987 3245 et
3027 3205 3141 3244 non'
3165 3188 3535 3243 communica-

1943 3288 2103 3342 bilem
2163 3285 2363 3339 factum
2411 3283 2476 3336 ad
2528 3282 2805 3336 Orientem
2869 3279 3169 3333 transdueit
3226 3279 3277 3332 in
3352 3278 3535 3332 divino

1945 3377 2145 3431 lumine
2173 3385 2372 3430 statum
2400 3381 2451 3428 et
2482 3380 2786 3442 respectum
2824 3369 3062 3423 futurum
3098 3368 3211 3421 fore
3242 3369 3439 3423 munde
3472 3369 3533 3425 in

1944 3464 2336 3535 perfectissimo
2379 3461 2583 3516 malitia
2625 3459 2798 3514 reditu
2842 3457 3184 3529 permittens,
3239 3466 3293 3512 ct
3344 3473 3534 3514 sacras

1946 3556 2066 3625 ejus
2094 3556 2159 3609 ad
2196 3571 2363 3609 unum
2395 3550 2701 3606 rationabili
2734 3550 2973 3604 contuitu
3023 3548 3386 3603 confessiones
3417 3549 3537 3603 titti-

1946 3647 2102 3702 formi
2153 3645 2292 3700 facto
2345 3641 2586 3697 veritatis
2630 3656 2815 3695 amore
2860 3639 3146 3709 recipiens.
3202 3637 3306 3693 Sed
3339 3647 3420 3693 est
3460 3639 3533 3692 ibi

1945 3737 2170 3797 clarum,
2227 3742 2283 3787 ut
2339 3732 2588 3796 aestimo,
2644 3729 3063 3785 ierarchicorum
3106 3728 3363 3793 eruditis,
3411 3730 3533 3798 quia

1946 3826 2170 3879 devictis
2224 3825 2275 3878 i‘n
2326 3822 2642 3877 fortitudine
2697 3821 2764 3875 ad
2814 3836 2979 3874 unum
3041 3820 3436 3881 resistentibus,
3482 3828 3536 3872 ct

1947 3915 2337 3968 contrariorum
2368 3910 2760 3965 universalibus
2791 3909 3299 3975 intercmptionibus
3329 3919 3382 3963 et
3424 3925 3529 3963 non

1948 4004 2329 4065 subsistentiis,
2356 3999 2693 4056 innnutabile
2717 3999 2990 4067 praevalet
3008 3998 3395 4054 intellectualia
3421 4001 3534 4052 dei-

1949 4095 2136 4150 formis
2166 4091 2514 4146 habitudinis.
2553 4088 2668 4142 Non
2698 4089 2843 4144 enim
2876 4087 3051 4142 redire
3078 4096 3296 4158 oportet
3328 4098 3532 4143 tantum

1949 4184 2015 4237 ab
2044 4182 2189 4236 omni
2229 4172 2449 4243 malitia,
2498 4179 2590 4234 sed
2632 4186 2687 4233 et
2730 4177 2959 4232 viriliter
2988 4176 3305 4232 collocatum
3335 4190 3453 4231 esse
3480 4187 3535 4233 et

1950 4276 2273 4346 intrepidum
2322 4288 2535 4342 semper
2580 4281 2766 4327 contra
2801 4271 3065 4341 perditam
3100 4270 3152 4323 in
3193 4284 3312 4323 eam
3350 4268 3534 4337 subje-

1950 4368 2204 4429 ctionem,
2240 4380 2410 4432 neque
2448 4363 2628 4432 templi
2670 4361 2915 4416 veritatis
2940 4362 2990 4413 in
3027 4358 3212 4429 requie
3245 4357 3534 4428 aliquando

180 4528 189 4533 _
246 4462 372 4517 suis
417 4462 473 4516 in
523 4462 694 4517 lucem
748 4462 1087 4518 ductionibus
1133 4461 1428 4517 ierarchice
1499 4459 1743 4515 relucens
1789 4459 1841 4513 in
1872 4453 1921 4514 Ι)
1948 4458 2086 4513 fieri.
2115 4457 2343 4512 Attende
2375 4470 2503 4509 vero
2537 4465 2591 4508 et
2618 4454 2965 4509 aeternaliter
3005 4455 3056 4508 iu
3087 4469 3207 4508 eam
3265 4463 3325 4508 ut
3362 4454 3533 4509 virtus

249 4553 401 4607 bono
432 4560 625 4606 ornatu
665 4560 719 4607 et
746 4552 934 4606 ordine
977 4562 1032 4606 et
1060 4552 1303 4622 analogia
1337 4551 1757 4621 uniuscujusque
1773 4550 1840 4604 ad

247 4660 415 4698 sacra
446 4645 1004 4699 commensurationis.
1047 4643 1154 4699 Sed
1194 4645 1446 4714 quoniam
1497 4651 1715 4698 sanctae
1751 4657 1842 4695 or-

248 4734 554 4790 dinationis
580 4746 663 4789 est
688 4735 1009 4803 principium
1058 4734 1218 4796 Deus,
1252 4734 1544 4789 secundum
1574 4734 1717 4801 quod
1754 4746 1840 4787 se-

249 4826 407 4894 ipsos
450 4831 780 4893 cognoscunt
825 4822 963 4877 sacri
1013 4822 1336 4888 intellectus,
1392 4822 1457 4875 ad
1507 4834 1842 4888 consequens

249 4925 490 4969 naturae
515 4914 724 4969 visibile
755 4929 1057 4979 recurrens,
1092 4914 1142 4967 in
1170 4912 1433 4982 principio
1453 4912 1668 4981 quidem
1696 4910 1837 4979 quis,

246 5003 478 5073 quando
521 5012 627 5069 est,
677 5004 791 5074 ipse
834 5004 1076 5059 videbit:
1108 5010 1163 5058 et
1197 5003 1299 5057 hoc
1322 5002 1551 5071 accipiet
1588 5002 1843 5073 primum,

249 5110 324 5149 ex
357 5102 605 5165 respectu
661 5096 726 5149 ad
773 5095 951 5151 lumen
1001 5111 1212 5150 sacrum
1260 5094 1478 5149 donum.
1536 5093 1635 5161 Qui
1668 5102 1845 5149 autem

252 5192 481 5262 propria
523 5191 662 5246 bene
703 5191 1123 5261 impassibilibus
1154 5190 1323 5246 oculis
1366 5189 1599 5258 inspicit,
1635 5203 1701 5242 ex
1740 5204 1845 5242 non

256 5278 571 5334 lucentibus
614 5280 830 5349 quidem
889 5288 1189 5335 revertetur
1248 5278 1583 5349 ignorantiae
1648 5279 1850 5332 obscu-

257 5370 367 5434 ris,
398 5370 491 5424 Dei
521 5380 698 5426 autem
724 5371 1113 5441 perfectissima
1136 5373 1340 5427 unitate
1363 5379 1413 5427 et
1436 5370 1847 5441 participatione

1952 4547 2165 4601 extendi
2186 4547 2250 4599 ad
2268 4544 2656 4614 perfectissima
2697 4543 2993 4599 divinitatis
3031 4544 3402 4599 ascensionem
3446 4559 3532 4596 sa-

1949 4619 2040 4694 cre
2065 4652 2278 4706 semper
2307 4644 2571 4705 agentem.
2604 4635 2766 4689 Vides
2809 4644 2988 4688 autem
3021 4635 3214 4695 horum
3253 4634 3534 4705 diligentes

1950 4727 2212 4797 imagines
2242 4726 2292 4779 in
2336 4725 2630 4780 ierarchice
2676 4724 3039 4795 perficiendis.
3085 4724 3373 4780 Deiformis
3412 4726 3534 4795 qui—

1948 4821 2069 4873 dem
2105 4833 2347 4871 summus
2387 4816 2640 4871 sacerdos
2685 4817 2903 4871 inchoat
2935 4833 3148 4871 sacram
3198 4815 3533 4883 unctionem,

1947 4909 2255 4963 sacerdotes
2280 4923 2410 4962 vero
2462 4909 2561 4961 sub
2591 4909 2705 4976 ipso
2740 4907 3027 4976 perficiunt
3057 4910 3326 4965 unctionis
3364 4908 3534 4963 sacri-

1952 5001 2152 5065 ficium,
2181 5002 2246 5054 ad
2274 5015 2429 5053 sacra
2461 5000 2511 5051 in
2557 4998 2905 5051 similitudine
2930 5000 3315 5068 perficiendum
3359 5007 3533 5052 certa-

1952 5092 2094 5146 mina
2122 5099 2429 5148 evocantes,
2458 5087 2754 5142 secundum
2785 5103 2925 5156 quae
2957 5089 3057 5143 sub
3087 5090 3351 5143 militante
3375 5086 3530 5142 Chri-

1950 5193 2031 5238 sto
2062 5182 2235 5236 factus
2260 5190 2361 5235 est.
2394 5178 2658 5246 Quoniam
2698 5184 2757 5230 ut
2792 5178 2933 5233 Deus
2968 5188 3052 5233 est
3110 5178 3334 5231 militiae
3379 5190 3529 5230 crea-

1949 5286 2054 5335 tor,
2104 5281 2161 5326 ut
2204 5270 2417 5340 sapiens
2444 5284 2570 5323 vero
2598 5267 2745 5339 leges
2775 5266 2893 5336 ejus
2923 5268 3122 5338 posuit,
3153 5275 3408 5336 operatus
3449 5270 3542 5327 est,
3580 5320 3589 5323 _

1952 5377 2009 5420 ut
2034 5367 2227 5430 bonus,
2257 5366 2483 5419 decorus
2521 5362 2818 5418 victoribus
2844 5359 3103 5432 praemia.
3150 5358 3218 5412 Et
3255 5359 3425 5411 adhuc
3452 5355 3535 5407 di-.

1539 5499 1791 5555 VAIHAE
1830 5466 2231 5554 LECTIONES.

342 5616 359 5647 ι
384 5624 517 5668 recte
542 5616 890 5670 introducam.
968 5616 987 5644 ²
1030 5614 1069 5667 E
1109 5614 1421 5681 disputatur.

258 5684 285 5717 ‘
335 5685 423 5741 BH
454 5695 547 5739 est.

1530 5610 1548 5640 ³
1589 5610 1838 5678 imagines
1859 5639 1926 5650 -—
1948 5608 2279 5661 inrisibiliunt
2310 5622 2417 5661 om.
2448 5605 2556 5659 illi.

2636 5606 2650 5632 ³
2680 5605 2717 5655 Β
2751 5617 2851 5653 non
2884 5599 3087 5650 (ῆι-ἰωὴ.
3168 5598 3185 5625 ⁸
3217 5593 3299 5646 iiii
3335 5594 3508 5661 ipsum
