3952 6162
382 286 518 343 11279
1742 285 2023 345 JOANNlS
2061 283 2263 342 SCOTI
3500 280 3653 337 1050‘

378 396 579 460 vinius,
612 393 865 462 quoniam
896 393 1109 462 quidem
1144 401 1202 448 ut
1237 395 1473 464 optimus
1503 397 1554 450 in
1584 397 1846 453 militibus
1877 398 1953 452 ef-
1982 398 2029 458 Α
2058 397 2372 466 spiciamns,
2412 405 2631 467 propter
2658 397 2786 465 quid
2816 411 3104 452 commune
3151 395 3272 450 aliis
3322 394 3644 451 ierarchicis

380 486 554 539 foetus
579 496 662 538 est
688 499 809 537 cum
841 484 971 554 ipsis
1019 499 1191 549 sacre,
1244 501 1345 555 pro
1390 501 1578 540 eorum
1624 488 1874 557 libertate
1910 498 1965 543 ct
2064 489 2261 554 teletis,
2293 491 2525 545 discrete
2553 491 2682 545 huic
2711 490 2847 545 ultra
2878 498 3090 545 celeras
3124 489 3420 558 reponitur,
3453 498 3508 542 et
3532 492 3636 543 sin-

381 577 630 640 victoria,
657 575 721 627 ad
748 576 936 629 mortis
962 585 1015 630 ct
1044 576 1404 645 corruptionis
1427 587 1748 632 concertans
1771 589 1962 648 poten-
2062 582 2325 659 gulariter
2353 582 2694 651 praedicatur
2720 582 3029 636 communio
3056 591 3109 635 et
3140 582 3384 651 synaxis,
3408 596 3650 649 unaqua-

386 679 514 727 tem,
546 662 879 716 certantibus
927 665 1141 731 quidem
1199 674 1453 733 tanquam
1508 667 1666 750 Deus.
1691 668 1965 737 perfectus
2064 689 2169 743 que
2199 688 2350 727 sacra
2391 673 2683 742 pcrfeetiva
2716 673 2960 735 actione,
3005 673 3234 741 partitas
3266 682 3483 724 nosnos
3506 671 3649 723 vitas

384 753 625 808 ascendit
651 753 923 823 gaudens:
948 762 1130 809 manet
1169 764 1349 809 autem
1378 755 1429 808 in
1458 757 1716 825 sapientis
1749 757 1965 828 legisla-
2065 765 2119 818 in
2148 764 2466 818 uniformem
2489 764 2886 819 dciticationem
2908 763 3216 834 colligente,
3235 772 3290 818 et
3313 764 3647 818 diversarum
3679 750 3689 757 “

387 844 655 907 tionibus,
715 854 772 900 et
840 846 1130 901 secundum
1201 862 1294 900 eas
1358 847 1473 900 sine
1542 850 1966 919 transgressione
2065 853 2314 908 deiformi
2348 855 2761 924 complicatioue
2797 856 2865 909 ad
2915 871 3081 909 unum
3112 854 3550 909 communionem
3592 862 3652 908 et

385 935 664 989 contendit
731 937 799 990 ad
874 937 1137 991 bonorum
1222 938 1586 1006 praemiorum
1658 954 1806 1008 spem
1876 938 1969 992 tir-
2066 943 2327 997 unitatem
2356 943 2609 997 donante.
2642 943 2882 998 Dicimus
2907 951 3107 1007 autem,
3141 943 3263 1012 quia
3296 958 3391 997 eas
3418 942 3649 996 aliorum

386 1029 543 1084 miter
603 1026 843 1090 habens,
905 1026 1005 1080 sub
1059 1026 1265 1095 optimo
1327 1025 1553 1081 militiae
1623 1027 1849 1082 Domino
1915 1036 1969 1082 et

386 1123 522 1174 duce
594 1117 892 1171 ordinatus.
951 1116 1225 1186 Superans
1284 1132 1412 1171 vero
1478 1116 1670 1170 divinis
1730 1118 1967 1190 vestigiis

389 1212 620 1265 militum
678 1208 836 1277 primi
901 1223 1000 1276 per
1051 1208 1361 1268 bonitatem,
1402 1207 1566 1260 Deum
1633 1208 1970 1261 imitantibus

390 1303 603 1358 tnilitiis
651 1301 716 1354 ad
764 1299 1159 1354 deiﬁcationem
1215 1301 1519 1354 contrarias
1558 1300 1604 1353 ei
1648 1300 1972 1354 reluctantes

388 1405 443 1448 et
496 1392 845 1463 operationes
891 1399 946 1444 et
986 1390 1380 1453 subsistentias,
1428 1390 1781 1445 conunoritnr
1818 1389 1974 1445 Chri-

391 1491 500 1546 sto,
556 1480 785 1551 mystice
829 1477 1115 1532 dicendum
1160 1488 1412 1546 peccato,
1472 1494 1568 1547 per
1625 1480 1970 1548 baptismum.

394 1573 461 1625 Et
490 1586 700 1626 mecmn
720 1570 994 1640 sapienter
1017 1570 1287 1640 intelligit,
1313 1586 1467 1625 sacra
1491 1586 1613 1625 cum
1638 1579 1835 1639 quanta
1861 1570 1975 1641 pul-

391 1662 694 1717 chritudine
722 1661 883 1715 habet
928 1661 1187 1733 symbola.
1219 1661 1429 1715 Etenim
1478 1663 1729 1730 quoniam
1760 1663 1976 1731 quidem

2068 1033 2488 1087 ierarchicorum
2522 1033 2885 1105 symbolarum
2918 1033 3354 1103 participationi,
3395 1047 3649 1087 consum-

2068 1124 2234 1178 matio
2283 1137 2349 1177 ex
2399 1123 2556 1178 istius
2602 1123 2798 1178 divinis
2838 1132 2892 1178 et
2934 1123 3249 1192 perfectivis
3288 1123 3534 1178 invenire
3568 1130 3653 1177 est

2069 1215 2243 1269 donis.
2283 1213 2397 1267 Non
2425 1215 2568 1269 enim
2600 1215 2740 1268 inest
2772 1206 2903 1279 fere,
2927 1214 3194 1283 quandam
3219 1213 3403 1283 perﬁci
3435 1213 3653 1267 teletam

2072 1305 2423 1359 ierarclticam
2450 1346 2465 1371 ,
2518 1305 2618 1359 nisi
2666 1304 2998 1360 divinissima
3047 1304 3383 1358 Eucharistia
3426 1304 3479 1357 in
3522 1317 3652 1357 con-

2073 1396 2429 1451 summatione
2471 1409 2568 1464 per
2609 1393 2820 1464 singula
2863 1394 3316 1463 perﬁciendorum
3360 1394 3430 1448 ad
3489 1410 3654 1447 unum

2075 1483 2441 1552 perﬁcientem
2485 1484 2539 1537 in
2580 1498 2731 1538 sacra
2772 1484 2983 1538 actione
3026 1483 3417 1548 collectionem,
3444 1492 3511 1537 et
3548 1484 3661 1537 Deo

2078 1572 2276 1627 tradita
2318 1573 2607 1628 donatione
2650 1572 3068 1642 perfectivorum
3108 1574 3483 1646 mysteriorum
3536 1588 3662 1642 per-

2078 1666 2291 1720 ﬁcientc
2337 1666 2506 1735 ipsius
2560 1666 2627 1719 ad
2682 1666 2849 1721 Deum
2901 1667 3351 1721 communionem.
3423 1664 3479 1718 Si
3530 1679 3664 1733 ergo

391 1768 540 1808 mors
564 1761 648 1807 est
684 1752 736 1805 in
770 1752 945 1815 nobis,
978 1767 1083 1805 non
1113 1752 1400 1815 essentiae,
1439 1768 1541 1805 nou
1573 1752 1976 1815 subsistentiae,
2008 1740 2051 1797 Β
2082 1772 2432 1826 unaquaeque
2491 1756 2916 1812 ierarchicarum
2979 1756 3285 1822 teletarum,
3344 1754 3663 1825 imperfecta

395 1847 551 1918 juxta
579 1846 722 1916 quod
754 1845 928 1899 visunt
967 1854 1049 1899 est
1078 1844 1223 1909 aliis,
1257 1845 1531 1899 unitorum
1560 1860 1684 1900 vero
1712 1844 1987 1914 separatio

395 1938 554 1994 nobis
585 1938 852 1993 invisibile
884 1938 1108 2003 ducens,
1147 1938 1383 1990 animam
1413 1938 1653 2006 quidem,
1692 1947 1750 1991 ut
1796 1937 1847 1991 in
1874 1937 1984 2006 pri—

390 2030 604 2084 vatione
627 2030 870 2098 corporis
899 2042 1114 2096 semper
1139 2026 1396 2092 futuram,
1428 2030 1635 2096 corpus
1664 2043 1790 2082 vero
1824 2037 1881 2082 ut
1928 2029 1983 2084 in

400 2132 543 2177 terra
572 2122 862 2184 occultum,
894 2130 985 2174 aut
1006 2119 1157 2188 juxta
1186 2120 1410 2176 alteram
1436 2123 1704 2190 quandam
1733 2137 1985 2192 corpora-

398 2216 529 2270 lium
568 2215 944 2278 mutationum,
987 2228 1051 2268 ex
1091 2228 1154 2268 ea
1191 2227 1330 2281 quae
1359 2221 1442 2268 est
1471 2214 1767 2268 secundum
1808 2214 1982 2267 homi-

398 2322 521 2361 nem
552 2306 731 2376 specie
778 2304 1111 2369 demolitum,
1144 2303 1368 2374 pulchre
1395 2318 1493 2373 per
1540 2319 1733 2372 aquam
1765 2303 1985 2358 univer-

397 2395 526 2451 salis
555 2395 845 2450 occultatio
881 2394 933 2447 in
977 2394 1167 2447 mortis
1212 2403 1267 2447 et
1308 2392 1616 2462 sepulturae
1639 2392 1987 2450 informitatis

398 2485 630 2557 imagine
643 2486 922 2555 accipitur.
950 2483 1116 2540 Sacre
1130 2484 1293 2553 igitur
1309 2485 1755 2554 haptizandorum
1772 2485 1986 2555 symbo-

398 2576 501 2631 lica
533 2577 776 2631 doctrina
804 2575 1025 2646 mystice
1046 2575 1224 2641 docet,
1258 2574 1430 2629 tribus
1453 2574 1505 2628 in
1538 2589 1676 2643 aqua
1700 2575 1985 2629 dimersio-

398 2668 560 2725 nibus
612 2667 846 2720 divinam
882 2665 1055 2718 triduo
1085 2665 1414 2734 totidemque
1444 2666 1692 2719 noctibus
1720 2666 1771 2718 in
1812 2665 1987 2735 sepul-

400 2769 519 2810 tura
567 2755 694 2811 Jesu
740 2757 879 2809 vitae
922 2755 1128 2810 datoris
1171 2754 1369 2809 imitari
1419 2763 1671 2820 mortem,
1725 2765 1985 2825 quantum

404 2846 658 2916 possibile
690 2847 819 2900 viris
848 2846 1027 2899 divina
1080 2847 1326 2908 imitatio,
1385 2847 1436 2900 in
1471 2861 1576 2916 quo
1599 2845 1754 2915 juxta
1785 2848 1984 2918 eloquii

402 2937 764 3009 mysterialem
795 2946 850 2991 ct
892 2937 1157 2993 occultam
1200 2937 1566 3004 traditionem,
1606 2938 1739 2993 nihil
1783 2939 1988 2993 invenit

399 3029 652 3107 princeps
682 3031 863 3085 uumdi
888 3042 934 3083 ι.
969 3030 1171 3085 Deinde
1194 3045 1322 3085 vero
1340 3030 1640 3085 luciformia
1666 3032 1985 3086 vestimenta

407 3096 634 3182 induunt
663 3134 1117 3179 consummatum.
1142 3123 1296 3178 Virili
1330 3123 1472 3178 enim
1505 3132 1559 3177 et
1588 3122 1835 3179 deiformi
1859 3126 1987 3178 cbu-
2012 3096 2057 3158 Ο

406 3214 696 3267 trariorum
730 3212 1179 3283 impossibilitate,
1209 3221 1261 3267 et
1288 3213 1352 3267 ad
1378 3229 1541 3267 unum
1569 3214 1722 3266 ﬁrmo
1743 3213 1984 3269 contuitu

406 3306 715 3358 inornatum
747 3313 996 3368 ornatur,
1046 3311 1104 3361 et
1153 3302 1381 3358 informe
1428 3304 1805 3369 formilicatur,
1854 3304 1990 3359 luci.

406 3393 562 3447 formi
589 3392 964 3446 universaliter
1002 3392 1110 3446 vita
1151 3393 1456 3462 splendens.
1489 3392 1757 3463 Unguenti
1804 3402 1984 3448 autent

406 3484 698 3553 perl’ccziva
731 3483 914 3537 unctio
965 3483 1293 3538 odoriferam
1322 3486 1451 3540 facit
1473 3477 1790 3555 perfectum.
1821 3485 1987 3541 Sacra

405 3574 548 3629 enim
603 3573 819 3626 divinae
870 3573 1233 3640 generationis
1279 3574 1670 3628 consummatio
1724 3574 1992 3630 coadunat

410 3673 784 3717 consummata
809 3662 991 3717 divino
1015 3664 1245 3735 spiritui.
1264 3663 1609 3722 invisibiliter
1623 3673 1799 3723 autem
1815 3667 1993 3721 odori-

410 3757 569 3808 fzcum
601 3753 1037 3824 eLperlectivum
1063 3754 1383 3819 adventum,
1408 3754 1831 3815 ineﬂ‘abillimum
1877 3757 1994 3812 exi-

409 3849 664 3906 stentem,
698 3857 1024 3911 cognoscere
1061 3843 1493 3903 intellectualiter
1538 3847 1775 3903 concedo
1820 3848 1993 3917 dignis
2036 3890 2042 3901 .

408 3933 704 3987 secundum
736 3934 1060 3993 intellectum
1086 3935 1250 3990 divini
1281 3936 1501 4006 spiritus
1531 3951 1688 3992 sacra
1710 3947 1765 3992 et
1804 3938 1992 3995 deiﬁca

410 4024 913 4079 conuuunicatione.
948 4025 1004 4080 in
1034 4025 1141 4081 ﬁne
1169 4036 1348 4082 autem
1372 4028 1614 4082 omnium
1645 4043 1886 4084 summus
1909 4044 1994 4085 sa-

409 4112 599 4167 cerdos
639 4114 703 4167 ad
755 4114 1177 4169 sacratissimam
1227 4115 1626 4173 Eucharistiam
1678 4129 1836 4174 vocat
1873 4135 1995 4190 per-

409 4206 635 4269 fectum,
687 4216 744 4261 et
793 4207 1208 4281 perfectivorum
1259 4210 1639 4287 mysteriorum
1690 4212 1793 4281 ipsi
1834 4214 1997 4270 tradit

410 4300 868 4356 communionem.

944 4428 1342 4486 CAPITULUM
1376 4429 1460 4485 Ill.

832 4542 907 4597 De
934 4543 1260 4614 perﬁciendis
1291 4542 1343 4598 in
1373 4545 1603 4614 synaxi.‘

484 4655 592 4709 Sed
611 4671 765 4727 euge,
787 4657 1041 4727 quoniam
1066 4654 1226 4724 hujus
1248 4656 1806 4721 commemoravimus,
1832 4672 1999 4729 quam

416 4762 524 4801 non
574 4746 705 4800 mihi
744 4745 950 4813 justum
1000 4754 1084 4799 est
1128 4747 1520 4803 trauscurrenti
1574 4747 1994 4803 ierarchicorum

417 4837 545 4906 quid
574 4845 699 4891 ante
727 4852 845 4891 eam
876 4836 1021 4890 aliud
1055 4836 1292 4892 laudare.
1325 4837 1539 4895 Etenim
1568 4849 1671 4904 est,
1702 4838 1997 4892 secundum

414 4925 707 4993 gloriosum
763 4936 1006 4987 nostrum
1061 4929 1421 4999 magistrum,
1476 4928 1762 4983 teletarum
1814 4928 1999 4985 teleta.

416 5018 482 5071 Et
512 5026 725 5087 oportet
756 5027 881 5075 ante
912 5018 1045 5073 alias
1075 5035 1195 5074 eam
1249 5034 1403 5074 sacre
1441 5018 1797 5083 scribentem,
1828 5034 1995 5089 expo-

416 5120 740 5179 nentemque
789 5126 857 5165 ex
910 5110 1087 5165 divina
1130 5112 1285 5185 juxta
1335 5110 1549 5181 eloquia
1597 5119 1653 5165 et
1702 5110 1998 5165 ierarchica

414 5203 643 5257 SClelllla
695 5203 747 5257 in
792 5218 1001 5259 sacram
1055 5204 1169 5270 ejus
1219 5204 1511 5259 ascendere
1578 5202 1758 5258 divino
1805 5202 2005 5274 spiritu

419 5296 944 5365 contemplationem.
1000 5295 1065 5348 Et
1093 5295 1324 5363 primum
1353 5294 1568 5365 qundem
1598 5295 1701 5349 hoc
1728 5309 1883 5348 sacre
1911 5294 1995 5349 in-

2017 4438 2071 4497 D

2082 1848 2296 1918 quidem
2324 1862 2439 1911 ens,
2483 1847 2549 1901 ad
2574 1861 2739 1901 unum
2766 1854 3005 1901 nostram
3030 1845 3465 1901 communionem
3493 1854 3550 1899 et
3573 1858 3672 1915 sy-

2084 1940 2265 1993 naxim
2312 1955 2416 1993 non
2459 1938 2748 2008 perﬁciet:
2796 1948 2853 1993 et
2894 1946 2977 1994 est
3023 1938 3208 2001 teleta,
3261 1948 3481 2009 propter
3518 1938 3667 2008 quod

2083 2028 2454 2099 imperfectum
2480 2026 2674 2083 aufert.
2721 2026 2873 2082 Finis
2897 2037 3075 2082 autem
3101 2028 3264 2083 totius
3288 2037 3342 2082 et
3366 2027 3664 2098 capitulum

2085 2118 2387 2174 divinorum
2448 2117 2829 2190 mysteriorum
2885 2114 3126 2187 perfecto
3168 2118 3422 2183 traditio,
3468 2116 3669 2173 merito

2086 2210 2386 2266 ierarchica
2444 2209 2800 2278 intelligentia
2858 2208 3385 2279 cognominationem
3433 2208 3483 2263 ei
3536 2223 3665 2278 pro-

2081 2304 2256 2374 priam
2289 2317 2355 2357 ex
2395 2301 2665 2356 actionum
2697 2299 2926 2355 veritate
2969 2299 3192 2353 invenit.
3240 2297 3332 2354 Sic
3365 2308 3422 2354 et
3455 2313 3673 2353 sacram

2085 2394 2300 2449 divinae
2339 2391 2703 2464 generationis
2745 2390 2984 2456 teletam,
3030 2390 3286 2459 quoniam
3329 2390 3565 2460 primum
3593 2388 3671 2443 lu-

2085 2501 2209 2541 men
2249 2485 2451 2550 tradit,
2496 2491 2551 2539 et
2584 2482 2825 2538 omnium
2868 2490 2952 2536 est
2996 2481 3322 2551 principium
3362 2481 3675 2536 divinarum.

2087 2577 2141 2631 in
2176 2576 2357 2630 lumen
2397 2573 2876 2635 introductionum,
2923 2587 2987 2627 ex
3029 2570 3268 2641 perfecto
3303 2587 3431 2625 vera
3472 2570 3677 2624 illumi-

2086 2667 2320 2723 nationis
2358 2665 2722 2721 nominatione
2760 2663 3061 2718 laudamus.
3108 2661 3383 2731 Siquidem
3417 2662 3681 2716 omnibus

2086 2772 2371 2813 commune
2415 2753 2943 2818 ierarchicis,_lueem
2984 2754 3125 2808 sacri
3151 2753 3365 2807 tradere
3390 2753 3683 2821 perlicien-

2086 2850 2190 2906 dis.
2238 2849 2343 2904 Sed
2389 2849 2525 2903 haec
2567 2848 2801 2917 primum
2828 2844 3011 2900 videre
3056 2845 3274 2900 donavit
3312 2844 3466 2908 mihi,
3494 2852 3555 2898 et
3581 2859 3689 2913 per.

2090 2941 2261 3010 ipsum
2296 2936 2415 3008 ejus
2450 2936 2746 3007 principale
2790 2934 2970 2989 lumen
3019 2934 3075 2988 in
3117 2933 3345 2989 aliorum
3390 2948 3683 2989 sacrorum

2088 3039 2438 3101 conspectum
2476 3028 2770 3083 luciducor.
2823 3025 2968 3080 Haec
3000 3034 3181 3079 autem
3212 3023 3474 3088 dicentes,
3502 3026 3686 3094 respi-

2088 3123 2292 3179 ciemus
2330 3128 2385 3176 et
2428 3119 2728 3174 videbimus
2789 3116 3087 3172 ierarchice
3145 3129 3243 3185 per
3287 3113 3500 3185 singula
3552 3114 3685 3170 dili-

2088 3224 2298 3288 gentem
2350 3213 2726 3268 sanctissimae
2782 3209 2977 3266 teletae
3027 3208 3297 3264 actionem
3354 3221 3573 3262 sacram
3623 3213 3684 3261 et

2088 3298 2613 3376 contemplationem.

2302 3437 2610 3509 Mysterium
2638 3451 2895 3506 synaxeos
2924 3436 3029 3489 sive
3051 3433 3452 3489 communionis.

2163 3565 2415 3621 Summus
2438 3564 2654 3633 quidem
2680 3561 2932 3619 sacerdos
2952 3561 3250 3616 orationem
3275 3574 3488 3614 sacram
3514 3573 3686 3630 super

2090 3658 2329 3712 divinum
2370 3656 2540 3711 altare
2582 3642 2888 3724 perﬁciens,
2913 3668 2980 3707 ex
3009 3653 3124 3721 ipso
3150 3650 3365 3707 adolere
3390 3651 3681 3716 inchoans,

2092 3746 2146 3801 in
2189 3761 2402 3801 omnem
2443 3745 2590 3799 venit
2633 3744 2769 3798 sacci
2797 3742 2951 3796 chori
2995 3739 3277 3794 ambitum.
3306 3738 3545 3793 Rediens
3574 3739 3683 3793 ite.

2092 3854 2211 3893 rum
2258 3839 2325 3893 ad
2364 3837 2604 3893 divinum
2649 3834 2837 3899 altare,
2912 3833 3103 3901 incipit
3137 3847 3292 3886 sacra
3343 3830 3687 3902 psalmorum

2091 3926 2321 3984 melodia
2372 3928 2413 3992 ³,
2464 3926 2786 3981 concinente
2831 3924 2880 3978 ei
2926 3923 3242 3993 psalmicam
3287 3936 3500 3975 sacram
3547 3936 3686 3975 ora-

2093 4019 2294 4073 tionem
2331 4017 2477 4073 omni
2520 4015 2887 4072 ecclesiastica
2932 4011 3305 4082 dispositione.
3351 4009 3553 4064 Deinde
3584 4025 3692 4079 per

2092 4114 2372 4171 ministros
2411 4114 2527 4183 ipsa
2568 4110 3005 4182 propheticarum
3048 4107 3314 4163 deltarum
3349 4102 3510 4157 lectio
3538 4116 3688 4156 con-

2093 4212 2381 4275 sequenter
2417 4203 2496 4258 ﬁt.
2551 4202 2618 4256 Et
2662 4210 2785 4271 post
2828 4201 2926 4254 has
2953 4197 3085 4253 foris
3129 4196 3265 4253 ﬁunt
3289 4208 3445 4249 sacro
3471 4191 3691 4247 ambitu
3722 4244 3736 4254 ,

2094 4293 2496 4359 catcchumeni,
2524 4300 2579 4345 et
2616 4307 2740 4346 cum
2780 4289 2913 4364 ipsis
2954 4285 3321 4355 energumeni.
3351 4292 3409 4338 et
3433 4281 3525 4350 qui
3553 4290 3695 4334 sunt

2101 4388 2156 4442 in
2203 4385 2557 4459 poenitentia.
2606 4383 2827 4443 Manent
2869 4389 3051 4439 autem
3103 4377 3408 4433 divinorum
3459 4383 3694 4440 aspectu

2097 4486 2152 4533 et
2173 4475 2551 4531 communione
2578 4473 2746 4545 digni.
2795 4470 3161 4530 Ministrorum
3187 4479 3315 4520 vero
3338 4462 3429 4518 alii
3462 4460 3694 4530 quidem

2100 4575 2249 4622 stant
2288 4566 2354 4620 ad
2396 4564 2578 4634 templi
2622 4570 2807 4633 portas
2852 4558 3176 4620 conclusas;
3228 4553 3320 4631 alii
3363 4566 3492 4605 vero
3534 4550 3692 4603 aliud

2100 4657 2229 4730 quid
2270 4657 2474 4727 proprii
2514 4654 2721 4711 ordinis
2765 4659 3101 4721 operantur;
3150 4645 3242 4699 alii
3290 4652 3471 4698 autem
3519 4642 3695 4696 mini-

2102 4749 2355 4804 stratoria
2411 4745 2762 4815 dispositione
2815 4740 3093 4804 discreti,
3135 4752 3258 4793 cum
3308 4732 3697 4789 sacerdotibus

2102 4854 2265 4910 super
2304 4838 2547 4893 divinum
2588 4835 2760 4889 altare
2805 4838 3112 4905 proponunt
3149 4840 3365 4883 sacrum
3394 4838 3592 4894 panem
3635 4831 3695 4878 et

2101 4928 2490 4986 benedictionis
2532 4926 2776 4988 calicem,
2826 4932 2950 4977 ante
2989 4920 3240 4976 confessa
3284 4916 3354 4970 ab
3391 4914 3538 4967 omni
3584 4912 3694 4968 Ec-

2101 5020 2297 5076 clesiae
2318 5017 2648 5091 plenitudine
2661 5013 2929 5080 catholica
2952 5007 3317 5081 hymnologia.
3333 5004 3465 5059 Cum
3484 5002 3695 5070 quibus

2101 5113 2314 5167 divinus
2354 5105 2593 5180 pontifex
2621 5107 2923 5161 orationem
2951 5115 3163 5158 sacram
3206 5097 3449 5169 perﬁcit,
3478 5102 3534 5147 et
3558 5108 3696 5146 san-
3739 5158 3749 5167 ε

2101 5214 2243 5261 ctam
2288 5217 2479 5273 pacem
2534 5198 2785 5255 omnibus
2840 5191 3142 5266 promittit;
3210 5198 3267 5244 et
3322 5183 3695 5242 salutantibus

2103 5298 2245 5357 inter
2282 5310 2341 5351 se
2380 5293 2609 5351 invicem
2652 5289 2939 5351 omnibus,
2993 5282 3220 5355 mystica
3265 5291 3542 5336 sacrorum
3586 5289 3693 5329 vo-

1700 5407 1957 5463 VARIAE
1995 5406 2411 5470 LECTIONES.

504 5504 517 5531 ¹
551 5501 637 5555 Bll
665 5518 870 5555 sacrant
900 5500 1228 5570 psalmorum
1260 5499 1558 5554 melodium.

1950 5589 2199 5646 NOTAE.

502 5673 525 5700 ⁸
570 5660 722 5714 Joan.
758 5663 893 5718 XIV.
