3952 6162
256 300 376 358 ιλει

812 299 1057 361 vensw
1095 298 1377 360 OPERUM
1416 304 1473 360 s.
1518 294 1830 360 mosvsn.
1872 336 1942 346 —
1980 295 2511 365 ECCLESIASTICA
2547 296 2938 368 temecum.

3376 312 3512 371 teni

248 416 509 473 luminum
537 399 867 490 praedicatio
890 419 1187 490 perﬁcitur.
1210 421 1277 475 Et
1301 421 1605 477 lavantibus
1632 436 1822 476 manus
1852 425 1897 483 Α
1926 430 1980 476 ct
2026 421 2432 478 collocationem
2481 424 2732 493 efﬁcitur,
2778 435 2834 482 et
2879 428 3130 483 omnibus
3168 428 3514 491 deiformiius

250 525 383 577 aqua
432 525 643 564 summo
694 511 972 565 sacerdote
1017 520 1072 563 et
1116 510 1527 577 sacerdotibus,
1578 527 1821 566 summus

249 602 459 669 quidem
501 600 752 653 sacerdos
794 600 846 653 in
895 600 1073 655 medio
1115 601 1278 655 divini
1328 601 1515 656 altaris
1556 610 1687 666 stat,
1718 602 1820 657 cir-

245 702 514 748 cumstant
540 702 717 746 autem
755 694 852 747 soli
891 710 1013 748 cum
1052 695 1421 749 sacerdotibus
1450 697 1818 750 ministrorum

244 783 448 838 selecti.
491 781 559 835 Et
582 798 765 837 sacras
786 783 997 837 divinas
1022 784 1263 839 actiones
1299 800 1542 839 summus
1570 786 1820 841 sacerdos

243 874 490 935 laudans,
530 871 803 926 sacriﬁcat
846 872 1203 937 divinissima,
1247 883 1300 928 et
1340 876 1439 928 sub
1474 883 1819 944 conspectum

242 965 392 1018 ducit
434 962 648 1016 laudata
691 978 788 1033 per
828 978 981 1017 sacre
1021 964 1425 1032 procumbentia
1454 966 1718 1036 symbola,
1764 976 1818 1021 et

242 1055 559 1109 donationes
597 1053 897 1107 divinorum
937 1065 1155 1108 actuum
1199 1054 1518 1122 ostendens,
1566 1055 1620 1111 in
1664 1072 1816 1111 com-

240 1147 552 1201 nmnionem
586 1160 771 1201 eorum
797 1146 1116 1201 sanctiﬁcat.
1143 1146 1369 1217 Ipseque
1394 1150 1561 1212 venit,
1590 1157 1647 1203 et
1686 1149 1819 1204 alios

236 1238 577 1291 adhortatur.
628 1236 912 1304 Accipiens
936 1252 1063 1293 vero
1088 1247 1141 1293 et
1169 1240 1386 1294 tradens
1410 1240 1643 1294 divinam
1673 1256 1819 1295 com-

236 1330 573 1391 munionem,
617 1329 671 1383 in
699 1329 1089 1386 Eucharistiam
1127 1348 1340 1388 sacram
1377 1333 1593 1399 desinit,
1637 1333 1820 1389 multis

235 1420 453 1490 quidem
481 1419 535 1473 in
562 1419 673 1473 sola
718 1420 899 1475 divina
925 1422 1165 1492 symbola
1193 1423 1665 1493 prospicientibus,
1701 1426 1818 1496 ipso

235 1520 418 1565 autem
452 1525 666 1578 semper
698 1511 882 1566 divino
903 1514 1093 1583 spiritu
1131 1516 1199 1569 ad
1239 1526 1424 1571 sancta
1455 1502 1818 1587 perfectorum

233 1601 501 1669 principia
528 1602 581 1655 in
605 1601 776 1657 beatis
806 1612 860 1657 et
882 1604 1332 1661 intellectualibus
1362 1608 1818 1676 speculationibus

231 1690 535 1747 ierarcbice
569 1691 622 1746 in
660 1694 897 1762 puritate
922 1694 1203 1752 deiformis
1229 1695 1443 1752 habitus
1468 1699 1810 1755 ascendente.

912 1829 1156 1886 Theort'a.

297 1964 436 2018 V’eni
470 1964 655 2036 igitur,
685 1980 718 2021 ο
746 1980 879 2035 puer
907 1965 1069 2031 bone,
1101 1974 1223 2036 post
1250 1968 1513 2040 imagines
1548 1970 1602 2024 in
1631 1971 1822 2027 ordine

228 2064 283 2109 et
334 2070 490 2110 sacre
542 2057 595 2111 in
647 2056 965 2113 deiformem
1024 2059 1403 2131 principalium
1449 2063 1820 2133 exemplorum

225 2147 536 2203 veritatem.
600 2148 734 2203 Illud
783 2149 1039 2219 perfectis
1084 2152 1137 2205 in
1188 2154 1550 2209 coadunatam
1599 2171 1819 2213 suarum

227 2238 532 2293 animarum
568 2239 1021 2296 introductionem
1054 2243 1252 2310 dicam,
1293 2248 1563 2315 quomodo
1604 2249 1819 2317 symbo—

224 2325 406 2381 lorum
434 2329 585 2382 varia
618 2337 675 2384 et
714 2344 866 2384 sacra
892 2332 1212 2400 compositio
1255 2348 1363 2388 non
1391 2334 1509 2389 sine
1541 2336 1818 2391 intellectu

226 2418 307 2472 eis
350 2418 626 2484 subsistit,
671 2428 726 2475 et
773 2435 942 2489 usque
990 2436 1086 2485 ea,
1130 2437 1270 2491 quae
1314 2431 1470 2478 extra
1509 2434 1670 2491 sunt,
1718 2409 1817 2496 api

222 2521 430 2576 parens
463 2507 817 2563 solummodo.
868 2509 1237 2564 Sacratissimi
1273 2512 1491 2582 quidem
1525 2514 1671 2567 enim
1702 2514 1816 2569 elo-

228 2597 483 2666 quiorum
528 2608 718 2654 cantus
739 2608 795 2654 et
818 2599 1099 2666 lectiones,
1128 2602 1432 2658 doctrinam
1458 2604 1538 2658 eis
1564 2614 1816 2661 strenuae

222 2685 374 2740 vitae
409 2688 753 2754 denunciant,
781 2697 837 2744 et
874 2690 943 2745 ab
975 2692 1055 2746 eis
1095 2689 1388 2761 perfectam
1422 2696 1817 2765 corrumpentis

220 2778 469 2833 malitiae
507 2781 904 2850 purgationem.
955 2783 1300 2839 Divinissima
1345 2795 1525 2841 autem
1566 2788 1725 2843 unius
1761 2798 1818 2844 et

220 2865 469 2937 ejusdem
513 2878 569 2924 et
606 2872 761 2940 panis
806 2882 863 2926 et
904 2872 1091 2929 calicis
1135 2877 1448 2931 communio
1489 2884 1545 2931 et
1591 2878 1814 2947 paciﬁca

224 2956 450 3012 traditio
489 2958 719 3015 similem
763 2963 1222 3017 conversationem
1267 2965 1347 3019 eis
1384 2965 1651 3031 divinam,
1697 2976 1815 3021 tan-

222 3062 390 3117 quam
418 3048 667 3104 similiter
685 3048 969 3105 edentibus
990 3051 1315 3121 promulgat,
1340 3063 1395 3108 et
1419 3053 1812 3109 divinissimam

1923 513 2396 582 proportionaliter
2440 514 2746 583 illucendo,
2805 518 2950 573 circa
2997 521 3339 591 semetipsam
3391 540 3515 580 vere

1922 604 2127 666 existit,
2159 613 2213 658 et
2241 607 2451 674 prapria
2479 608 2699 662 omnino
2724 623 2828 662 non
2854 618 3240 668 transmutatur
3260 614 3514 669 immuta-

1921 690 2147 745 bilitate.
2175 692 2437 747 Similiter
2460 696 2638 748 divina
2656 711 2927 766 synaxeos
2949 695 3130 763 teleta,
3154 703 3251 755 etsi
3277 703 3512 758 involuta

1922 786 1977 831 et
2020 779 2251 848 simplex
2306 780 2499 834 habeat
2549 792 2605 836 et
2658 785 3018 854 complicitum
3064 790 3406 859 principium,
3461 794 3515 848 in

1922 883 2131 922 sacram
2162 866 2475 925 varietatem
2515 874 2878 942 symbolorum
2921 876 3218 933 clementer
3259 882 3515 949 multipli-

1922 970 2095 1023 catur,
2121 969 2175 1015 et
2198 978 2366 1029 usque
2394 977 2607 1018 omnem
2635 964 2819 1035 implet
2843 967 3195 1023 ierarcbicam
3218 970 3512 1041 imaginum

1923 1050 2360 1120 descriptionem,
2391 1056 2647 1108 continuo
2670 1056 3014 1112 uniformiter
3034 1074 3096 1111 es
3125 1052 3208 1114 his
3239 1062 3430 1116 iterum
3463 1064 3514 1116 in

1921 1143 2193 1212 propriam
2220 1145 2477 1198 unitatem
2503 1146 2791 1218 colligitur,
2824 1157 2877 1202 et
2911 1149 3130 1204 uniﬁeat
3173 1152 3226 1207 in
3264 1168 3321 1207 se
3358 1169 3512 1208 sacro

1922 1232 2189 1287 reductos.
2248 1231 2408 1288 Juxta
2460 1234 2603 1291 hunc
2659 1236 2978 1293 deiformem
3040 1241 3255 1295 modum
3304 1244 3516 1298 divinus

1922 1339 2164 1378 summus
2192 1328 2463 1389 sacerdos,
2490 1326 2590 1380 etsi
2628 1327 2830 1381 unitam
2862 1343 2992 1383 suae
3032 1330 3335 1387 lerarcbiae
3363 1334 3520 1389 disci-

1921 1412 2121 1482 plinam
2176 1412 2455 1468 deiformis
2508 1415 2561 1468 in
2615 1415 2889 1487 subjectos
2940 1418 3184 1484 deducit,
3239 1436 3514 1478 sacrorum

1924 1504 2284 1575 aenigmatum
2301 1505 2696 1574 pluralitatibus
2711 1518 2895 1575 utens;
2921 1510 3235 1577 astiterum,
3262 1521 3514 1581 tanquam

1922 1596 2204 1651 absolutus
2228 1606 2284 1652 et
2310 1598 2609 1653 minoribus
2639 1599 3093 1655 immensurabilis
3114 1642 3128 1665 ,
3157 1601 3210 1655 in
3243 1608 3515 1672 proprium

1921 1686 2247 1757 principium
2275 1689 2592 1744 indiminute
2623 1691 2952 1757 restituitur,
2986 1700 3040 1745 et
3077 1692 3128 1745 in
3163 1709 3325 1746 unum
3359 1710 3514 1749 suum

1848 1765 1896 1826 Β
1923 1775 2336 1832 intellectualem
2377 1777 2584 1833 faciens
2625 1779 2927 1845 introitum,
2972 1781 3118 1836 videt
3157 1797 3290 1852 pure
3341 1782 3518 1851 perfr-

1919 1880 2131 1927 ctorum
2191 1874 2486 1930 uniformes
2546 1875 2801 1939 rationes,
2855 1876 2910 1930 in
2965 1877 3198 1931 secunda
3236 1877 3517 1933 clementis

1917 1952 2283 2034 processiOnis
2323 1981 2616 2031 summum,
2651 1968 2703 2020 in
2730 1968 2903 2036 prima
2943 1968 3261 2025 diviniorem
3298 1984 3517 2025 conver-

1920 2056 2126 2110 sionem
2182 2054 2464 2111 facientes.
2533 2055 2870 2111 Psalmornm
2928 2070 3108 2112 autem
3174 2060 3466 2113 modulatio
3497 2100 3513 2124 ,

1918 2146 2242 2203 conveniens
2270 2147 2521 2217 omnibus
2549 2147 2662 2203 fere
2685 2149 2998 2205 ierarcbicis
3027 2154 3315 2221 mysteriis,
3341 2167 3518 2207 nonne

1918 2227 2155 2289 futurum
2187 2246 2270 2291 est
2298 2237 2557 2305 explicari
2595 2239 2833 2292 omnium
2884 2254 3096 2293 summo
3141 2240 3519 2295 sacerdotalis-

1916 2324 2107 2379 simo?
2156 2325 2346 2381 Omnis
2394 2328 2613 2396 quidem
2664 2329 2811 2383 enim
2863 2345 3016 2385 saera
3061 2339 3114 2383 et
3157 2330 3517 2401 agiographos

1917 2413 2108 2477 deltos,
2142 2422 2235 2468 aut
2259 2415 2312 2469 in
2342 2415 2449 2470 Deo
2474 2415 2818 2470 existentium
2860 2427 3168 2487 generatam
3214 2421 3516 2474 subsisten-

1915 2501 2068 2567 tiam,
2108 2512 2161 2555 et
2191 2503 2621 2572 dispositionem,
2671 2514 2762 2558 aut
2812 2506 3037 2577 legalem
3086 2508 3411 2563 lerarcbiam
3463 2516 3517 2562 et

1915 2594 2379 2648 conversationem
2416 2635 2431 2661 ,
2488 2603 2582 2649 aut
2636 2597 2804 2650 divini
2873 2599 3052 2667 pomili
3122 2600 3516 2655 haereditatum

1914 2684 2319 2739 distributiones
2338 2695 2392 2739 et
2414 2687 2792 2754 habitationes,
2825 2699 2917 2743 aut
2938 2690 3178 2757 judicnm
3203 2708 3506 2758 sacrorum,

1913 2785 2007 2826 aut
2063 2788 2245 2840 regum
2301 2775 2643 2844 sapientum,
2696 2788 2789 2832 aut
2827 2781 3169 2834 sacerdotum
3212 2782 3516 2838 divinorum

1914 2860 2339 2936 intelligentiam,
2381 2872 2473 2922 aut
2514 2879 2755 2924 veterum
2794 2872 3032 2926 virorum
3071 2874 3121 2928 in
3154 2875 3415 2931 varietate
3453 2886 3511 2932 et

1913 2954 2254 3011 multitudine
2296 2958 2627 3013 anxietatum
2672 2961 2934 3019 immutab
2957 2963 3059 3017 lem
3107 2965 3159 3018 in
3196 2964 3515 3023 fortitudine

1912 3043 2326 3115 philosophiam,
2373 3056 2467 3102 aut
2492 3049 2763 3103 actionum
2795 3050 3062 3119 sapientes
3090 3052 3382 3119 doctrinas,
3411 3061 3509 3109 attt

222 3155 449 3196 coenam
478 3149 534 3195 et
555 3140 850 3211 principale
886 3142 1186 3213 symbolum
1221 3144 1584 3213 perfectorum
1619 3146 1670 3199 in
1701 3160 1813 3200 me-
1839 3126 1884 3183 (ἶ
1916 3138 2214 3192 divinorum
2244 3154 2489 3194 amorum
2524 3141 2733 3196 cantica
2764 3152 2817 3195 et
2848 3143 3054 3198 divinas
3081 3144 3341 3216 imagines
3367 3186 3381 3209 ,
3410 3157 3506 3203 aut

223 3233 457 3288 moriam
501 3247 712 3287 sacram
754 3233 921 3288 ducit.
964 3232 1124 3288 Juxta
1165 3235 1307 3303 quod
1350 3244 1405 3291 et
1440 3236 1554 3304 ipse
1593 3235 1811 3307 symbo-

224 3321 403 3376 larum
429 3322 673 3377 conditor
697 3323 929 3391 partitur
955 3324 1372 3379 sanctissimam.
1412 3325 1601 3381 Nonne
1626 3335 1815 3381 sancte

222 3417 275 3471 ei
298 3425 355 3471 et
380 3416 636 3472 unimode
682 3432 839 3472 sacra
882 3429 1306 3473 concoenantem
1345 3419 1545 3474 docens
1572 3428 1626 3473 et
1665 3430 1815 3475 recte

223 3506 387 3560 simul
414 3514 471 3561 et
516 3506 869 3571 dciformiter,
910 3507 1178 3576 quomodo
1225 3508 1336 3578 ipsa
1379 3509 1531 3579 juxta
1574 3508 1814 3564 habitum

223 3611 355 3651 vera
407 3596 462 3649 in
504 3595 683 3651 divina
737 3598 1033 3666 assumptio
1077 3597 1145 3650 ad
1185 3598 1589 3654 similitudinem
1629 3614 1815 3655 eorum

225 3687 665 3743 communionem
693 3688 825 3759 ipsis
851 3689 1259 3745 advenientibus
1283 3688 1563 3745 donatur?

293 3776 445 3833 llaec
462 3778 650 3849 igitur,
679 3788 737 3833 ut
758 3779 889 3845 dixi,
920 3780 971 3833 in
1003 3780 1271 3835 aditorum
1293 3780 1430 3834 atria
1456 3779 1593 3836 bene
1617 3781 1818 3838 descri-

220 3876 337 3938 pta,
373 3868 701 3937 imperfectis
730 3872 902 3927 adhuc
928 3874 993 3927 ad
1016 3873 1522 3944 contemplationem
1544 3872 1819 3928 suﬁicien-

221 3969 334 4014 tem
375 3958 765 4030 relinquentes.
809 3963 1071 4019 intremus
1100 3963 1458 4020 acausalibus
1500 3963 1553 4018 in
1604 3978 1818 4029 causas,

215 4049 376 4116 juxta
407 4065 616 4104 sacram
654 4065 893 4107 nostram
920 4054 1169 4125 synaxin,
1210 4064 1267 4109 et
1301 4056 1551 4110 decoram
1582 4055 1821 4111 invisibi-

219 4139 356 4193 lium
386 4136 513 4195 Jesu
542 4140 788 4197 luciduco
817 4144 1118 4200 videbimus
1142 4147 1371 4225 θεωρίαν,
1396 4147 1611 4207 beatam
1650 4148 1822 4203 decla-

221 4238 439 4285 rantem
465 4230 746 4287 manifeste
775 4234 1146 4303 principalium
1178 4234 1474 4290 formarum
1512 4236 1819 4307 pulchritu-

218 4321 428 4375 dinem.
472 4319 576 4375 Sed
598 4322 933 4377 divinissima
956 4334 1011 4380 et
1036 4340 1191 4380 sacra
1226 4326 1407 4393 teleta,
1438 4328 1822 4399 circumposita

219 4409 320 4464 tibi
348 4411 367 4443 ¹
403 4411 694 4481 symbolice
734 4414 1052 4469 vestimenta
1115 4416 1474 4487 aenigmatum
1535 4418 1778 4474 revelans
1804 4461 1820 4486 ,

1917 3226 2219 3282 futurorum
2272 3230 2616 3298 propheticas
2662 3232 3095 3299 praedicationes
3127 3273 3141 3295 ,
3189 3242 3283 3289 aut
3330 3235 3513 3290 viriles

1916 3315 2044 3372 Jesu
2073 3305 2285 3372 divinas
2312 3319 2577 3385 actiones,
2607 3329 2700 3374 aut
2728 3322 2961 3390 ipsorum
2989 3323 3371 3393 discipulorum
3404 3326 3515 3381 Deo

1920 3409 2143 3463 traditas
2168 3419 2223 3464 et
2252 3410 2347 3465 Dei
2394 3410 2712 3467 imitatorias
2757 3415 3197 3469 conversationcs
3232 3426 3286 3471 et
3329 3432 3516 3471 sacras

1918 3501 2215 3567 doctrinas,
2246 3510 2338 3555 aut
2368 3503 2629 3557 occultam
2661 3514 2716 3557 et
2748 3506 3031 3575 mysticam
3073 3507 3330 3562 visionem
3377 3508 3517 3576 ipso-

1919 3606 2037 3645 rum
2084 3592 2465 3662 discipulorum
2505 3593 2836 3648 dilectissimi
2878 3606 2929 3648 et
2968 3596 3131 3649 divini
3162 3612 3226 3650 ac
3253 3596 3514 3651 mirabilis

1919 3685 2407 3753 supermundanam
2460 3684 2589 3740 .Iesu
2637 3686 2954 3756 theologiam
3010 3689 3076 3742 ad
3119 3688 3514 3745 deiﬁcationem

1917 3774 2232 3843 opportunis
2270 3776 2489 3830 nunciat
2518 3775 2561 3839 ⁸,
2601 3783 2655 3829 et
2686 3776 2857 3831 sacris
2889 3776 3174 3832 teletarum
3202 3787 3257 3832 et
3306 3777 3510 3833 deifor-

1918 3866 2096 3921 mibus
2150 3866 2404 3937 anagogis
2463 3868 2764 3922 corradieat
2823 3875 2866 3920 ³.
2912 3852 3256 3923 ⁸Βὴήιιοιίιιη
3333 3878 3514 3924 autem

1920 3966 2171 4013 cantuum
2218 3974 2374 4014 sacra
2420 3957 2737 4028 Scriptura,
2789 3958 3144 4014 intentionem
3192 3959 3398 4015 habens
3455 3975 3514 4017 et

1923 4049 2218 4117 theologias
2244 4060 2299 4105 et
2323 4048 2531 4104 divinas
2568 4049 2808 4104 actiones
2846 4065 3035 4106 omnes
3078 4052 3411 4122 bymnizare,
3463 4063 3518 4107 et

1922 4141 2224 4196 divinorum
2247 4140 2486 4195 virorum
2518 4155 2701 4195 sacras
2725 4142 2996 4197 orationes
3021 4152 3075 4198 et
3095 4144 3517 4199 sacriﬁeationcs

1921 4234 2143 4291 laudare
2177 4273 2193 4295 ,
2234 4232 2593 4287 universalem
2644 4232 2773 4289 facit
2825 4234 3125 4289 divinorum
3170 4245 3411 4301 cantum,
3460 4246 3517 4291 ct

1922 4325 2287 4380 narrationem
2321 4325 2389 4379 ad
2426 4326 2590 4382 totius
2632 4326 2961 4382 ierarcbicae
2988 4327 3182 4383 teletae
3212 4313 3515 4398 susceptio-

1923 4432 2048 4472 nem
2100 4423 2155 4470 et
2205 4416 2543 4471 traditionem
2573 4457 2589 4481 ,
2628 4418 2868 4473 habitum
2916 4416 3194 4489 pulchrum
3243 4419 3507 4483 eﬁiciens,

217 4478 505 4569 splendide
565 4500 717 4557 nobis
787 4502 1132 4560 manifestere
1189 4507 1210 4538 ⁸
1306 4515 1361 4562 et
1426 4478 1816 4566 intellectuales
1849 4478 1899 4537 Β
1924 4506 2181 4560 divinitus
2207 4520 2325 4560 eam
2355 4505 2725 4574 psallentibus.
2756 4505 2889 4562 Cum
2916 4478 3108 4579 uigitur
3134 4510 3389 4564 continua
3423 4527 3512 4565 sa-

217 4597 441 4643 nostros
469 4587 647 4645 vultus
674 4590 928 4647 uniformi
971 4601 1027 4648 et
1058 4609 1162 4649 non
1191 4595 1369 4652 velato
1409 4596 1610 4654 lumine
1649 4599 1816 4669 reple.

217 4676 453 4748 Oportet
495 4680 657 4751 igitur
698 4697 797 4737 nos
835 4683 979 4739 intus
1001 4685 1207 4752 adesse,
1240 4689 1733 4746 sacratissimorum
1763 4700 1819 4747 et

217 4770 496 4825 invisibile
536 4771 696 4841 primi
743 4771 1070 4844 agalmatum
1117 4777 1472 4844 denudantes,
1522 4782 1576 4835 in
1622 4781 1817 4837 deifor—

216 4874 368 4914 mem
419 4860 537 4931 ejus
581 4862 1031 4932 pulchritudinem
1082 4868 1391 4936 intendere,
1440 4880 1491 4926 et
1549 4886 1814 4928 summum

215 4951 563 5006 sacerdotem
607 4953 862 5009 divinitus
905 4954 1088 5013 videre
1142 4974 1171 5012 a
1214 4959 1395 5015 divino
1441 4961 1598 5017 altari
1652 4978 1820 5034 usque

215 5048 469 5095 extrema
499 5043 680 5112 templi
717 5059 838 5098 cum
862 5047 1012 5100 suavi
1042 5048 1208 5103 odore
1245 5050 1567 5113 venientem,
1623 5064 1677 5108 et
1720 5055 1819 5109 ite—

216 5147 347 5186 rum
384 5134 434 5186 in
477 5134 592 5203 ipso
628 5135 920 5205 perfective
963 5141 1342 5196 consistentem
1401 5144 1440 5197 ³.
1505 5146 1623 5215 Ipsa
1672 5149 1816 5202 enim

216 5240 389 5294 super
413 5229 592 5282 omnia
637 5229 815 5284 divina
860 5232 1155 5298 beatitudo,
1203 5235 1303 5289 etsi
1356 5236 1596 5292 bonitate
1639 5241 1816 5293 divina

214 5318 509 5389 proveniat
532 5319 584 5373 in
614 5320 1049 5391 participantium
1072 5340 1165 5379 sua
1189 5341 1342 5380 sacra
1365 5329 1817 5393 communionem,

216 5407 323 5463 sed
349 5422 455 5463 non
478 5418 632 5473 extra
657 5427 752 5483 per
782 5414 1139 5469 substantiam
1174 5417 1565 5473 immutabilem
1616 5430 1816 5475 statum

1922 4596 2345 4651 cratissimorum
2376 4596 2719 4667 bymnologia
2748 4599 3008 4654 animales
3053 4608 3268 4656 nostros
3293 4601 3515 4656 habitus

1920 4688 2243 4755 condignate
2281 4687 2627 4755 disposuerit,
2664 4688 2729 4741 ad
2755 4688 2915 4757 paulo
2946 4699 3065 4759 post
3110 4692 3378 4747 sacriﬁcia
3423 4709 3517 4762 pn-

1922 4777 2119 4842 nenda,
2143 4786 2200 4830 et
2225 4775 2527 4831 divinorum
2559 4787 2811 4833 cantuum
2842 4784 3193 4836 consonantia
3225 4784 3292 4838 ad
3331 4785 3512 4838 divina

1921 4881 1976 4925 et
2000 4871 2245 4941 nosipsos
2270 4882 2326 4927 et
2362 4873 2503 4927 inter
2548 4888 2645 4928 nos
2694 4874 2919 4929 invicem
2966 4892 3307 4945 consensum,
3356 4890 3415 4934 ut
3461 4883 3512 4934 in

1925 4978 2029 5017 una
2085 4971 2140 5016 et
2177 4960 2424 5018 confessa
2480 4977 2755 5017 sacrorum
2801 4966 3018 5036 regione
3051 4968 3071 4998 °
3098 4970 3515 5040 promulgaverit

1925 5054 2238 5108 coordinata
2286 5061 2341 5107 et
2388 5054 2771 5108 ceadmnbrata
2834 5058 3004 5128 magis
3057 5059 3108 5112 in
3168 5060 3513 5115 intellectuali

1924 5143 2250 5214 psalmorum
2283 5142 2598 5212 psalmodia,
2630 5159 2727 5213 per
2756 5145 2935 5215 plures
2963 5156 3017 5200 et
3053 5150 3350 5216 apertiores
3381 5148 3518 5201 ima-

1926 5239 2079 5309 giues
2116 5246 2168 5292 et
2212 5239 2637 5306 praedicationes
2668 5239 2960 5293 dilatantur
2988 5241 3367 5295 sacratissimis
3392 5255 3510 5308 pro'

1925 5329 2187 5383 fessarum
2214 5330 2673 5385 constructionum
2700 5332 3034 5386 lectionibus.
3066 5331 3121 5384 ln
3147 5332 3230 5385 his
3250 5332 3517 5402 aspiciens

1926 5434 2099 5482 sacre,
2137 5420 2337 5474 videbit
2383 5421 2726 5476 uniformiter
2770 5438 2931 5476 unam
2983 5421 3410 5490 inspirationem,
3457 5432 3518 5477 ut

1546 5531 1797 5586 VARIAE
1836 5530 2238 5586 LECTIONES.

309 5610 335 5645 ³
355 5610 442 5665 BH
469 5613 587 5693 sibi.
622 5617 686 5693 _’
714 5619 895 5693 Conjy.,
1033 5622 1390 5691 manifestare,
1418 5623 1506 5677 BH
1528 5625 1848 5693 manifestat.

244 5680 287 5733 Α
335 5686 588 5751 narravit,
622 5686 663 5740 Ε
691 5680 987 5745 ηαηίὶἁυὲι.
1065 5694 1086 5723 ⁵
1110 5680 1198 5747 ΑΒ
1222 5680 1590 5750 corradicavit.

1926 5633 1949 5665 ³
1977 5625 2019 5678 Α
2064 5623 2403 5687 residentem;
2447 5633 2496 5676 et
2540 5624 3197 5680 iterum—consistentem
3247 5642 3356 5683 om.
3404 5627 3507 5684 Bll.

1669 5699 1688 5729 ⁸
1724 5695 1812 5751 Sic
1840 5694 1974 5759 ‘AE;
2031 5693 2116 5747 [ιιι
2156 5693 2400 5749 confessa
2440 5693 2694 5761 religione
2737 5709 3041 5749 sacrorum.
