3952 6162
432 325 568 381 ίῡῗῧ

1807 317 2041 377 ΞΟᾹΝΝΙ
2081 311 2276 375 SCO’TI

3572 314 3715 376 teat

427 441 497 496 ab
527 453 633 493 uno
666 437 848 493 divino
890 437 1080 506 spiritu
1121 434 1448 491 conclusam.
1501 432 1653 488 Unde
1695 431 1916 502 pulchre
1965 431 2018 486 in
2045 446 2092 500 Α
2125 431 2322 482 tionem
2351 428 2616 498 quandam
2648 425 3136 484 sacratissimarum
3181 428 3345 484 habet
3369 443 3719 485 consumma-

428 530 630 584 mundo
665 537 785 600 post
821 529 1176 598 antiquiorem
1218 525 1556 582 traditionem
1591 523 1793 579 Novum
1822 523 2014 578 Testa—

429 629 666 674 mentum
687 619 1048 688 praedicatur,
1073 617 1252 673 divina
1281 629 1336 672 et
1359 617 1654 672 ierarchica
1679 616 2018 671 ordinatione

430 713 581 776 illud,
635 713 864 766 aestimo
896 713 935 776 ί,
968 710 1298 776 deelarantc,
1349 711 1616 779 quomodo
1659 709 1770 776 ipsa
1799 708 2016 777 quidem

432 791 574 855 dixit
595 800 803 856 futuras
826 800 953 855 Jesu
985 802 1196 855 divinas
1219 801 1582 870 operationcs,
1613 800 1716 853 hoc
1739 812 1864 852 veto
1889 812 2018 866 per-

431 891 574 944 fec‘it.
619 892 683 944 Et
710 893 982 961 quomodo
1015 891 1106 945 illa
1135 892 1348 962 quidem
1379 891 1430 944 in
1466 891 1787 962 imaginibus
1823 890 2020 944 verita-

429 989 534 1031 tem
561 981 583 1010 ¹
625 981 861 1048 scripsit,
903 981 1006 1034 hoc
1055 996 1183 1034 vero
1225 989 1563 1049 praesentem
1608 980 2018 1034 demonstravit.

427 1069 572 1123 Illius
621 1072 764 1124 enim
811 1071 1115 1140 praeconiis
1144 1111 1160 1136 ,
1216 1071 1316 1124 hoc
1363 1086 1460 1140 per
1503 1071 1737 1141 seipsum
1783 1071 2018 1141 perfecta

425 1161 745 1229 operatione
806 1163 1082 1216 veritatem
1139 1163 1406 1232 cognovit.
1476 1161 1541 1214 Et
1593 1169 1676 1214 est
1724 1161 2021 1231 tlteologiae

427 1249 609 1303 divina
655 1252 916 1318 operatio,
962 1251 1373 1305 consummatio.
1430 1250 1631 1304 ﬂorum
1672 1250 1762 1304 alii
1805 1253 2020 1320 quidem

430 1354 536 1391 non
579 1339 1150 1394 circumtubicinantes
1183 1340 1560 1395 universaliter
1586 1355 1860 1393 sacrarum
1896 1339 2024 1393 tele-

433 1441 636 1494 tarum,
659 1446 831 1500 neque
874 1432 1135 1501 imagines
1169 1432 1366 1496 vident,
1401 1430 1740 1501 impudenter
1767 1438 2024 1499 negantes

427 1520 717 1576 salutarem
745 1523 958 1575 divinae
988 1523 1347 1592 generationis
1375 1523 1692 1583 doctrinam,
1721 1531 1774 1575 et
1795 1521 2024 1592 eloquiis

426 1613 632 1682 perdite
659 1614 1039 1683 respondentes
1062 1615 1187 1668 illud
1216 1633 1227 1667 :
1260 1613 1388 1668 Via:
1409 1625 1526 1667 tuus
1547 1614 1678 1668 scire
1704 1599 1945 1668 nolumus
1972 1626 2020 1666 ει.

425 1702 850 1760 Caleehumcnos
889 1719 1066 1760 autem
1106 1719 1624 1776 energumenosque,
1675 1713 1730 1761 et
1775 1721 1889 1772 eos,
1931 1707 2020 1776 qui

2123 520 2346 574 tionum.
2384 519 2480 573 Est
2501 529 2678 574 autem
2706 519 2996 576 contrariis
3044 528 3138 573 aut
3177 519 3586 574 seductionibus
3625 529 3720 576 aut

2120 609 2613 679 perturbationibus
2673 611 3084 666 debonestatum
3137 617 3179 667 ⁸.
3241 609 3348 666 Sed
3408 620 3466 667 et
3518 611 3589 666 ab
3640 613 3719 668 eis

2119 700 2602 754 sacratissimorum
2663 701 2844 754 divina
2905 701 3325 756 communicatio
3379 703 3716 772 corripitur,

2120 799 2176 842 et
2227 791 2380 844 valde
2428 791 2638 844 merito.
2688 791 2744 845 Si
2791 792 2932 845 enim
2960 801 3044 845 est
3075 806 3218 856 vere,
3253 800 3310 846 ut
3343 792 3718 848 universaliter

2119 882 2332 936 divinus
2349 883 2449 948 vir,
2469 883 2665 936 divinis
2687 883 2903 953 dignus,
2921 883 2985 937 ad
3012 898 3142 938 suae
3169 881 3550 938 deiformitatis
3579 900 3718 938 sum-

2123 989 2266 1026 ntum
2307 974 2358 1028 itt
2389 974 2800 1045 perfectissimis
2845 984 2900 1030 et
2941 975 3382 1030 consummativis
3423 973 3715 1030 deificatio—

2122 1065 2278 1118 nibus
2302 1066 2620 1128 ascendens,
2654 1079 2828 1135 neque
2876 1081 3016 1136 quae
3045 1075 3169 1120 sunt
3195 1066 3376 1120 carnis
3406 1067 3714 1135 operabitur

2121 1166 2335 1224 praeter
2363 1165 2584 1211 naturae
2615 1156 2768 1213 valde
2795 1158 3117 1222 necessaria,
3149 1165 3201 1212 et
3232 1157 3335 1212 hoc
3360 1157 3404 1211 si
3433 1171 3712 1211 conserva-

2123 1248 2319 1300 verit"
2371 1263 2614 1318 operose,
2673 1249 2926 1319 templum
2986 1258 3164 1303 autem
3216 1248 3372 1302 simul
3420 1257 3478 1301 et
3525 1263 3708 1302 conse-

2122 1351 2290 1407 quens
2319 1338 2370 1392 in
2397 1356 2492 1393 sua
2518 1339 2899 1396 sublimissima
2926 1339 3264 1394 dedicatione
3289 1335 3461 1393 divini
3487 1338 3714 1408 Spiritus

2123 1428 2248 1492 erit,
2273 1429 2433 1484 simili
2463 1431 2639 1486 simile
2667 1432 2937 1488 collocatis
2975 1451 2987 1484 :
3023 1449 3126 1486 non
3171 1431 3418 1486 fortassis
3459 1431 3585 1486 talis
3623 1431 3715 1486 ali-

2123 1523 2337 1588 quando
2370 1537 2399 1574 a
2439 1524 2725 1578 contrariis
2762 1526 2998 1593 patietur
3041 1523 3343 1596 phantasiis
3369 1533 3467 1578 aut
3499 1524 3713 1580 terrori-

2125 1609 2224 1664 bus
2256 1611 2298 1674 ⁸,
2340 1610 2604 1666 deridebit
2649 1625 2828 1668 autem
2865 1615 3018 1678 haec,
3049 1623 3102 1670 et
3140 1627 3261 1668 cum
3311 1613 3713 1668 advenientibus

2125 1697 2458 1763 luctabitur,
2519 1707 2576 1754 ct
2628 1709 2984 1770 persequetur
3015 1741 3030 1766 ,
3081 1709 3134 1757 et
3182 1701 3498 1772 cperabitur
3551 1703 3712 1771 magis

425 1804 551 1846 sunt
576 1795 628 1847 in
659 1797 1007 1864 poenitentia,
1037 1808 1254 1852 sanctae
1288 1797 1588 1851 lerarcliiac
1627 1797 1710 1852 lex
1753 1797 2015 1866 permittit

2123 1802 2278 1856 quam
2317 1789 2572 1857 patietur,
2631 1801 2682 1846 et
2721 1793 2824 1847 hoc
2849 1801 2870 1832 ο
2902 1793 3119 1861 proprio
3170 1793 3355 1847 habitu
3397 1792 3710 1862 impassibili

425 1885 641 1952 quidem
673 1889 860 1942 audire
890 1888 1209 1944 Psalmicam
1256 1903 1464 1943 sacram
1504 1889 1826 1954 orationem,
1857 1899 1912 1944 et
1940 1889 2019 1942 tli-

424 1978 606 2028 vinam
640 1978 1103 2032 sanctissimarum
1146 1978 1548 2049 Scripturarum
1593 1978 1878 2033 lectionem
1913 1997 1925 2032 :
1965 1979 2016 2032 in

424 2073 605 2119 autem
633 2068 827 2122 deinde
863 2071 1284 2124 sacrilicatiom-s
1323 2079 1376 2123 ct
1405 2071 1884 2141 contemplationes
1913 2087 2016 2125 non

423 2163 585 2208 vocat
627 2156 778 2221 tales,
827 2159 919 2212 sed
962 2159 1226 2229 perfectos
1277 2159 1632 2228 perfecturum
1679 2162 1882 2216 oculos.
1930 2162 2022 2216 Est

425 2249 571 2302 enim
623 2250 898 2306 deiformis
935 2252 1202 2308 lerarcltia
1231 2253 1470 2322 justitiae
1501 2270 1689 2311 sacrae
1734 2257 1916 2326 plena,
1955 2272 2020 2312 co

425 2341 566 2408 quod
587 2340 744 2410 juxta
766 2343 1080 2413 dignitatem
1105 2346 1392 2416 unicuique
1415 2346 1722 2401 salutariter
1748 2347 2022 2402 distribuit

427 2442 763 2500 compactam
818 2436 1240 2507 uniuscujusque
1296 2439 1597 2492 divinorum
1648 2440 2020 2510 participatio-

426 2538 549 2578 nem
579 2523 630 2576 in
661 2527 1186 2581 commensuratione
1209 2537 1263 2582 et
1291 2529 1533 2598 analogia
1563 2529 1855 2584 secundum
1885 2539 2019 2584 tem-

424 2629 526 2684 pus
593 2631 750 2670 sacre
813 2618 1039 2672 donans.
1109 2618 1339 2674 Ultimus
1405 2620 1567 2689 igitur
1619 2621 2020 2675 CﬂlCChUtl‘lClliS

427 2706 768 2762 distribuitur
816 2712 966 2764 ordo.
1023 2711 1162 2766 Sunt
1215 2711 1356 2766 enim
1405 2720 1656 2780 expertes
1705 2722 1759 2766 et
1821 2711 2018 2766 indocti

426 2796 604 2848 omnis
631 2796 966 2852 lerarchicae
1009 2798 1372 2869 perfectionis,
1404 2814 1576 2868 neque
1595 2800 1749 2870 juxta
1783 2801 2017 2854 divinam

428 2886 852 2957 designationem
898 2890 1131 2945 divinam
1164 2889 1440 2946 'babentes
1468 2892 1894 2956 subsistentiam,
1925 2893 2021 2946 sed

427 2979 604 3033 adhuc
633 2981 872 3048 paternis
899 2982 1128 3051 eloquiis
1151 2983 1508 3045 obstetricati,
1535 2993 1588 3038 et
1616 2985 1792 3039 adhuc
1826 2983 2020 3051 talibus

427 3065 614 3124 formis
637 3069 934 3136 informati,
956 3074 1020 3127 ad
1040 3089 1158 3127 eam
1183 3089 1250 3126 ex
1273 3073 1449 3127 divina
1478 3074 1824 3142 generatione
1846 3075 2021 3143 primo

2123 1886 2178 1931 et
2201 1893 2308 1932 non
2344 1881 2533 1948 indito,
2562 1893 2617 1936 et
2643 1882 2762 1936 aliis
2787 1884 3026 1942 medicus
3065 1884 3333 1938 videbitur
3361 1883 3553 1938 talium
3581 1899 3706 1952 ope-

2124 1962 2412 2023 rationutn.
2463 1967 2705 2026 Aestimo
2743 1984 2921 2027 autem
2966 1988 3086 2044 ego,
3133 1975 3304 2045 magis
3356 1987 3488 2028 vero
3538 1981 3711 2044 apette

2119 2060 2255 2126 scio,
2301 2061 2721 2117 ierarcbicorum
2761 2065 3047 2134 purissima
3092 2065 3350 2121 discretio
3389 2081 3491 2136 pro
3523 2065 3708 2121 talibus

2123 2154 2270 2207 novit
2296 2169 2690 2224 energumenos
2719 2155 3126 2225 pollutissimam
3151 2157 3547 2226 operationem.
3589 2158 3706 2224 Qui-

2121 2257 2335 2314 cunque
2374 2247 2620 2300 deifortni
2665 2247 2928 2302 decedunt
2970 2248 3098 2312 vita,
3138 2257 3191 2300 et
3234 2248 3636 2303 consentietites
3659 2258 3708 2302 et

2120 2334 2371 2390 similiter
2419 2346 2805 2393 conversantes
2847 2337 3071 2408 perditis
3123 2337 3258 2391 fittnt
3305 2338 3655 2393 daemonibus
3692 2357 3704 2392 :

2120 2437 2248 2480 vere
2287 2425 2504 2496 quidem
2559 2427 2843 2482 existentia
2885 2436 2940 2482 et
2985 2427 3364 2485 immortaliter
3403 2438 3608 2492 creata,
3654 2437 3704 2482 et

2121 2516 2468 2570 aeternaliter
2493 2516 2776 2583 delectata,
2802 2533 2898 2588 per
2921 2525 3220 2572 extremam
3252 2527 3304 2572 et
3340 2517 3560 2574 sibimet
3593 2534 3706 2588 per-

2123 2607 2383 2662 niciosam
2431 2607 2790 2677 insipientiam
2833 2617 3139 2664 avertentes
3171 2627 3184 2662 ε
3213 2609 3552 2666 materialem
3586 2626 3704 2666 vero

2121 2704 2174 2752 et
2225 2695 2448 2750 multum
2480 2698 2788 2767 passibilem
2829 2697 3226 2762 alienationem,
3278 2710 3333 2752 et
3379 2701 3709 2770 perditaset

2122 2797 2532 2856 corrumpentes
2577 2788 2815 2853 delicias,
2865 2797 2920 2844 et
2965 2788 3233 2844 infirmam
3277 2790 3329 2844 in
3374 2788 3572 2847 alienis
3609 2809 3708 2847 non

2120 2877 2470 2944 existentem,
2497 2879 2588 2932 sed
2635 2879 2959 2948 opinabilem
3006 2877 3416 2936 delectationem
3467 2883 3710 2954 concepi.

2122 2974 2332 3020 scentes
2360 2975 2415 3020 et
2437 2979 2745 3036 operantes.
2789 2967 2954 3022 Primi
2979 2984 3107 3041 ergo
3133 2967 3248 3040 ipsi-
3273 2981 3329 3024 et
3377 2971 3559 3040 potius
3611 2973 3713 3029 illis

2123 3053 2352 3108 ministri
2393 3056 2680 3112 discretiva
2721 3073 2852 3113 voce
2889 3069 3256 3130 segregentur.
3311 3059 3429 3117 Non
3463 3063 3712 3134 enimju-

427 3159 643 3214 vitalem
661 3170 715 3214 et
730 3163 902 3232 primo
917 3163 1305 3218 illuminantcm
1322 3173 1374 3216 et
1393 3164 1599 3218 beatam
1621 3166 2015 3220 accessionem:

2125 3155 2268 3200 stum
2295 3156 2398 3212 est,
2441 3149 2520 3203 eis
2563 3151 2786 3207 alterius
2811 3151 3086 3222 cujusdam
3116 3153 3255 3208 sacri
3293 3155 3622 3226 participare
3649 3157 3709 3221 ⁸⁸,

428 3259 681 3319 tanquam
730 3253 775 3306 si
831 3253 1129 3323 imperfecti
1179 3263 1232 3308 et
1277 3253 1534 3309 informes
1575 3264 1697 3308 ante
1767 3257 2022 3310 excidant

426 3335 576 3406 juxta
601 3355 818 3394 carnem
845 3341 1076 3396 infantes
1117 3345 1328 3412 propria
1359 3343 1818 3407 obstetricatione,
1859 3346 2021 3401 veluti

427 3428 701 3494 obcaecati
737 3439 792 3483 et
816 3431 1067 3496 abortivi,
1094 3447 1197 3484 non
1223 3432 1528 3501 genitalem,
1561 3443 1615 3488 et
1647 3449 1748 3487 non
1783 3435 2020 3499 vitalem,

429 3525 483 3570 et
526 3533 632 3571 non
679 3517 1034 3573 illuminatunt
1087 3521 1138 3574 in
1189 3530 1332 3575 terra
1385 3532 1575 3575 casum
1617 3523 1905 3577 habebunt.
1961 3525 2025 3578 Et

429 3621 608 3662 nonne
637 3609 854 3676 quidam
899 3611 1035 3665 bene
1072 3612 1372 3679 sapientum
1427 3612 1576 3675 dicit,
1617 3615 1681 3666 ad
1729 3613 1749 3644 ³
1800 3615 2024 3670 manife-

429 3707 571 3752 stum
613 3699 902 3767 respiciens
941 3699 1142 3762 lumen,
1187 3715 1280 3754 eos
1322 3703 1664 3770 praegravari
1709 3704 1946 3759 tenebris
1993 3722 2020 3758 a

431 3785 586 3838 vulva
618 3787 898 3842 alienatos.
941 3788 1146 3841 Dixerit
1194 3789 1214 3817 ⁸
1247 3792 1388 3844 enim
1417 3805 1698 3858 corporum
1735 3793 2017 3862 disciplina

431 3877 498 3931 ad
523 3877 638 3941 bos,
679 3894 818 3948 quae
857 3887 941 3935 est
970 3881 1254 3944 medicina,
1285 3881 1464 3934 lumen
1489 3883 1700 3950 operari
1727 3883 1776 3936 in
1807 3884 2022 3953 capaci-

434 3965 532 4020 bus
562 3967 712 4023 lucis.
753 3967 845 4023 Sic
882 3979 934 4024 et
960 3969 980 4001 '
1011 3985 1287 4024 sacrorum
1318 3972 1712 4040 sapientissitna
1743 3972 2022 4042 disciplina

430 4055 610 4126 primo
652 4056 871 4126 quidem
921 4072 1016 4112 eos
1071 4056 1480 4113 formativorum
1529 4068 1583 4112 et
1636 4059 2022 4114 viviﬁcantium

435 4146 768 4216 eloquiorum
814 4147 1142 4204 introdttctio
1189 4150 1448 4205 alimento
1475 4154 1807 4208 obstetricat.
1857 4153 2032 4224 Perfi-V

433 4238 582 4292 ciens
602 4249 783 4292 autem
809 4249 933 4292 ante
960 4239 1198 4294 divinam
1224 4241 1625 4307 generationem
1664 4257 1848 4296 eorum
1893 4244 2022 4298 sub-

435 4331 712 4392 stantiam,
743 4331 835 4384 dat
861 4331 1172 4385 salutariter
1199 4333 1278 4385 eis
1301 4333 1353 4384 in
1383 4332 1574 4387 ordine
1600 4334 1662 4386 ad
1706 4335 1882 4389 lumen
1915 4337 2025 4390 dei-

436 4418 664 4475 formem
695 4431 749 4474 et
779 4420 1124 4489 perfectivam
1157 4423 1612 4476 communionem.
1664 4421 1817 4478 Nunc
1845 4436 2024 4480 autem

438 4516 692 4580 tanquam
732 4512 799 4565 ab
843 4511 1168 4580 imperfectis
1213 4523 1426 4580 separat
1451 4513 1688 4583 perfecta
1723 4515 1773 4579 δ,
1803 4525 1856 4569 et
1887 4516 2026 4569 bono

436 4597 651 4656 ornat‘ui
700 4615 977 4654 sacrorum
1021 4600 1330 4670 providens,
1377 4609 1430 4655 et
1474 4603 1920 4657 catechumenum
1972 4605 2024 4656 in

438 4689 684 4743 deiformi
746 4691 1164 4745 ierarebicorum
1231 4693 1419 4746 ordine
1484 4695 1912 4749 obstetricatioui
1971 4703 2026 4749 et

438 4781 602 4834 vitae.
675 4781 1101 4851 Energumenttm
1169 4794 1346 4837 autem
1410 4785 1696 4840 multitudo
1747 4787 2021 4842 immunda

440 4871 653 4940 quidem
697 4882 752 4925 et
796 4873 932 4940 ipsa,
978 4873 1210 4927 secunda
1241 4887 1370 4927 vero
1412 4889 1623 4928 sursum
1662 4892 1848 4932 versus
1878 4887 2021 4934 catc-

439 4962 764 5017 cbumenum
811 4972 896 5017 est
943 4963 1306 5018 extremitate.
1369 4961 1554 5032 Neque
1596 4965 1740 5020 enim
1795 4969 2021 5038 aequale

438 5061 542 5118 est,
573 5064 634 5108 ut
660 5055 906 5118 aestimo,
943 5054 1322 5110 uuiversaliter
1369 5055 1581 5110 indocto
1621 5065 1675 5110 et
1721 5058 2021 5113 divinarum

442 5143 722 5200 teletarum
751 5157 1097 5201 summaenou
1115 5145 1550 5210 communicanti,
1575 5149 1714 5217 quod
1737 5149 2028 5220 participa-

2124 3251 2283 3305 qttam
2313 3238 2646 3309 eloquiorum
2672 3239 3048 3300 conversoriae
3069 3247 3137 3299 ad
3169 3245 3393 3300 meliora
3414 3248 3707 3304 doetrinae.

2123 3326 2199 3381 Ea
2229 3328 2371 3382 enim
2393 3331 2694 3386 divinorum
2718 3331 3150 3403 superinundana
3176 3336 3574 3394 sacrificatione
3602 3355 3708 3404 eos,

2123 3416 2212 3483 qui
2249 3428 2373 3472 sunt
2411 3418 2464 3473 in
2513 3421 2863 3490 poenitentia,
2909 3431 2966 3478 ct
3009 3424 3078 3478 ad
3123 3440 3244 3480 eam
3281 3426 3396 3496 jam
3444 3429 3708 3484 venientes

2123 3507 2424 3574 abscondit,
2463 3525 2568 3566 non
2597 3513 2818 3568 omnino
2847 3514 2915 3568 ad
2947 3515 3373 3570 sacratissimum
3404 3518 3704 3572 admittens.

2120 3595 2368 3667 Appellat
2393 3615 2520 3655 vero
2549 3611 2603 3656 et
2635 3603 2736 3658 hoc
2781 3604 3104 3671 castissime,
3149 3606 3277 3676 quia
3323 3607 3379 3661 in
3424 3607 3601 3678 aliquo
3646 3608 3707 3662 ad

2123 3687 2500 3746 deiformitatis
2517 3706 2786 3747 summum
2811 3695 3124 3764 imperfecte
3151 3695 3550 3755 inﬁrmantibus
3574 3698 3706 3752 invi-

2123 3777 2369 3835 sibilibus
2393 3781 2550 3846 vado,
2575 3791 2630 3837 et
2649 3799 2753 3838 non
2777 3786 3220 3841 eommunicatus.
3243 3787 3429 3860 Ahigit
3454 3790 3592 3844 enim
3619 3803 3710 3859 per

2122 3868 2304 3922 omnia
2333 3869 2633 3926 clarissima
2663 3887 2768 3927 vox
2795 3889 2901 3930 non
2928 3875 3171 3932 valentes
3202 3877 3455 3950 conjungi
3489 3880 3709 3937 divinis-

2124 3961 2382 4016 simorum
2410 3965 2568 4036 digne
2597 3968 3178 4035 communicatoribus;
3205 3971 3379 4026 multo
3399 3974 3568 4043 magis
3593 3988 3714 4043 pas-

2125 4049 2354 4107 sibiliter
2395 4060 2820 4126 energumenum
2865 4058 3150 4114 multitudo
3178 4059 3456 4116 immunda
3500 4063 3621 4126 erit,
3661 4070 3715 4116 et

2123 4142 2270 4196 omni
2325 4143 2560 4200 alienata
2601 4163 2880 4203 sacrorum
2925 4150 3260 4220 inspectione
3313 4161 3369 4208 et
3417 4157 3714 4210 communi-

2124 4231 2355 4288 catione.
2385 4231 2586 4290 Deinde
2631 4237 2812 4292 divino
2854 4237 2988 4292 fiunt
3035 4239 3168 4294 foris
3197 4240 3400 4310 templo
3426 4251 3483 4296 et
3527 4255 3713 4310 super-

2125 4321 2409 4378 excellenti
2424 4323 2540 4392 ejus
2553 4325 2670 4380 leru
2679 4327 2789 4396 rgia
2814 4327 2855 4360 "
2881 4328 3163 4382 teletarum
3179 4329 3385 4386 indocti
3408 4341 3462 4386 et
3475 4331 3711 4400 perfecti,

2127 4423 2183 4468 et
2213 4429 2334 4469 cum
2381 4417 2512 4487 ipsis
2555 4434 2710 4474 sacra
2739 4429 3020 4490 apostatae
3045 4421 3152 4474 vita
3172 4462 3188 4485 ,
3219 4431 3714 4502 consequenter-que

2130 4507 2216 4562 his
2253 4507 2512 4565 adversus
2546 4512 2941 4566 contrariormn
2983 4521 3038 4566 et
3085 4511 3297 4568 vincula
3326 4524 3382 4568 et
3411 4512 3712 4586 phantasias

2129 4606 2350 4667 prOpter
2403 4597 2774 4654 infirmitatem
2847 4610 3182 4668 constantes,
3265 4611 3524 4674 tanquam
3601 4618 3707 4657 non

2129 4688 2500 4757 pervenientes
2546 4691 2612 4744 ad
2663 4691 2840 4746 divina
2901 4707 2996 4762 per
3043 4693 3454 4748 corroboratum
3505 4702 3558 4748 et
3602 4708 3707 4746 non

2127 4779 2454 4851 indigentem
2480 4782 2780 4838 contuitum
2803 4783 2854 4837 in
2879 4783 3156 4840 deiformis
3183 4784 3403 4841 habitus
3423 4785 3710 4840 incommu-

2127 4871 2289 4926 tabile
2311 4881 2367 4928 et
2387 4873 2642 4928 activum.
2671 4873 2871 4928 Deinde
2905 4891 3025 4929 cum
3053 4875 3182 4945 ipsis
3203 4879 3476 4930 contraria
3496 4874 3708 4944 quidem

2128 4973 2496 5034 apostatantes
2531 4965 2662 5032 vita,
2718 4972 2952 5022 nondum
2980 4977 3158 5022 autem
3185 4979 3243 5024 et
3265 4968 3558 5040 phantasiis
3587 4965 3708 5035 ejus

2129 5053 2313 5109 habitu
2361 5065 2418 5110 et
2478 5071 2660 5114 amore
2709 5056 2890 5112 divino
2931 5066 2984 5111 et
3021 5058 3170 5112 claro
3212 5059 3446 5130 purgati,
3493 5065 3544 5111 et
3584 5061 3708 5124 post

2133 5146 2250 5210 bos,
2282 5145 2372 5215 qui
2409 5161 2512 5200 non
2543 5132 2852 5204 omnimodo
2877 5149 3173 5205 uniformes
3197 5159 3254 5204 et
3277 5148 3510 5218 legaliter
3528 5145 3710 5200 dicen.

1711 5258 1959 5316 VARIAE
1995 5259 2394 5319 LECTIONES;

525 5371 542 5404 ³
565 5368 652 5423 ΒΗ
682 5379 736 5423 ut
767 5369 1018 5425 aestimo.
1065 5370 1084 5400 ’
1108 5369 1148 5424 E
1176 5371 1403 5426 veritate.

444 5441 484 5494 Α
531 5439 890 5508 informatum.
963 5441 983 5472 "
1031 5441 1070 5494 Ε
1107 5441 1239 5494 sicut
1290 5442 1651 5500 observaverit.

445 5511 486 5544 “
520 5510 562 5562 Ε
589 5511 879 5574 ivrare/tia;
923 5510 1007 5566 ΒΗ
1036 5514 1073 5566 i.
1097 5527 1144 5566 e.
1175 5514 1458 5580 sacri/ictu.

1479 5374 1499 5406 ³
1529 5374 1570 5428 Ε
1595 5387 1662 5430 ει.
1739 5382 1760 5415 δ
1788 5377 1830 5430 Α
1865 5376 2025 5441 Dicit,
2076 5376 2164 5431 BH
2220 5377 2456 5432 Dixerat.

1746 5447 1767 5476 "
1803 5447 1891 5500 ΑΕ
1931 5449 2215 5502 erroribus.

2533 5375 2555 5406 ⁸
2579 5372 2621 5429 Ε
2651 5373 2798 5431 Sicut
2829 5385 2900 5432 et.
2974 5375 2996 5406 ‘
3029 5375 3422 5431 dehonestum»
3445 5385 3546 5426 om.
3577 5368 3706 5435 BH;

2309 5444 2329 5475 ’
2353 5443 2397 5498 Α
2429 5445 2639 5511 adhuc;
2696 5446 2737 5500 E
2773 5448 2841 5500 ad
2880 5448 2996 5502 hoc.
3078 5447 3120 5478 ¹⁰
3167 5435 3258 5500 Bil
3293 5441 3702 5516 participatione.

1963 5607 2208 5663 NOTAE.

435 5652 443 5661 ι
518 5705 542 5729 ιι
583 5693 699 5742 Jcli.
747 5694 878 5746 ΧΧΙ.

2213 5703 2238 5740 b
2281 5700 2380 5752 lsa.
2423 5700 2463 5760 Ι,
