  <div class='ocr_page' id='page_1' title='image "/cluster/home/n/w/nwhite01/storage/ocr_20150623/122/hvd.32044054759840/580.png"; bbox 0 0 3936 6160; ppageno 0'>
   <div class='ocr_carea' id='block_1_1' title="bbox 400 162 1331 195">
    <p class='ocr_par' dir='ltr' id='par_1_1' title="bbox 400 162 1331 195">
     <span class='ocr_line' id='line_1_1' title="bbox 400 162 1331 195; baseline 0 -14"><span class='ocrx_word' id='word_1_1' title='bbox 400 172 433 195; x_wconf 56' lang='grc'><strong><em>⁸</em></strong></span> <span class='ocrx_word' id='word_1_2' title='bbox 1295 162 1331 181; x_wconf 81' lang='lat'><strong>-</strong></span> 
     </span>
    </p>
   </div>
   <div class='ocr_carea' id='block_1_2' title="bbox 334 292 477 348">
    <p class='ocr_par' dir='ltr' id='par_1_2' title="bbox 334 292 477 348">
     <span class='ocr_line' id='line_1_2' title="bbox 334 292 477 348; baseline 0.014 -2"><span class='ocrx_word' id='word_1_3' title='bbox 334 292 477 348; x_wconf 70' lang='grc'><strong>1³085</strong></span> 
     </span>
    </p>
   </div>
   <div class='ocr_carea' id='block_1_3' title="bbox 932 250 3047 346">
    <p class='ocr_par' dir='ltr' id='par_1_3' title="bbox 932 250 3047 346">
     <span class='ocr_line' id='line_1_3' title="bbox 932 250 3047 346; baseline -0.002 0"><span class='ocrx_word' id='word_1_4' title='bbox 932 288 1180 346; x_wconf 66' lang='lat' dir='ltr'><strong>VERSIO</strong></span> <span class='ocrx_word' id='word_1_5' title='bbox 1218 288 1499 346; x_wconf 75' lang='lat' dir='ltr'><strong>OPERUM</strong></span> <span class='ocrx_word' id='word_1_6' title='bbox 1542 290 1598 344; x_wconf 83' lang='lat' dir='ltr'><strong>S.</strong></span> <span class='ocrx_word' id='word_1_7' title='bbox 1639 250 2062 346; x_wconf 15' lang='lat' dir='ltr'><strong>leNYSll.‘—-A</strong></span> <span class='ocrx_word' id='word_1_8' title='bbox 2086 287 2619 345; x_wconf 77' lang='lat' dir='ltr'><strong>ECCLESIASTICA</strong></span> <span class='ocrx_word' id='word_1_9' title='bbox 2655 288 3047 345; x_wconf 63' lang='lat' dir='ltr'><strong>IERARCHIA.</strong></span> 
     </span>
    </p>
   </div>
   <div class='ocr_carea' id='block_1_4' title="bbox 3470 293 3608 350">
    <p class='ocr_par' dir='ltr' id='par_1_4' title="bbox 3470 293 3608 350">
     <span class='ocr_line' id='line_1_4' title="bbox 3470 293 3608 350; baseline 0.022 -3"><span class='ocrx_word' id='word_1_10' title='bbox 3470 293 3608 350; x_wconf 74' lang='lat' dir='ltr'><strong>i086</strong></span> 
     </span>
    </p>
   </div>
   <div class='ocr_carea' id='block_1_5' title="bbox 330 396 3614 470">
    <p class='ocr_par' dir='ltr' id='par_1_5' title="bbox 330 396 3614 470">
     <span class='ocr_line' id='line_1_5' title="bbox 330 396 3614 470; baseline -0.002 -11"><span class='ocrx_word' id='word_1_11' title='bbox 330 407 463 459; x_wconf 88' lang='lat' dir='ltr'><strong>dum</strong></span> <span class='ocrx_word' id='word_1_12' title='bbox 495 402 843 465; x_wconf 77' lang='lat' dir='ltr'><strong>irntuacnlati,</strong></span> <span class='ocrx_word' id='word_1_13' title='bbox 871 410 923 455; x_wconf 82' lang='lat' dir='ltr'><strong>ct</strong></span> <span class='ocrx_word' id='word_1_14' title='bbox 944 399 1353 455; x_wconf 90' lang='lat' dir='ltr'><strong>incontaminati</strong></span> <span class='ocrx_word' id='word_1_15' title='bbox 1380 408 1503 455; x_wconf 91' lang='lat' dir='ltr'><strong>sunt</strong></span> <span class='ocrx_word' id='word_1_16' title='bbox 1530 400 1921 470; x_wconf 76' lang='lat' dir='ltr'><strong>perfectissime</strong></span> <span class='ocrx_word' id='word_1_17' title='bbox 1950 401 1997 460; x_wconf 78' lang='grc' dir='ltr'>Α</span> <span class='ocrx_word' id='word_1_18' title='bbox 2026 397 2093 452; x_wconf 87' lang='lat' dir='ltr'><strong>Et</strong></span> <span class='ocrx_word' id='word_1_19' title='bbox 2120 398 2223 452; x_wconf 85' lang='lat' dir='ltr'><strong>hoc</strong></span> <span class='ocrx_word' id='word_1_20' title='bbox 2251 407 2430 452; x_wconf 89' lang='lat' dir='ltr'><strong>autem</strong></span> <span class='ocrx_word' id='word_1_21' title='bbox 2478 411 2633 452; x_wconf 85' lang='lat' dir='ltr'><strong>saere</strong></span> <span class='ocrx_word' id='word_1_22' title='bbox 2660 396 2897 465; x_wconf 82' lang='lat' dir='ltr'><strong>intelligo</strong></span> <span class='ocrx_word' id='word_1_23' title='bbox 2915 432 2930 459; x_wconf 87' lang='lat'><strong>,</strong></span> <span class='ocrx_word' id='word_1_24' title='bbox 2960 398 3230 465; x_wconf 85' lang='lat' dir='ltr'><strong>quomodo</strong></span> <span class='ocrx_word' id='word_1_25' title='bbox 3258 402 3614 470; x_wconf 74' lang='lat' dir='ltr'><strong>superpositis</strong></span> 
     </span>
    </p>
   </div>
   <div class='ocr_carea' id='block_1_6' title="bbox 336 491 1920 551">
    <p class='ocr_par' dir='ltr' id='par_1_6' title="bbox 336 491 1920 551">
     <span class='ocr_line' id='line_1_6' title="bbox 336 491 1920 551; baseline -0.005 0"><span class='ocrx_word' id='word_1_26' title='bbox 336 494 683 551; x_wconf 82' lang='lat' dir='ltr'><strong>sanctissimi.</strong></span> <span class='ocrx_word' id='word_1_27' title='bbox 735 491 882 546; x_wconf 89' lang='lat' dir='ltr'><strong>Tunc</strong></span> <span class='ocrx_word' id='word_1_28' title='bbox 911 492 1371 547; x_wconf 85' lang='lat' dir='ltr'><strong>sanctissimorum</strong></span> <span class='ocrx_word' id='word_1_29' title='bbox 1418 491 1830 551; x_wconf 77' lang='lat' dir='ltr'><strong>sacriﬁcatores.</strong></span> <span class='ocrx_word' id='word_1_30' title='bbox 1862 498 1920 545; x_wconf 90' lang='lat' dir='ltr'><strong>et</strong></span> 
     </span>
    </p>
   </div>
   <div class='ocr_carea' id='block_1_7' title="bbox 332 580 1916 654">
    <p class='ocr_par' dir='ltr' id='par_1_7' title="bbox 332 580 1916 654">
     <span class='ocr_line' id='line_1_7' title="bbox 332 580 1916 654; baseline -0.006 -11"><span class='ocrx_word' id='word_1_31' title='bbox 332 584 804 654; x_wconf 83' lang='lat' dir='ltr'><strong>contemplationis</strong></span> <span class='ocrx_word' id='word_1_32' title='bbox 867 591 1135 638; x_wconf 83' lang='lat' dir='ltr'><strong>amatores</strong></span> <span class='ocrx_word' id='word_1_33' title='bbox 1161 622 1178 647; x_wconf 90' lang='lat'><strong>,</strong></span> <span class='ocrx_word' id='word_1_34' title='bbox 1244 582 1639 637; x_wconf 82' lang='lat' dir='ltr'><strong>sanctissimam</strong></span> <span class='ocrx_word' id='word_1_35' title='bbox 1701 580 1916 636; x_wconf 83' lang='lat' dir='ltr'><strong>teletam</strong></span> 
     </span>
    </p>
   </div>
   <div class='ocr_carea' id='block_1_8' title="bbox 334 668 1916 742">
    <p class='ocr_par' dir='ltr' id='par_1_8' title="bbox 334 668 1916 742">
     <span class='ocr_line' id='line_1_8' title="bbox 334 668 1916 742; baseline -0.006 -9"><span class='ocrx_word' id='word_1_36' title='bbox 334 684 525 734; x_wconf 87' lang='lat' dir='ltr'><strong>sancte</strong></span> <span class='ocrx_word' id='word_1_37' title='bbox 556 683 612 729; x_wconf 88' lang='lat' dir='ltr'><strong>et</strong></span> <span class='ocrx_word' id='word_1_38' title='bbox 645 674 897 728; x_wconf 81' lang='lat' dir='ltr'><strong>decenter</strong></span> <span class='ocrx_word' id='word_1_39' title='bbox 928 668 1297 742; x_wconf 84' lang='lat' dir='ltr'><strong>inspicientes,</strong></span> <span class='ocrx_word' id='word_1_40' title='bbox 1324 672 1544 726; x_wconf 88' lang='lat' dir='ltr'><strong>laudant</strong></span> <span class='ocrx_word' id='word_1_41' title='bbox 1579 670 1916 742; x_wconf 83' lang='lat' dir='ltr'><strong>hymnologia</strong></span> 
     </span>
    </p>
   </div>
   <div class='ocr_carea' id='block_1_9' title="bbox 334 762 1914 834">
    <p class='ocr_par' dir='ltr' id='par_1_9' title="bbox 334 762 1914 834">
     <span class='ocr_line' id='line_1_9' title="bbox 334 762 1914 834; baseline -0.006 -10"><span class='ocrx_word' id='word_1_42' title='bbox 334 768 600 824; x_wconf 87' lang='lat' dir='ltr'><strong>catholica</strong></span> <span class='ocrx_word' id='word_1_43' title='bbox 622 764 922 823; x_wconf 79' lang='lat' dir='ltr'><strong>beneﬁcum</strong></span> <span class='ocrx_word' id='word_1_44' title='bbox 948 774 1004 819; x_wconf 92' lang='lat' dir='ltr'><strong>et</strong></span> <span class='ocrx_word' id='word_1_45' title='bbox 1033 764 1292 819; x_wconf 88' lang='lat' dir='ltr'><strong>bonorum</strong></span> <span class='ocrx_word' id='word_1_46' title='bbox 1317 762 1551 834; x_wconf 72' lang='lat' dir='ltr'><strong>largiens</strong></span> <span class='ocrx_word' id='word_1_47' title='bbox 1574 763 1914 832; x_wconf 87' lang='lat' dir='ltr'><strong>principium,</strong></span> 
     </span>
    </p>
   </div>
   <div class='ocr_carea' id='block_1_10' title="bbox 334 854 1920 915">
    <p class='ocr_par' dir='ltr' id='par_1_10' title="bbox 334 854 1920 915">
     <span class='ocr_line' id='line_1_10' title="bbox 334 854 1920 915; baseline -0.003 -1"><span class='ocrx_word' id='word_1_48' title='bbox 334 858 844 915; x_wconf 86' lang='lat' dir='ltr'><strong>subintroducentes</strong></span> <span class='ocrx_word' id='word_1_49' title='bbox 879 855 1142 910; x_wconf 80' lang='lat' dir='ltr'><strong>salutares</strong></span> <span class='ocrx_word' id='word_1_50' title='bbox 1190 854 1347 909; x_wconf 91' lang='lat' dir='ltr'><strong>nobis</strong></span> <span class='ocrx_word' id='word_1_51' title='bbox 1372 854 1643 909; x_wconf 84' lang='lat' dir='ltr'><strong>revelatae</strong></span> <span class='ocrx_word' id='word_1_52' title='bbox 1675 862 1801 909; x_wconf 90' lang='lat' dir='ltr'><strong>sunt</strong></span> <span class='ocrx_word' id='word_1_53' title='bbox 1841 863 1920 909; x_wconf 92' lang='lat' dir='ltr'><strong>te-</strong></span> 
     </span>
    </p>
   </div>
   <div class='ocr_carea' id='block_1_11' title="bbox 334 946 1916 1019">
    <p class='ocr_par' dir='ltr' id='par_1_11' title="bbox 334 946 1916 1019">
     <span class='ocr_line' id='line_1_11' title="bbox 334 946 1916 1019; baseline -0.003 -14"><span class='ocrx_word' id='word_1_54' title='bbox 334 950 493 1015; x_wconf 90' lang='lat' dir='ltr'><strong>letae,</strong></span> <span class='ocrx_word' id='word_1_55' title='bbox 518 957 764 1004; x_wconf 87' lang='lat' dir='ltr'><strong>sanctam</strong></span> <span class='ocrx_word' id='word_1_56' title='bbox 792 946 1155 1019; x_wconf 88' lang='lat' dir='ltr'><strong>perfectorum</strong></span> <span class='ocrx_word' id='word_1_57' title='bbox 1178 946 1573 1002; x_wconf 84' lang='lat' dir='ltr'><strong>deificationem</strong></span> <span class='ocrx_word' id='word_1_58' title='bbox 1601 947 1916 1003; x_wconf 81' lang='lat' dir='ltr'><strong>sacriﬁcan-</strong></span> 
     </span>
    </p>
   </div>
   <div class='ocr_carea' id='block_1_12' title="bbox 332 1039 1917 1113">
    <p class='ocr_par' dir='ltr' id='par_1_12' title="bbox 332 1039 1917 1113">
     <span class='ocr_line' id='line_1_12' title="bbox 332 1039 1917 1113; baseline -0.004 -15"><span class='ocrx_word' id='word_1_59' title='bbox 332 1052 440 1100; x_wconf 84' lang='lat' dir='ltr'><strong>tes.</strong></span> <span class='ocrx_word' id='word_1_60' title='bbox 480 1042 749 1113; x_wconf 81' lang='lat' dir='ltr'><strong>Hymnum</strong></span> <span class='ocrx_word' id='word_1_61' title='bbox 778 1048 958 1095; x_wconf 89' lang='lat' dir='ltr'><strong>autem</strong></span> <span class='ocrx_word' id='word_1_62' title='bbox 986 1040 1132 1094; x_wconf 89' lang='lat' dir='ltr'><strong>hunc</strong></span> <span class='ocrx_word' id='word_1_63' title='bbox 1158 1039 1248 1093; x_wconf 83' lang='lat' dir='ltr'><strong>alii</strong></span> <span class='ocrx_word' id='word_1_64' title='bbox 1277 1039 1492 1108; x_wconf 84' lang='lat' dir='ltr'><strong>quidem</strong></span> <span class='ocrx_word' id='word_1_65' title='bbox 1519 1039 1917 1111; x_wconf 82' lang='lat' dir='ltr'><strong>hymnologiam</strong></span> 
     </span>
    </p>
   </div>
   <div class='ocr_carea' id='block_1_13' title="bbox 333 1128 1917 1199">
    <p class='ocr_par' dir='ltr' id='par_1_13' title="bbox 333 1128 1917 1199">
     <span class='ocr_line' id='line_1_13' title="bbox 333 1128 1917 1199; baseline -0.003 -11"><span class='ocrx_word' id='word_1_66' title='bbox 333 1141 551 1198; x_wconf 75' lang='lat' dir='ltr'><strong>vocant,</strong></span> <span class='ocrx_word' id='word_1_67' title='bbox 603 1130 696 1184; x_wconf 84' lang='lat' dir='ltr'><strong>alii</strong></span> <span class='ocrx_word' id='word_1_68' title='bbox 727 1140 907 1185; x_wconf 91' lang='lat' dir='ltr'><strong>autem</strong></span> <span class='ocrx_word' id='word_1_69' title='bbox 940 1128 1218 1199; x_wconf 80' lang='lat' dir='ltr'><strong>religionis</strong></span> <span class='ocrx_word' id='word_1_70' title='bbox 1260 1128 1584 1199; x_wconf 71' lang='lat' dir='ltr'><strong>symbolum,</strong></span> <span class='ocrx_word' id='word_1_71' title='bbox 1634 1128 1723 1183; x_wconf 90' lang='lat' dir='ltr'><strong>alii</strong></span> <span class='ocrx_word' id='word_1_72' title='bbox 1767 1143 1917 1190; x_wconf 75' lang='lat' dir='ltr'><strong>vero.</strong></span> 
     </span>
    </p>
   </div>
   <div class='ocr_carea' id='block_1_14' title="bbox 326 1218 1917 1287">
    <p class='ocr_par' dir='ltr' id='par_1_14' title="bbox 326 1218 1917 1287">
     <span class='ocr_line' id='line_1_14' title="bbox 326 1218 1917 1287; baseline -0.004 -7"><span class='ocrx_word' id='word_1_73' title='bbox 326 1234 397 1280; x_wconf 71' lang='lat' dir='ltr'><strong>rut</strong></span> <span class='ocrx_word' id='word_1_74' title='bbox 455 1221 708 1287; x_wconf 86' lang='lat' dir='ltr'><strong>aestimo,</strong></span> <span class='ocrx_word' id='word_1_75' title='bbox 757 1219 991 1274; x_wconf 89' lang='lat' dir='ltr'><strong>divinius</strong></span> <span class='ocrx_word' id='word_1_76' title='bbox 1057 1218 1411 1274; x_wconf 88' lang='lat' dir='ltr'><strong>ierarehicam</strong></span> <span class='ocrx_word' id='word_1_77' title='bbox 1480 1219 1917 1284; x_wconf 86' lang='lat' dir='ltr'><strong>Eucharistiam,</strong></span> 
     </span>
    </p>
   </div>
   <div class='ocr_carea' id='block_1_15' title="bbox 330 1307 1920 1382">
    <p class='ocr_par' dir='ltr' id='par_1_15' title="bbox 330 1307 1920 1382">
     <span class='ocr_line' id='line_1_15' title="bbox 330 1307 1920 1382; baseline -0.002 -16"><span class='ocrx_word' id='word_1_78' title='bbox 330 1322 593 1382; x_wconf 75' lang='lat' dir='ltr'><strong>tanquam</strong></span> <span class='ocrx_word' id='word_1_79' title='bbox 640 1307 1140 1378; x_wconf 87' lang='lat' dir='ltr'><strong>eomprehensivam</strong></span> <span class='ocrx_word' id='word_1_80' title='bbox 1186 1307 1243 1361; x_wconf 91' lang='lat' dir='ltr'><strong>in</strong></span> <span class='ocrx_word' id='word_1_81' title='bbox 1305 1321 1408 1362; x_wconf 89' lang='lat' dir='ltr'><strong>nos</strong></span> <span class='ocrx_word' id='word_1_82' title='bbox 1463 1308 1722 1365; x_wconf 86' lang='lat' dir='ltr'><strong>divinitus</strong></span> <span class='ocrx_word' id='word_1_83' title='bbox 1797 1324 1920 1379; x_wconf 89' lang='lat' dir='ltr'><strong>per-</strong></span> 
     </span>
    </p>
   </div>
   <div class='ocr_carea' id='block_1_16' title="bbox 326 1399 1919 1460">
    <p class='ocr_par' dir='ltr' id='par_1_16' title="bbox 326 1399 1919 1460">
     <span class='ocr_line' id='line_1_16' title="bbox 326 1399 1919 1460; baseline -0.003 -1"><span class='ocrx_word' id='word_1_84' title='bbox 326 1402 665 1460; x_wconf 70' lang='lat' dir='ltr'><strong>venientium</strong></span> <span class='ocrx_word' id='word_1_85' title='bbox 696 1415 973 1456; x_wconf 91' lang='lat' dir='ltr'><strong>sacrorum</strong></span> <span class='ocrx_word' id='word_1_86' title='bbox 1015 1399 1301 1455; x_wconf 89' lang='lat' dir='ltr'><strong>donorum.</strong></span> <span class='ocrx_word' id='word_1_87' title='bbox 1332 1400 1562 1455; x_wconf 74' lang='lat' dir='ltr'><strong>Videtur</strong></span> <span class='ocrx_word' id='word_1_88' title='bbox 1601 1402 1746 1457; x_wconf 90' lang='lat' dir='ltr'><strong>enim</strong></span> <span class='ocrx_word' id='word_1_89' title='bbox 1788 1401 1919 1457; x_wconf 90' lang='lat' dir='ltr'><strong>mihi</strong></span> 
     </span>
    </p>
   </div>
   <div class='ocr_carea' id='block_1_17' title="bbox 330 1489 1916 1560">
    <p class='ocr_par' dir='ltr' id='par_1_17' title="bbox 330 1489 1916 1560">
     <span class='ocr_line' id='line_1_17' title="bbox 330 1489 1916 1560; baseline 0.001 -14"><span class='ocrx_word' id='word_1_90' title='bbox 330 1491 725 1547; x_wconf 86' lang='lat' dir='ltr'><strong>laudandorum</strong></span> <span class='ocrx_word' id='word_1_91' title='bbox 759 1489 1002 1547; x_wconf 88' lang='lat' dir='ltr'><strong>omnium</strong></span> <span class='ocrx_word' id='word_1_92' title='bbox 1048 1489 1350 1545; x_wconf 85' lang='lat' dir='ltr'><strong>divinorum</strong></span> <span class='ocrx_word' id='word_1_93' title='bbox 1378 1505 1602 1560; x_wconf 85' lang='lat' dir='ltr'><strong>operum</strong></span> <span class='ocrx_word' id='word_1_94' title='bbox 1649 1493 1916 1548; x_wconf 81' lang='lat' dir='ltr'><strong>actionem</strong></span> 
     </span>
    </p>
   </div>
   <div class='ocr_carea' id='block_1_18' title="bbox 326 1580 1917 1650">
    <p class='ocr_par' dir='ltr' id='par_1_18' title="bbox 326 1580 1917 1650">
     <span class='ocr_line' id='line_1_18' title="bbox 326 1580 1917 1650; baseline -0.001 -11"><span class='ocrx_word' id='word_1_95' title='bbox 326 1584 479 1639; x_wconf 87' lang='lat' dir='ltr'><strong>circa</strong></span> <span class='ocrx_word' id='word_1_96' title='bbox 508 1598 609 1638; x_wconf 87' lang='lat' dir='ltr'><strong>nos</strong></span> <span class='ocrx_word' id='word_1_97' title='bbox 639 1581 779 1646; x_wconf 87' lang='lat' dir='ltr'><strong>fieri,</strong></span> <span class='ocrx_word' id='word_1_98' title='bbox 817 1581 1110 1636; x_wconf 80' lang='lat' dir='ltr'><strong>essentiam</strong></span> <span class='ocrx_word' id='word_1_99' title='bbox 1153 1580 1369 1650; x_wconf 84' lang='lat' dir='ltr'><strong>quidem</strong></span> <span class='ocrx_word' id='word_1_100' title='bbox 1395 1591 1637 1637; x_wconf 90' lang='lat' dir='ltr'><strong>nostram</strong></span> <span class='ocrx_word' id='word_1_101' title='bbox 1665 1591 1720 1638; x_wconf 92' lang='lat' dir='ltr'><strong>et</strong></span> <span class='ocrx_word' id='word_1_102' title='bbox 1754 1583 1917 1637; x_wconf 87' lang='lat' dir='ltr'><strong>vitam</strong></span> 
     </span>
    </p>
   </div>
   <div class='ocr_carea' id='block_1_19' title="bbox 330 1671 1919 1745">
    <p class='ocr_par' dir='ltr' id='par_1_19' title="bbox 330 1671 1919 1745">
     <span class='ocr_line' id='line_1_19' title="bbox 330 1671 1919 1745; baseline 0.002 -18"><span class='ocrx_word' id='word_1_103' title='bbox 330 1672 673 1740; x_wconf 73' lang='lat' dir='ltr'><strong>dejformiter</strong></span> <span class='ocrx_word' id='word_1_104' title='bbox 704 1671 1055 1737; x_wconf 88' lang='lat' dir='ltr'><strong>substituens,</strong></span> <span class='ocrx_word' id='word_1_105' title='bbox 1089 1680 1143 1727; x_wconf 88' lang='lat' dir='ltr'><strong>et</strong></span> <span class='ocrx_word' id='word_1_106' title='bbox 1172 1672 1559 1742; x_wconf 83' lang='lat' dir='ltr'><strong>principalibus</strong></span> <span class='ocrx_word' id='word_1_107' title='bbox 1582 1673 1841 1745; x_wconf 85' lang='lat' dir='ltr'><strong>exemplis</strong></span> <span class='ocrx_word' id='word_1_108' title='bbox 1862 1683 1919 1730; x_wconf 89' lang='lat' dir='ltr'><strong>et</strong></span> 
     </span>
    </p>
   </div>
   <div class='ocr_carea' id='block_1_20' title="bbox 2021 484 3615 556">
    <p class='ocr_par' dir='ltr' id='par_1_20' title="bbox 2021 484 3615 556">
     <span class='ocr_line' id='line_1_20' title="bbox 2021 484 3615 556; baseline 0.001 -14"><span class='ocrx_word' id='word_1_109' title='bbox 2021 487 2202 542; x_wconf 89' lang='lat' dir='ltr'><strong>divino</strong></span> <span class='ocrx_word' id='word_1_110' title='bbox 2271 487 2427 540; x_wconf 85' lang='lat' dir='ltr'><strong>altari</strong></span> <span class='ocrx_word' id='word_1_111' title='bbox 2494 485 2598 555; x_wconf 91' lang='lat' dir='ltr'><strong>piis</strong></span> <span class='ocrx_word' id='word_1_112' title='bbox 2656 484 2955 556; x_wconf 86' lang='lat' dir='ltr'><strong>symbolis,</strong></span> <span class='ocrx_word' id='word_1_113' title='bbox 3012 498 3109 552; x_wconf 85' lang='lat' dir='ltr'><strong>per</strong></span> <span class='ocrx_word' id='word_1_114' title='bbox 3162 500 3302 556; x_wconf 87' lang='lat' dir='ltr'><strong>quae</strong></span> <span class='ocrx_word' id='word_1_115' title='bbox 3365 484 3615 544; x_wconf 83' lang='lat' dir='ltr'><strong>Christus</strong></span> 
     </span>
    </p>
   </div>
   <div class='ocr_carea' id='block_1_21' title="bbox 2019 575 3611 646">
    <p class='ocr_par' dir='ltr' id='par_1_21' title="bbox 2019 575 3611 646">
     <span class='ocr_line' id='line_1_21' title="bbox 2019 575 3611 646; baseline 0.001 -15"><span class='ocrx_word' id='word_1_116' title='bbox 2019 577 2354 646; x_wconf 74' lang='lat' dir='ltr'><strong>significatur</strong></span> <span class='ocrx_word' id='word_1_117' title='bbox 2389 585 2444 631; x_wconf 88' lang='lat' dir='ltr'><strong>et</strong></span> <span class='ocrx_word' id='word_1_118' title='bbox 2482 576 2859 646; x_wconf 90' lang='lat' dir='ltr'><strong>participatur,</strong></span> <span class='ocrx_word' id='word_1_119' title='bbox 2902 576 3051 629; x_wconf 53' lang='lat' dir='ltr'><strong>ade“</strong></span> <span class='ocrx_word' id='word_1_120' title='bbox 3078 575 3448 631; x_wconf 82' lang='lat' dir='ltr'><strong>indubitanter</strong></span> <span class='ocrx_word' id='word_1_121' title='bbox 3478 593 3611 633; x_wconf 83' lang='lat' dir='ltr'><strong>san-</strong></span> 
     </span>
    </p>
   </div>
   <div class='ocr_carea' id='block_1_22' title="bbox 2019 665 3615 738">
    <p class='ocr_par' dir='ltr' id='par_1_22' title="bbox 2019 665 3615 738">
     <span class='ocr_line' id='line_1_22' title="bbox 2019 665 3615 738; baseline 0.001 -17"><span class='ocrx_word' id='word_1_122' title='bbox 2019 677 2229 722; x_wconf 89' lang='lat' dir='ltr'><strong>ctorum</strong></span> <span class='ocrx_word' id='word_1_123' title='bbox 2268 666 2574 736; x_wconf 81' lang='lat' dir='ltr'><strong>professio,</strong></span> <span class='ocrx_word' id='word_1_124' title='bbox 2631 665 3066 735; x_wconf 72' lang='lat' dir='ltr'><strong>coniunctionem</strong></span> <span class='ocrx_word' id='word_1_125' title='bbox 3096 680 3287 721; x_wconf 89' lang='lat' dir='ltr'><strong>eorum</strong></span> <span class='ocrx_word' id='word_1_126' title='bbox 3334 668 3615 738; x_wconf 85' lang='lat' dir='ltr'><strong>insepara-</strong></span> 
     </span>
    </p>
   </div>
   <div class='ocr_carea' id='block_1_23' title="bbox 2018 755 3613 823">
    <p class='ocr_par' dir='ltr' id='par_1_23' title="bbox 2018 755 3613 823">
     <span class='ocr_line' id='line_1_23' title="bbox 2018 755 3613 823; baseline -0.001 -10"><span class='ocrx_word' id='word_1_127' title='bbox 2018 758 2200 813; x_wconf 86' lang='lat' dir='ltr'><strong>biliter</strong></span> <span class='ocrx_word' id='word_1_128' title='bbox 2226 757 2582 812; x_wconf 72' lang='lat' dir='ltr'><strong>manifestans</strong></span> <span class='ocrx_word' id='word_1_129' title='bbox 2626 755 2695 809; x_wconf 86' lang='lat' dir='ltr'><strong>ad</strong></span> <span class='ocrx_word' id='word_1_130' title='bbox 2729 771 2853 809; x_wconf 89' lang='lat' dir='ltr'><strong>eum</strong></span> <span class='ocrx_word' id='word_1_131' title='bbox 2885 769 3048 823; x_wconf 84' lang='lat' dir='ltr'><strong>super</strong></span> <span class='ocrx_word' id='word_1_132' title='bbox 3072 756 3343 810; x_wconf 86' lang='lat' dir='ltr'><strong>mundana</strong></span> <span class='ocrx_word' id='word_1_133' title='bbox 3376 767 3430 809; x_wconf 92' lang='lat' dir='ltr'><strong>et</strong></span> <span class='ocrx_word' id='word_1_134' title='bbox 3455 772 3613 812; x_wconf 89' lang='lat' dir='ltr'><strong>sacra</strong></span> 
     </span>
    </p>
   </div>
   <div class='ocr_carea' id='block_1_24' title="bbox 2019 843 3614 915">
    <p class='ocr_par' dir='ltr' id='par_1_24' title="bbox 2019 843 3614 915">
     <span class='ocr_line' id='line_1_24' title="bbox 2019 843 3614 915; baseline -0.001 -14"><span class='ocrx_word' id='word_1_135' title='bbox 2019 847 2244 901; x_wconf 86' lang='lat' dir='ltr'><strong>unitate.</strong></span> <span class='ocrx_word' id='word_1_136' title='bbox 2279 844 2374 900; x_wconf 84' lang='lat' dir='ltr'><strong>His</strong></span> <span class='ocrx_word' id='word_1_137' title='bbox 2420 854 2597 900; x_wconf 89' lang='lat' dir='ltr'><strong>autem</strong></span> <span class='ocrx_word' id='word_1_138' title='bbox 2642 859 2726 907; x_wconf 88' lang='lat' dir='ltr'><strong>ea,</strong></span> <span class='ocrx_word' id='word_1_139' title='bbox 2768 858 2908 913; x_wconf 87' lang='lat' dir='ltr'><strong>quae</strong></span> <span class='ocrx_word' id='word_1_140' title='bbox 2934 843 3076 897; x_wconf 88' lang='lat' dir='ltr'><strong>dicta</strong></span> <span class='ocrx_word' id='word_1_141' title='bbox 3106 853 3255 910; x_wconf 86' lang='lat' dir='ltr'><strong>sunt,</strong></span> <span class='ocrx_word' id='word_1_142' title='bbox 3285 844 3401 915; x_wconf 89' lang='lat' dir='ltr'><strong>lege</strong></span> <span class='ocrx_word' id='word_1_143' title='bbox 3442 848 3614 907; x_wconf 86' lang='lat' dir='ltr'><strong>sacri-</strong></span> 
     </span>
    </p>
   </div>
   <div class='ocr_carea' id='block_1_25' title="bbox 2021 933 3614 1006">
    <p class='ocr_par' dir='ltr' id='par_1_25' title="bbox 2021 933 3614 1006">
     <span class='ocr_line' id='line_1_25' title="bbox 2021 933 3614 1006; baseline 0.004 -18"><span class='ocrx_word' id='word_1_144' title='bbox 2021 933 2219 996; x_wconf 82' lang='lat' dir='ltr'><strong>ﬁcatis,</strong></span> <span class='ocrx_word' id='word_1_145' title='bbox 2249 943 2403 988; x_wconf 88' lang='lat' dir='ltr'><strong>stans</strong></span> <span class='ocrx_word' id='word_1_146' title='bbox 2444 935 2497 989; x_wconf 93' lang='lat' dir='ltr'><strong>in</strong></span> <span class='ocrx_word' id='word_1_147' title='bbox 2532 944 2824 1003; x_wconf 89' lang='lat' dir='ltr'><strong>conspectu</strong></span> <span class='ocrx_word' id='word_1_148' title='bbox 2850 933 3315 988; x_wconf 74' lang='lat' dir='ltr'><strong>sanctissitnorutn</strong></span> <span class='ocrx_word' id='word_1_149' title='bbox 3343 936 3614 1006; x_wconf 79' lang='lat' dir='ltr'><strong>symbolo-</strong></span> 
     </span>
    </p>
   </div>
   <div class='ocr_carea' id='block_1_26' title="bbox 2022 1026 3611 1096">
    <p class='ocr_par' dir='ltr' id='par_1_26' title="bbox 2022 1026 3611 1096">
     <span class='ocr_line' id='line_1_26' title="bbox 2022 1026 3611 1096; baseline 0.003 -17"><span class='ocrx_word' id='word_1_150' title='bbox 2022 1042 2182 1091; x_wconf 90' lang='lat' dir='ltr'><strong>rum,</strong></span> <span class='ocrx_word' id='word_1_151' title='bbox 2232 1041 2374 1096; x_wconf 88' lang='lat' dir='ltr'><strong>aqua</strong></span> <span class='ocrx_word' id='word_1_152' title='bbox 2427 1040 2622 1081; x_wconf 87' lang='lat' dir='ltr'><strong>manus</strong></span> <span class='ocrx_word' id='word_1_153' title='bbox 2691 1040 2935 1080; x_wconf 87' lang='lat' dir='ltr'><strong>summus</strong></span> <span class='ocrx_word' id='word_1_154' title='bbox 2982 1027 3237 1083; x_wconf 81' lang='lat' dir='ltr'><strong>sacerdos</strong></span> <span class='ocrx_word' id='word_1_155' title='bbox 3303 1026 3449 1082; x_wconf 83' lang='lat' dir='ltr'><strong>lavat</strong></span> <span class='ocrx_word' id='word_1_156' title='bbox 3488 1043 3611 1084; x_wconf 88' lang='lat' dir='ltr'><strong>eum</strong></span> 
     </span>
    </p>
   </div>
   <div class='ocr_carea' id='block_1_27' title="bbox 2019 1116 3608 1190">
    <p class='ocr_par' dir='ltr' id='par_1_27' title="bbox 2019 1116 3608 1190">
     <span class='ocr_line' id='line_1_27' title="bbox 2019 1116 3608 1190; baseline 0.003 -20"><span class='ocrx_word' id='word_1_157' title='bbox 2019 1117 2215 1187; x_wconf 91' lang='lat' dir='ltr'><strong>pudico</strong></span> <span class='ocrx_word' id='word_1_158' title='bbox 2240 1117 2582 1172; x_wconf 78' lang='lat' dir='ltr'><strong>sacerdotum</strong></span> <span class='ocrx_word' id='word_1_159' title='bbox 2618 1117 2809 1171; x_wconf 84' lang='lat' dir='ltr'><strong>ordine</strong></span> <span class='ocrx_word' id='word_1_160' title='bbox 2837 1133 2849 1169; x_wconf 88' lang='lat'><strong>:</strong></span> <span class='ocrx_word' id='word_1_161' title='bbox 2887 1116 3010 1185; x_wconf 82' lang='lat' dir='ltr'><strong>quia</strong></span> <span class='ocrx_word' id='word_1_162' title='bbox 3034 1118 3271 1185; x_wconf 88' lang='lat' dir='ltr'><strong>quidem,</strong></span> <span class='ocrx_word' id='word_1_163' title='bbox 3306 1127 3365 1173; x_wconf 90' lang='lat' dir='ltr'><strong>ut</strong></span> <span class='ocrx_word' id='word_1_164' title='bbox 3394 1120 3608 1190; x_wconf 89' lang='lat' dir='ltr'><strong>eloquia</strong></span> 
     </span>
    </p>
   </div>
   <div class='ocr_carea' id='block_1_28' title="bbox 2021 1207 3608 1278">
    <p class='ocr_par' dir='ltr' id='par_1_28' title="bbox 2021 1207 3608 1278">
     <span class='ocr_line' id='line_1_28' title="bbox 2021 1207 3608 1278; baseline 0 -16"><span class='ocrx_word' id='word_1_165' title='bbox 2021 1209 2192 1273; x_wconf 91' lang='lat' dir='ltr'><strong>aiunt,</strong></span> <span class='ocrx_word' id='word_1_166' title='bbox 2221 1209 2312 1278; x_wconf 93' lang='lat' dir='ltr'><strong>qui</strong></span> <span class='ocrx_word' id='word_1_167' title='bbox 2340 1208 2482 1264; x_wconf 90' lang='lat' dir='ltr'><strong>lotus</strong></span> <span class='ocrx_word' id='word_1_168' title='bbox 2501 1214 2605 1272; x_wconf 89' lang='lat' dir='ltr'><strong>est,</strong></span> <span class='ocrx_word' id='word_1_169' title='bbox 2632 1222 2741 1261; x_wconf 86' lang='lat' dir='ltr'><strong>non</strong></span> <span class='ocrx_word' id='word_1_170' title='bbox 2764 1207 2968 1277; x_wconf 82' lang='lat' dir='ltr'><strong>indiget</strong></span> <span class='ocrx_word' id='word_1_171' title='bbox 2993 1208 3222 1277; x_wconf 84' lang='lat' dir='ltr'><strong>alicujus</strong></span> <span class='ocrx_word' id='word_1_172' title='bbox 3246 1208 3491 1273; x_wconf 88' lang='lat' dir='ltr'><strong>alterius,</strong></span> <span class='ocrx_word' id='word_1_173' title='bbox 3507 1209 3608 1265; x_wconf 80' lang='lat' dir='ltr'><strong>nisi</strong></span> 
     </span>
    </p>
   </div>
   <div class='ocr_carea' id='block_1_29' title="bbox 2020 1299 3612 1364">
    <p class='ocr_par' dir='ltr' id='par_1_29' title="bbox 2020 1299 3612 1364">
     <span class='ocr_line' id='line_1_29' title="bbox 2020 1299 3612 1364; baseline 0 -8"><span class='ocrx_word' id='word_1_174' title='bbox 2020 1315 2374 1364; x_wconf 89' lang='lat' dir='ltr'><strong>summorum,</strong></span> <span class='ocrx_word' id='word_1_175' title='bbox 2410 1300 2462 1353; x_wconf 90' lang='lat' dir='ltr'><strong>id</strong></span> <span class='ocrx_word' id='word_1_176' title='bbox 2506 1309 2611 1363; x_wconf 89' lang='lat' dir='ltr'><strong>est,</strong></span> <span class='ocrx_word' id='word_1_177' title='bbox 2658 1299 3074 1355; x_wconf 82' lang='lat' dir='ltr'><strong>novissimorum</strong></span> <span class='ocrx_word' id='word_1_178' title='bbox 3115 1314 3336 1356; x_wconf 88' lang='lat' dir='ltr'><strong>suorum</strong></span> <span class='ocrx_word' id='word_1_179' title='bbox 3381 1301 3612 1357; x_wconf 82' lang='lat' dir='ltr'><strong>lavatio-</strong></span> 
     </span>
    </p>
   </div>
   <div class='ocr_carea' id='block_1_30' title="bbox 2021 1387 3613 1459">
    <p class='ocr_par' dir='ltr' id='par_1_30' title="bbox 2021 1387 3613 1459">
     <span class='ocr_line' id='line_1_30' title="bbox 2021 1387 3613 1459; baseline 0.001 -16"><span class='ocrx_word' id='word_1_180' title='bbox 2021 1390 2107 1444; x_wconf 89' lang='lat' dir='ltr'><strong>nis</strong></span> <span class='ocrx_word' id='word_1_181' title='bbox 2139 1388 2188 1453; x_wconf 72' lang='grc' dir='ltr'><strong>ἀ,</strong></span> <span class='ocrx_word' id='word_1_182' title='bbox 2216 1398 2436 1459; x_wconf 89' lang='lat' dir='ltr'><strong>propter</strong></span> <span class='ocrx_word' id='word_1_183' title='bbox 2464 1387 2909 1443; x_wconf 84' lang='lat' dir='ltr'><strong>sublimissimam</strong></span> <span class='ocrx_word' id='word_1_184' title='bbox 2934 1389 3309 1458; x_wconf 80' lang='lat' dir='ltr'><strong>purgationem</strong></span> <span class='ocrx_word' id='word_1_185' title='bbox 3337 1391 3389 1445; x_wconf 89' lang='lat' dir='ltr'><strong>in</strong></span> <span class='ocrx_word' id='word_1_186' title='bbox 3420 1390 3613 1446; x_wconf 84' lang='lat' dir='ltr'><strong>castis-</strong></span> 
     </span>
    </p>
   </div>
   <div class='ocr_carea' id='block_1_31' title="bbox 2021 1476 3612 1550">
    <p class='ocr_par' dir='ltr' id='par_1_31' title="bbox 2021 1476 3612 1550">
     <span class='ocr_line' id='line_1_31' title="bbox 2021 1476 3612 1550; baseline 0.003 -17"><span class='ocrx_word' id='word_1_187' title='bbox 2021 1480 2160 1534; x_wconf 87' lang='lat' dir='ltr'><strong>simo</strong></span> <span class='ocrx_word' id='word_1_188' title='bbox 2186 1477 2565 1533; x_wconf 87' lang='lat' dir='ltr'><strong>deiformitatis</strong></span> <span class='ocrx_word' id='word_1_189' title='bbox 2605 1476 2814 1542; x_wconf 87' lang='lat' dir='ltr'><strong>habitu,</strong></span> <span class='ocrx_word' id='word_1_190' title='bbox 2842 1486 2898 1531; x_wconf 93' lang='lat' dir='ltr'><strong>et</strong></span> <span class='ocrx_word' id='word_1_191' title='bbox 2935 1477 3003 1531; x_wconf 92' lang='lat' dir='ltr'><strong>ad</strong></span> <span class='ocrx_word' id='word_1_192' title='bbox 3026 1479 3261 1533; x_wconf 87' lang='lat' dir='ltr'><strong>secunda</strong></span> <span class='ocrx_word' id='word_1_193' title='bbox 3291 1480 3612 1550; x_wconf 79' lang='lat' dir='ltr'><strong>provenieos</strong></span> 
     </span>
    </p>
   </div>
   <div class='ocr_carea' id='block_1_32' title="bbox 2022 1567 3614 1637">
    <p class='ocr_par' dir='ltr' id='par_1_32' title="bbox 2022 1567 3614 1637">
     <span class='ocr_line' id='line_1_32' title="bbox 2022 1567 3614 1637; baseline 0.002 -13"><span class='ocrx_word' id='word_1_194' title='bbox 2022 1568 2381 1633; x_wconf 86' lang='lat' dir='ltr'><strong>deiformiter,</strong></span> <span class='ocrx_word' id='word_1_195' title='bbox 2414 1567 2872 1623; x_wconf 85' lang='lat' dir='ltr'><strong>immensurabilis</strong></span> <span class='ocrx_word' id='word_1_196' title='bbox 2912 1570 3018 1623; x_wconf 89' lang='lat' dir='ltr'><strong>erit</strong></span> <span class='ocrx_word' id='word_1_197' title='bbox 3063 1579 3119 1624; x_wconf 92' lang='lat' dir='ltr'><strong>et</strong></span> <span class='ocrx_word' id='word_1_198' title='bbox 3165 1570 3464 1637; x_wconf 88' lang='lat' dir='ltr'><strong>absolutus,</strong></span> <span class='ocrx_word' id='word_1_199' title='bbox 3494 1580 3614 1627; x_wconf 83' lang='lat' dir='ltr'><strong>tan-</strong></span> 
     </span>
    </p>
   </div>
   <div class='ocr_carea' id='block_1_33' title="bbox 2024 1658 3609 1731">
    <p class='ocr_par' dir='ltr' id='par_1_33' title="bbox 2024 1658 3609 1731">
     <span class='ocr_line' id='line_1_33' title="bbox 2024 1658 3609 1731; baseline 0 -16"><span class='ocrx_word' id='word_1_200' title='bbox 2024 1676 2186 1731; x_wconf 90' lang='lat' dir='ltr'><strong>quam</strong></span> <span class='ocrx_word' id='word_1_201' title='bbox 2232 1660 2627 1730; x_wconf 75' lang='lat' dir='ltr'><strong>perfectissime</strong></span> <span class='ocrx_word' id='word_1_202' title='bbox 2666 1658 2975 1721; x_wconf 80' lang='lat' dir='ltr'><strong>uniformis.</strong></span> <span class='ocrx_word' id='word_1_203' title='bbox 3022 1670 3078 1715; x_wconf 89' lang='lat' dir='ltr'><strong>et</strong></span> <span class='ocrx_word' id='word_1_204' title='bbox 3125 1663 3193 1715; x_wconf 86' lang='lat' dir='ltr'><strong>ad</strong></span> <span class='ocrx_word' id='word_1_205' title='bbox 3222 1677 3387 1717; x_wconf 83' lang='lat' dir='ltr'><strong>unum</strong></span> <span class='ocrx_word' id='word_1_206' title='bbox 3404 1663 3609 1718; x_wconf 79' lang='lat' dir='ltr'><strong>iterum</strong></span> 
     </span>
    </p>
   </div>
   <div class='ocr_carea' id='block_1_34' title="bbox 319 1745 1916 1836">
    <p class='ocr_par' dir='ltr' id='par_1_34' title="bbox 319 1763 1916 1836">
     <span class='ocr_line' id='line_1_34' title="bbox 319 1763 1916 1836; baseline 0.004 -18"><span class='ocrx_word' id='word_1_207' title='bbox 319 1764 574 1836; x_wconf 72' lang='lat' dir='ltr'><strong>pulchris</strong></span> <span class='ocrx_word' id='word_1_208' title='bbox 617 1763 878 1819; x_wconf 90' lang='lat' dir='ltr'><strong>deiforme</strong></span> <span class='ocrx_word' id='word_1_209' title='bbox 917 1773 1163 1819; x_wconf 90' lang='lat' dir='ltr'><strong>nostrum</strong></span> <span class='ocrx_word' id='word_1_210' title='bbox 1223 1763 1503 1829; x_wconf 76' lang='lat' dir='ltr'><strong>formans,</strong></span> <span class='ocrx_word' id='word_1_211' title='bbox 1556 1775 1612 1820; x_wconf 92' lang='lat' dir='ltr'><strong>et</strong></span> <span class='ocrx_word' id='word_1_212' title='bbox 1666 1768 1916 1824; x_wconf 91' lang='lat' dir='ltr'><strong>diviniori</strong></span> 
     </span>
    </p>
   </div>
   <div class='ocr_carea' id='block_1_35' title="bbox 2018 1745 3610 1836">
    <p class='ocr_par' dir='ltr' id='par_1_35' title="bbox 2023 1749 3610 1819">
     <span class='ocr_line' id='line_1_35' title="bbox 2023 1749 3610 1819; baseline 0.001 -13"><span class='ocrx_word' id='word_1_213' title='bbox 2023 1752 2298 1806; x_wconf 82' lang='lat' dir='ltr'><strong>adunatint</strong></span> <span class='ocrx_word' id='word_1_214' title='bbox 2327 1761 2672 1815; x_wconf 86' lang='lat' dir='ltr'><strong>convertens,</strong></span> <span class='ocrx_word' id='word_1_215' title='bbox 2716 1751 2872 1819; x_wconf 85' lang='lat' dir='ltr'><strong>quasi</strong></span> <span class='ocrx_word' id='word_1_216' title='bbox 2900 1749 3285 1807; x_wconf 83' lang='lat' dir='ltr'><strong>deiformitatis</strong></span> <span class='ocrx_word' id='word_1_217' title='bbox 3314 1753 3610 1808; x_wconf 79' lang='lat' dir='ltr'><strong>salvantem</strong></span> 
     </span>
    </p>
   </div>
   <div class='ocr_carea' id='block_1_36' title="bbox 330 1856 1914 1927">
    <p class='ocr_par' dir='ltr' id='par_1_36' title="bbox 330 1856 1914 1927">
     <span class='ocr_line' id='line_1_36' title="bbox 330 1856 1914 1927; baseline 0.001 -13"><span class='ocrx_word' id='word_1_218' title='bbox 330 1858 517 1914; x_wconf 85' lang='lat' dir='ltr'><strong>habitu</strong></span> <span class='ocrx_word' id='word_1_219' title='bbox 542 1864 599 1912; x_wconf 90' lang='lat' dir='ltr'><strong>et</strong></span> <span class='ocrx_word' id='word_1_220' title='bbox 634 1856 984 1912; x_wconf 81' lang='lat' dir='ltr'><strong>renovatione</strong></span> <span class='ocrx_word' id='word_1_221' title='bbox 1024 1856 1079 1911; x_wconf 89' lang='lat' dir='ltr'><strong>in</strong></span> <span class='ocrx_word' id='word_1_222' title='bbox 1118 1857 1532 1927; x_wconf 85' lang='lat' dir='ltr'><strong>participatione</strong></span> <span class='ocrx_word' id='word_1_223' title='bbox 1558 1859 1914 1925; x_wconf 85' lang='lat' dir='ltr'><strong>constituens,</strong></span> 
     </span>
    </p>
   </div>
   <div class='ocr_carea' id='block_1_37' title="bbox 318 1948 1916 2020">
    <p class='ocr_par' dir='ltr' id='par_1_37' title="bbox 318 1948 1916 2020">
     <span class='ocr_line' id='line_1_37' title="bbox 318 1948 1916 2020; baseline 0.002 -16"><span class='ocrx_word' id='word_1_224' title='bbox 318 1963 624 2019; x_wconf 78' lang='lat' dir='ltr'><strong>segregans</strong></span> <span class='ocrx_word' id='word_1_225' title='bbox 680 1956 860 2003; x_wconf 89' lang='lat' dir='ltr'><strong>autem</strong></span> <span class='ocrx_word' id='word_1_226' title='bbox 907 1962 974 2002; x_wconf 80' lang='lat' dir='ltr'><strong>ex</strong></span> <span class='ocrx_word' id='word_1_227' title='bbox 1027 1948 1351 2020; x_wconf 81' lang='lat' dir='ltr'><strong>negligentia</strong></span> <span class='ocrx_word' id='word_1_228' title='bbox 1411 1950 1706 2020; x_wconf 82' lang='lat' dir='ltr'><strong>ingenitam</strong></span> <span class='ocrx_word' id='word_1_229' title='bbox 1760 1951 1916 2007; x_wconf 86' lang='lat' dir='ltr'><strong>nobis</strong></span> 
     </span>
    </p>
   </div>
   <div class='ocr_carea' id='block_1_38' title="bbox 328 2038 1918 2101">
    <p class='ocr_par' dir='ltr' id='par_1_38' title="bbox 328 2038 1918 2101">
     <span class='ocr_line' id='line_1_38' title="bbox 328 2038 1918 2101; baseline 0.001 -5"><span class='ocrx_word' id='word_1_230' title='bbox 328 2040 748 2096; x_wconf 85' lang='lat' dir='ltr'><strong>sollicitudinem</strong></span> <span class='ocrx_word' id='word_1_231' title='bbox 790 2038 1097 2093; x_wconf 83' lang='lat' dir='ltr'><strong>divinorum</strong></span> <span class='ocrx_word' id='word_1_232' title='bbox 1152 2040 1416 2094; x_wconf 89' lang='lat' dir='ltr'><strong>donorum</strong></span> <span class='ocrx_word' id='word_1_233' title='bbox 1446 2080 1462 2101; x_wconf 91' lang='lat'><strong>,</strong></span> <span class='ocrx_word' id='word_1_234' title='bbox 1512 2040 1761 2096; x_wconf 76' lang='lat' dir='ltr'><strong>reficiens</strong></span> <span class='ocrx_word' id='word_1_235' title='bbox 1819 2057 1918 2097; x_wconf 90' lang='lat' dir='ltr'><strong>nos</strong></span> 
     </span>
    </p>
   </div>
   <div class='ocr_carea' id='block_1_39' title="bbox 326 2129 1917 2200">
    <p class='ocr_par' dir='ltr' id='par_1_39' title="bbox 326 2129 1917 2200">
     <span class='ocr_line' id='line_1_39' title="bbox 326 2129 1917 2200; baseline -0.001 -13"><span class='ocrx_word' id='word_1_236' title='bbox 326 2132 507 2196; x_wconf 86' lang='lat' dir='ltr'><strong>bonis,</strong></span> <span class='ocrx_word' id='word_1_237' title='bbox 540 2130 592 2184; x_wconf 91' lang='lat' dir='ltr'><strong>in</strong></span> <span class='ocrx_word' id='word_1_238' title='bbox 622 2129 902 2199; x_wconf 87' lang='lat' dir='ltr'><strong>antiquum</strong></span> <span class='ocrx_word' id='word_1_239' title='bbox 930 2136 1164 2194; x_wconf 82' lang='lat' dir='ltr'><strong>revocat,</strong></span> <span class='ocrx_word' id='word_1_240' title='bbox 1195 2137 1250 2184; x_wconf 89' lang='lat' dir='ltr'><strong>et</strong></span> <span class='ocrx_word' id='word_1_241' title='bbox 1272 2130 1666 2200; x_wconf 84' lang='lat' dir='ltr'><strong>perfectissima</strong></span> <span class='ocrx_word' id='word_1_242' title='bbox 1700 2139 1917 2186; x_wconf 89' lang='lat' dir='ltr'><strong>nostro-</strong></span> 
     </span>
    </p>
   </div>
   <div class='ocr_carea' id='block_1_40' title="bbox 326 2221 1917 2292">
    <p class='ocr_par' dir='ltr' id='par_1_40' title="bbox 326 2221 1917 2292">
     <span class='ocr_line' id='line_1_40' title="bbox 326 2221 1917 2292; baseline 0 -17"><span class='ocrx_word' id='word_1_243' title='bbox 326 2238 454 2276; x_wconf 86' lang='lat' dir='ltr'><strong>rum</strong></span> <span class='ocrx_word' id='word_1_244' title='bbox 502 2221 872 2290; x_wconf 86' lang='lat' dir='ltr'><strong>assumptione</strong></span> <span class='ocrx_word' id='word_1_245' title='bbox 921 2221 1512 2275; x_wconf 89' lang='lat' dir='ltr'><strong>consummatissimam</strong></span> <span class='ocrx_word' id='word_1_246' title='bbox 1570 2222 1917 2292; x_wconf 88' lang='lat' dir='ltr'><strong>propriorum</strong></span> 
     </span>
    </p>
   </div>
   <div class='ocr_carea' id='block_1_41' title="bbox 322 2311 1915 2382">
    <p class='ocr_par' dir='ltr' id='par_1_41' title="bbox 322 2311 1915 2382">
     <span class='ocr_line' id='line_1_41' title="bbox 322 2311 1915 2382; baseline 0.001 -15"><span class='ocrx_word' id='word_1_247' title='bbox 322 2314 674 2368; x_wconf 77' lang='lat' dir='ltr'><strong>traditionem</strong></span> <span class='ocrx_word' id='word_1_248' title='bbox 721 2311 925 2382; x_wconf 90' lang='lat' dir='ltr'><strong>optime</strong></span> <span class='ocrx_word' id='word_1_249' title='bbox 971 2323 1244 2382; x_wconf 87' lang='lat' dir='ltr'><strong>operatur,</strong></span> <span class='ocrx_word' id='word_1_250' title='bbox 1294 2320 1349 2366; x_wconf 90' lang='lat' dir='ltr'><strong>et</strong></span> <span class='ocrx_word' id='word_1_251' title='bbox 1375 2312 1443 2366; x_wconf 90' lang='lat' dir='ltr'><strong>ab</strong></span> <span class='ocrx_word' id='word_1_252' title='bbox 1473 2312 1575 2367; x_wconf 90' lang='lat' dir='ltr'><strong>hac</strong></span> <span class='ocrx_word' id='word_1_253' title='bbox 1600 2314 1915 2368; x_wconf 87' lang='lat' dir='ltr'><strong>societatem</strong></span> 
     </span>
    </p>
   </div>
   <div class='ocr_carea' id='block_1_42' title="bbox 324 2390 1915 2459">
    <p class='ocr_par' dir='ltr' id='par_1_42' title="bbox 324 2390 1915 2459">
     <span class='ocr_line' id='line_1_42' title="bbox 324 2390 1915 2459; baseline 0 -1"><span class='ocrx_word' id='word_1_254' title='bbox 324 2403 488 2459; x_wconf 80' lang='lat' dir='ltr'><strong>nobis</strong></span> <span class='ocrx_word' id='word_1_255' title='bbox 512 2402 604 2458; x_wconf 90' lang='lat' dir='ltr'><strong>Dei</strong></span> <span class='ocrx_word' id='word_1_256' title='bbox 630 2411 687 2456; x_wconf 88' lang='lat' dir='ltr'><strong>et</strong></span> <span class='ocrx_word' id='word_1_257' title='bbox 713 2390 1013 2457; x_wconf 85' lang='lat' dir='ltr'><strong>divinorum</strong></span> <span class='ocrx_word' id='word_1_258' title='bbox 1059 2403 1239 2458; x_wconf 88' lang='lat' dir='ltr'><strong>donat.</strong></span> <span class='ocrx_word' id='word_1_259' title='bbox 1282 2402 1372 2457; x_wconf 88' lang='lat' dir='ltr'><strong>Sic</strong></span> <span class='ocrx_word' id='word_1_260' title='bbox 1396 2411 1574 2456; x_wconf 89' lang='lat' dir='ltr'><strong>autem</strong></span> <span class='ocrx_word' id='word_1_261' title='bbox 1605 2403 1782 2457; x_wconf 84' lang='lat' dir='ltr'><strong>divina</strong></span> <span class='ocrx_word' id='word_1_262' title='bbox 1812 2404 1915 2458; x_wconf 86' lang='lat' dir='ltr'><strong>hu-</strong></span> 
     </span>
    </p>
   </div>
   <div class='ocr_carea' id='block_1_43' title="bbox 324 2491 1917 2561">
    <p class='ocr_par' dir='ltr' id='par_1_43' title="bbox 324 2491 1917 2561">
     <span class='ocr_line' id='line_1_43' title="bbox 324 2491 1917 2561; baseline 0.001 -12"><span class='ocrx_word' id='word_1_263' title='bbox 324 2494 591 2549; x_wconf 86' lang='lat' dir='ltr'><strong>manitate</strong></span> <span class='ocrx_word' id='word_1_264' title='bbox 647 2507 800 2547; x_wconf 85' lang='lat' dir='ltr'><strong>sacro</strong></span> <span class='ocrx_word' id='word_1_265' title='bbox 846 2492 1099 2556; x_wconf 85' lang='lat' dir='ltr'><strong>laudata,</strong></span> <span class='ocrx_word' id='word_1_266' title='bbox 1148 2491 1392 2546; x_wconf 89' lang='lat' dir='ltr'><strong>occultus</strong></span> <span class='ocrx_word' id='word_1_267' title='bbox 1437 2493 1653 2561; x_wconf 89' lang='lat' dir='ltr'><strong>quidem</strong></span> <span class='ocrx_word' id='word_1_268' title='bbox 1703 2494 1917 2550; x_wconf 88' lang='lat' dir='ltr'><strong>divinus</strong></span> 
     </span>
    </p>
   </div>
   <div class='ocr_carea' id='block_1_44' title="bbox 324 2581 1916 2654">
    <p class='ocr_par' dir='ltr' id='par_1_44' title="bbox 324 2581 1916 2654">
     <span class='ocr_line' id='line_1_44' title="bbox 324 2581 1916 2654; baseline 0.002 -17"><span class='ocrx_word' id='word_1_269' title='bbox 324 2583 488 2654; x_wconf 86' lang='lat' dir='ltr'><strong>panis</strong></span> <span class='ocrx_word' id='word_1_270' title='bbox 516 2583 825 2654; x_wconf 88' lang='lat' dir='ltr'><strong>apponitur,</strong></span> <span class='ocrx_word' id='word_1_271' title='bbox 865 2591 921 2637; x_wconf 89' lang='lat' dir='ltr'><strong>et</strong></span> <span class='ocrx_word' id='word_1_272' title='bbox 944 2581 1335 2637; x_wconf 87' lang='lat' dir='ltr'><strong>benedictionis</strong></span> <span class='ocrx_word' id='word_1_273' title='bbox 1362 2582 1503 2638; x_wconf 83' lang='lat' dir='ltr'><strong>calix</strong></span> <span class='ocrx_word' id='word_1_274' title='bbox 1536 2601 1549 2637; x_wconf 93' lang='lat'><strong>:</strong></span> <span class='ocrx_word' id='word_1_275' title='bbox 1579 2585 1916 2640; x_wconf 90' lang='lat' dir='ltr'><strong>divinissima</strong></span> 
     </span>
    </p>
   </div>
   <div class='ocr_carea' id='block_1_45' title="bbox 324 2671 1915 2744">
    <p class='ocr_par' dir='ltr' id='par_1_45' title="bbox 324 2671 1915 2744">
     <span class='ocr_line' id='line_1_45' title="bbox 324 2671 1915 2744; baseline 0 -16"><span class='ocrx_word' id='word_1_276' title='bbox 324 2681 510 2728; x_wconf 78' lang='lat' dir='ltr'><strong>autem</strong></span> <span class='ocrx_word' id='word_1_277' title='bbox 555 2671 811 2728; x_wconf 87' lang='lat' dir='ltr'><strong>salutatio</strong></span> <span class='ocrx_word' id='word_1_278' title='bbox 854 2678 1039 2727; x_wconf 88' lang='lat' dir='ltr'><strong>sancte</strong></span> <span class='ocrx_word' id='word_1_279' title='bbox 1091 2672 1270 2742; x_wconf 85' lang='lat' dir='ltr'><strong>agitur</strong></span> <span class='ocrx_word' id='word_1_280' title='bbox 1301 2711 1316 2736; x_wconf 92' lang='lat'><strong>,</strong></span> <span class='ocrx_word' id='word_1_281' title='bbox 1372 2680 1427 2728; x_wconf 91' lang='lat' dir='ltr'><strong>et</strong></span> <span class='ocrx_word' id='word_1_282' title='bbox 1468 2673 1915 2744; x_wconf 85' lang='lat' dir='ltr'><strong>agiographorum</strong></span> 
     </span>
    </p>
   </div>
   <div class='ocr_carea' id='block_1_46' title="bbox 324 2760 1916 2831">
    <p class='ocr_par' dir='ltr' id='par_1_46' title="bbox 324 2760 1916 2831">
     <span class='ocr_line' id='line_1_46' title="bbox 324 2760 1916 2831; baseline 0.001 -14"><span class='ocrx_word' id='word_1_283' title='bbox 324 2761 666 2818; x_wconf 71' lang='lat' dir='ltr'><strong>voluminum</strong></span> <span class='ocrx_word' id='word_1_284' title='bbox 700 2760 927 2831; x_wconf 85' lang='lat' dir='ltr'><strong>mystica</strong></span> <span class='ocrx_word' id='word_1_285' title='bbox 957 2770 1010 2815; x_wconf 90' lang='lat' dir='ltr'><strong>et</strong></span> <span class='ocrx_word' id='word_1_286' title='bbox 1039 2762 1472 2829; x_wconf 90' lang='lat' dir='ltr'><strong>supermundana</strong></span> <span class='ocrx_word' id='word_1_287' title='bbox 1502 2763 1766 2818; x_wconf 87' lang='lat' dir='ltr'><strong>recitatio.</strong></span> <span class='ocrx_word' id='word_1_288' title='bbox 1799 2762 1916 2819; x_wconf 87' lang='lat' dir='ltr'><strong>Non</strong></span> 
     </span>
    </p>
   </div>
   <div class='ocr_carea' id='block_1_47' title="bbox 326 2852 1915 2923">
    <p class='ocr_par' dir='ltr' id='par_1_47' title="bbox 326 2852 1915 2923">
     <span class='ocr_line' id='line_1_47' title="bbox 326 2852 1915 2923; baseline -0.001 -15"><span class='ocrx_word' id='word_1_289' title='bbox 326 2854 477 2908; x_wconf 86' lang='lat' dir='ltr'><strong>enim</strong></span> <span class='ocrx_word' id='word_1_290' title='bbox 504 2867 669 2907; x_wconf 85' lang='lat' dir='ltr'><strong>unum</strong></span> <span class='ocrx_word' id='word_1_291' title='bbox 697 2860 781 2906; x_wconf 88' lang='lat' dir='ltr'><strong>est</strong></span> <span class='ocrx_word' id='word_1_292' title='bbox 809 2852 876 2905; x_wconf 90' lang='lat' dir='ltr'><strong>ad</strong></span> <span class='ocrx_word' id='word_1_293' title='bbox 906 2866 1071 2905; x_wconf 90' lang='lat' dir='ltr'><strong>unum</strong></span> <span class='ocrx_word' id='word_1_294' title='bbox 1096 2852 1431 2921; x_wconf 82' lang='lat' dir='ltr'><strong>congregari,</strong></span> <span class='ocrx_word' id='word_1_295' title='bbox 1460 2862 1514 2907; x_wconf 91' lang='lat' dir='ltr'><strong>et</strong></span> <span class='ocrx_word' id='word_1_296' title='bbox 1550 2854 1706 2907; x_wconf 89' lang='lat' dir='ltr'><strong>unius</strong></span> <span class='ocrx_word' id='word_1_297' title='bbox 1743 2854 1915 2923; x_wconf 84' lang='lat' dir='ltr'><strong>parti-</strong></span> 
     </span>
    </p>
   </div>
   <div class='ocr_carea' id='block_1_48' title="bbox 322 2939 1915 3011">
    <p class='ocr_par' dir='ltr' id='par_1_48' title="bbox 322 2939 1915 3011">
     <span class='ocr_line' id='line_1_48' title="bbox 322 2939 1915 3011; baseline -0.001 -13"><span class='ocrx_word' id='word_1_298' title='bbox 322 2943 518 3011; x_wconf 86' lang='lat' dir='ltr'><strong>cipare</strong></span> <span class='ocrx_word' id='word_1_299' title='bbox 545 2939 766 3011; x_wconf 81' lang='lat' dir='ltr'><strong>pacifica</strong></span> <span class='ocrx_word' id='word_1_300' title='bbox 812 2940 1054 3002; x_wconf 90' lang='lat' dir='ltr'><strong>unitate,</strong></span> <span class='ocrx_word' id='word_1_301' title='bbox 1107 2941 1175 2993; x_wconf 90' lang='lat' dir='ltr'><strong>ad</strong></span> <span class='ocrx_word' id='word_1_302' title='bbox 1222 2942 1429 3009; x_wconf 86' lang='lat' dir='ltr'><strong>seipsos</strong></span> <span class='ocrx_word' id='word_1_303' title='bbox 1475 2942 1805 3010; x_wconf 73' lang='lat' dir='ltr'><strong>paciﬁcatus.</strong></span> <span class='ocrx_word' id='word_1_304' title='bbox 1857 2941 1915 2997; x_wconf 88' lang='lat' dir='ltr'><strong>Si</strong></span> 
     </span>
    </p>
   </div>
   <div class='ocr_carea' id='block_1_49' title="bbox 322 3028 1914 3100">
    <p class='ocr_par' dir='ltr' id='par_1_49' title="bbox 322 3028 1914 3100">
     <span class='ocr_line' id='line_1_49' title="bbox 322 3028 1914 3100; baseline -0.001 -13"><span class='ocrx_word' id='word_1_305' title='bbox 322 3033 476 3087; x_wconf 85' lang='lat' dir='ltr'><strong>enim</strong></span> <span class='ocrx_word' id='word_1_306' title='bbox 526 3031 595 3086; x_wconf 91' lang='lat' dir='ltr'><strong>ab</strong></span> <span class='ocrx_word' id='word_1_307' title='bbox 631 3032 790 3085; x_wconf 89' lang='lat' dir='ltr'><strong>unius</strong></span> <span class='ocrx_word' id='word_1_308' title='bbox 833 3028 1284 3100; x_wconf 82' lang='lat' dir='ltr'><strong>contemplatione</strong></span> <span class='ocrx_word' id='word_1_309' title='bbox 1332 3038 1387 3084; x_wconf 91' lang='lat' dir='ltr'><strong>et</strong></span> <span class='ocrx_word' id='word_1_310' title='bbox 1443 3032 1665 3085; x_wconf 85' lang='lat' dir='ltr'><strong>scientia</strong></span> <span class='ocrx_word' id='word_1_311' title='bbox 1717 3031 1914 3085; x_wconf 90' lang='lat' dir='ltr'><strong>illumi-</strong></span> 
     </span>
    </p>
   </div>
   <div class='ocr_carea' id='block_1_50' title="bbox 330 3118 1916 3192">
    <p class='ocr_par' dir='ltr' id='par_1_50' title="bbox 330 3118 1916 3192">
     <span class='ocr_line' id='line_1_50' title="bbox 330 3118 1916 3192; baseline -0.001 -14"><span class='ocrx_word' id='word_1_312' title='bbox 330 3123 491 3185; x_wconf 87' lang='lat' dir='ltr'><strong>nati,</strong></span> <span class='ocrx_word' id='word_1_313' title='bbox 541 3121 609 3175; x_wconf 92' lang='lat' dir='ltr'><strong>ad</strong></span> <span class='ocrx_word' id='word_1_314' title='bbox 660 3118 985 3175; x_wconf 88' lang='lat' dir='ltr'><strong>uniformem</strong></span> <span class='ocrx_word' id='word_1_315' title='bbox 1043 3130 1099 3175; x_wconf 91' lang='lat' dir='ltr'><strong>et</strong></span> <span class='ocrx_word' id='word_1_316' title='bbox 1147 3121 1382 3175; x_wconf 84' lang='lat' dir='ltr'><strong>divinam</strong></span> <span class='ocrx_word' id='word_1_317' title='bbox 1445 3124 1916 3192; x_wconf 80' lang='lat' dir='ltr'><strong>congregationem</strong></span> 
     </span>
    </p>
   </div>
   <div class='ocr_carea' id='block_1_51' title="bbox 330 3209 1924 3281">
    <p class='ocr_par' dir='ltr' id='par_1_51' title="bbox 330 3209 1924 3281">
     <span class='ocr_line' id='line_1_51' title="bbox 330 3209 1924 3281; baseline 0 -15"><span class='ocrx_word' id='word_1_318' title='bbox 330 3212 699 3275; x_wconf 57' lang='lat' dir='ltr'><strong>uniﬁcamur,</strong></span> <span class='ocrx_word' id='word_1_319' title='bbox 737 3226 844 3266; x_wconf 89' lang='lat' dir='ltr'><strong>non</strong></span> <span class='ocrx_word' id='word_1_320' title='bbox 898 3209 1143 3265; x_wconf 78' lang='lat' dir='ltr'><strong>fortassis</strong></span> <span class='ocrx_word' id='word_1_321' title='bbox 1186 3210 1240 3264; x_wconf 91' lang='lat' dir='ltr'><strong>in</strong></span> <span class='ocrx_word' id='word_1_322' title='bbox 1290 3212 1517 3281; x_wconf 89' lang='lat' dir='ltr'><strong>partitas</strong></span> <span class='ocrx_word' id='word_1_323' title='bbox 1566 3212 1924 3266; x_wconf 89' lang='lat' dir='ltr'><strong>rescindimur</strong></span> 
     </span>
    </p>
   </div>
   <div class='ocr_carea' id='block_1_52' title="bbox 326 3301 1921 3373">
    <p class='ocr_par' dir='ltr' id='par_1_52' title="bbox 326 3301 1921 3373">
     <span class='ocr_line' id='line_1_52' title="bbox 326 3301 1921 3373; baseline 0 -15"><span class='ocrx_word' id='word_1_324' title='bbox 326 3305 585 3360; x_wconf 85' lang='lat' dir='ltr'><strong>decidere</strong></span> <span class='ocrx_word' id='word_1_325' title='bbox 644 3301 1150 3373; x_wconf 89' lang='lat' dir='ltr'><strong>concupiscentias,</strong></span> <span class='ocrx_word' id='word_1_326' title='bbox 1232 3318 1298 3357; x_wconf 77' lang='lat' dir='ltr'><strong>ex</strong></span> <span class='ocrx_word' id='word_1_327' title='bbox 1356 3303 1552 3372; x_wconf 90' lang='lat' dir='ltr'><strong>quibus</strong></span> <span class='ocrx_word' id='word_1_328' title='bbox 1610 3303 1921 3358; x_wconf 87' lang='lat' dir='ltr'><strong>materiales</strong></span> 
     </span>
    </p>
   </div>
   <div class='ocr_carea' id='block_1_53' title="bbox 322 3390 1920 3462">
    <p class='ocr_par' dir='ltr' id='par_1_53' title="bbox 322 3390 1920 3462">
     <span class='ocr_line' id='line_1_53' title="bbox 322 3390 1920 3462; baseline -0.001 -14"><span class='ocrx_word' id='word_1_329' title='bbox 322 3403 589 3448; x_wconf 84' lang='lat' dir='ltr'><strong>creantur</strong></span> <span class='ocrx_word' id='word_1_330' title='bbox 615 3401 670 3448; x_wconf 91' lang='lat' dir='ltr'><strong>et</strong></span> <span class='ocrx_word' id='word_1_331' title='bbox 709 3390 991 3462; x_wconf 82' lang='lat' dir='ltr'><strong>passibiles</strong></span> <span class='ocrx_word' id='word_1_332' title='bbox 1029 3390 1287 3444; x_wconf 81' lang='lat' dir='ltr'><strong>adversus</strong></span> <span class='ocrx_word' id='word_1_333' title='bbox 1327 3390 1622 3446; x_wconf 86' lang='lat' dir='ltr'><strong>secundum</strong></span> <span class='ocrx_word' id='word_1_334' title='bbox 1670 3401 1920 3447; x_wconf 90' lang='lat' dir='ltr'><strong>naturam</strong></span> 
     </span>
    </p>
   </div>
   <div class='ocr_carea' id='block_1_54' title="bbox 326 3474 1914 3556">
    <p class='ocr_par' dir='ltr' id='par_1_54' title="bbox 326 3474 1914 3556">
     <span class='ocr_line' id='line_1_54' title="bbox 326 3474 1914 3556; baseline 0.001 -17"><span class='ocrx_word' id='word_1_335' title='bbox 326 3484 670 3556; x_wconf 83' lang='lat' dir='ltr'><strong>aequiforme</strong></span> <span class='ocrx_word' id='word_1_336' title='bbox 717 3481 1106 3538; x_wconf 85' lang='lat' dir='ltr'><strong>infestationes.</strong></span> <span class='ocrx_word' id='word_1_337' title='bbox 1144 3482 1297 3538; x_wconf 74' lang='lat' dir='ltr'><strong>ﬂante</strong></span> <span class='ocrx_word' id='word_1_338' title='bbox 1343 3474 1507 3553; x_wconf 74' lang='lat' dir='ltr'><strong>ergo,</strong></span> <span class='ocrx_word' id='word_1_339' title='bbox 1561 3494 1624 3538; x_wconf 89' lang='lat' dir='ltr'><strong>ut</strong></span> <span class='ocrx_word' id='word_1_340' title='bbox 1669 3486 1914 3552; x_wconf 88' lang='lat' dir='ltr'><strong>aestimo,</strong></span> 
     </span>
    </p>
   </div>
   <div class='ocr_carea' id='block_1_55' title="bbox 328 3571 1917 3642">
    <p class='ocr_par' dir='ltr' id='par_1_55' title="bbox 328 3571 1917 3642">
     <span class='ocr_line' id='line_1_55' title="bbox 328 3571 1917 3642; baseline 0.001 -13"><span class='ocrx_word' id='word_1_341' title='bbox 328 3574 657 3629; x_wconf 88' lang='lat' dir='ltr'><strong>uniformem</strong></span> <span class='ocrx_word' id='word_1_342' title='bbox 678 3581 734 3628; x_wconf 90' lang='lat' dir='ltr'><strong>et</strong></span> <span class='ocrx_word' id='word_1_343' title='bbox 752 3571 1163 3642; x_wconf 84' lang='lat' dir='ltr'><strong>inseparabilem</strong></span> <span class='ocrx_word' id='word_1_344' title='bbox 1198 3572 1365 3625; x_wconf 88' lang='lat' dir='ltr'><strong>vitam</strong></span> <span class='ocrx_word' id='word_1_345' title='bbox 1389 3572 1538 3641; x_wconf 86' lang='lat' dir='ltr'><strong>pacis</strong></span> <span class='ocrx_word' id='word_1_346' title='bbox 1556 3575 1696 3630; x_wconf 91' lang='lat' dir='ltr'><strong>actio</strong></span> <span class='ocrx_word' id='word_1_347' title='bbox 1716 3577 1733 3607; x_wconf 85' lang='grc'>¹</span> <span class='ocrx_word' id='word_1_348' title='bbox 1763 3591 1917 3631; x_wconf 88' lang='lat' dir='ltr'><strong>sacra</strong></span> 
     </span>
    </p>
   </div>
   <div class='ocr_carea' id='block_1_56' title="bbox 328 3661 1919 3736">
    <p class='ocr_par' dir='ltr' id='par_1_56' title="bbox 328 3661 1919 3736">
     <span class='ocr_line' id='line_1_56' title="bbox 328 3661 1919 3736; baseline -0.001 -15"><span class='ocrx_word' id='word_1_349' title='bbox 328 3664 653 3735; x_wconf 73' lang='lat' dir='ltr'><strong>promulgat,</strong></span> <span class='ocrx_word' id='word_1_350' title='bbox 696 3663 859 3719; x_wconf 87' lang='lat' dir='ltr'><strong>simili</strong></span> <span class='ocrx_word' id='word_1_351' title='bbox 885 3661 1061 3717; x_wconf 87' lang='lat' dir='ltr'><strong>simile</strong></span> <span class='ocrx_word' id='word_1_352' title='bbox 1084 3661 1376 3727; x_wconf 88' lang='lat' dir='ltr'><strong>eollocans,</strong></span> <span class='ocrx_word' id='word_1_353' title='bbox 1406 3672 1462 3717; x_wconf 90' lang='lat' dir='ltr'><strong>et</strong></span> <span class='ocrx_word' id='word_1_354' title='bbox 1510 3664 1723 3733; x_wconf 88' lang='lat' dir='ltr'><strong>partitis</strong></span> <span class='ocrx_word' id='word_1_355' title='bbox 1763 3681 1919 3736; x_wconf 83' lang='lat' dir='ltr'><strong>sepa-</strong></span> 
     </span>
    </p>
   </div>
   <div class='ocr_carea' id='block_1_57' title="bbox 328 3749 1915 3822">
    <p class='ocr_par' dir='ltr' id='par_1_57' title="bbox 328 3749 1915 3822">
     <span class='ocr_line' id='line_1_57' title="bbox 328 3749 1915 3822; baseline -0.001 -12"><span class='ocrx_word' id='word_1_356' title='bbox 328 3768 462 3810; x_wconf 84' lang='lat' dir='ltr'><strong>rans</strong></span> <span class='ocrx_word' id='word_1_357' title='bbox 488 3753 671 3807; x_wconf 89' lang='lat' dir='ltr'><strong>divina</strong></span> <span class='ocrx_word' id='word_1_358' title='bbox 715 3760 771 3807; x_wconf 92' lang='lat' dir='ltr'><strong>et</strong></span> <span class='ocrx_word' id='word_1_359' title='bbox 815 3751 965 3805; x_wconf 86' lang='lat' dir='ltr'><strong>unita</strong></span> <span class='ocrx_word' id='word_1_360' title='bbox 1011 3749 1337 3822; x_wconf 85' lang='lat' dir='ltr'><strong>spectacula.</strong></span> <span class='ocrx_word' id='word_1_361' title='bbox 1391 3750 1685 3807; x_wconf 89' lang='lat' dir='ltr'><strong>Sacrarum</strong></span> <span class='ocrx_word' id='word_1_362' title='bbox 1734 3762 1915 3809; x_wconf 88' lang='lat' dir='ltr'><strong>autem</strong></span> 
     </span>
    </p>
   </div>
   <div class='ocr_carea' id='block_1_58' title="bbox 332 3839 1917 3915">
    <p class='ocr_par' dir='ltr' id='par_1_58' title="bbox 332 3839 1917 3915">
     <span class='ocr_line' id='line_1_58' title="bbox 332 3839 1917 3915; baseline 0.001 -15"><span class='ocrx_word' id='word_1_363' title='bbox 332 3846 636 3901; x_wconf 87' lang='lat' dir='ltr'><strong>tabularum</strong></span> <span class='ocrx_word' id='word_1_364' title='bbox 689 3851 812 3914; x_wconf 87' lang='lat' dir='ltr'><strong>post</strong></span> <span class='ocrx_word' id='word_1_365' title='bbox 868 3856 1059 3913; x_wconf 88' lang='lat' dir='ltr'><strong>pacem</strong></span> <span class='ocrx_word' id='word_1_366' title='bbox 1111 3842 1363 3898; x_wconf 86' lang='lat' dir='ltr'><strong>recitatio</strong></span> <span class='ocrx_word' id='word_1_367' title='bbox 1409 3839 1688 3915; x_wconf 86' lang='lat' dir='ltr'><strong>praedicat</strong></span> <span class='ocrx_word' id='word_1_368' title='bbox 1731 3854 1917 3901; x_wconf 88' lang='lat' dir='ltr'><strong>sancte</strong></span> 
     </span>
    </p>
   </div>
   <div class='ocr_carea' id='block_1_59' title="bbox 329 3931 1918 3996">
    <p class='ocr_par' dir='ltr' id='par_1_59' title="bbox 329 3931 1918 3996">
     <span class='ocr_line' id='line_1_59' title="bbox 329 3931 1918 3996; baseline -0.001 -7"><span class='ocrx_word' id='word_1_369' title='bbox 329 3933 593 3996; x_wconf 84' lang='lat' dir='ltr'><strong>ﬁrmatos,</strong></span> <span class='ocrx_word' id='word_1_370' title='bbox 638 3941 694 3987; x_wconf 86' lang='lat' dir='ltr'><strong>et</strong></span> <span class='ocrx_word' id='word_1_371' title='bbox 712 3932 779 3985; x_wconf 89' lang='lat' dir='ltr'><strong>ad</strong></span> <span class='ocrx_word' id='word_1_372' title='bbox 826 3940 1083 3987; x_wconf 84' lang='lat' dir='ltr'><strong>strenuae</strong></span> <span class='ocrx_word' id='word_1_373' title='bbox 1102 3931 1243 3986; x_wconf 82' lang='lat' dir='ltr'><strong>vitae</strong></span> <span class='ocrx_word' id='word_1_374' title='bbox 1264 3933 1788 3988; x_wconf 86' lang='lat' dir='ltr'><strong>consummationem</strong></span> <span class='ocrx_word' id='word_1_375' title='bbox 1819 3936 1918 3988; x_wconf 84' lang='lat' dir='ltr'><strong>im-</strong></span> 
     </span>
    </p>
   </div>
   <div class='ocr_carea' id='block_1_60' title="bbox 328 4020 1918 4095">
    <p class='ocr_par' dir='ltr' id='par_1_60' title="bbox 328 4020 1918 4095">
     <span class='ocr_line' id='line_1_60' title="bbox 328 4020 1918 4095; baseline -0.001 -15"><span class='ocrx_word' id='word_1_376' title='bbox 328 4023 665 4080; x_wconf 85' lang='lat' dir='ltr'><strong>mutabiliter</strong></span> <span class='ocrx_word' id='word_1_377' title='bbox 712 4022 1080 4077; x_wconf 82' lang='lat' dir='ltr'><strong>advenientes.</strong></span> <span class='ocrx_word' id='word_1_378' title='bbox 1111 4020 1222 4077; x_wconf 82' lang='lat' dir='ltr'><strong>Nos</strong></span> <span class='ocrx_word' id='word_1_379' title='bbox 1245 4022 1469 4095; x_wconf 72' lang='lat' dir='ltr'><strong>quidem</strong></span> <span class='ocrx_word' id='word_1_380' title='bbox 1490 4036 1587 4093; x_wconf 89' lang='lat' dir='ltr'><strong>per</strong></span> <span class='ocrx_word' id='word_1_381' title='bbox 1612 4023 1918 4079; x_wconf 86' lang='lat' dir='ltr'><strong>similitudi-</strong></span> 
     </span>
    </p>
   </div>
   <div class='ocr_carea' id='block_1_61' title="bbox 332 4114 1915 4172">
    <p class='ocr_par' dir='ltr' id='par_1_61' title="bbox 332 4114 1915 4172">
     <span class='ocr_line' id='line_1_61' title="bbox 332 4114 1915 4172; baseline 0 -2"><span class='ocrx_word' id='word_1_382' title='bbox 332 4130 455 4170; x_wconf 88' lang='lat' dir='ltr'><strong>nem</strong></span> <span class='ocrx_word' id='word_1_383' title='bbox 485 4130 671 4170; x_wconf 88' lang='lat' dir='ltr'><strong>eorum</strong></span> <span class='ocrx_word' id='word_1_384' title='bbox 716 4116 769 4169; x_wconf 88' lang='lat' dir='ltr'><strong>in</strong></span> <span class='ocrx_word' id='word_1_385' title='bbox 811 4114 1185 4169; x_wconf 79' lang='lat' dir='ltr'><strong>beatissimum</strong></span> <span class='ocrx_word' id='word_1_386' title='bbox 1234 4114 1476 4169; x_wconf 81' lang='lat' dir='ltr'><strong>habitum</strong></span> <span class='ocrx_word' id='word_1_387' title='bbox 1521 4122 1573 4169; x_wconf 87' lang='lat' dir='ltr'><strong>et</strong></span> <span class='ocrx_word' id='word_1_388' title='bbox 1601 4114 1915 4172; x_wconf 88' lang='lat' dir='ltr'><strong>deiformem</strong></span> 
     </span>
    </p>
   </div>
   <div class='ocr_carea' id='block_1_62' title="bbox 330 4206 1914 4279">
    <p class='ocr_par' dir='ltr' id='par_1_62' title="bbox 330 4206 1914 4279">
     <span class='ocr_line' id='line_1_62' title="bbox 330 4206 1914 4279; baseline 0 -17"><span class='ocrx_word' id='word_1_389' title='bbox 330 4208 567 4279; x_wconf 86' lang='lat' dir='ltr'><strong>quietem</strong></span> <span class='ocrx_word' id='word_1_390' title='bbox 616 4208 847 4262; x_wconf 87' lang='lat' dir='ltr'><strong>hortans</strong></span> <span class='ocrx_word' id='word_1_391' title='bbox 869 4214 925 4260; x_wconf 88' lang='lat' dir='ltr'><strong>et</strong></span> <span class='ocrx_word' id='word_1_392' title='bbox 972 4207 1356 4269; x_wconf 86' lang='lat' dir='ltr'><strong>manuducens,</strong></span> <span class='ocrx_word' id='word_1_393' title='bbox 1407 4206 1601 4275; x_wconf 83' lang='lat' dir='ltr'><strong>quibus</strong></span> <span class='ocrx_word' id='word_1_394' title='bbox 1658 4215 1914 4277; x_wconf 84' lang='lat' dir='ltr'><strong>tanquam</strong></span> 
     </span>
    </p>
   </div>
   <div class='ocr_carea' id='block_1_63' title="bbox 330 4295 1914 4371">
    <p class='ocr_par' dir='ltr' id='par_1_63' title="bbox 330 4295 1914 4371">
     <span class='ocr_line' id='line_1_63' title="bbox 330 4295 1914 4371; baseline -0.003 -18"><span class='ocrx_word' id='word_1_395' title='bbox 330 4298 639 4371; x_wconf 71' lang='lat' dir='ltr'><strong>viventibus</strong></span> <span class='ocrx_word' id='word_1_396' title='bbox 654 4297 950 4367; x_wconf 89' lang='lat' dir='ltr'><strong>praedicat,</strong></span> <span class='ocrx_word' id='word_1_397' title='bbox 976 4304 1052 4361; x_wconf 91' lang='lat' dir='ltr'><strong>et,</strong></span> <span class='ocrx_word' id='word_1_398' title='bbox 1098 4302 1158 4349; x_wconf 87' lang='lat' dir='ltr'><strong>ut</strong></span> <span class='ocrx_word' id='word_1_399' title='bbox 1188 4295 1455 4365; x_wconf 83' lang='lat' dir='ltr'><strong>theologia</strong></span> <span class='ocrx_word' id='word_1_400' title='bbox 1485 4296 1584 4359; x_wconf 88' lang='lat' dir='ltr'><strong>ait,</strong></span> <span class='ocrx_word' id='word_1_401' title='bbox 1631 4311 1737 4350; x_wconf 87' lang='lat' dir='ltr'><strong>non</strong></span> <span class='ocrx_word' id='word_1_402' title='bbox 1765 4310 1914 4351; x_wconf 86' lang='lat' dir='ltr'><strong>mor-</strong></span> 
     </span>
    </p>
   </div>
   <div class='ocr_carea' id='block_1_64' title="bbox 262 4388 1995 4478">
    <p class='ocr_par' dir='ltr' id='par_1_64' title="bbox 262 4388 1995 4478">
     <span class='ocr_line' id='line_1_64' title="bbox 262 4388 1995 4478; baseline 0 -33"><span class='ocrx_word' id='word_1_403' title='bbox 262 4402 268 4408; x_wconf 81' lang='lat'>‘</span> <span class='ocrx_word' id='word_1_404' title='bbox 333 4390 465 4454; x_wconf 86' lang='lat' dir='ltr'><strong>tuis,</strong></span> <span class='ocrx_word' id='word_1_405' title='bbox 495 4390 589 4445; x_wconf 88' lang='lat' dir='ltr'><strong>sed</strong></span> <span class='ocrx_word' id='word_1_406' title='bbox 619 4391 673 4443; x_wconf 89' lang='lat' dir='ltr'><strong>in</strong></span> <span class='ocrx_word' id='word_1_407' title='bbox 708 4388 1097 4444; x_wconf 84' lang='lat' dir='ltr'><strong>divinissimam</strong></span> <span class='ocrx_word' id='word_1_408' title='bbox 1125 4388 1289 4443; x_wconf 89' lang='lat' dir='ltr'><strong>vitam</strong></span> <span class='ocrx_word' id='word_1_409' title='bbox 1335 4403 1400 4443; x_wconf 78' lang='lat' dir='ltr'><strong>ex</strong></span> <span class='ocrx_word' id='word_1_410' title='bbox 1430 4397 1604 4445; x_wconf 88' lang='lat' dir='ltr'><strong>morte</strong></span> <span class='ocrx_word' id='word_1_411' title='bbox 1633 4398 1917 4445; x_wconf 86' lang='lat' dir='ltr'><strong>transeun-</strong></span> <span class='ocrx_word' id='word_1_412' title='bbox 1944 4417 1995 4478; x_wconf 68' lang='grc' dir='ltr'>Β</span> 
     </span>
    </p>
   </div>
   <div class='ocr_carea' id='block_1_65' title="bbox 334 4478 1916 4545">
    <p class='ocr_par' dir='ltr' id='par_1_65' title="bbox 334 4478 1916 4545">
     <span class='ocr_line' id='line_1_65' title="bbox 334 4478 1916 4545; baseline 0.001 -11"><span class='ocrx_word' id='word_1_413' title='bbox 334 4481 478 4534; x_wconf 81' lang='lat' dir='ltr'><strong>tibus</strong></span> <span class='ocrx_word' id='word_1_414' title='bbox 504 4490 552 4531; x_wconf 78' lang='grc' dir='ltr'><strong>ι.</strong></span> <span class='ocrx_word' id='word_1_415' title='bbox 586 4478 717 4535; x_wconf 82' lang='lat' dir='ltr'><strong>Vide</strong></span> <span class='ocrx_word' id='word_1_416' title='bbox 757 4487 963 4543; x_wconf 81' lang='lat' dir='ltr'><strong>autem,</strong></span> <span class='ocrx_word' id='word_1_417' title='bbox 1002 4478 1128 4545; x_wconf 88' lang='lat' dir='ltr'><strong>quia</strong></span> <span class='ocrx_word' id='word_1_418' title='bbox 1174 4486 1229 4532; x_wconf 87' lang='lat' dir='ltr'><strong>et</strong></span> <span class='ocrx_word' id='word_1_419' title='bbox 1254 4478 1722 4534; x_wconf 82' lang='lat' dir='ltr'><strong>recordationibus</strong></span> <span class='ocrx_word' id='word_1_420' title='bbox 1746 4481 1916 4536; x_wconf 84' lang='lat' dir='ltr'><strong>sacris</strong></span> 
     </span>
    </p>
   </div>
   <div class='ocr_carea' id='block_1_66' title="bbox 333 4567 1915 4633">
    <p class='ocr_par' dir='ltr' id='par_1_66' title="bbox 333 4567 1915 4633">
     <span class='ocr_line' id='line_1_66' title="bbox 333 4567 1915 4633; baseline 0.001 -9"><span class='ocrx_word' id='word_1_421' title='bbox 333 4569 693 4633; x_wconf 85' lang='lat' dir='ltr'><strong>restituimur,</strong></span> <span class='ocrx_word' id='word_1_422' title='bbox 723 4567 901 4622; x_wconf 77' lang='lat' dir='ltr'><strong>divina</strong></span> <span class='ocrx_word' id='word_1_423' title='bbox 938 4567 1197 4621; x_wconf 87' lang='lat' dir='ltr'><strong>memoria</strong></span> <span class='ocrx_word' id='word_1_424' title='bbox 1236 4582 1347 4623; x_wconf 79' lang='lat' dir='ltr'><strong>non</strong></span> <span class='ocrx_word' id='word_1_425' title='bbox 1378 4569 1687 4624; x_wconf 87' lang='lat' dir='ltr'><strong>humanitus</strong></span> <span class='ocrx_word' id='word_1_426' title='bbox 1710 4584 1915 4626; x_wconf 83' lang='lat' dir='ltr'><strong>memo-</strong></span> 
     </span>
    </p>
   </div>
   <div class='ocr_carea' id='block_1_67' title="bbox 334 4656 1919 4729">
    <p class='ocr_par' dir='ltr' id='par_1_67' title="bbox 334 4656 1919 4729">
     <span class='ocr_line' id='line_1_67' title="bbox 334 4656 1919 4729; baseline 0 -15"><span class='ocrx_word' id='word_1_427' title='bbox 334 4659 506 4714; x_wconf 84' lang='lat' dir='ltr'><strong>rativa</strong></span> <span class='ocrx_word' id='word_1_428' title='bbox 538 4659 823 4729; x_wconf 85' lang='lat' dir='ltr'><strong>phantasia</strong></span> <span class='ocrx_word' id='word_1_429' title='bbox 872 4657 1196 4719; x_wconf 86' lang='lat' dir='ltr'><strong>deelarante,</strong></span> <span class='ocrx_word' id='word_1_430' title='bbox 1228 4659 1323 4711; x_wconf 88' lang='lat' dir='ltr'><strong>sed</strong></span> <span class='ocrx_word' id='word_1_431' title='bbox 1347 4656 1507 4712; x_wconf 87' lang='lat' dir='ltr'><strong>veluti</strong></span> <span class='ocrx_word' id='word_1_432' title='bbox 1545 4658 1592 4713; x_wconf 86' lang='lat' dir='ltr'><strong>si</strong></span> <span class='ocrx_word' id='word_1_433' title='bbox 1627 4658 1751 4728; x_wconf 81' lang='lat' dir='ltr'><strong>quis</strong></span> <span class='ocrx_word' id='word_1_434' title='bbox 1772 4658 1919 4714; x_wconf 79' lang='lat' dir='ltr'><strong>dicat</strong></span> 
     </span>
    </p>
   </div>
   <div class='ocr_carea' id='block_1_68' title="bbox 334 4747 1911 4818">
    <p class='ocr_par' dir='ltr' id='par_1_68' title="bbox 334 4747 1911 4818">
     <span class='ocr_line' id='line_1_68' title="bbox 334 4747 1911 4818; baseline 0 -14"><span class='ocrx_word' id='word_1_435' title='bbox 334 4748 592 4804; x_wconf 89' lang='lat' dir='ltr'><strong>divinitus</strong></span> <span class='ocrx_word' id='word_1_436' title='bbox 614 4747 907 4813; x_wconf 81' lang='lat' dir='ltr'><strong>secundum</strong></span> <span class='ocrx_word' id='word_1_437' title='bbox 930 4747 1231 4802; x_wconf 91' lang='lat' dir='ltr'><strong>divinorum</strong></span> <span class='ocrx_word' id='word_1_438' title='bbox 1255 4747 1547 4818; x_wconf 81' lang='lat' dir='ltr'><strong>perfectam</strong></span> <span class='ocrx_word' id='word_1_439' title='bbox 1573 4748 1911 4804; x_wconf 84' lang='lat' dir='ltr'><strong>deiformium</strong></span> 
     </span>
    </p>
   </div>
   <div class='ocr_carea' id='block_1_69' title="bbox 333 4837 1910 4909">
    <p class='ocr_par' dir='ltr' id='par_1_69' title="bbox 333 4837 1910 4909">
     <span class='ocr_line' id='line_1_69' title="bbox 333 4837 1910 4909; baseline 0.002 -17"><span class='ocrx_word' id='word_1_440' title='bbox 333 4838 633 4909; x_wconf 85' lang='lat' dir='ltr'><strong>preciosam</strong></span> <span class='ocrx_word' id='word_1_441' title='bbox 660 4846 717 4893; x_wconf 91' lang='lat' dir='ltr'><strong>et</strong></span> <span class='ocrx_word' id='word_1_442' title='bbox 738 4837 1127 4892; x_wconf 87' lang='lat' dir='ltr'><strong>immutabilem</strong></span> <span class='ocrx_word' id='word_1_443' title='bbox 1153 4838 1535 4909; x_wconf 71' lang='lat' dir='ltr'><strong>cognitionem.</strong></span> <span class='ocrx_word' id='word_1_444' title='bbox 1568 4837 1725 4893; x_wconf 78' lang='lat' dir='ltr'><strong>Novit</strong></span> <span class='ocrx_word' id='word_1_445' title='bbox 1752 4842 1910 4906; x_wconf 83' lang='lat' dir='ltr'><strong>enim,</strong></span> 
     </span>
    </p>
   </div>
   <div class='ocr_carea' id='block_1_70' title="bbox 333 4927 1506 4998">
    <p class='ocr_par' dir='ltr' id='par_1_70' title="bbox 333 4927 1506 4998">
     <span class='ocr_line' id='line_1_70' title="bbox 333 4927 1506 4998; baseline 0.001 -16"><span class='ocrx_word' id='word_1_446' title='bbox 333 4929 489 4983; x_wconf 88' lang='lat' dir='ltr'><strong>aiunt</strong></span> <span class='ocrx_word' id='word_1_447' title='bbox 524 4927 756 4998; x_wconf 89' lang='lat' dir='ltr'><strong>eloquia,</strong></span> <span class='ocrx_word' id='word_1_448' title='bbox 805 4928 894 4997; x_wconf 79' lang='lat' dir='ltr'><strong>qui</strong></span> <span class='ocrx_word' id='word_1_449' title='bbox 947 4937 1069 4983; x_wconf 75' lang='lat' dir='ltr'><strong>sunt</strong></span> <span class='ocrx_word' id='word_1_450' title='bbox 1114 4928 1231 4998; x_wconf 75' lang='lat' dir='ltr'><strong>ejus</strong></span> <span class='ocrx_word' id='word_1_451' title='bbox 1278 4928 1337 4995; x_wconf 60' lang='grc' dir='ltr'><strong>υς</strong></span> <span class='ocrx_word' id='word_1_452' title='bbox 1387 4937 1442 4983; x_wconf 89' lang='lat' dir='ltr'><strong>et</strong></span> <span class='ocrx_word' id='word_1_453' title='bbox 1492 4946 1506 4983; x_wconf 90' lang='lat'><strong>:</strong></span> 
     </span>
    </p>
   </div>
   <div class='ocr_carea' id='block_1_71' title="bbox 333 5018 1918 5089">
    <p class='ocr_par' dir='ltr' id='par_1_71' title="bbox 333 5018 1918 5089">
     <span class='ocr_line' id='line_1_71' title="bbox 333 5018 1918 5089; baseline 0.003 -16"><span class='ocrx_word' id='word_1_454' title='bbox 333 5027 608 5089; x_wconf 71' lang='lat' dir='ltr'><strong>conspectu</strong></span> <span class='ocrx_word' id='word_1_455' title='bbox 649 5018 866 5073; x_wconf 80' lang='lat' dir='ltr'><strong>Domini</strong></span> <span class='ocrx_word' id='word_1_456' title='bbox 917 5034 1058 5073; x_wconf 63' lang='lat' dir='ltr'><strong>more</strong></span> <span class='ocrx_word' id='word_1_457' title='bbox 1107 5027 1407 5073; x_wconf 79' lang='lat' dir='ltr'><strong>sanctorum</strong></span> <span class='ocrx_word' id='word_1_458' title='bbox 1466 5020 1585 5089; x_wconf 74' lang='lat' dir='ltr'><strong>ejus</strong></span> <span class='ocrx_word' id='word_1_459' title='bbox 1636 5030 1693 5087; x_wconf 72' lang='lat' dir='ltr'><strong>c;</strong></span> <span class='ocrx_word' id='word_1_460' title='bbox 1744 5030 1918 5077; x_wconf 89' lang='lat' dir='ltr'><strong>morte</strong></span> 
     </span>
    </p>
   </div>
   <div class='ocr_carea' id='block_1_72' title="bbox 324 5110 1912 5181">
    <p class='ocr_par' dir='ltr' id='par_1_72' title="bbox 324 5110 1912 5181">
     <span class='ocr_line' id='line_1_72' title="bbox 324 5110 1912 5181; baseline 0.001 -16"><span class='ocrx_word' id='word_1_461' title='bbox 324 5118 647 5173; x_wconf 82' lang='lat' dir='ltr'><strong>sanctorum</strong></span> <span class='ocrx_word' id='word_1_462' title='bbox 692 5124 795 5181; x_wconf 88' lang='lat' dir='ltr'><strong>pro</strong></span> <span class='ocrx_word' id='word_1_463' title='bbox 838 5111 891 5165; x_wconf 92' lang='lat' dir='ltr'><strong>in</strong></span> <span class='ocrx_word' id='word_1_464' title='bbox 928 5110 1215 5167; x_wconf 86' lang='lat' dir='ltr'><strong>sanctitate</strong></span> <span class='ocrx_word' id='word_1_465' title='bbox 1257 5111 1720 5169; x_wconf 83' lang='lat' dir='ltr'><strong>consummatione</strong></span> <span class='ocrx_word' id='word_1_466' title='bbox 1747 5113 1912 5169; x_wconf 89' lang='lat' dir='ltr'><strong>dicta.</strong></span> 
     </span>
    </p>
   </div>
   <div class='ocr_carea' id='block_1_73' title="bbox 1559 4926 1946 5001">
    <p class='ocr_par' dir='ltr' id='par_1_73' title="bbox 1559 4926 1946 5001">
     <span class='ocr_line' id='line_1_73' title="bbox 1559 4926 1946 5001; baseline 0.01 -19"><span class='ocrx_word' id='word_1_467' title='bbox 1559 4926 1805 4985; x_wconf 78' lang='lat' dir='ltr'><strong>Preciosa</strong></span> <span class='ocrx_word' id='word_1_468' title='bbox 1858 4933 1916 4986; x_wconf 77' lang='lat' dir='ltr'><strong>in</strong></span> <span class='ocrx_word' id='word_1_469' title='bbox 1938 4994 1946 5001; x_wconf 50' lang='grc'><em>,</em></span> 
     </span>
    </p>
   </div>
   <div class='ocr_carea' id='block_1_74' title="bbox 2020 1841 3612 1913">
    <p class='ocr_par' dir='ltr' id='par_1_74' title="bbox 2020 1841 3612 1913">
     <span class='ocr_line' id='line_1_74' title="bbox 2020 1841 3612 1913; baseline 0.003 -19"><span class='ocrx_word' id='word_1_470' title='bbox 2020 1842 2409 1911; x_wconf 87' lang='lat' dir='ltr'><strong>plenitudinem</strong></span> <span class='ocrx_word' id='word_1_471' title='bbox 2434 1850 2489 1895; x_wconf 91' lang='lat' dir='ltr'><strong>et</strong></span> <span class='ocrx_word' id='word_1_472' title='bbox 2522 1841 2908 1911; x_wconf 83' lang='lat' dir='ltr'><strong>integritatem.</strong></span> <span class='ocrx_word' id='word_1_473' title='bbox 2939 1842 3106 1898; x_wconf 82' lang='lat' dir='ltr'><strong>Sacer</strong></span> <span class='ocrx_word' id='word_1_474' title='bbox 3146 1858 3276 1913; x_wconf 86' lang='lat' dir='ltr'><strong>ergo</strong></span> <span class='ocrx_word' id='word_1_475' title='bbox 3302 1844 3441 1898; x_wconf 86' lang='lat' dir='ltr'><strong>luter</strong></span> <span class='ocrx_word' id='word_1_476' title='bbox 3470 1854 3521 1911; x_wconf 74' lang='grc'><strong>⁸,</strong></span> <span class='ocrx_word' id='word_1_477' title='bbox 3549 1854 3612 1901; x_wconf 86' lang='lat' dir='ltr'><strong>ut</strong></span> 
     </span>
    </p>
   </div>
   <div class='ocr_carea' id='block_1_75' title="bbox 2020 1931 3607 2003">
    <p class='ocr_par' dir='ltr' id='par_1_75' title="bbox 2020 1931 3607 2003">
     <span class='ocr_line' id='line_1_75' title="bbox 2020 1931 3607 2003; baseline 0.001 -14"><span class='ocrx_word' id='word_1_478' title='bbox 2020 1932 2289 1994; x_wconf 77' lang='lat' dir='ltr'><strong>diximus,</strong></span> <span class='ocrx_word' id='word_1_479' title='bbox 2338 1931 2392 1985; x_wconf 90' lang='lat' dir='ltr'><strong>in</strong></span> <span class='ocrx_word' id='word_1_480' title='bbox 2432 1948 2496 1987; x_wconf 84' lang='lat' dir='ltr'><strong>ea</strong></span> <span class='ocrx_word' id='word_1_481' title='bbox 2547 1933 2842 1987; x_wconf 86' lang='lat' dir='ltr'><strong>secundum</strong></span> <span class='ocrx_word' id='word_1_482' title='bbox 2889 1933 3059 2003; x_wconf 73' lang='lat' dir='ltr'><strong>legem</strong></span> <span class='ocrx_word' id='word_1_483' title='bbox 3094 1934 3112 1972; x_wconf 75' lang='grc' dir='ltr'><strong>ί</strong></span> <span class='ocrx_word' id='word_1_484' title='bbox 3143 1944 3263 1989; x_wconf 87' lang='lat' dir='ltr'><strong>erat</strong></span> <span class='ocrx_word' id='word_1_485' title='bbox 3303 1936 3607 2003; x_wconf 79' lang='lat' dir='ltr'><strong>lerarcltia;</strong></span> 
     </span>
    </p>
   </div>
   <div class='ocr_carea' id='block_1_76' title="bbox 2018 2023 3675 2081">
    <p class='ocr_par' dir='ltr' id='par_1_76' title="bbox 2018 2023 3675 2081">
     <span class='ocr_line' id='line_1_76' title="bbox 2018 2023 3675 2081; baseline 0 -2"><span class='ocrx_word' id='word_1_486' title='bbox 2018 2039 2162 2079; x_wconf 89' lang='lat' dir='ltr'><strong>nunc</strong></span> <span class='ocrx_word' id='word_1_487' title='bbox 2205 2031 2384 2077; x_wconf 85' lang='lat' dir='ltr'><strong>autem</strong></span> <span class='ocrx_word' id='word_1_488' title='bbox 2429 2023 2627 2075; x_wconf 87' lang='lat' dir='ltr'><strong>summi</strong></span> <span class='ocrx_word' id='word_1_489' title='bbox 2677 2024 2975 2077; x_wconf 84' lang='lat' dir='ltr'><strong>sacerdotis</strong></span> <span class='ocrx_word' id='word_1_490' title='bbox 3011 2034 3066 2079; x_wconf 84' lang='lat' dir='ltr'><strong>et</strong></span> <span class='ocrx_word' id='word_1_491' title='bbox 3110 2028 3453 2079; x_wconf 58' lang='lat' dir='ltr'><strong>sacerdotum</strong></span> <span class='ocrx_word' id='word_1_492' title='bbox 3498 2040 3614 2081; x_wconf 85' lang='lat' dir='ltr'><strong>ma-</strong></span> <span class='ocrx_word' id='word_1_493' title='bbox 3667 2052 3675 2063; x_wconf 87' lang='lat'><strong><em>-</em></strong></span> 
     </span>
    </p>
   </div>
   <div class='ocr_carea' id='block_1_77' title="bbox 2018 2111 3615 2182">
    <p class='ocr_par' dir='ltr' id='par_1_77' title="bbox 2018 2111 3615 2182">
     <span class='ocr_line' id='line_1_77' title="bbox 2018 2111 3615 2182; baseline 0.004 -16"><span class='ocrx_word' id='word_1_494' title='bbox 2018 2128 2184 2167; x_wconf 89' lang='lat' dir='ltr'><strong>nuum</strong></span> <span class='ocrx_word' id='word_1_495' title='bbox 2221 2111 2469 2182; x_wconf 86' lang='lat' dir='ltr'><strong>purgatio</strong></span> <span class='ocrx_word' id='word_1_496' title='bbox 2528 2113 2704 2180; x_wconf 86' lang='lat' dir='ltr'><strong>ipsum</strong></span> <span class='ocrx_word' id='word_1_497' title='bbox 2756 2113 3012 2166; x_wconf 79' lang='lat' dir='ltr'><strong>insinuat.</strong></span> <span class='ocrx_word' id='word_1_498' title='bbox 3064 2114 3169 2168; x_wconf 74' lang='lat' dir='ltr'><strong>Eos</strong></span> <span class='ocrx_word' id='word_1_499' title='bbox 3214 2117 3360 2171; x_wconf 89' lang='lat' dir='ltr'><strong>enim</strong></span> <span class='ocrx_word' id='word_1_500' title='bbox 3390 2117 3459 2171; x_wconf 86' lang='lat' dir='ltr'><strong>ad</strong></span> <span class='ocrx_word' id='word_1_501' title='bbox 3488 2132 3615 2172; x_wconf 84' lang='lat' dir='ltr'><strong>san-</strong></span> 
     </span>
    </p>
   </div>
   <div class='ocr_carea' id='block_1_78' title="bbox 2018 2203 3615 2278">
    <p class='ocr_par' dir='ltr' id='par_1_78' title="bbox 2018 2203 3615 2278">
     <span class='ocr_line' id='line_1_78' title="bbox 2018 2203 3615 2278; baseline 0.003 -20"><span class='ocrx_word' id='word_1_502' title='bbox 2018 2204 2318 2259; x_wconf 85' lang='lat' dir='ltr'><strong>ctissimam</strong></span> <span class='ocrx_word' id='word_1_503' title='bbox 2363 2203 2642 2257; x_wconf 79' lang='lat' dir='ltr'><strong>venientes</strong></span> <span class='ocrx_word' id='word_1_504' title='bbox 2691 2206 3006 2278; x_wconf 74' lang='grc' dir='ltr'><strong>ἱερουργίαν,</strong></span> <span class='ocrx_word' id='word_1_505' title='bbox 3034 2222 3264 2276; x_wconf 80' lang='lat' dir='ltr'><strong>purgate</strong></span> <span class='ocrx_word' id='word_1_506' title='bbox 3290 2218 3529 2276; x_wconf 88' lang='lat' dir='ltr'><strong>oportet,</strong></span> <span class='ocrx_word' id='word_1_507' title='bbox 3555 2218 3615 2263; x_wconf 91' lang='lat' dir='ltr'><strong>et</strong></span> 
     </span>
    </p>
   </div>
   <div class='ocr_carea' id='block_1_79' title="bbox 2016 2294 3611 2366">
    <p class='ocr_par' dir='ltr' id='par_1_79' title="bbox 2016 2294 3611 2366">
     <span class='ocr_line' id='line_1_79' title="bbox 2016 2294 3611 2366; baseline 0.002 -16"><span class='ocrx_word' id='word_1_508' title='bbox 2016 2306 2291 2351; x_wconf 80' lang='lat' dir='ltr'><strong>extremas</strong></span> <span class='ocrx_word' id='word_1_509' title='bbox 2330 2294 2543 2348; x_wconf 88' lang='lat' dir='ltr'><strong>animae</strong></span> <span class='ocrx_word' id='word_1_510' title='bbox 2589 2296 2927 2363; x_wconf 84' lang='lat' dir='ltr'><strong>phantasias,</strong></span> <span class='ocrx_word' id='word_1_511' title='bbox 2977 2305 3033 2350; x_wconf 88' lang='lat' dir='ltr'><strong>et</strong></span> <span class='ocrx_word' id='word_1_512' title='bbox 3076 2299 3611 2366; x_wconf 86' lang='lat' dir='ltr'><strong>per‘similitudinem</strong></span> 
     </span>
    </p>
   </div>
   <div class='ocr_carea' id='block_1_80' title="bbox 2016 2384 3606 2456">
    <p class='ocr_par' dir='ltr' id='par_1_80' title="bbox 2016 2384 3606 2456">
     <span class='ocr_line' id='line_1_80' title="bbox 2016 2384 3606 2456; baseline 0.002 -17"><span class='ocrx_word' id='word_1_513' title='bbox 2016 2385 2131 2456; x_wconf 88' lang='lat' dir='ltr'><strong>ipsa</strong></span> <span class='ocrx_word' id='word_1_514' title='bbox 2194 2392 2403 2437; x_wconf 89' lang='lat' dir='ltr'><strong>tantum</strong></span> <span class='ocrx_word' id='word_1_515' title='bbox 2435 2422 2452 2449; x_wconf 94' lang='lat'><strong>,</strong></span> <span class='ocrx_word' id='word_1_516' title='bbox 2502 2394 2765 2451; x_wconf 88' lang='lat' dir='ltr'><strong>quantum</strong></span> <span class='ocrx_word' id='word_1_517' title='bbox 2820 2384 3077 2453; x_wconf 82' lang='lat' dir='ltr'><strong>possibile</strong></span> <span class='ocrx_word' id='word_1_518' title='bbox 3139 2395 3263 2450; x_wconf 81' lang='lat' dir='ltr'><strong>est,</strong></span> <span class='ocrx_word' id='word_1_519' title='bbox 3317 2387 3606 2443; x_wconf 83' lang='lat' dir='ltr'><strong>admittere</strong></span> 
     </span>
    </p>
   </div>
   <div class='ocr_carea' id='block_1_81' title="bbox 2016 2475 3613 2547">
    <p class='ocr_par' dir='ltr' id='par_1_81' title="bbox 2016 2475 3613 2547">
     <span class='ocr_line' id='line_1_81' title="bbox 2016 2475 3613 2547; baseline -0.001 -14"><span class='ocrx_word' id='word_1_520' title='bbox 2016 2475 2417 2533; x_wconf 88' lang='lat' dir='ltr'><strong>manifestiores</strong></span> <span class='ocrx_word' id='word_1_521' title='bbox 2458 2475 2538 2530; x_wconf 88' lang='lat' dir='ltr'><strong>sic</strong></span> <span class='ocrx_word' id='word_1_522' title='bbox 2570 2475 2944 2543; x_wconf 83' lang='lat' dir='ltr'><strong>theophanias,</strong></span> <span class='ocrx_word' id='word_1_523' title='bbox 2973 2477 3121 2532; x_wconf 88' lang='lat' dir='ltr'><strong>circa</strong></span> <span class='ocrx_word' id='word_1_524' title='bbox 3165 2491 3300 2545; x_wconf 88' lang='lat' dir='ltr'><strong>quas</strong></span> <span class='ocrx_word' id='word_1_525' title='bbox 3341 2488 3613 2547; x_wconf 87' lang='lat' dir='ltr'><strong>ponentur</strong></span> 
     </span>
    </p>
   </div>
   <div class='ocr_carea' id='block_1_82' title="bbox 2015 2564 3608 2639">
    <p class='ocr_par' dir='ltr' id='par_1_82' title="bbox 2015 2564 3608 2639">
     <span class='ocr_line' id='line_1_82' title="bbox 2015 2564 3608 2639; baseline 0 -15"><span class='ocrx_word' id='word_1_526' title='bbox 2015 2566 2525 2637; x_wconf 88' lang='lat' dir='ltr'><strong>supermundalibus</strong></span> <span class='ocrx_word' id='word_1_527' title='bbox 2598 2564 2903 2636; x_wconf 77' lang='lat' dir='ltr'><strong>fulgoribus</strong></span> <span class='ocrx_word' id='word_1_528' title='bbox 2952 2567 3007 2621; x_wconf 85' lang='lat' dir='ltr'><strong>in</strong></span> <span class='ocrx_word' id='word_1_529' title='bbox 3061 2566 3423 2623; x_wconf 83' lang='lat' dir='ltr'><strong>conformium</strong></span> <span class='ocrx_word' id='word_1_530' title='bbox 3480 2583 3608 2639; x_wconf 86' lang='lat' dir='ltr'><strong>spe-</strong></span> 
     </span>
    </p>
   </div>
   <div class='ocr_carea' id='block_1_83' title="bbox 2014 2660 3608 2718">
    <p class='ocr_par' dir='ltr' id='par_1_83' title="bbox 2014 2660 3608 2718">
     <span class='ocr_line' id='line_1_83' title="bbox 2014 2660 3608 2718; baseline 0 0"><span class='ocrx_word' id='word_1_531' title='bbox 2014 2663 2260 2718; x_wconf 88' lang='lat' dir='ltr'><strong>culorum</strong></span> <span class='ocrx_word' id='word_1_532' title='bbox 2325 2661 2627 2717; x_wconf 82' lang='lat' dir='ltr'><strong>claritatem</strong></span> <span class='ocrx_word' id='word_1_533' title='bbox 2697 2660 3143 2717; x_wconf 86' lang='lat' dir='ltr'><strong>universaliorem</strong></span> <span class='ocrx_word' id='word_1_534' title='bbox 3194 2670 3250 2717; x_wconf 90' lang='lat' dir='ltr'><strong>et</strong></span> <span class='ocrx_word' id='word_1_535' title='bbox 3293 2662 3608 2718; x_wconf 83' lang='lat' dir='ltr'><strong>lucidiorem</strong></span> 
     </span>
    </p>
   </div>
   <div class='ocr_carea' id='block_1_84' title="bbox 2015 2750 3607 2823">
    <p class='ocr_par' dir='ltr' id='par_1_84' title="bbox 2015 2750 3607 2823">
     <span class='ocr_line' id='line_1_84' title="bbox 2015 2750 3607 2823; baseline -0.001 -16"><span class='ocrx_word' id='word_1_536' title='bbox 2015 2751 2392 2823; x_wconf 83' lang='lat' dir='ltr'><strong>appetentibus</strong></span> <span class='ocrx_word' id='word_1_537' title='bbox 2411 2751 2695 2819; x_wconf 87' lang='lat' dir='ltr'><strong>pervenire</strong></span> <span class='ocrx_word' id='word_1_538' title='bbox 2717 2750 2993 2819; x_wconf 88' lang='lat' dir='ltr'><strong>proprium</strong></span> <span class='ocrx_word' id='word_1_539' title='bbox 3018 2750 3377 2821; x_wconf 88' lang='lat' dir='ltr'><strong>splendorem.</strong></span> <span class='ocrx_word' id='word_1_540' title='bbox 3398 2750 3607 2807; x_wconf 66' lang='lat' dir='ltr'><strong>Summi</strong></span> 
     </span>
    </p>
   </div>
   <div class='ocr_carea' id='block_1_85' title="bbox 2016 2840 3606 2910">
    <p class='ocr_par' dir='ltr' id='par_1_85' title="bbox 2016 2840 3606 2910">
     <span class='ocr_line' id='line_1_85' title="bbox 2016 2840 3606 2910; baseline -0.001 -15"><span class='ocrx_word' id='word_1_541' title='bbox 2016 2855 2196 2896; x_wconf 85' lang='lat' dir='ltr'><strong>autem</strong></span> <span class='ocrx_word' id='word_1_542' title='bbox 2245 2840 2545 2895; x_wconf 88' lang='lat' dir='ltr'><strong>sacerdotis</strong></span> <span class='ocrx_word' id='word_1_543' title='bbox 2591 2850 2647 2894; x_wconf 88' lang='lat' dir='ltr'><strong>et</strong></span> <span class='ocrx_word' id='word_1_544' title='bbox 2675 2841 3019 2895; x_wconf 85' lang='lat' dir='ltr'><strong>sacerdotum</strong></span> <span class='ocrx_word' id='word_1_545' title='bbox 3068 2856 3237 2910; x_wconf 87' lang='lat' dir='ltr'><strong>usque</strong></span> <span class='ocrx_word' id='word_1_546' title='bbox 3263 2841 3332 2896; x_wconf 89' lang='lat' dir='ltr'><strong>ad</strong></span> <span class='ocrx_word' id='word_1_547' title='bbox 3373 2854 3606 2906; x_wconf 80' lang='lat' dir='ltr'><strong>summa,</strong></span> 
     </span>
    </p>
   </div>
   <div class='ocr_carea' id='block_1_86' title="bbox 2016 2928 3605 2998">
    <p class='ocr_par' dir='ltr' id='par_1_86' title="bbox 2016 2928 3605 2998">
     <span class='ocr_line' id='line_1_86' title="bbox 2016 2928 3605 2998; baseline -0.002 -12"><span class='ocrx_word' id='word_1_548' title='bbox 2016 2933 2067 2986; x_wconf 90' lang='lat' dir='ltr'><strong>id</strong></span> <span class='ocrx_word' id='word_1_549' title='bbox 2109 2939 2214 2993; x_wconf 83' lang='lat' dir='ltr'><strong>est,</strong></span> <span class='ocrx_word' id='word_1_550' title='bbox 2265 2930 2561 2984; x_wconf 82' lang='lat' dir='ltr'><strong>novissima</strong></span> <span class='ocrx_word' id='word_1_551' title='bbox 2604 2928 2804 2983; x_wconf 86' lang='lat' dir='ltr'><strong>lavatio</strong></span> <span class='ocrx_word' id='word_1_552' title='bbox 2834 2930 2887 2983; x_wconf 90' lang='lat' dir='ltr'><strong>in</strong></span> <span class='ocrx_word' id='word_1_553' title='bbox 2916 2940 3206 2998; x_wconf 82' lang='lat' dir='ltr'><strong>conspectu</strong></span> <span class='ocrx_word' id='word_1_554' title='bbox 3237 2930 3294 2983; x_wconf 83' lang='lat' dir='ltr'><strong>fit</strong></span> <span class='ocrx_word' id='word_1_555' title='bbox 3323 2929 3605 2987; x_wconf 77' lang='lat' dir='ltr'><strong>sanctissi-</strong></span> 
     </span>
    </p>
   </div>
   <div class='ocr_carea' id='block_1_87' title="bbox 2017 3019 3609 3093">
    <p class='ocr_par' dir='ltr' id='par_1_87' title="bbox 2017 3019 3609 3093">
     <span class='ocr_line' id='line_1_87' title="bbox 2017 3019 3609 3093; baseline -0.002 -17"><span class='ocrx_word' id='word_1_556' title='bbox 2017 3036 2230 3076; x_wconf 84' lang='lat' dir='ltr'><strong>morum</strong></span> <span class='ocrx_word' id='word_1_557' title='bbox 2283 3019 2691 3093; x_wconf 62' lang='lat' dir='ltr'><strong>symbolarum,</strong></span> <span class='ocrx_word' id='word_1_558' title='bbox 2741 3028 2997 3088; x_wconf 86' lang='lat' dir='ltr'><strong>tanquam</strong></span> <span class='ocrx_word' id='word_1_559' title='bbox 3054 3019 3111 3075; x_wconf 88' lang='lat' dir='ltr'><strong>in</strong></span> <span class='ocrx_word' id='word_1_560' title='bbox 3162 3019 3364 3075; x_wconf 82' lang='lat' dir='ltr'><strong>Christi</strong></span> <span class='ocrx_word' id='word_1_561' title='bbox 3419 3032 3609 3074; x_wconf 85' lang='lat' dir='ltr'><strong>omnes</strong></span> 
     </span>
    </p>
   </div>
   <div class='ocr_carea' id='block_1_88' title="bbox 2024 3111 3607 3183">
    <p class='ocr_par' dir='ltr' id='par_1_88' title="bbox 2024 3111 3607 3183">
     <span class='ocr_line' id='line_1_88' title="bbox 2024 3111 3607 3183; baseline -0.001 -15"><span class='ocrx_word' id='word_1_562' title='bbox 2024 3112 2363 3183; x_wconf 87' lang='lat' dir='ltr'><strong>inspicieutis</strong></span> <span class='ocrx_word' id='word_1_563' title='bbox 2411 3120 2626 3166; x_wconf 84' lang='lat' dir='ltr'><strong>nostras</strong></span> <span class='ocrx_word' id='word_1_564' title='bbox 2670 3111 3067 3169; x_wconf 67' lang='lat' dir='ltr'><strong>occultissimas</strong></span> <span class='ocrx_word' id='word_1_565' title='bbox 3118 3111 3383 3174; x_wconf 80' lang='lat' dir='ltr'><strong>notiones,</strong></span> <span class='ocrx_word' id='word_1_566' title='bbox 3414 3119 3473 3166; x_wconf 87' lang='lat' dir='ltr'><strong>et</strong></span> <span class='ocrx_word' id='word_1_567' title='bbox 3516 3126 3607 3167; x_wconf 78' lang='lat' dir='ltr'><strong>su-</strong></span> 
     </span>
    </p>
   </div>
   <div class='ocr_carea' id='block_1_89' title="bbox 2021 3200 3607 3272">
    <p class='ocr_par' dir='ltr' id='par_1_89' title="bbox 2021 3200 3607 3272">
     <span class='ocr_line' id='line_1_89' title="bbox 2021 3200 3607 3272; baseline -0.003 -13"><span class='ocrx_word' id='word_1_568' title='bbox 2021 3204 2371 3259; x_wconf 79' lang='lat' dir='ltr'><strong>bliruissimae</strong></span> <span class='ocrx_word' id='word_1_569' title='bbox 2413 3202 2749 3272; x_wconf 84' lang='lat' dir='ltr'><strong>purgationis</strong></span> <span class='ocrx_word' id='word_1_570' title='bbox 2780 3202 2834 3257; x_wconf 86' lang='lat' dir='ltr'><strong>in</strong></span> <span class='ocrx_word' id='word_1_571' title='bbox 2886 3200 3005 3269; x_wconf 88' lang='lat' dir='ltr'><strong>ejus</strong></span> <span class='ocrx_word' id='word_1_572' title='bbox 3030 3201 3408 3257; x_wconf 73' lang='lat' dir='ltr'><strong>internissimis</strong></span> <span class='ocrx_word' id='word_1_573' title='bbox 3433 3201 3607 3257; x_wconf 78' lang='lat' dir='ltr'><strong>subti-</strong></span> 
     </span>
    </p>
   </div>
   <div class='ocr_carea' id='block_1_90' title="bbox 2021 3293 3609 3364">
    <p class='ocr_par' dir='ltr' id='par_1_90' title="bbox 2021 3293 3609 3364">
     <span class='ocr_line' id='line_1_90' title="bbox 2021 3293 3609 3364; baseline -0.002 -13"><span class='ocrx_word' id='word_1_574' title='bbox 2021 3296 2262 3351; x_wconf 86' lang='lat' dir='ltr'><strong>litatibus</strong></span> <span class='ocrx_word' id='word_1_575' title='bbox 2303 3306 2359 3350; x_wconf 92' lang='lat' dir='ltr'><strong>et</strong></span> <span class='ocrx_word' id='word_1_576' title='bbox 2378 3293 2695 3362; x_wconf 82' lang='lat' dir='ltr'><strong>justissimis</strong></span> <span class='ocrx_word' id='word_1_577' title='bbox 2742 3304 2799 3349; x_wconf 90' lang='lat' dir='ltr'><strong>et</strong></span> <span class='ocrx_word' id='word_1_578' title='bbox 2840 3293 3185 3362; x_wconf 86' lang='lat' dir='ltr'><strong>aequissimis</strong></span> <span class='ocrx_word' id='word_1_579' title='bbox 3225 3293 3448 3364; x_wconf 86' lang='lat' dir='ltr'><strong>judiciis</strong></span> <span class='ocrx_word' id='word_1_580' title='bbox 3497 3304 3609 3348; x_wconf 54' lang='lat' dir='ltr'><strong>tero</strong></span> 
     </span>
    </p>
   </div>
   <div class='ocr_carea' id='block_1_91' title="bbox 2020 3382 3608 3444">
    <p class='ocr_par' dir='ltr' id='par_1_91' title="bbox 2020 3382 3608 3444">
     <span class='ocr_line' id='line_1_91' title="bbox 2020 3382 3608 3444; baseline -0.004 -2"><span class='ocrx_word' id='word_1_581' title='bbox 2020 3387 2277 3443; x_wconf 88' lang='lat' dir='ltr'><strong>minatae.</strong></span> <span class='ocrx_word' id='word_1_582' title='bbox 2323 3384 2415 3441; x_wconf 89' lang='lat' dir='ltr'><strong>Sic</strong></span> <span class='ocrx_word' id='word_1_583' title='bbox 2453 3383 2652 3439; x_wconf 85' lang='lat' dir='ltr'><strong>divinis</strong></span> <span class='ocrx_word' id='word_1_584' title='bbox 2693 3398 2939 3438; x_wconf 89' lang='lat' dir='ltr'><strong>summus</strong></span> <span class='ocrx_word' id='word_1_585' title='bbox 2989 3384 3246 3438; x_wconf 90' lang='lat' dir='ltr'><strong>sacerdos</strong></span> <span class='ocrx_word' id='word_1_586' title='bbox 3295 3382 3496 3444; x_wconf 89' lang='lat' dir='ltr'><strong>unitur,</strong></span> <span class='ocrx_word' id='word_1_587' title='bbox 3550 3390 3608 3437; x_wconf 88' lang='lat' dir='ltr'><strong>et</strong></span> 
     </span>
    </p>
   </div>
   <div class='ocr_carea' id='block_1_92' title="bbox 2020 3472 3608 3541">
    <p class='ocr_par' dir='ltr' id='par_1_92' title="bbox 2020 3472 3608 3541">
     <span class='ocr_line' id='line_1_92' title="bbox 2020 3472 3608 3541; baseline -0.004 -6"><span class='ocrx_word' id='word_1_588' title='bbox 2020 3494 2205 3536; x_wconf 87' lang='lat' dir='ltr'><strong>sacras</strong></span> <span class='ocrx_word' id='word_1_589' title='bbox 2238 3477 2451 3532; x_wconf 87' lang='lat' dir='ltr'><strong>divinas</strong></span> <span class='ocrx_word' id='word_1_590' title='bbox 2489 3476 2735 3533; x_wconf 76' lang='lat' dir='ltr'><strong>actiones</strong></span> <span class='ocrx_word' id='word_1_591' title='bbox 2768 3475 3035 3541; x_wconf 81' lang='lat' dir='ltr'><strong>laudans,</strong></span> <span class='ocrx_word' id='word_1_592' title='bbox 3072 3472 3345 3529; x_wconf 79' lang='lat' dir='ltr'><strong>sacriﬁcat</strong></span> <span class='ocrx_word' id='word_1_593' title='bbox 3383 3473 3608 3528; x_wconf 78' lang='lat' dir='ltr'><strong>divinis-</strong></span> 
     </span>
    </p>
   </div>
   <div class='ocr_carea' id='block_1_93' title="bbox 2019 3564 3607 3638">
    <p class='ocr_par' dir='ltr' id='par_1_93' title="bbox 2019 3564 3607 3638">
     <span class='ocr_line' id='line_1_93' title="bbox 2019 3564 3607 3638; baseline -0.004 -11"><span class='ocrx_word' id='word_1_594' title='bbox 2019 3571 2177 3637; x_wconf 83' lang='lat' dir='ltr'><strong>sima,</strong></span> <span class='ocrx_word' id='word_1_595' title='bbox 2209 3580 2265 3625; x_wconf 89' lang='lat' dir='ltr'><strong>et</strong></span> <span class='ocrx_word' id='word_1_596' title='bbox 2301 3569 2405 3625; x_wconf 83' lang='lat' dir='ltr'><strong>sub</strong></span> <span class='ocrx_word' id='word_1_597' title='bbox 2448 3574 2796 3638; x_wconf 83' lang='lat' dir='ltr'><strong>conspectum</strong></span> <span class='ocrx_word' id='word_1_598' title='bbox 2839 3566 2988 3621; x_wconf 87' lang='lat' dir='ltr'><strong>ducit</strong></span> <span class='ocrx_word' id='word_1_599' title='bbox 3029 3565 3264 3620; x_wconf 85' lang='lat' dir='ltr'><strong>laudata.</strong></span> <span class='ocrx_word' id='word_1_600' title='bbox 3316 3564 3459 3634; x_wconf 86' lang='lat' dir='ltr'><strong>Ergo</strong></span> <span class='ocrx_word' id='word_1_601' title='bbox 3484 3578 3607 3620; x_wconf 82' lang='lat' dir='ltr'><strong>esse</strong></span> 
     </span>
    </p>
   </div>
   <div class='ocr_carea' id='block_1_94' title="bbox 2018 3654 3605 3722">
    <p class='ocr_par' dir='ltr' id='par_1_94' title="bbox 2018 3654 3605 3722">
     <span class='ocr_line' id='line_1_94' title="bbox 2018 3654 3605 3722; baseline -0.005 -6"><span class='ocrx_word' id='word_1_602' title='bbox 2018 3662 2074 3716; x_wconf 92' lang='lat' dir='ltr'><strong>in</strong></span> <span class='ocrx_word' id='word_1_603' title='bbox 2090 3675 2187 3717; x_wconf 85' lang='lat' dir='ltr'><strong>nos</strong></span> <span class='ocrx_word' id='word_1_604' title='bbox 2210 3660 2422 3714; x_wconf 82' lang='lat' dir='ltr'><strong>divinas</strong></span> <span class='ocrx_word' id='word_1_605' title='bbox 2440 3657 2681 3713; x_wconf 84' lang='lat' dir='ltr'><strong>actiones</strong></span> <span class='ocrx_word' id='word_1_606' title='bbox 2704 3654 2942 3711; x_wconf 78' lang='lat' dir='ltr'><strong>diximus</strong></span> <span class='ocrx_word' id='word_1_607' title='bbox 2962 3657 3009 3722; x_wconf 79' lang='lat'><strong>’,</strong></span> <span class='ocrx_word' id='word_1_608' title='bbox 3029 3654 3222 3711; x_wconf 88' lang='lat' dir='ltr'><strong>deinde</strong></span> <span class='ocrx_word' id='word_1_609' title='bbox 3250 3654 3605 3719; x_wconf 85' lang='lat' dir='ltr'><strong>narrandum,</strong></span> 
     </span>
    </p>
   </div>
   <div class='ocr_carea' id='block_1_95' title="bbox 2016 3744 3608 3822">
    <p class='ocr_par' dir='ltr' id='par_1_95' title="bbox 2016 3744 3608 3822">
     <span class='ocr_line' id='line_1_95' title="bbox 2016 3744 3608 3822; baseline -0.004 -16"><span class='ocrx_word' id='word_1_610' title='bbox 2016 3760 2220 3822; x_wconf 87' lang='lat' dir='ltr'><strong>quanta</strong></span> <span class='ocrx_word' id='word_1_611' title='bbox 2255 3749 2448 3815; x_wconf 80' lang='lat' dir='ltr'><strong>virtus.</strong></span> <span class='ocrx_word' id='word_1_612' title='bbox 2493 3746 2611 3802; x_wconf 82' lang='lat' dir='ltr'><strong>Non</strong></span> <span class='ocrx_word' id='word_1_613' title='bbox 2645 3749 2787 3802; x_wconf 83' lang='lat' dir='ltr'><strong>enim</strong></span> <span class='ocrx_word' id='word_1_614' title='bbox 2836 3761 3027 3803; x_wconf 86' lang='lat' dir='ltr'><strong>omnes</strong></span> <span class='ocrx_word' id='word_1_615' title='bbox 3080 3745 3299 3801; x_wconf 87' lang='lat' dir='ltr'><strong>laudare</strong></span> <span class='ocrx_word' id='word_1_616' title='bbox 3336 3744 3608 3801; x_wconf 68' lang='lat' dir='ltr'><strong>subiciens</strong></span> 
     </span>
    </p>
   </div>
   <div class='ocr_carea' id='block_1_96' title="bbox 2016 3824 3604 3919">
    <p class='ocr_par' dir='ltr' id='par_1_96' title="bbox 2016 3824 3604 3919">
     <span class='ocr_line' id='line_1_96' title="bbox 2016 3824 3604 3919; baseline -0.005 -21"><span class='ocrx_word' id='word_1_617' title='bbox 2016 3858 2137 3914; x_wconf 89' lang='lat' dir='ltr'><strong>ego,</strong></span> <span class='ocrx_word' id='word_1_618' title='bbox 2175 3824 2352 3911; x_wconf 66' lang='lat' dir='ltr'><strong>netrue</strong></span> <span class='ocrx_word' id='word_1_619' title='bbox 2374 3849 2560 3910; x_wconf 82' lang='lat' dir='ltr'><strong>aperte</strong></span> <span class='ocrx_word' id='word_1_620' title='bbox 2583 3840 2743 3902; x_wconf 88' lang='lat' dir='ltr'><strong>seire,</strong></span> <span class='ocrx_word' id='word_1_621' title='bbox 2765 3848 2820 3894; x_wconf 89' lang='lat' dir='ltr'><strong>et</strong></span> <span class='ocrx_word' id='word_1_622' title='bbox 2843 3837 2979 3892; x_wconf 92' lang='lat' dir='ltr'><strong>alios</strong></span> <span class='ocrx_word' id='word_1_623' title='bbox 3009 3838 3062 3892; x_wconf 89' lang='lat' dir='ltr'><strong>in</strong></span> <span class='ocrx_word' id='word_1_624' title='bbox 3091 3838 3348 3908; x_wconf 88' lang='lat' dir='ltr'><strong>mysteria</strong></span> <span class='ocrx_word' id='word_1_625' title='bbox 3387 3839 3604 3919; x_wconf 78' lang='lat' dir='ltr'><strong>dueere.</strong></span> 
     </span>
    </p>
   </div>
   <div class='ocr_carea' id='block_1_97' title="bbox 2018 3924 3606 4002">
    <p class='ocr_par' dir='ltr' id='par_1_97' title="bbox 2018 3924 3606 4002">
     <span class='ocr_line' id='line_1_97' title="bbox 2018 3924 3606 4002; baseline -0.005 -14"><span class='ocrx_word' id='word_1_626' title='bbox 2018 3933 2380 4002; x_wconf 84' lang='lat' dir='ltr'><strong>Quaecunque</strong></span> <span class='ocrx_word' id='word_1_627' title='bbox 2430 3941 2608 3985; x_wconf 89' lang='lat' dir='ltr'><strong>autem</strong></span> <span class='ocrx_word' id='word_1_628' title='bbox 2654 3943 2686 3981; x_wconf 90' lang='lat' dir='ltr'><strong>a</strong></span> <span class='ocrx_word' id='word_1_629' title='bbox 2723 3927 2921 3982; x_wconf 83' lang='lat' dir='ltr'><strong>divinis</strong></span> <span class='ocrx_word' id='word_1_630' title='bbox 2962 3927 3189 3982; x_wconf 85' lang='lat' dir='ltr'><strong>summis</strong></span> <span class='ocrx_word' id='word_1_631' title='bbox 3230 3924 3606 3982; x_wconf 88' lang='lat' dir='ltr'><strong>sacerdotibus</strong></span> 
     </span>
    </p>
   </div>
   <div class='ocr_carea' id='block_1_98' title="bbox 2018 4016 3603 4093">
    <p class='ocr_par' dir='ltr' id='par_1_98' title="bbox 2018 4016 3603 4093">
     <span class='ocr_line' id='line_1_98' title="bbox 2018 4016 3603 4093; baseline -0.007 -13"><span class='ocrx_word' id='word_1_632' title='bbox 2018 4031 2416 4093; x_wconf 88' lang='lat' dir='ltr'><strong>consequenter</strong></span> <span class='ocrx_word' id='word_1_633' title='bbox 2447 4020 2679 4088; x_wconf 86' lang='lat' dir='ltr'><strong>eloquiis</strong></span> <span class='ocrx_word' id='word_1_634' title='bbox 2728 4018 3022 4072; x_wconf 77' lang='lat' dir='ltr'><strong>laudantur</strong></span> <span class='ocrx_word' id='word_1_635' title='bbox 3070 4026 3129 4072; x_wconf 89' lang='lat' dir='ltr'><strong>et</strong></span> <span class='ocrx_word' id='word_1_636' title='bbox 3180 4016 3603 4080; x_wconf 75' lang='lat' dir='ltr'><strong>sacrificatum,</strong></span> 
     </span>
    </p>
   </div>
   <div class='ocr_carea' id='block_1_99' title="bbox 2020 4094 3603 4180">
    <p class='ocr_par' dir='ltr' id='par_1_99' title="bbox 2020 4094 3603 4180">
     <span class='ocr_line' id='line_1_99' title="bbox 2020 4094 3603 4180; baseline -0.006 -10"><span class='ocrx_word' id='word_1_637' title='bbox 2020 4094 2154 4170; x_wconf 78' lang='lat' dir='ltr'><strong>haec</strong></span> <span class='ocrx_word' id='word_1_638' title='bbox 2183 4154 2199 4179; x_wconf 91' lang='lat'><strong>,</strong></span> <span class='ocrx_word' id='word_1_639' title='bbox 2249 4121 2309 4168; x_wconf 93' lang='lat' dir='ltr'><strong>ut</strong></span> <span class='ocrx_word' id='word_1_640' title='bbox 2355 4113 2511 4169; x_wconf 88' lang='lat' dir='ltr'><strong>nobis</strong></span> <span class='ocrx_word' id='word_1_641' title='bbox 2561 4110 2815 4180; x_wconf 87' lang='lat' dir='ltr'><strong>possibile</strong></span> <span class='ocrx_word' id='word_1_642' title='bbox 2843 4149 2860 4176; x_wconf 89' lang='lat'><strong>,</strong></span> <span class='ocrx_word' id='word_1_643' title='bbox 2914 4111 3197 4174; x_wconf 89' lang='lat' dir='ltr'><strong>dicemus,</strong></span> <span class='ocrx_word' id='word_1_644' title='bbox 3244 4108 3603 4164; x_wconf 83' lang='lat' dir='ltr'><strong>ierarchicarn</strong></span> 
     </span>
    </p>
   </div>
   <div class='ocr_carea' id='block_1_100' title="bbox 2020 4200 3604 4276">
    <p class='ocr_par' dir='ltr' id='par_1_100' title="bbox 2020 4200 3604 4276">
     <span class='ocr_line' id='line_1_100' title="bbox 2020 4200 3604 4276; baseline -0.008 -13"><span class='ocrx_word' id='word_1_645' title='bbox 2020 4204 2427 4276; x_wconf 83' lang='lat' dir='ltr'><strong>inspirationem</strong></span> <span class='ocrx_word' id='word_1_646' title='bbox 2465 4203 2660 4257; x_wconf 87' lang='lat' dir='ltr'><strong>ducem</strong></span> <span class='ocrx_word' id='word_1_647' title='bbox 2706 4202 3040 4257; x_wconf 84' lang='lat' dir='ltr'><strong>invocantes.</strong></span> <span class='ocrx_word' id='word_1_648' title='bbox 3087 4200 3388 4254; x_wconf 88' lang='lat' dir='ltr'><strong>llumanam</strong></span> <span class='ocrx_word' id='word_1_649' title='bbox 3441 4204 3604 4252; x_wconf 83' lang='lat' dir='ltr'><strong>natu-</strong></span> 
     </span>
    </p>
   </div>
   <div class='ocr_carea' id='block_1_101' title="bbox 2016 4289 3601 4368">
    <p class='ocr_par' dir='ltr' id='par_1_101' title="bbox 2016 4289 3601 4368">
     <span class='ocr_line' id='line_1_101' title="bbox 2016 4289 3601 4368; baseline -0.006 -14"><span class='ocrx_word' id='word_1_650' title='bbox 2016 4314 2133 4354; x_wconf 86' lang='lat' dir='ltr'><strong>ram</strong></span> <span class='ocrx_word' id='word_1_651' title='bbox 2159 4296 2425 4368; x_wconf 87' lang='lat' dir='ltr'><strong>principio</strong></span> <span class='ocrx_word' id='word_1_652' title='bbox 2452 4310 2520 4350; x_wconf 79' lang='lat' dir='ltr'><strong>ex</strong></span> <span class='ocrx_word' id='word_1_653' title='bbox 2563 4294 2762 4349; x_wconf 88' lang='lat' dir='ltr'><strong>divinis</strong></span> <span class='ocrx_word' id='word_1_654' title='bbox 2789 4294 2947 4348; x_wconf 82' lang='lat' dir='ltr'><strong>bouis</strong></span> <span class='ocrx_word' id='word_1_655' title='bbox 2989 4289 3307 4361; x_wconf 87' lang='lat' dir='ltr'><strong>insipienter</strong></span> <span class='ocrx_word' id='word_1_656' title='bbox 3330 4290 3601 4360; x_wconf 81' lang='lat' dir='ltr'><strong>perditam</strong></span> 
     </span>
    </p>
   </div>
   <div class='ocr_carea' id='block_1_102' title="bbox 2020 4374 3683 4462">
    <p class='ocr_par' dir='ltr' id='par_1_102' title="bbox 2020 4374 3683 4462">
     <span class='ocr_line' id='line_1_102' title="bbox 2020 4374 3683 4462; baseline -0.005 -15"><span class='ocrx_word' id='word_1_657' title='bbox 2020 4392 2246 4448; x_wconf 88' lang='lat' dir='ltr'><strong>multum</strong></span> <span class='ocrx_word' id='word_1_658' title='bbox 2296 4391 2571 4462; x_wconf 88' lang='lat' dir='ltr'><strong>passibilis</strong></span> <span class='ocrx_word' id='word_1_659' title='bbox 2612 4390 2722 4444; x_wconf 80' lang='lat' dir='ltr'><strong>vita</strong></span> <span class='ocrx_word' id='word_1_660' title='bbox 2774 4388 3051 4458; x_wconf 79' lang='lat' dir='ltr'><strong>suscepit,</strong></span> <span class='ocrx_word' id='word_1_661' title='bbox 3107 4395 3162 4442; x_wconf 88' lang='lat' dir='ltr'><strong>et</strong></span> <span class='ocrx_word' id='word_1_662' title='bbox 3203 4382 3602 4454; x_wconf 85' lang='lat' dir='ltr'><strong>corrumpentis</strong></span> <span class='ocrx_word' id='word_1_663' title='bbox 3678 4374 3683 4381; x_wconf 68' lang='grc'><em>’</em></span> 
     </span>
    </p>
   </div>
   <div class='ocr_carea' id='block_1_103' title="bbox 2024 4476 3603 4547">
    <p class='ocr_par' dir='ltr' id='par_1_103' title="bbox 2024 4476 3603 4547">
     <span class='ocr_line' id='line_1_103' title="bbox 2024 4476 3603 4547; baseline -0.006 -10"><span class='ocrx_word' id='word_1_664' title='bbox 2024 4482 2215 4537; x_wconf 87' lang='lat' dir='ltr'><strong>mortis</strong></span> <span class='ocrx_word' id='word_1_665' title='bbox 2264 4480 2407 4535; x_wconf 73' lang='lat' dir='ltr'><strong>finis.</strong></span> <span class='ocrx_word' id='word_1_666' title='bbox 2464 4478 2868 4547; x_wconf 87' lang='lat' dir='ltr'><strong>Consequenter</strong></span> <span class='ocrx_word' id='word_1_667' title='bbox 2910 4476 3076 4539; x_wconf 89' lang='lat' dir='ltr'><strong>enim,</strong></span> <span class='ocrx_word' id='word_1_668' title='bbox 3123 4489 3263 4545; x_wconf 87' lang='lat' dir='ltr'><strong>quae</strong></span> <span class='ocrx_word' id='word_1_669' title='bbox 3311 4488 3439 4528; x_wconf 88' lang='lat' dir='ltr'><strong>vere</strong></span> <span class='ocrx_word' id='word_1_670' title='bbox 3494 4482 3603 4539; x_wconf 86' lang='lat' dir='ltr'><strong>est,</strong></span> 
     </span>
    </p>
   </div>
   <div class='ocr_carea' id='block_1_104' title="bbox 2022 4566 3602 4643">
    <p class='ocr_par' dir='ltr' id='par_1_104' title="bbox 2022 4566 3602 4643">
     <span class='ocr_line' id='line_1_104' title="bbox 2022 4566 3602 4643; baseline -0.007 -13"><span class='ocrx_word' id='word_1_671' title='bbox 2022 4575 2263 4631; x_wconf 85' lang='lat' dir='ltr'><strong>bonitate</strong></span> <span class='ocrx_word' id='word_1_672' title='bbox 2289 4573 2496 4643; x_wconf 86' lang='lat' dir='ltr'><strong>perdita</strong></span> <span class='ocrx_word' id='word_1_673' title='bbox 2527 4570 2815 4641; x_wconf 79' lang='lat' dir='ltr'><strong>apostasia,</strong></span> <span class='ocrx_word' id='word_1_674' title='bbox 2862 4584 3055 4624; x_wconf 85' lang='lat' dir='ltr'><strong>sacrae</strong></span> <span class='ocrx_word' id='word_1_675' title='bbox 3100 4569 3154 4623; x_wconf 92' lang='lat' dir='ltr'><strong>in</strong></span> <span class='ocrx_word' id='word_1_676' title='bbox 3185 4567 3437 4640; x_wconf 85' lang='lat' dir='ltr'><strong>paradiso</strong></span> <span class='ocrx_word' id='word_1_677' title='bbox 3463 4566 3602 4637; x_wconf 85' lang='lat' dir='ltr'><strong>legi-</strong></span> 
     </span>
    </p>
   </div>
   <div class='ocr_carea' id='block_1_105' title="bbox 2020 4659 3606 4733">
    <p class='ocr_par' dir='ltr' id='par_1_105' title="bbox 2020 4659 3606 4733">
     <span class='ocr_line' id='line_1_105' title="bbox 2020 4659 3606 4733; baseline -0.003 -14"><span class='ocrx_word' id='word_1_678' title='bbox 2020 4664 2264 4720; x_wconf 87' lang='lat' dir='ltr'><strong>slationis</strong></span> <span class='ocrx_word' id='word_1_679' title='bbox 2329 4661 2760 4733; x_wconf 82' lang='lat' dir='ltr'><strong>transgressione</strong></span> <span class='ocrx_word' id='word_1_680' title='bbox 2797 4699 2813 4726; x_wconf 93' lang='lat'><strong>,</strong></span> <span class='ocrx_word' id='word_1_681' title='bbox 2886 4659 3323 4715; x_wconf 87' lang='lat' dir='ltr'><strong>recalcitrantem</strong></span> <span class='ocrx_word' id='word_1_682' title='bbox 3388 4659 3606 4714; x_wconf 81' lang='lat' dir='ltr'><strong>vivitioo</strong></span> 
     </span>
    </p>
   </div>
   <div class='ocr_carea' id='block_1_106' title="bbox 2014 4749 3604 4825">
    <p class='ocr_par' dir='ltr' id='par_1_106' title="bbox 2014 4749 3604 4825">
     <span class='ocr_line' id='line_1_106' title="bbox 2014 4749 3604 4825; baseline -0.003 -18"><span class='ocrx_word' id='word_1_683' title='bbox 2014 4755 2163 4825; x_wconf 81' lang='lat' dir='ltr'><strong>jugo,</strong></span> <span class='ocrx_word' id='word_1_684' title='bbox 2206 4752 2440 4823; x_wconf 86' lang='lat' dir='ltr'><strong>propriis</strong></span> <span class='ocrx_word' id='word_1_685' title='bbox 2479 4751 2699 4806; x_wconf 90' lang='lat' dir='ltr'><strong>nutibus</strong></span> <span class='ocrx_word' id='word_1_686' title='bbox 2727 4758 2781 4805; x_wconf 90' lang='lat' dir='ltr'><strong>et</strong></span> <span class='ocrx_word' id='word_1_687' title='bbox 2806 4749 3170 4805; x_wconf 87' lang='lat' dir='ltr'><strong>delectatoriis</strong></span> <span class='ocrx_word' id='word_1_688' title='bbox 3201 4749 3520 4813; x_wconf 84' lang='lat' dir='ltr'><strong>adversarii,</strong></span> <span class='ocrx_word' id='word_1_689' title='bbox 3550 4756 3604 4804; x_wconf 86' lang='lat' dir='ltr'><strong>et</strong></span> 
     </span>
    </p>
   </div>
   <div class='ocr_carea' id='block_1_107' title="bbox 2022 4840 3612 4905">
    <p class='ocr_par' dir='ltr' id='par_1_107' title="bbox 2022 4840 3612 4905">
     <span class='ocr_line' id='line_1_107' title="bbox 2022 4840 3612 4905; baseline -0.003 -7"><span class='ocrx_word' id='word_1_690' title='bbox 2022 4842 2255 4898; x_wconf 87' lang='lat' dir='ltr'><strong>inimicis</strong></span> <span class='ocrx_word' id='word_1_691' title='bbox 2281 4840 2688 4897; x_wconf 84' lang='lat' dir='ltr'><strong>seductionibns</strong></span> <span class='ocrx_word' id='word_1_692' title='bbox 2732 4840 3048 4905; x_wconf 89' lang='lat' dir='ltr'><strong>contrariis,</strong></span> <span class='ocrx_word' id='word_1_693' title='bbox 3096 4840 3402 4895; x_wconf 88' lang='lat' dir='ltr'><strong>divinorum</strong></span> <span class='ocrx_word' id='word_1_694' title='bbox 3436 4840 3612 4893; x_wconf 78' lang='lat' dir='ltr'><strong>bono-</strong></span> 
     </span>
    </p>
   </div>
   <div class='ocr_carea' id='block_1_108' title="bbox 2019 4930 3602 5002">
    <p class='ocr_par' dir='ltr' id='par_1_108' title="bbox 2019 4930 3602 5002">
     <span class='ocr_line' id='line_1_108' title="bbox 2019 4930 3602 5002; baseline -0.006 -12"><span class='ocrx_word' id='word_1_695' title='bbox 2019 4950 2138 4990; x_wconf 89' lang='lat' dir='ltr'><strong>rum</strong></span> <span class='ocrx_word' id='word_1_696' title='bbox 2176 4933 2414 4988; x_wconf 88' lang='lat' dir='ltr'><strong>tradidit.</strong></span> <span class='ocrx_word' id='word_1_697' title='bbox 2448 4932 2577 4987; x_wconf 89' lang='lat' dir='ltr'><strong>lnde</strong></span> <span class='ocrx_word' id='word_1_698' title='bbox 2613 4930 3110 5001; x_wconf 81' lang='lat' dir='ltr'><strong>miserabiliterpro</strong></span> <span class='ocrx_word' id='word_1_699' title='bbox 3135 4933 3349 5002; x_wconf 88' lang='lat' dir='ltr'><strong>quidem</strong></span> <span class='ocrx_word' id='word_1_700' title='bbox 3380 4940 3602 4985; x_wconf 87' lang='lat' dir='ltr'><strong>aeterno</strong></span> 
     </span>
    </p>
   </div>
   <div class='ocr_carea' id='block_1_109' title="bbox 2020 5019 3604 5094">
    <p class='ocr_par' dir='ltr' id='par_1_109' title="bbox 2020 5019 3604 5094">
     <span class='ocr_line' id='line_1_109' title="bbox 2020 5019 3604 5094; baseline -0.006 -12"><span class='ocrx_word' id='word_1_701' title='bbox 2020 5029 2247 5082; x_wconf 80' lang='lat' dir='ltr'><strong>mortale</strong></span> <span class='ocrx_word' id='word_1_702' title='bbox 2286 5023 2571 5088; x_wconf 81' lang='lat' dir='ltr'><strong>mutuavit,</strong></span> <span class='ocrx_word' id='word_1_703' title='bbox 2612 5022 2889 5093; x_wconf 78' lang='lat' dir='ltr'><strong>proprium</strong></span> <span class='ocrx_word' id='word_1_704' title='bbox 2931 5032 3113 5078; x_wconf 88' lang='lat' dir='ltr'><strong>autem</strong></span> <span class='ocrx_word' id='word_1_705' title='bbox 3163 5021 3483 5094; x_wconf 82' lang='lat' dir='ltr'><strong>principium</strong></span> <span class='ocrx_word' id='word_1_706' title='bbox 3520 5019 3604 5073; x_wconf 78' lang='lat' dir='ltr'><strong>in-</strong></span> 
     </span>
    </p>
   </div>
   <div class='ocr_carea' id='block_1_110' title="bbox 2016 5106 3601 5186">
    <p class='ocr_par' dir='ltr' id='par_1_110' title="bbox 2016 5106 3601 5186">
     <span class='ocr_line' id='line_1_110' title="bbox 2016 5106 3601 5186; baseline -0.008 -12"><span class='ocrx_word' id='word_1_707' title='bbox 2016 5116 2454 5186; x_wconf 81' lang='lat' dir='ltr'><strong>corruptibiltbus</strong></span> <span class='ocrx_word' id='word_1_708' title='bbox 2480 5114 2686 5170; x_wconf 81' lang='lat' dir='ltr'><strong>habens</strong></span> <span class='ocrx_word' id='word_1_709' title='bbox 2719 5114 3155 5185; x_wconf 81' lang='lat' dir='ltr'><strong>generationibus</strong></span> <span class='ocrx_word' id='word_1_710' title='bbox 3182 5152 3197 5180; x_wconf 90' lang='lat'><strong>,</strong></span> <span class='ocrx_word' id='word_1_711' title='bbox 3241 5112 3309 5167; x_wconf 85' lang='lat' dir='ltr'><strong>ad</strong></span> <span class='ocrx_word' id='word_1_712' title='bbox 3351 5106 3601 5180; x_wconf 89' lang='lat' dir='ltr'><strong>principii</strong></span> 
     </span>
    </p>
   </div>
   <div class='ocr_carea' id='block_1_111' title="bbox 1609 5222 2383 5282">
    <p class='ocr_par' dir='ltr' id='par_1_111' title="bbox 1609 5222 2383 5282">
     <span class='ocr_line' id='line_1_111' title="bbox 1609 5222 2383 5282; baseline 0.001 -4"><span class='ocrx_word' id='word_1_713' title='bbox 1609 5222 1862 5279; x_wconf 76' lang='lat' dir='ltr'><strong>VARIAE</strong></span> <span class='ocrx_word' id='word_1_714' title='bbox 1897 5222 2297 5282; x_wconf 81' lang='lat' dir='ltr'><strong>LECTIONES.</strong></span> <span class='ocrx_word' id='word_1_715' title='bbox 2368 5238 2383 5247; x_wconf 81' lang='lat'><em>‘</em></span> 
     </span>
    </p>
   </div>
   <div class='ocr_carea' id='block_1_112' title="bbox 406 5314 1429 5371">
    <p class='ocr_par' dir='ltr' id='par_1_112' title="bbox 406 5314 1429 5371">
     <span class='ocr_line' id='line_1_112' title="bbox 406 5314 1429 5371; baseline 0 -2"><span class='ocrx_word' id='word_1_716' title='bbox 406 5314 429 5349; x_wconf 76' lang='grc'><strong>⁸</strong></span> <span class='ocrx_word' id='word_1_717' title='bbox 462 5314 509 5369; x_wconf 79' lang='grc' dir='ltr'><strong>Α</strong></span> <span class='ocrx_word' id='word_1_718' title='bbox 529 5315 570 5371; x_wconf 89' lang='lat' dir='ltr'><strong>C</strong></span> <span class='ocrx_word' id='word_1_719' title='bbox 606 5331 758 5370; x_wconf 78' lang='lat' dir='ltr'><strong>sacra</strong></span> <span class='ocrx_word' id='word_1_720' title='bbox 775 5316 933 5371; x_wconf 83' lang='lat' dir='ltr'><strong>actio.</strong></span> <span class='ocrx_word' id='word_1_721' title='bbox 1008 5323 1029 5354; x_wconf 79' lang='grc'>²</span> <span class='ocrx_word' id='word_1_722' title='bbox 1048 5317 1094 5370; x_wconf 85' lang='grc' dir='ltr'><strong>Λ</strong></span> <span class='ocrx_word' id='word_1_723' title='bbox 1122 5315 1164 5370; x_wconf 87' lang='lat' dir='ltr'><strong>E</strong></span> <span class='ocrx_word' id='word_1_724' title='bbox 1189 5314 1429 5370; x_wconf 81' lang='lat' dir='ltr'><strong>dicimus.</strong></span> 
     </span>
    </p>
   </div>
   <div class='ocr_carea' id='block_1_113' title="bbox 1774 5422 2103 5516">
    <p class='ocr_par' dir='ltr' id='par_1_113' title="bbox 1774 5422 2103 5516">
     <span class='ocr_line' id='line_1_113' title="bbox 1774 5422 2103 5516; baseline 0.003 -38"><span class='ocrx_word' id='word_1_725' title='bbox 1774 5500 1797 5516; x_wconf 50' lang='lat'><strong><em>.</em></strong></span> <span class='ocrx_word' id='word_1_726' title='bbox 1855 5422 2103 5516; x_wconf 70' lang='lat' dir='ltr'><strong>NOTAE.</strong></span> 
     </span>
    </p>
   </div>
   <div class='ocr_carea' id='block_1_114' title="bbox 407 5514 748 5573">
    <p class='ocr_par' dir='ltr' id='par_1_114' title="bbox 407 5514 748 5573">
     <span class='ocr_line' id='line_1_114' title="bbox 407 5514 748 5573; baseline -0.006 -2"><span class='ocrx_word' id='word_1_727' title='bbox 407 5528 436 5559; x_wconf 81' lang='grc' dir='ltr'>ι</span> <span class='ocrx_word' id='word_1_728' title='bbox 466 5516 623 5573; x_wconf 78' lang='lat' dir='ltr'><strong>Rom.</strong></span> <span class='ocrx_word' id='word_1_729' title='bbox 662 5514 748 5571; x_wconf 75' lang='lat' dir='ltr'><strong>Vl.</strong></span> 
     </span>
    </p>
   </div>
   <div class='ocr_carea' id='block_1_115' title="bbox 407 5585 893 5641">
    <p class='ocr_par' dir='ltr' id='par_1_115' title="bbox 407 5585 893 5641">
     <span class='ocr_line' id='line_1_115' title="bbox 407 5585 893 5641; baseline -0.004 -1"><span class='ocrx_word' id='word_1_730' title='bbox 407 5586 436 5627; x_wconf 68' lang='grc' dir='ltr'>δ</span> <span class='ocrx_word' id='word_1_731' title='bbox 472 5585 514 5640; x_wconf 86' lang='lat' dir='ltr'><strong>Il</strong></span> <span class='ocrx_word' id='word_1_732' title='bbox 549 5586 691 5641; x_wconf 82' lang='lat' dir='ltr'><strong>Tim.</strong></span> <span class='ocrx_word' id='word_1_733' title='bbox 739 5585 800 5639; x_wconf 83' lang='grc' dir='ltr'><strong>ΙῘ.</strong></span> <span class='ocrx_word' id='word_1_734' title='bbox 886 5617 893 5623; x_wconf 88' lang='lat'><strong>-</strong></span> 
     </span>
    </p>
   </div>
   <div class='ocr_carea' id='block_1_116' title="bbox 407 5654 808 5710">
    <p class='ocr_par' dir='ltr' id='par_1_116' title="bbox 407 5654 808 5710">
     <span class='ocr_line' id='line_1_116' title="bbox 407 5654 808 5710; baseline -0.002 -1"><span class='ocrx_word' id='word_1_735' title='bbox 407 5667 431 5696; x_wconf 69' lang='grc' dir='ltr'><strong>ε</strong></span> <span class='ocrx_word' id='word_1_736' title='bbox 474 5655 616 5709; x_wconf 86' lang='lat' dir='ltr'><strong>Psal.</strong></span> <span class='ocrx_word' id='word_1_737' title='bbox 648 5654 808 5710; x_wconf 75' lang='lat' dir='ltr'><strong>CXV.</strong></span> 
     </span>
    </p>
   </div>
   <div class='ocr_carea' id='block_1_117' title="bbox 2086 5511 2487 5568">
    <p class='ocr_par' dir='ltr' id='par_1_117' title="bbox 2086 5511 2487 5568">
     <span class='ocr_line' id='line_1_117' title="bbox 2086 5511 2487 5568; baseline -0.005 0"><span class='ocrx_word' id='word_1_738' title='bbox 2086 5511 2114 5553; x_wconf 73' lang='grc' dir='ltr'><strong>(ι</strong></span> <span class='ocrx_word' id='word_1_739' title='bbox 2152 5511 2311 5568; x_wconf 81' lang='lat' dir='ltr'><strong>Joan.</strong></span> <span class='ocrx_word' id='word_1_740' title='bbox 2353 5512 2487 5567; x_wconf 83' lang='lat' dir='ltr'><strong>Xlll.</strong></span> 
     </span>
    </p>
   </div>
   <div class='ocr_carea' id='block_1_118' title="bbox 2153 5581 2988 5655">
    <p class='ocr_par' dir='ltr' id='par_1_118' title="bbox 2153 5581 2988 5655">
     <span class='ocr_line' id='line_1_118' title="bbox 2153 5581 2988 5655; baseline 0 0"><span class='ocrx_word' id='word_1_741' title='bbox 2153 5582 2313 5655; x_wconf 65' lang='lat' dir='ltr'><strong>Later.</strong></span> <span class='ocrx_word' id='word_1_742' title='bbox 2336 5583 2448 5655; x_wconf 56' lang='lat' dir='ltr'><strong>in?)</strong></span> <span class='ocrx_word' id='word_1_743' title='bbox 2474 5584 2673 5655; x_wconf 61' lang='grc' dir='ltr'><strong>λουτήρε</strong></span> <span class='ocrx_word' id='word_1_744' title='bbox 2688 5581 2988 5655; x_wconf 55' lang='lat' dir='ltr'><strong>laeserunt.-</strong></span> 
     </span>
    </p>
   </div>
   <div class='ocr_carea' id='block_1_119' title="bbox 2080 5647 3073 5732">
    <p class='ocr_par' dir='ltr' id='par_1_119' title="bbox 2080 5647 3073 5732">
     <span class='ocr_line' id='line_1_119' title="bbox 2080 5647 3073 5732; baseline -0.007 -25"><span class='ocrx_word' id='word_1_745' title='bbox 2080 5668 2091 5685; x_wconf 71' lang='grc' dir='ltr'><em>ι</em></span> <span class='ocrx_word' id='word_1_746' title='bbox 2161 5652 2332 5707; x_wconf 65' lang='lat' dir='ltr'><strong>Exod.</strong></span> <span class='ocrx_word' id='word_1_747' title='bbox 2373 5652 2542 5716; x_wconf 72' lang='lat' dir='ltr'><strong>xxx,</strong></span> <span class='ocrx_word' id='word_1_748' title='bbox 2584 5647 2846 5707; x_wconf 75' lang='lat' dir='ltr'><strong>xxxuu</strong></span> <span class='ocrx_word' id='word_1_749' title='bbox 2881 5647 3073 5732; x_wconf 76' lang='lat' dir='ltr'><strong>ct_XI..</strong></span> 
     </span>
    </p>
   </div>
  </div>
