3952 6162
416 301 550 368 1081

1794 286 2077 361 totme
2112 292 2307 358 scort

3534 295 3653 363 toss‘

410 428 826 490 consequentem
880 415 1267 471 merito‘dueta
1314 426 1396 470 eat
1447 414 1624 469 linem.
1664 414 1768 471 Sed
1799 429 1991 471 etsur—
2022 423 2063 477 Α
2088 413 2309 477 laudata
2349 427 2444 480 per
2482 427 2634 467 sacre
2679 412 3086 480 procumbentia
3126 400 3384 484 symhoia.
3430 414 3658 471 Velatum

410 527 534 566 sum
582 513 812 564 ducente
863 508 975 561 vita
1030 506 1333 561 voluntarie
1384 507 1630 561 recidens
1672 508 1738 562 ad
1792 520 1992 563 terram

411 600 681 657 contraria
708 598 1048 654 extremitate
1074 637 1088 663 ,
1121 607 1337 667 gravata
1377 606 1459 652 est
1499 596 1723 651 multum
1756 599 1992 667 passibili

411 690 787 745 mutabilitate.
831 687 1032 741 Errans
1067 694 1245 740 autem
1292 696 1436 741 recta
1470 687 1578 753 via,
1617 695 1756 756 quae
1801 698 1885 742 est
1927 690 1993 743 ad

408 785 536 834 vere
566 778 888 832 existentetn
918 776 1109 838 Deum,
1143 775 1423 830 vulnerata
1454 785 1560 841 est,
1588 785 1643 830 et
1675 778 1900 845 perditis
1939 790 1994 832 et

409 867 666 923 maleﬁcis
716 865 957 935 subjecta
1010 866 1479 931 multitudiuibus,
1529 868 1693 922 oblita
1750 878 1851 933 est,
1886 886 1990 923 non

406 959 528 1024 diis,
559 973 732 1026 neque
776 958 987 1021 amicis,
1017 958 1112 1011 sed
1139 957 1371 1011 inimicis
1398 956 1684 1012 famulans.
1734 959 1867 1027 lpsis
1897 976 1996 1013 au-

406 1057 513 1103 tem
545 1047 1044 1102 immisericorditer
1074 1061 1135 1101 ea
1164 1048 1456 1101 secundum
1490 1048 1758 1117 propriam
1802 1050 1991 1103 imma-

405 1138 628 1191 nitatem
683 1136 1048 1200 abutentibus,
1078 1136 1133 1190 in
1171 1152 1276 1190 non
1316 1138 1693 1193 subsistentias
1718 1140 1989 1194 serviliter

403 1227 589 1281 incidit
645 1235 700 1281 et
760 1227 1075 1295 perditionis
1140 1225 1456 1294 periculum.
1531 1226 1755 1283 Divinae
1811 1240 1990 1284 autem

399 1316 655 1371 benitatis
684 1317 916 1370 maxima
947 1316 1273 1378 humanitas,
1321 1330 1421 1384 per
1464 1330 1524 1369 se
1574 1318 1744 1387 ipsam
1796 1335 1990 1388 opera-

401 1406 591 1462 tricem
641 1408 796 1463 nobis
825 1407 1084 1460 divinitus
1113 1422 1214 1461 non
1260 1407 1531 1462 induravit
1578 1411 1988 1477 providentiam,

400 1497 493 1552 sed
535 1499 586 1550 in
636 1498 861 1552 veritate
906 1497 1318 1565 participatione
1344 1538 1359 1561 ,
1403 1512 1542 1565 quae
1570 1501 1861 1554 secundum
1895 1518 1991 1557 uos

399 1596 526 1642 sunt
568 1588 707 1642 facta
749 1595 831 1642 est
876 1588 1116 1641 onmium
1162 1587 1277 1643 sine
1314 1598 1536 1658 peccato
1583 1601 1638 1645 et
1678 1592 1745 1645 ad
1793 1593 1992 1649 humile

398 1688 643 1733 nostrum
692 1677 940 1732 unilicata
971 1719 987 1744 ,
1032 1690 1157 1733 cum
1208 1680 1547 1748 propriorum
1603 1682 1884 1738 inconl'uso
1937 1696 1991 1740 et

2094 504 2235 556 enim
2260 512 2442 556 etnon
2472 503 2699 556 divisum
2748 518 2945 573 partem
2994 504 3263 569 revelans,
3314 515 3369 559 et
3409 507 3462 560 in
3508 510 3656 563 multa

2094 594 2361 656 dividens,
2400 601 2452 647 et
2493 594 2745 647 unionem
2803 593 2991 649 calicis
3046 596 3302 650 erunibus
3349 597 3661 665 dispertiens

2093 684 2388 753 symbolice
2436 685 2698 738 unitatem
2742 685 3083 754 multiplicat,
3113 696 3168 741 et
3204 686 3517 751 distribuit;
3547 705 3657 743 san-

2095 773 2392 827 ctissimam
2424 773 2476 826 in
2518 773 2601 827 his
2622 773 2908 841 jactionem
2937 789 3148 829 sacram
3178 778 3200 807 ³
3268 792 3657 832 consummatis.

2098 861 2272 916 Unum
2310 863 2454 915 enim
2490 872 2546 916 et
2569 861 2821 931 simplum
2867 871 2922 916 et
2957 864 3227 918 occultum
3273 864 3401 921 Jesu
3448 868 3685 924 divinis-.

2094 953 2214 1007 simi
2261 954 2435 1017 verbi,
2484 954 2779 1008 secundum
2826 969 2925 1009 nos
2977 955 3029 1007 in
3079 955 3470 1011 humanatione
3519 970 3570 1011 et
3603 962 3662 1014 ad

2092 1043 2446 1112 compositum
2467 1052 2520 1097 et
2543 1044 2775 1109 visibile,
2800 1045 3120 1100 immutabili
3145 1047 3388 1103 bonitate
3408 1057 3467 1103 et
3488 1050 3661 1104 huma-

2095 1135 2262 1189 nitate
2292 1135 2562 1204 provenit,
2592 1144 2645 1189 et
2671 1135 2738 1190 ad
2768 1149 2827 1191 se
2866 1147 3107 1192 nostram
3143 1138 3393 1194 uniticam
3444 1141 3664 1196 >OCilel-

2094 1231 2201 1278 tem
2251 1225 2482 1294 benigne
2504 1226 2712 1296 peregit
2742 1233 2784 1291 ³,
2826 1234 3008 1281 nostra
3062 1228 3282 1282 humilia
3318 1230 3662 1286 leﬂllSSillllS

2092 1314 2204 1368 suis
2241 1328 2451 1368 summe
2503 1315 2767 1370 adunans.
2816 1314 3096 1387 Siquidem
3159 1326 3213 1371 et
3264 1334 3363 1373 nos
3416 1330 3662 1391 tauquam

2095 1404 2335 1459 membra
2363 1405 2581 1473 corpori
2629 1405 3075 1476 compaginamur
3114 1406 3214 1476 ipsi
3267 1417 3569 1464 secundum
3597 1413 3665 1465 id-

2094 1494 2267 1563 ipsum
2317 1494 2659 1549 immacuiata
2693 1505 2740 1548 et
2776 1499 2949 1550 .Eiviua
3004 1498 3130 1562 vita,
3184 1506 3239 1553 et
3295 1515 3400 1555 non
3430 1517 3665 1561 corrum-

2091 1586 2343 1654 pentibus
2377 1586 2718 1655 passionibus
2740 1587 2896 1656 juxta
2923 1588 3306 1655 mortjticatum
3345 1590 3663 1656 incompacti

2093 1684 2147 1729 et
2177 1674 2449 1732 deformes
2476 1675 2519 1742 ⁸,
2546 1686 2732 1731 etnon
2780 1679 3165 1734 convenientes
3202 1679 3471 1736 etIicimur
3506 1688 3569 1736 ad
3590 1684 3663 1737 di-

399 1768 742 1823 immaculato
770 1768 1160 1837 perfectissime
1188 1770 1393 1836 habitu,
1437 1770 1504 1824 ad
1535 1786 1593 1827 se
1642 1774 1795 1829 nobis
1842 1790 1986 1829 com-
2020 1780 2061 1838 Β
2090 1766 2213 1820 Vina
2252 1767 2490 1823 membra
2515 1776 2570 1821 ει
2591 1768 2899 1823 saniSSima-
2939 1768 3165 1839 Oportet
3200 1772 3346 1825 enim
3384 1789 3510 1838 008.
3534 1775 3577 1829 Si
3601 1777 3659 1829 ad

401 1858 814 1913 municationem
863 1869 1117 1927 tanquam
1166 1861 1465 1928 congenitis
1509 1864 1573 1916 de
1612 1871 1794 1917 cetero
1821 1865 1987 1919 ἀοιδὴν

399 1950 514 2014 vit,
567 1959 621 2004 et
662 1952 1001 2020 prepriorum
1074 1953 1277 2021 recepit
1346 1954 1637 2023 participes
1697 1956 1981 2010 bonorum.

396 2039 735 2106 Apostaticae
768 2040 1015 2107 -quidetn
1089 2040 1447 2095 multitudinis
1482 2079 1496 2105 ,
1577 2043 1717 2096 sicut
1771 2045 1982 2098 occulta

399 2128 618 2182 traditio
646 2128 825 2192 habet,
854 2144 994 2197 quae
1024 2138 1215 2184 contra
1246 2147 1344 2185 nos
1372 2140 1472 2197 est,
1502 2133 1767 2188 destruxit
1799 2146 1985 2205 potens-

396 2217 546 2282 tiam,
587 2233 692 2273 non
730 2233 826 2288 per
860 2219 1117 2273 virtutem
1153 2236 1436 2289 superans,
1476 2221 1630 2292 juxta
1688 2224 1816 2279 vero
1861 2239 1983 2297 my-

397 2311 534 2366 stice
561 2313 716 2367 nobis
748 2313 1006 2367 traditum
1047 2314 1342 2384 eloquium,
1368 2316 1420 2369 in
1446 2315 1647 2384 judicio
1678 2325 1731 2371 et
1748 2318 1978 2386 justitia.

393 2402 542 2469 Quae
584 2404 730 2458 enim
760 2406 775 2436 ¹
806 2406 1101 2459 secundum
1158 2421 1257 2461 nos
1314 2418 1476 2471 sunt,
1528 2408 1596 2461 ad
1652 2409 1981 2463 contrarium

391 2494 553 2549 simul
594 2510 753 2550 omne
800 2496 1029 2567 benigne
1080 2498 1370 2566 reparavit.
1423 2498 1576 2566 Quod
1636 2499 1780 2553 enim
1830 2499 1980 2567 juxta

393 2584 631 2638 animum
676 2595 918 2640 nostrum
970 2586 1258 2642 obscurum
1298 2598 1400 2654 est,
1449 2589 1690 2659 implevit
1732 2590 1880 2644 diviti
1928 2598 1984 2645 et

396 2675 732 2733 divinissimo
775 2676 997 2743 lumine,
1026 2687 1082 2733 et
1118 2678 1468 2735 deiformibus
1507 2682 1720 2735 ornavit
1753 2681 1982 2735 informe

395 2745 906 2835 pulchritudinibus.
936 2768 1164 2822 Animae
1188 2783 1318 2822 vero
1358 2769 1724 2824 habitaculum
1758 2770 1810 2824 in
1859 2785 1981 2840 per-

395 2855 687 2913 fectissima
710 2859 881 2914 salute
898 2868 1103 2914 tantum
1121 2860 1419 2915 decidentis
1441 2871 1658 2916 nostrae
1681 2863 1977 2928 essentiae,

395 2947 766 3016 pollutissimis
793 2949 1137 3019 passionibus
1181 2959 1237 3004 et
1286 2952 1755 3021 corrumpentibus
1795 2967 1979 3007 macu-

394 3035 463 3090 lis
515 3035 808 3101 liberavit,
850 3038 1250 3094 renovationem
1295 3048 1538 3093 nostram
1591 3041 1979 3110 supermundaa

2085 1869 2209 1909 eum
2253 1856 2624 1913 desideramus
2671 1859 3127 1925 communionem,
3170 1861 3223 1914 in
3269 1861 3656 1919 divinissimam
3722 1871 3730 1878 '

2088 1942 2171 1995 sui
2201 1945 2495 1999 secundum
2529 1959 2748 1998 carnem
2798 1945 2964 1999 vitam
3014 1946 3307 2015 respicere,
3339 1958 3392 2002 et
3446 1951 3518 2004 ad
3547 1967 3655 2005 eam

2085 2032 2422 2087 similitudini
2467 2048 2621 2089 sacra
2693 2044 2916 2104 peccato
2961 2036 3202 2090 carentia
3248 2036 3573 2092 deiformem
3614 2049 3662 2093 et

2084 2122 2484 2177 immaculatum
2510 2124 2751 2177 habitum
2775 2139 3074 2179 recurrere.
3109 2124 3199 2180 Sic
3219 2126 3365 2181 enim
3392 2137 3659 2198 compacte

2084 2212 2239 2267 nobis
2270 2213 2334 2266 ad
2364 2213 2538 2267 simile
2569 2214 2883 2267 societatem
2912 2214 3152 2269 donabit.
3197 2216 3343 2272 Haec
3370 2220 3550 2274 sacris
3577 2234 3656 2273 ac-

2084 2304 2319 2358 tionibus
2357 2320 2600 2361 summus
2641 2307 2895 2361 sacerdos
2946 2308 3276 2375 manifestat,
3320 2311 3505 2366 velata
3552 2314 3661 2383 qui-

2083 2394 2204 2448 dem
2259 2395 2397 2450 dona
2443 2397 2514 2450 ad
2583 2395 2932 2452 manifestum
3004 2400 3228 2464 ducens,
3288 2400 3659 2473 uniformeque

2082 2496 2269 2538 eorum
2320 2486 2371 2538 in
2414 2486 2579 2540 multa
2620 2488 2887 2553 dividens,
2934 2496 2991 2543 et
3037 2489 3453 2548 distributorum
3482 2498 3550 2548 ad
3581 2510 3657 2555 ea.

2084 2572 2136 2627 in
2189 2574 2386 2643 quibus
2435 2575 2570 2629 liunt
2609 2578 2903 2631 secundum
2954 2587 3164 2650 tempus
3208 2581 3431 2648 unitati,
3485 2585 3657 2640 socios

2079 2679 2266 2718 eorum
2291 2664 2577 2732 perlicieus
2615 2667 2928 2741 participes.
2962 2668 3228 2723 Describit
3289 2671 3436 2725 enim
3495 2674 3550 2726 in
3580 2674 3657 2727 his

2077 2754 2445 2821 sensibilibus,
2461 2757 2559 2811 sub
2578 2766 2925 2826 conspectum
2943 2757 3146 2813 ducens
3163 2758 3346 2815 Jesum
3363 2761 3657 2831 Christum,

2079 2843 2401 2901 invisibilem
2430 2855 2690 2912 nostram,
2721 2858 2982 2917 quantum
3007 2848 3059 2904 in
3089 2850 3435 2920 imaginibus,
3471 2855 3657 2921 vitamt

2080 2938 2375 2992 secundum
2406 2939 2573 2994 Deum
2602 2954 2669 2994 ex
2707 2940 2921 2995 occulto
2948 2940 3346 3009 perfectissima
3376 2952 3432 2998 et
3470 2946 3658 3001 incon-

2080 3025 2197 3082 fusa
2218 3028 2373 3098 juxta
2410 3044 2512 3085 nos
2533 3031 2585 3084 in
2617 3029 3007 3086 humanatione
3036 3032 3469 3089 misericorditer
3494 3036 3547 3090 in
3576 3052 3661 3091 na-

396 3141 522 3181 nam
547 3129 858 3194 ostendens,
885 3139 940 3185 et
983 3130 1205 3185 multam
1253 3130 1640 3199 perfectionem
1669 3133 1903 3186 divinam
1931 3133 1982 3186 in

2092 3126 2266 3171 turam
2317 3128 2556 3173 nostram
2619 3118 3009 3188 speciﬁcatum,
3054 3131 3111 3176 et
3162 3122 3229 3176 ad
3280 3125 3662 3191 partibile-no-

326 3242 338 3253 -
395 3214 527 3285 ipsis
575 3217 644 3272 ad
692 3232 812 3273 eam
867 3220 1068 3274 nostris
1115 3219 1305 3284 sacris,
1337 3220 1631 3275 secundum
1675 3222 1817 3289 quod
1866 3235 1985 3290 pos-

394 3307 550 3362 sibile
597 3316 725 3373 est,
793 3310 1256 3367 similitudinibus.
1325 3310 1516 3367 Divina
1563 3328 1694 3368 vero
1752 3312 1982 3367 imitatio

392 3395 662 3461 quomodo
726 3396 880 3450 nobis
954 3397 1111 3453 aliter
1174 3400 1407 3469 ingenita
1463 3400 1569 3462 sit,
1629 3401 1732 3456 nisi
1801 3417 1981 3460 sacra-

394 3483 726 3538 tissimarum
779 3486 1080 3541 divinarum
1117 3488 1390 3544 actionum
1418 3492 1676 3545 memoria
1728 3504 1981 3549 renovata

396 3588 613 3643 semper
647 3577 957 3632 ierarchicis
988 3586 1042 3632 et
1070 3580 1243 3635 sacris
1268 3581 1606 3636 orationibus
1631 3590 1687 3636 et
1709 3585 1981 3641 sacriﬁca-

395 3663 664 3718 tionihus?
707 3665 818 3720 Hoc
857 3682 987 3737 ergo
1022 3668 1273 3733 facimus,
1322 3679 1382 3724 ut
1410 3669 1623 3740 eloquia
1666 3673 1818 3728 aiunt
1844 3686 1892 3737 ι,
1926 3677 1980 3730 in

392 3753 513 3823 ejus
543 3755 989 3811 recordationem.
1038 3759 1165 3813 lude
1208 3761 1423 3816 divinus
1454 3777 1697 3820 summus
1723 3770 1976 3822 sacerdos

391 3843 461 3896 ad
495 3843 734 3898 divinum
773 3845 942 3902 altare
976 3858 1147 3913 stans,
1180 3849 1363 3906 laudat
1391 3852 1565 3908 dictas
1592 3870 1777 3911 sacras
1809 3858 1977 3913 actio-

393 3946 493 3986 nes
532 3932 742 3987 divinas
788 3934 917 3989 .lesu
947 3937 1314 3994 divinissimae
1342 3949 1559 3996 nostrae
1586 3944 1975 4011 providentiae,

393 4035 528 4089 quas
564 4020 616 4074 in
643 4021 815 4078 salute
842 4026 1056 4093 generis
1085 4027 1254 4081 nostri
1281 4028 1620 4098 beneplacito
1645 4032 1977 4086 sanctissimi

391 4112 570 4169 Patris
599 4114 650 4168 in
669 4114 871 4185 Spiritu
896 4126 1083 4173 sancto
1107 4120 1401 4173 secundum
1434 4121 1703 4192 eloquium
1733 4140 1980 4179 consum-

393 4203 579 4257 mavit.
612 4202 864 4259 Laudans
891 4214 1073 4260 autem
1104 4215 1160 4261 et
1186 4207 1386 4261 cultum
1415 4223 1625 4274 earum,
1653 4221 1709 4265 et
1739 4212 1980 4269 invisibi-

393 4292 500 4347 lem
544 4294 1050 4364 contemplationem
1097 4296 1544 4353 intellectualibus
1588 4299 1758 4355 oculis
1808 4302 1977 4372 inspi-

392 4383 561 4449 ciens,
586 4385 639 4438 in
666 4386 1011 4456 symbolicam
1040 4402 1227 4441 earum
1260 4387 1552 4459 lerurgiam
1580 4392 1746 4457 vertit,
1796 4402 1850 4448 et
1877 4395 1979 4450 hoc

2082 3213 2254 3260 strum
2283 3206 2693 3261 immutabiliter
2722 3223 2786 3263 ex
2811 3223 2919 3264 uno
2947 3210 3243 3265 secundum
3267 3222 3522 3267 naturam
3550 3229 3662 3283 pro-

2081 3295 2426 3362 venientem,
2490 3306 2545 3353 et
2608 3312 2705 3367 per
2767 3299 3053 3371 benignam
3108 3301 3250 3357 hanc
3315 3303 3661 3360 humanitatis

2083 3387 2425 3443 dilectionem
2484 3389 2539 3442 in
2589 3390 3062 3461 participationem
3092 3393 3176 3447 sui
3222 3401 3278 3447 et
3319 3397 3658 3465 propriorum

2083 3478 2343 3532 bonorqu
2393 3487 2675 3534 vocantem
2740 3482 3031 3536 humanam
3094 3491 3329 3553 gentem.
3386 3485 3658 3556 Siquidem

2082 3569 2300 3622 unimur
2351 3569 2450 3639 ipsi
2488 3570 2878 3625 ‘divinissimae
2926 3571 3068 3627 vitae
3122 3573 3191 3627 ad
3245 3588 3369 3629 eam
3423 3587 3677 3631 nostram.

2072 3658 2230 3728 juxta
2255 3661 2925 3719 virtutem-similitudine:
2946 3678 3043 3732 per
3066 3664 3172 3719 hoc
3186 3664 3353 3719 etiam
3376 3667 3444 3719 ad
3465 3670 3660 3721 veritas

2083 3759 2191 3804 tem
2216 3751 2709 3806 communicatores
2736 3751 2827 3805 Dei
2846 3760 2901 3807 et
2920 3751 3382 3809 divinissimarum
3412 3772 3660 3811 consum-

2080 3842 2380 3896 mationum
2421 3842 2645 3896 erimus.
2676 3842 2966 3911 Accipiens
2991 3852 3173 3899 autem
3196 3852 3250 3900 et
3280 3846 3500 3901 tradens
3528 3848 3659 3900 divi-

2081 3947 2207 3986 nam
2262 3933 2724 3997 communionem,
2786 3933 2841 3987 in
2893 3933 3293 3990 Eucharistiam
3327 3950 3548 3991 sacram
3575 3938 3662 3992 de-

2078 4023 2210 4078 sinit
2232 4039 2355 4078 cum
2385 4024 2533 4079 omni
2563 4024 2837 4081 Ecclesiae
2864 4040 3022 4080 sacra
3060 4026 3420 4096 plenitudine.
3478 4029 3656 4082 Parti—

2079 4114 2279 4183 cipatio
2308 4115 2454 4169 enim
2481 4115 2829 4169 traditionem
2867 4115 3038 4181 ducit,
3068 4124 3125 4170 et
3148 4116 3434 4187 mysticam
3472 4119 3659 4173 distri-

2078 4202 2353 4258 butionem
2405 4205 2789 4276 mysteriorum
2831 4205 3149 4274 assumptio.
3210 4205 3329 4275 lpse
3388 4207 3533 4261 enim
3578 4220 3663 4260 est

2079 4294 2379 4348 catholicus
2409 4294 2718 4350 divinorum
2768 4304 2996 4350 ornatus
3048 4304 3105 4347 et
3146 4294 3304 4361 ordo,
3336 4297 3575 4365 primum
3606 4296 3660 4349 in

2077 4385 2487 4454 participatione
2503 4386 2618 4439 tieri
2633 4395 2686 4440 et
2697 4385 3156 4441 consummatione
3168 4401 3384 4440 sacrum
3403 4387 3594 4442 ducem
3610 4388 3655 4445 '.

395 4470 505 4526 Deo
530 4474 791 4529 tradente.
819 4474 967 4530 Unde
984 4486 1039 4530 et
1064 4485 1372 4532 reverenter
1409 4479 1570 4533 simul
1596 4481 1974 4546 etierarchice
2003 4480 2051 4541 D
2077 4490 2173 4544 Per
2215 4491 2274 4530 se
2305 4476 2562 4531 diViIIiluS
2586 4477 2707 4532 aliis
2752 4476 3147 4540 ἀοιιειηάοτυω,
3200 4475 3388 4545 sicque
3428 4485 3484 4531 ει
3540 4477 3660 4531 aliis

394 4571 516 4630 post
563 4577 748 4617 sacras
776 4565 1047 4618 actionum
1100 4565 1402 4620 divinarum
1447 4566 1664 4633 laudes,
1715 4586 1815 4639 pro
1860 4573 1971 4641 ipsa

393 4663 559 4720 supra
586 4667 647 4706 se
676 4652 888 4707 actione
923 4668 1079 4708 sacra
1116 4654 1417 4725 apologiam
1460 4655 1607 4721 facit,
1640 4660 1790 4727 prius
1822 4675 1975 4718 saere

395 4740 464 4793 ad
496 4740 669 4809 ipsum
704 4742 939 4798 reboans
967 4761 981 4796 :
1014 4742 1092 4798 Tu
1123 4746 1304 4801 dixisti
1343 4764 1358 4798 :
1394 4745 1503 4800 [Ioc
1531 4747 1691 4816 facite
1719 4749 1777 4803 in
1802 4767 1972 4806 meam

398 4832 810 4887 recordationem
836 4834 885 4885 δ.
911 4835 1110 4891 Deinde
1134 4837 1242 4891 Deo
1268 4837 1431 4890 simili
1454 4838 1555 4892 hac
1580 4840 1794 4894 actione
1819 4856 1973 4896 sacra

397 4921 593 4993 dignus
641 4932 828 4992 petens
883 4925 1043 4991 ﬁeri,
1102 4935 1158 4981 et
1213 4926 1281 4981 ad
1337 4926 1508 4995 ipsum
1567 4928 1840 4983 Christum
1901 4931 1975 4986 si-

398 5011 697 5068 militudine
740 5015 918 5070 divina
966 5016 1243 5086 perﬁcere,
1290 5026 1345 5071 et
1392 5016 1522 5073 dare
1562 5020 1879 5087 castissime,
1919 5031 1978 5078 et

396 5114 587 5159 sancta
618 5106 1006 5178 participantes
1052 5123 1205 5163 sacre
1245 5116 1304 5181 et
1347 5109 1600 5166 decenter
1626 5114 1972 5184 participare,

395 5196 667 5254 sacriﬁcat
730 5199 1063 5253 divinissima
1092 5237 1107 5263 ,
1155 5208 1208 5252 et
1280 5199 1380 5253 sub
1436 5212 1781 5271 conspectum
1829 5206 1977 5260 ducit

2081 4565 2313 4620 tradere.
2345 4564 2570 4634 Propter
2612 4565 2753 4634 quod
2803 4573 2859 4618 et
2911 4564 3105 4619 divinis
3139 4563 3404 4620 doctrinis
3436 4568 3659 4636 quidam

2079 4658 2341 4713 audacter
2365 4658 2670 4719 abutentes,
2702 4664 2828 4710 ante
2851 4656 3145 4709 secundum
3170 4669 3266 4709 eas
3282 4657 3660 4711 conversatio-

2079 4765 2202 4805 nem
2217 4759 2272 4805 et
2304 4750 2543 4804 habitum
2563 4746 2823 4802 immundi
2850 4756 2903 4802 et
2931 4746 3093 4801 alieni
3113 4746 3336 4802 omnino
3356 4763 3510 4803 sacra
3527 4758 3653 4803 sunt

2079 4839 2432 4911 legislatione.
2455 4837 2525 4893 Ut
2550 4838 2693 4892 enim
2721 4838 2772 4890 in
2796 4836 3061 4890 solaribus
3084 4836 3461 4905 splendorihus
3482 4840 3658 4893 subti-

2078 4929 2242 4985 liores
2259 4939 2315 4984 et
2338 4929 2597 4985 clariores
2624 4926 2978 4982 essentiarum
3011 4927 3218 4995 primae
3242 4927 3443 4982 inlluxu
3474 4929 3652 4997 reple-

2083 5030 2188 5085 tae,
2244 5034 2338 5091 per
2395 5019 2576 5074 omnia
2614 5033 2710 5073 eas
2747 5017 3155 5086 supereminens
3217 5017 3395 5071 lumen
3444 5018 3499 5070 in
3562 5036 3654 5079 ea.

2071 5125 2221 5179 quae
2275 5122 2395 5179 post
2436 5122 2530 5163 eas
2576 5107 2705 5164 solis
2762 5107 2935 5161 instar
2962 5104 3225 5159 invehunt
3285 5125 3297 5157 :
3356 5106 3431 5158 sic
3466 5113 3525 5156 et
3579 5104 3660 5156 di-

2083 5205 2210 5257 vino
2232 5203 2379 5259 omni
2406 5216 2513 5255 non
2542 5200 2845 5255 audendum
2880 5199 3001 5254 aliis
3029 5199 3136 5253 dux
3167 5211 3314 5259 esse,
3335 5195 3434 5248 nisi
3465 5207 3660 5247 secun-

1662 5311 1917 5368 VARlAE
1953 5312 2351 5371 LECTIONES.

477 5368 494 5397 ί
516 5364 607 5420 AE
628 5377 803 5423 autem
876 5370 897 5401 ⁹
923 5368 1012 5424 BH
1045 5372 1382 5429 sanctissima
1420 5377 1475 5433 in
1514 5377 1602 5436 his
1631 5364 2348 5451 αειῗὸῄἆιὶῖιῖιὶἶιῖὦξἾῖῦίέ
2372 5387 2598 5456 peragit.
2670 5385 2690 5415 ⁸
2720 5384 2809 5437 ΑΒ
2847 5385 3148 5453 deiformea.

3251 5376 3399 5439 "BH
3427 5385 3647 5438 ducens.

1948 5503 2203 5562 NOTAE.

427 5581 716 5701 Matth.
743 5586 949 5649 XXVI;
990 5586 1154 5647 Marc.
1187 5593 1341 5660 XIV;
1388 5595 1521 5651 Luc.
1547 5599 1732 5665 XXll;
1779 5600 1795 5653 l
1830 5602 1958 5659 Cor.

2144 5605 2164 5634 ¹
2204 5605 2337 5658 Luc.
2370 5604 2536 5670 XXII,
2571 5605 2675 5670 l9;
2706 5602 2895 5658 Matth.
2918 5602 3123 5670 XXVI;
3161 5600 3334 5658 |C0..
3380 5602 3470 5659 XI.
