3952 6162
182 323 328 381 1083

760 319 1012 378 VERSIO
1052 319 1337 379 OPERUM
1374 324 1432 377 S.
1476 320 1789 379 DIONYSII.
1831 352 1902 366 —
1941 320 2473 380 ECCLESIASTICA
2510 321 2900 381 IERARCHIA.

3330 325 3464 382 I693

182 419 313 472 dum
335 428 552 471 omnem
597 413 841 470 habitum
892 431 1049 469 suum
1094 415 1293 470 factmn
1325 414 1418 470 Dei
1462 415 1781 470 formosissi-
1807 419 1854 479 Α
1884 413 2100 485 ptibiles
2172 414 2455 485 imagines.
2544 413 2699 481 Quod
2754 415 2900 469 enim
2976 413 3145 469 Deum
3223 413 3467 471 imitatur

179 522 353 570 mum,
378 512 431 559 et
453 520 550 575 pro
581 505 760 559 divina
791 506 1145 576 intelligentia
1179 516 1233 561 et
1257 506 1461 576 judicio
1504 506 1777 577 compagi-

179 608 371 653 natum
398 597 749 667 approbatus.
778 596 833 650 In
858 598 946 652 his
975 599 1155 653 omnis
1185 614 1467 653 sacrorum
1497 597 1778 667 dispositio

181 689 489 746 ierarchiee
522 689 987 752 condescendeus,
1015 698 1070 744 et
1092 689 1444 744 divinissituis
1472 689 1776 744 communi-

180 795 341 845 cans,
372 794 494 834 cum
531 779 831 849 gratiarum
869 779 1083 834 actione
1122 794 1278 834 sacra
1308 779 1528 844 desinit,
1570 779 1779 833 divino-

181 888 308 927 rum
334 881 547 926 actuum
578 871 1059 941 proportionaliter
1095 886 1430 943 cognoscens
1456 880 1511 926 et
1550 871 1779 927 laudans

181 967 410 1039 gratias.
460 963 649 1034 Itaque
699 962 879 1018 divina
935 979 1040 1016 non
1094 964 1488 1033 participantcs
1543 962 1782 1033 ctiguo-

184 1068 395 1118 rantes,
438 1071 545 1108 non
570 1055 732 1108 ctiam
760 1055 811 1108 in
839 1052 1239 1109 Eucluristiam
1266 1054 1485 1107 venient
1522 1067 1537 1107 :
1572 1062 1627 1108 et
1656 1053 1780 1121 qni-

185 1150 310 1203 dem
373 1147 529 1217 juxta
590 1144 864 1216 propriam
937 1153 1189 1198 naturam
1256 1144 1434 1215 dignis
1500 1144 1781 1198 existenti-

184 1240 290 1293 bns
316 1238 522 1310 gratiae
559 1244 794 1307 aguntur
829 1236 1182 1290 divinissimis
1212 1235 1620 1290 donationibus.
1670 1235 1776 1288 Sed

186 1330 333 1399 quod
376 1329 591 1397 quidem
650 1328 915 1391 dixerant,
962 1328 1205 1397 aspicere
1252 1326 1540 1397 aliquando
1586 1326 1784 1381 divinis

188 1420 350 1473 donis
379 1435 446 1473 ex
483 1434 568 1482 eo,
594 1418 685 1487 qui
715 1420 767 1471 in
801 1417 942 1471 malo
966 1427 1071 1483 est,
1109 1418 1357 1472 contuitu
1389 1417 1655 1485 uolentes,
1705 1417 1786 1470 iu-

190 1510 332 1581 grati
378 1510 446 1564 ad
496 1524 719 1577 magnas
767 1500 1073 1563 divinorum
1114 1517 1334 1563 actuum
1365 1516 1788 1583 permanserunt

191 1601 535 1655 donationes.
566 1598 784 1652 Gustate
808 1607 1000 1663 autem,
1028 1598 1435 1667 aiuuteloquia,
1467 1608 1514 1652 et
1540 1598 1706 1652 videte
1737 1610 1786 1649 ει.

194 1693 369 1747 Sacra
401 1693 544 1747 enim
586 1692 889 1746 divinorum
931 1691 1176 1746 doctrina
1213 1690 1530 1760 magniﬁcas
1572 1706 1785 1752 eorum,

1880 505 2114 577 agalma,
2153 506 2221 560 ad
2247 504 2395 560 illam
2433 504 2762 560 invis'ihilem
2804 513 2860 560 et
2910 504 3284 560 beueolentem
3316 508 3464 574 aspi-

1880 594 2029 649 ciens
2069 592 2320 661 formam,
2376 594 2456 650 sic
2508 595 2744 664 seipsum
2798 594 2994 666 figurat
3040 604 3096 649 et
3146 593 3341 662 eﬂingil
3401 594 3470 654 ad

1880 685 2325 742 formosissimam
2368 687 2745 742 imitationem.
2776 686 2844 741 Et
2870 687 3008 741 sicut
3036 687 3088 742 in
3121 692 3483 750 sensibilihus

1882 778 2205 849 imaginibus
2226 793 2440 848 semper
2465 779 2533 834 ad
2572 779 2805 849 primam
2836 778 3199 850 exemplarem
3229 779 3466 849 speciem

1881 870 2112 939 scriptor
2136 868 2506 925 inﬂexibiliter
2532 871 2780 936 intendit,
2812 871 2880 926 ad
2924 870 3127 926 nullum
3167 871 3312 925 aliud
3338 872 3467 927 visi.

1880 959 2068 1012 bilium
2101 968 2387 1024 retractus,
2413 968 2505 1013 aut
2547 962 2842 1016 secundum
2892 962 3021 1032 quid
3076 962 3325 1031 partitus,
3373 962 3465 1019 sed

1883 1051 2197 1121 ipsumillud
2213 1053 2356 1123 quod
2382 1062 2465 1107 est
2501 1052 2931 1118 describendum,
2957 1054 3002 1109 si
3023 1053 3229 1123 justum
3260 1056 3466 1119 dicere,

1885 1142 2110 1212 etliugit,
2137 1152 2193 1197 et
2212 1145 2463 1198 ostendet
2488 1144 2509 1177 ³
2540 1145 2860 1200 alterutrum
2890 1147 2942 1201 in
2966 1146 3226 1203 alterutro
3250 1158 3471 1220 propter

1884 1239 2153 1292 essentiae
2179 1237 2538 1294 differentiam
2565 1255 2579 1293 :
2609 1240 2689 1295 sic
2719 1242 2933 1297 mundis
2967 1243 3019 1296 in
3046 1244 3228 1299 animo
3266 1244 3471 1299 descri-

1886 1328 1966 1382 bit
1992 1329 2104 1398 ipsa
2132 1330 2198 1383 ad
2241 1329 2588 1386 beneolacem
2615 1338 2671 1385 et
2692 1331 2964 1386 occultam
3006 1332 3235 1387 formam
3262 1334 3468 1389 intenta

1887 1427 1943 1472 et
1975 1417 2282 1475 inﬂexibilis
2327 1420 2712 1490 contemplatio
2745 1436 2853 1475 non
2882 1436 3075 1476 errans
3110 1421 3468 1479 deiformosis-

1889 1509 2147 1564 simorum
2176 1509 2517 1578 phantasma.
2547 1501 2701 1565 .l'uste
2728 1512 2895 1579 igitur
2917 1512 2984 1567 ad
3005 1514 3473 1583 superesseutiali~

1892 1606 1974 1652 ter
2000 1598 2400 1655 suaveolentem
2432 1608 2489 1655 et
2535 1600 2858 1656 invisibilem
2907 1602 3363 1672 pulchritudinem
3410 1606 3477 1660 ad

1893 1687 2062 1741 Deum
2089 1688 2355 1752 conversi,
2395 1688 2760 1745 intellectuale
2786 1706 2945 1746 suum
2983 1692 3478 1750 inconversibiliter

193 1787 284 1857 qui
316 1786 554 1851 discunt,
593 1783 795 1856 gratias
836 1792 1189 1854 cognoscent,
1226 1792 1282 1839 et
1324 1783 1789 1838 divinissimarum
1824 1778 1866 1836 Β
1895 1779 2290 1848 specilicantes,
2321 1781 2523 1836 nullam
2551 1791 2717 1851 agunt
2743 1782 2797 1837 in
2846 1798 2907 1839 se
2951 1785 3120 1840 Deum
3151 1786 3480 1842 imitantium

195 1892 420 1930 suarum
436 1875 773 1929 altitudinem
790 1883 843 1929 et
859 1874 1282 1945 magnitudinem
1303 1875 1356 1927 in
1376 1874 1791 1944 participatione

196 1967 570 2023 sacratissime
632 1964 1022 2035 inspicientes,
1074 1965 1503 2035 supcrcaelcstes
1553 1965 1793 2035 gratiose

200 2061 499 2116 laudabunt
522 2060 765 2115 actiones
793 2058 1009 2115 divinae
1046 2056 1416 2130 benignitatis.

742 2194 1140 2251 CAPITULUM
1171 2192 1239 2248 IV

351 2290 426 2344 De
450 2287 781 2359 perﬁciendis
806 2290 860 2343 in
890 2305 1036 2358 τηεμ-ο
1066 2298 1113 2341 ει
1136 2288 1190 2341 in
1211 2287 1325 2358 ipso
1352 2287 1653 2356 o/ferendis.

273 2403 449 2457 Tanta
505 2401 881 2457 sanctissimae
931 2416 1200 2473 synaxeos
1245 2410 1392 2463 sunt,
1439 2408 1495 2453 et
1541 2399 1622 2453 sic
1659 2400 1798 2453 bona

204 2494 499 2550 invisibilia
521 2494 586 2547 ad
614 2509 775 2547 unum
802 2494 978 2559 nobis,
1004 2493 1145 2548 sicut
1164 2505 1324 2562 saepe
1353 2490 1609 2556 diximus,
1626 2490 1802 2544 ierar-

206 2586 362 2641 chiee
417 2582 781 2639 sacriﬁcautia
837 2582 1153 2636 societatem
1206 2591 1262 2636 et
1315 2579 1797 2636 coordinationem.

208 2676 314 2731 Sed
339 2686 423 2731 est
446 2674 606 2745 hujus
631 2674 985 2745 aequipoteus
1014 2673 1185 2728 altera
1212 2671 1506 2742 perfectiva
1535 2671 1800 2741 operatio,

210 2767 348 2835 myri
383 2764 599 2819 teletam
649 2764 813 2819 duces
842 2764 1013 2819 nostri
1038 2764 1054 2794 ⁸
1089 2778 1253 2834 quam
1283 2763 1584 2818 nominant.
1614 2759 1804 2817 Partes

212 2856 399 2925 itaque
429 2853 544 2922 ejus
572 2855 593 2885 ’
636 2854 689 2909 in
738 2854 932 2910 ordine
981 2855 1277 2910 secundum
1328 2869 1513 2909 sacras
1542 2853 1807 2925 imagines

213 2947 589 3011 iutendentes,
640 2947 719 3003 sic
765 2948 830 3002 ad
859 2964 1026 3003 unum
1059 2948 1229 3018 ipsius
1276 2964 1373 3019 per
1401 2956 1587 3018 partes
1636 2947 1809 3003 ierar-

217 3039 390 3095 chicis
430 3040 979 3113 contemplationibus
1009 3043 1389 3098 ascendemus.

645 3149 955 3223 Mysterium
976 3151 1159 3207 teletae
1192 3154 1346 3224 myri.

288 3245 453 3298 quta
490 3244 741 3299 eumdem
783 3258 1053 3316 synaxeos
1101 3243 1319 3298 modum
1364 3242 1813 3314 imperfectorum

219 3333 575 3388 absolvuntur
618 3334 858 3399 ordines,
892 3334 1278 3391 accedentibus
1309 3333 1515 3389 scilicet
1539 3341 1597 3390 et
1636 3335 1811 3389 ierar-

220 3427 380 3481 chico
410 3426 466 3480 in
504 3441 664 3497 omne
693 3426 949 3498 templum
976 3428 1117 3483 bene
1146 3425 1310 3482 olenti
1339 3426 1566 3489 ambitu,
1596 3435 1652 3481 et
1671 3424 1803 3496 psal-

218 3517 360 3570 mica
388 3531 545 3571 sacra
572 3517 842 3583 cautione,
888 3526 945 3572 et
974 3518 1437 3573 divinissimorum
1473 3515 1811 3585 eloquiorum

220 3603 476 3661 lectione.
507 3606 708 3663 Deinde
741 3623 931 3679 myron
961 3624 1206 3664 summus
1233 3609 1486 3664 sacerdos
1516 3608 1812 3677 accipiens,

220 3697 543 3767 superponit
577 3698 756 3754 divino
785 3699 944 3754 altari
978 3699 1420 3756 circumvelatum
1470 3715 1500 3753 a
1532 3700 1814 3755 duodecim

220 3794 421 3863 pennis
462 3794 650 3856 sacris.
694 3796 1041 3852 reboantibus
1087 3796 1247 3852 simul
1299 3796 1552 3852 omnibus
1582 3796 1815 3850 sanctis-

223 3884 361 3938 sima
394 3900 528 3940 voce
571 3895 817 3941 sanctum
849 3885 960 3942 Deo
985 3888 1400 3958 acceptabilium
1425 3887 1815 3955 prophetarum

223 3972 587 4044 inspiratione
623 3975 942 4031 melodema.
970 3976 1037 4031 Et
1067 3976 1121 4031 in
1151 3976 1267 4046 ipso
1295 3975 1665 4046 perficientem
1692 3990 1819 4029 ora-

226 4066 432 4121 tionem
487 4068 785 4139 complens,
815 4070 868 4123 in
920 4070 1280 4125 sanctissimis
1326 4069 1814 4125 consecrandornm

224 4160 406 4215 teletis
454 4175 520 4215 eo
556 4161 726 4215 utitur
748 4163 815 4216 ad
849 4178 1064 4217 omnem
1100 4161 1213 4218 fere
1241 4162 1600 4218 ierarchicam
1635 4160 1817 4231 perfe-

224 4253 428 4307 ctivam
457 4268 621 4323 Opera
631 4254 854 4310 tionem.

904 4344 1148 4401 Theoria.

298 4432 417 4503 Ipsa
486 4435 648 4506 igitur
710 4438 1067 4493 introductiva
1124 4436 1586 4493 consummativae
1659 4436 1819 4506 hujus

225 4523 676 4581 sanctiﬁcationis
748 4542 991 4598 auagoge
1045 4543 1143 4597 per
1190 4543 1272 4594 ea,
1328 4543 1469 4598 quae
1519 4530 1818 4584 secundum

227 4609 471 4666 divinum
499 4629 687 4684 myrou
714 4632 868 4672 sacre
896 4627 1151 4686 aguntur,
1185 4617 1331 4682 illud,
1356 4618 1611 4685 aestimo,
1637 4618 1822 4675 decla-

226 4709 341 4767 rat,
394 4705 539 4773 quod
589 4706 1010 4763 circumvelatur
1075 4708 1279 4763 sanctis
1330 4709 1467 4763 viris
1527 4710 1581 4764 iu
1637 4710 1822 4764 animo

227 4806 449 4847 sacrum
476 4803 531 4848 ct
565 4795 703 4852 bene
739 4798 1009 4862 redoleas,
1041 4814 1179 4869 quae
1220 4800 1478 4855 divinitus
1514 4799 1671 4870 jubet
1699 4816 1823 4856 san-

227 4883 339 4937 ctis
388 4884 539 4949 viris,
579 4902 686 4941 non
742 4889 1062 4945 manifestas
1122 4890 1326 4945 habere
1370 4890 1423 4945 in
1474 4890 1646 4962 gloria
1685 4906 1821 4945 vana

226 4973 530 5028 secundum
552 4977 808 5033 virtutem
831 4980 1025 5036 occulti
1049 4981 1144 5036 Dei
1168 4982 1338 5037 bonas
1360 4992 1415 5038 et
1443 4983 1822 5041 suaveolentes

227 5063 638 5122 similitudines.
657 5068 881 5126 Mundae
894 5073 1037 5126 enim
1062 5082 1190 5127 sunt
1214 5072 1304 5127 Dei
1326 5082 1567 5128 secretae
1587 5082 1642 5129 et
1663 5089 1825 5143 super

226 5154 475 5208 animum
503 5159 874 5215 suaveolentes
901 5161 1348 5231 pulchritudines,
1378 5173 1432 5219 et
1484 5163 1825 5219 invisibiliter

228 5247 595 5329 ostenduntur
632 5250 969 5307 solummodo
996 5253 1469 5320 intellectualibus,
1519 5254 1831 5329 conformes

226 5328 443 5392 habere
465 5338 705 5395 volentes
737 5356 835 5411 per
857 5341 1108 5397 virtutem
1160 5343 1212 5397 in
1261 5344 1544 5399 animabus
1574 5344 1824 5400 incorru-

1896 1872 2156 1925 virtutum
2188 1873 2242 1925 in
2269 1872 2673 1943 adspiciendum
2695 1873 2853 1943 juxta
2877 1876 3147 1946 eloquium
3190 1877 3220 1917 δ
3251 1878 3483 1933 homini-

1897 1964 2018 2030 bus,
2036 1965 2130 2019 sed
2152 1974 2339 2019 sancte
2361 1965 2651 2035 inspiciunt
2674 1975 2929 2037 tanquam
2954 1968 3006 2022 in
3032 1968 3285 2041 imagine,
3299 1970 3484 2027 divino

1899 2069 2053 2126 mer
2087 2054 2155 2109 ab
2176 2054 2415 2110 Ecclesia
2436 2056 2801 2111 sacratissima
2826 2057 3233 2114 circumvelata.
3258 2059 3491 2131 Propter

1898 2146 2040 2217 quod
2071 2155 2127 2202 et
2163 2146 2266 2216 ipsi
2313 2147 2609 2203 secundum
2657 2148 2934 2215 virtutem,
2986 2159 3233 2206 sanctum
3291 2159 3348 2206 et
3375 2144 3533 2207 dei-'

1902 2240 2349 2296 formosissimum
2373 2240 2516 2295 intus
2545 2241 2712 2295 Deum
2742 2241 3038 2307 imitantes,
3069 2251 3125 2298 et
3154 2243 3265 2297 Deo
3290 2243 3493 2299 descri-

1901 2333 1978 2402 pti
2010 2332 2175 2386 animi
2198 2347 2353 2387 sacre
2374 2333 2847 2402 circumvelantes,
2871 2333 2939 2388 ad
2964 2334 3132 2389 solam
3149 2333 3171 2366 ι
3198 2335 3493 2404 respiciunt

1905 2421 2286 2478 archiformem
2307 2421 2735 2494 intelligentiam.
2771 2423 2958 2494 Neque
2979 2424 3125 2478 enim
3151 2425 3488 2495 contempla-

1904 2512 2040 2567 biles
2071 2520 2281 2567 tantum
2337 2521 2465 2568 sunt
2514 2512 2882 2576 dissimilibus,
2929 2513 3023 2568 sed
3055 2527 3232 2582 neque
3276 2514 3377 2583 ipsi
3423 2514 3494 2569 ad

1906 2604 2120 2660 illorum
2157 2605 2446 2661 trahuntur
2486 2606 2773 2671 visionem,
2804 2606 3021 2661 sibimet
3050 2614 3445 2676 consequenter
3476 2624 3492 2660 :

1907 2708 2083 2764 neque
2114 2694 2403 2751 visibilium
2438 2694 2701 2766 imagines
2725 2696 2990 2750 bonorum
3015 2704 3069 2750 et
3083 2695 3500 2774 iustorum,.sed

1907 2799 2115 2851 eorum,
2162 2802 2302 2857 quae
2332 2795 2462 2842 sunt
2484 2802 2631 2853 vere,
2662 2802 2794 2843 vere
2823 2797 3044 2843 amant:
3076 2803 3252 2859 neque
3272 2788 3339 2843 ad
3382 2787 3499 2860 glo-

1909 2877 2047 2932 riam
2073 2877 2257 2933 vident
2278 2893 2308 2931 a
2336 2877 2678 2933 multitudine
2702 2878 3147 2934 irrationabiliter
3166 2878 3495 2943 beatificam,

1910 2969 2007 3026 sed
2055 2970 2257 3026 bonum
2295 2977 2389 3024 aut
2432 2970 2631 3025 malum
2684 2970 2739 3025 in
2769 2970 2949 3040 seipso
2987 2971 3167 3025 divina
3199 2970 3500 3026 imitatione

1905 3059 2234 3132 iudicantes,
2259 3059 2527 3132 agalmata
2550 3060 2731 3115 divina
2761 3060 3134 3116 divinissimae
3180 3069 3305 3116 sunt
3332 3063 3497 3116 bene-

1835 3139 1882 3201 C
1913 3152 2162 3216 olentiae,
2184 3165 2251 3207 ex
2275 3153 2452 3222 seipsa
2473 3167 2664 3207 verum
2691 3152 2833 3207 bene
2857 3152 2982 3207 olax
3013 3150 3239 3215 habens,
3259 3150 3327 3205 ad
3359 3150 3502 3205 mul-
3564 3160 3569 3163 λ

1912 3245 1983 3301 tis
2004 3244 2343 3301 dissimiliter
2369 3243 2642 3315 opinabile
2670 3259 2777 3299 non
2805 3244 3167 3309 convertitur,
3195 3242 3340 3298 veris
3385 3242 3499 3297 suis

1910 3334 2413 3407 pulchritudinibus
2442 3350 2607 3390 unum
2631 3334 2895 3400 formans,
2918 3335 3062 3405 quod
3086 3343 3171 3390 est
3195 3335 3313 3390 sine
3335 3333 3504 3389 simu-

1912 3428 2132 3485 latione.
2164 3426 2270 3484 Fer
2327 3428 2616 3499 reliquum,
2648 3429 2905 3498 quoniam
2931 3437 2954 3470 ι
2985 3427 3226 3483 exterius
3258 3426 3504 3498 pulchri~

1916 3523 2155 3577 tudinem
2210 3521 2558 3592 contemplati
2591 3537 2780 3577 sumus
2810 3521 2975 3576 totius
3009 3522 3182 3576 bonae
3210 3529 3266 3575 et
3312 3532 3505 3575 sacrae

1914 3614 2165 3680 actionis,
2212 3613 2268 3668 in
2320 3613 2643 3669 diviniorem
2691 3613 2810 3684 ejus
2854 3611 3207 3683 respiciemus
3247 3610 3501 3673 formam,

1916 3704 2089 3776 ipsam
2113 3706 2166 3759 in
2190 3706 2365 3776 seipsa
2389 3705 2684 3761 revelatam
2733 3704 2999 3759 velamina
3019 3744 3035 3771 ,
3066 3702 3506 3774 contemplantes

1914 3796 2150 3857 beatam,
2197 3796 2587 3866 splendentem,
2644 3795 2931 3851 manifeste
2983 3796 3210 3861 claram,
3242 3804 3299 3851 et
3332 3794 3501 3850 incir-

1886 3928 1889 3929 ν
1916 3886 2218 3942 cumvelate
2247 3886 2606 3942 intellectibus
2630 3886 2927 3957 replentem
2954 3902 3052 3941 nos
3079 3885 3502 3941 suaveolentiae.

1916 3975 2103 4046 Neque
2138 3976 2279 4031 enim
2313 3976 2596 4031 manifesta
2651 3975 2788 4045 myri
2838 3975 3080 4043 perfecta
3120 3973 3361 4044 operatio
3396 3973 3504 4035 his,

1917 4069 2011 4138 qui
2040 4069 2184 4124 circa
2217 4083 2486 4122 summum
2524 4067 2863 4122 sacerdotem
2893 4074 3041 4131 sunt,
3072 4063 3503 4121 incommunica-

1919 4159 2044 4214 bilis
2076 4167 2160 4213 est
2207 4165 2302 4212 aut
2340 4156 2650 4223 invisibilis,
2691 4157 2785 4212 sed
2833 4156 3144 4213 econtrario
3193 4170 3365 4226 usque
3412 4168 3508 4210 eos

1918 4250 2260 4325 perveniens,
2292 4257 2349 4304 et
2381 4256 2626 4304 statuens
2664 4263 2826 4319 supra
2867 4247 3066 4303 multos
3091 4245 3477 4316 contemplatio
3497 4271 3510 4282 -

1921 4358 2064 4406 nem,
2119 4341 2188 4396 ab
2238 4340 2372 4410 ipsis
2397 4354 2550 4395 sacre
2573 4338 3029 4403 circumvelatur,
3069 4346 3125 4392 et
3162 4336 3508 4393 multitudine

1924 4433 2224 4490 ierarchiee
2271 4430 2639 4501 distinguitur.
2679 4429 2885 4487 Divinis
2912 4429 3055 4485 enim
3078 4429 3212 4485 viris
3254 4429 3509 4485 sacratis-

1922 4526 2183 4582 simorum
2210 4523 2411 4586 radius,
2430 4531 2687 4591 tanquam
2704 4520 3142 4592 cougenerationi
3164 4521 3232 4575 ab
3253 4520 3510 4576 invisibili

1922 4631 2057 4686 pure
2101 4623 2160 4670 et
2203 4612 2512 4668 immediate
2536 4612 2779 4677 elucens,
2823 4620 2878 4665 et
2904 4610 3299 4666 intellectuales
3318 4625 3510 4667 eorum

1925 4707 2264 4777 receptiones
2303 4705 2747 4760 incircumvelate
2790 4703 3148 4769 suavillcans,
3204 4703 3272 4758 ad
3327 4702 3510 4773 subje-

1925 4808 2074 4854 ctum
2102 4812 2206 4852 nou
2237 4805 2483 4868 prompte
2504 4796 2773 4866 provenit,
2807 4796 2901 4851 sed
2932 4797 3000 4851 ab
3040 4794 3193 4865 ipsis,
3237 4803 3297 4850 ut
3332 4810 3512 4851 secre-

1927 4897 2104 4943 torum
2158 4886 2425 4942 invisibile
2455 4885 2971 4957 contemplantibus,
3027 4886 3146 4940 sine
3183 4899 3414 4955 pompa,
3442 4885 3512 4944 ad

1924 4980 2277 5036 dissimilibus
2306 4979 2799 5044 incontaminabile,
2823 4979 2925 5034 sub
2949 4978 3202 5050 pennatis
3224 4980 3507 5049 aenigma-

1924 5073 2068 5128 tibus
2116 5071 2422 5142 cooperitur
2448 5086 2462 5124 :
2493 5086 2591 5141 per
2628 5086 2766 5141 quae
2810 5085 2965 5126 sacra
3018 5072 3322 5143 aenigmata
3369 5069 3508 5123 bene

1924 5164 2099 5219 ornati
2139 5164 2357 5218 ordines
2414 5163 2744 5217 reducuntur
2794 5163 2861 5217 ad
2911 5177 3120 5218 sacram
3150 5176 3303 5216 suam
3332 5156 3514 5213 analo-

1928 5256 2093 5326 giam.
2129 5254 2223 5307 Est
2276 5268 2425 5323 ergo,
2457 5255 2599 5323 quod
2643 5253 2861 5323 quidem
2915 5253 3179 5316 dixeram,
3218 5264 3363 5304 nunc
3399 5246 3515 5300 lau-

1931 5344 2105 5401 danda
2147 5345 2302 5399 nobis
2328 5360 2482 5400 sacra
2518 5345 2710 5402 teletae
2749 5345 3019 5419 operatio,
3046 5339 3513 5400 consummativae

1524 5459 1780 5515 VARIAE
1815 5457 2217 5515 LECTIONES.

304 5543 325 5577 ⁸
370 5547 534 5599 nostri
572 5560 679 5601 om.
709 5545 818 5601 BH.
895 5550 916 5579 '
955 5549 1069 5603 eius
1098 5564 1206 5603 om.
1233 5549 1339 5605 BE.

306 5739 337 5769 ι
374 5726 517 5782 Psal.
558 5707 883 5795 nmmo.

665 5826 932 5884 "nuce.
979 5824 1235 5887 CXXII.

1419 5552 1439 5582 ⁸
1477 5551 1520 5604 Α
1548 5563 1594 5607 et
1616 5552 1860 5617 ostendit,
1887 5551 1977 5606 BH
2007 5562 2061 5604 ut
2088 5550 2346 5607 ostendat.
2424 5551 2447 5585 ⁸
2485 5553 2527 5608 Ε
2548 5554 2791 5609 solerem.

1751 5660 2001 5718 NOTAE.

2870 5562 2891 5593 I
2923 5549 3009 5604 ΒΗ
3031 5554 3309 5621 quomodo.

1980 5740 2005 5772 υ
2048 5732 2234 5789 Matth.
2267 5733 2330 5789 Ill
2358 5752 2370 5794 ;
2403 5734 2567 5789 XXIII

3154 5824 3233 5884 33
