3952 6162
417 278 431 292 .
472 320 601 373 ωλι

1858 308 2142 367 JOANNIS
2183 307 2377 366 SCOTI

3603 307 3741 368 1092

471 408 889 466 ierarchicorum
908 407 1254 465 ordinationis
1281 413 1337 461 et
1359 403 1836 477 virtutis.Propter
1869 407 2045 477 quod‘
2079 406 2123 462 Δ
2153 404 2220 459 ad
2252 405 2422 474 ipsam
2465 404 2515 458 in
2555 402 2753 468 malum
2794 400 3210 462 minorationem
3261 403 3745 476 ineorruptibiliter

469 514 524 557 et
548 504 685 556 hanc
714 501 877 555 divini
906 501 1072 555 duces
1112 498 1283 555 nostri
1310 508 1565 567 tanquam
1613 498 2049 568 aequipotentem

469 606 525 650 et
569 595 710 650 idem
759 602 1100 663 peragentem
1157 606 1425 663 synaxeos
1448 604 1635 645 sacrae
1660 590 2005 657 perfectionis
2031 594 2054 628 ⁸

472 686 670 741 eisdem
712 684 1121 740 characteribus
1147 698 1245 752 per
1274 680 1440 736 multa
1478 692 1531 736 et
1553 681 1797 753 mysticis
1826 679 2054 748 disposi-

468 778 703 835 tionibus
749 784 806 836 et
875 776 1051 832 sacris
1116 774 1445 830 orationibus
1516 774 1926 828 ordinaverunt.
1988 771 2057 825 Et

466 870 684 941 quidem
716 883 986 924 summum
1029 870 1390 930 sacerdotem,
1428 877 1684 934 tanquam
1726 864 1858 933 ipsis
1902 876 2054 932 aspe-

461 962 647 1017 ctibus
676 976 745 1016 ex
774 959 1036 1015 diviniore
1064 958 1179 1014 loco
1212 959 1408 1013 bonam
1436 955 1857 1012 suaveolentiam
1888 955 1940 1008 in
1965 968 2052 1016 ea,

466 1068 607 1122 quae
659 1052 851 1108 deinde
904 1058 1050 1115 sunt,
1098 1057 1287 1105 sancta
1346 1047 1736 1118 profcrentem,
1790 1053 1846 1099 et
1880 1045 1947 1098 ad
1997 1058 2056 1099 se

466 1142 799 1197 resolutione
833 1142 1139 1205 docentem,
1217 1139 1549 1203 divinorum.
1582 1137 2056 1207 participationem

462 1233 625 1289 simul
650 1232 898 1288 omnibus
926 1232 1143 1301 quidem
1178 1230 1295 1284 fieri
1330 1228 1485 1297 juxta
1509 1229 1831 1295 dignitatem
1860 1228 2053 1291 sacris,

466 1325 844 1382 indiminutam
894 1340 1027 1380 vero
1066 1339 1190 1380 esse
1228 1333 1284 1378 et
1313 1324 1703 1377 immutabilem
1734 1323 1975 1386 omnino,
2002 1331 2057 1377 et

466 1414 789 1484 aequalitate
846 1414 1144 1468 secundum
1192 1412 1427 1468 divinam
1476 1412 1885 1466 collocationem
1932 1427 2056 1482 pro-

466 1506 715 1576 prietatis
746 1502 1262 1560 inconunutabiliter
1283 1500 1540 1558 stantem.
1569 1503 1851 1557 Desiderio
1876 1511 2055 1557 autem

462 1597 664 1652 iterum
718 1593 1054 1665 eloquiorum
1083 1602 1276 1650 cantus
1323 1603 1379 1649 et
1408 1594 1670 1649 lectiones
1710 1595 2056 1665 imperfectos

460 1688 686 1759 quidem
721 1687 978 1742 erudiunt
1020 1686 1089 1741 ad
1129 1684 1412 1741 viviferam
1457 1685 1803 1751 filiolitatem,
1831 1699 2058 1740 conver-

2155 496 2461 566 dispositas,
2490 497 2543 551 in
2568 496 2683 565 ipsa
2704 496 2757 550 in
2784 496 2939 552 nobis
2960 497 3234 553 discretivi
3276 499 3511 553 naturali
3543 499 3562 531 ⁷
3598 498 3746 555 vale-

2154 588 2359 652 tudine,
2388 588 2682 642 secundum
2730 586 2951 641 deiﬁcas
2978 602 3283 654 mensuras,
3306 597 3361 643 et
3384 588 3744 643 coadunatam

2154 676 2320 743 animi
2345 677 2412 729 ad
2441 677 2609 731 Deum
2634 677 3070 741 conversionem,
3114 676 3166 731 in
3197 677 3509 747 receptioue
3531 678 3746 733 divinae

2154 767 2554 823 suaveolentiae
2588 768 2727 833 fieri,
2753 775 2807 822 et
2841 767 3238 823 benefacientia
3263 783 3423 822 sacra
3452 767 3664 837 impleri
3694 777 3747 823 et

2154 860 2492 915 divinissimo
2562 859 2842 914 alimento.
2894 859 3007 915 Non
3078 874 3209 930 ergo
3254 860 3396 930 myri
3449 860 3743 931 symbolice

2154 950 2479 1021 compositio
2509 959 2765 1019 tanquam
2798 948 3178 1005 informatione
3205 949 3546 1013 iniormium,
3574 950 3742 1020 ipsum

2156 1043 2312 1097 nobis
2351 1042 2645 1097 subscribit
2687 1047 2712 1082 ⁸
2745 1041 2954 1107 Jesum,
3001 1041 3205 1096 fontem
3253 1042 3582 1097 existentem
3612 1041 3743 1095 divi-

2156 1149 2347 1188 narum
2395 1135 2644 1188 suavium
2672 1134 3042 1204 receptionum
3092 1134 3337 1201 divitem,
3377 1135 3597 1190 beatum
3628 1150 3748 1205 pro-

2154 1224 2495 1295 portionibus
2517 1225 2715 1280 divinis
2766 1234 2822 1280 et
2853 1225 3242 1296 principalibus
3271 1224 3621 1280 deiformiora
3668 1225 3745 1281 iu-

2158 1314 2543 1369 tellectualium
2576 1315 2917 1380 reddentem,
2963 1316 3335 1371 divinissimos
3377 1316 3743 1372 declarantem

2154 1421 2406 1476 vapores,
2442 1406 2496 1460 in
2530 1406 2724 1475 quibus
2754 1406 2921 1460 animi
2958 1405 3203 1462 benefice
3231 1405 3508 1472 delectati,
3533 1416 3588 1461 et
3609 1407 3746 1462 divi-

2156 1501 2240 1555 nis
2261 1501 2720 1569 assumptinnibus
2745 1498 2957 1569 repleti,
2979 1514 3105 1554 esca
3128 1499 3387 1555 invisibili
3411 1509 3663 1567 utuntur,
3687 1500 3746 1555 ad

2156 1592 2521 1647 iutellectuale
2551 1607 2739 1647 eorum
2770 1592 3231 1663 penetrantjuxta
3263 1593 3502 1646 divinam
3529 1593 3752 1663 partici-

2156 1683 2430 1751 pationem
2461 1682 2888 1737 suaveolentiam
2928 1682 3391 1737 distributiouum.
3422 1682 3517 1738 Est
3541 1691 3746 1748 autem,

466 1779 784 1849 sionemque
827 1778 850 1811 ³
895 1786 1145 1835 sanctam
1221 1777 1431 1833 faciunt
1482 1776 1687 1848 pollute
1736 1792 2058 1845 energume-
2087 1762 2131 1821 Β
2161 1781 2218 1828 ut
2244 1774 2492 1839 a‘estimo,
2541 1773 2774 1837 clarmu,
2805 1772 2932 1842 quia
2959 1787 3122 1844 super
3150 1789 3250 1829 nos
3291 1773 3546 1829 essentiis
3572 1782 3636 1828 ut
3669 1774 3748 1829 di-

462 1886 598 1925 uum
629 1868 919 1941 feruntque
944 1870 1291 1926 manifestam
1323 1870 1757 1940 qualemcunque
1789 1869 2056 1924 trahendo

465 1961 661 2017 insane
700 1961 1081 2031 energumenis
1133 1958 1416 2016 deiformis
1470 1960 1688 2015 habitus
1738 1968 1794 2013 et
1839 1959 2056 2015 virtutis

465 2052 951 2117 sublimissimum,
1010 2050 1489 2121 proportionaliter
1556 2051 1637 2106 eis
1685 2050 2049 2105 ostendentes.

465 2144 628 2201 Juxta
654 2158 817 2214 quam
845 2145 1123 2199 terrebunt
1158 2143 1394 2197 maxime
1415 2142 1517 2212 ipsi
1548 2141 1855 2197 contrarias
1887 2141 2059 2194 virtu-

467 2248 571 2303 tes,
599 2246 654 2293 et
699 2238 926 2293 aliorum
952 2237 1216 2292 medicina
1263 2238 1641 2307 praestabunt,
1664 2237 1850 2291 divina
1880 2236 2060 2290 imita-

468 2330 613 2385 tione
649 2328 924 2384 immobile
975 2328 1192 2396 quidem
1223 2342 1290 2383 ex
1324 2329 1562 2398 propriis
1610 2329 1788 2392 bonis,
1830 2329 1898 2382 ad
1928 2341 2059 2382 vero

466 2422 773 2481 contrarios
823 2422 1087 2477 tumultus
1128 2422 1363 2476 activum
1396 2436 1501 2477 non
1532 2422 1795 2476 habentes
1824 2428 2055 2485 tantum,

465 2516 563 2571 sed
589 2523 646 2570 et
677 2514 965 2569 donantes.
1017 2512 1115 2568 His
1153 2521 1335 2569 autem
1368 2513 1423 2567 in
1454 2512 1785 2567 intellectum
1818 2512 2058 2566 divinum

463 2618 534 2660 ex
555 2604 806 2677 pessimis
827 2605 1252 2671 transeuntibus,
1267 2605 1510 2659 habitum
1538 2620 1754 2660 sacrum
1778 2605 2062 2673 imponunt

468 2695 536 2750 ad
562 2710 671 2750 non
710 2686 912 2752 iterum
969 2696 1068 2751 sub
1099 2695 1304 2749 malitia
1329 2694 1641 2750 errandum.
1675 2695 1969 2762 Quosdam,
2002 2703 2063 2749 ut

468 2781 580 2843 sint
620 2786 937 2852 eaStissimi,
964 2786 1270 2856 indigentes
1299 2794 1673 2841 consummate
1708 2786 2058 2851 absolvuntt,

468 2877 731 2948 quosdam
758 2893 945 2935 sacros
971 2878 1175 2932 ducunt
1195 2878 1248 2931 in
1279 2877 1490 2932 divinas
1521 2876 1780 2946 imagines
1808 2885 1863 2931 et
1887 2876 2063 2945 inspe-

466 2967 678 3024 ctioues
707 2983 895 3024 earum
922 2976 977 3022 et
1002 2968 1541 3024 communicationes.
1574 2967 1840 3022 Reficiunt
1876 2976 2056 3022 autem

467 3059 729 3128 quosdam
757 3059 1130 3115 sacratissime
1161 3059 1215 3113 in
1244 3059 1416 3115 beatis
1444 3058 1791 3115 invisibiliter
1813 3069 2052 3114 contem-

465 3151 835 3222 platidnibus,
894 3151 1216 3222 compleudo
1262 3151 1532 3206 uniforme
1593 3167 1780 3207 eorum
1831 3167 1940 3206 uno
2000 3118 2128 3206 etC

470 3243 782 3299 uniticante.
800 3243 942 3311 Quid
956 3252 1136 3299 autem
1154 3243 1177 3296 ?
1196 3242 1384 3299 Nonne
1411 3252 1467 3297 et
1486 3258 1593 3297 non
1618 3242 1839 3297 omnino
1865 3257 2053 3313 puros,

469 3332 829 3406 quorumjam
856 3336 1173 3390 memoriam
1199 3334 1444 3401 fecimus,
1465 3336 1683 3389 ordines
1710 3334 1855 3388 clare
1881 3333 2058 3389 absol—

470 3425 549 3481 vit
601 3425 899 3483 secundum
949 3423 1179 3479 eundem
1235 3439 1503 3495 synaxeos
1544 3425 1762 3479 modum
1798 3438 2058 3494 praesens

468 3535 617 3577 nunc
664 3528 854 3575 sancta
917 3517 1110 3574 teletae
1153 3519 1434 3589 operatio,
1488 3519 1617 3573 solis
1676 3517 2059 3588 inimaginibus

469 3612 664 3668 videns
705 3609 984 3666 obtutibus
1022 3610 1241 3674 divinis,
1292 3619 1347 3665 et
1376 3626 1405 3663 a
1440 3610 1571 3665 solis
1623 3610 1933 3665 immediate
1974 3624 2058 3663 sa-

471 3700 797 3757 cratissimis
848 3700 1160 3756 ierarchicis
1187 3701 1446 3772 anagogis
1492 3701 1733 3771 inspecta
1778 3710 1833 3757 et
1858 3700 2061 3757 sacriﬁ-

470 3790 630 3847 cata?
657 3789 801 3845 llaec
831 3791 1088 3862 ergojain
1117 3806 1279 3861 saepe
1299 3807 1328 3844 a
1353 3792 1505 3847 nobis
1536 3793 1701 3858 dicta,
1728 3778 2058 3863 superfluum

472 3883 631 3940 nobis
665 3891 768 3948 est,
809 3890 869 3937 ut
922 3883 1170 3946 aestimo,
1203 3884 1407 3939 eisdem
1452 3884 1730 3939 revolvere
1775 3884 1974 3949 verbis,
2004 3892 2059 3939 et

474 3990 582 4031 non
638 3975 706 4030 ad
753 3988 850 4040 ea,
900 3982 1042 4045 quae
1099 3974 1293 4030 deinde
1347 3983 1472 4031 sunt
1524 3976 1579 4040 ⁵,
1641 3975 2056 4038 transcendere,

474 4080 747 4124 summum
783 4065 1120 4121 sacerdotem
1150 4065 1408 4121 divinitus
1436 4065 1680 4120 videntes
1710 4079 1739 4118 a
1776 4064 2058 4119 duodecim

474 4155 666 4226 pennis
691 4153 1156 4217 circumvelatum,
1189 4154 1476 4208 habentem
1502 4154 1741 4208 divinum
1766 4167 1981 4224 myron,
2007 4159 2062 4206 et

473 4238 874 4301 sanctissimam
917 4243 972 4298 in
1002 4257 1067 4299 eo
1091 4243 1611 4298 consummationem
1639 4240 2057 4297 sacrificantem.

474 4336 728 4393 Dicamus
778 4336 964 4407 igitur,
992 4334 1262 4404 quomodo
1305 4332 1444 4406 myri
1484 4332 1804 4404 compositio
1834 4347 2062 4405 congre-

474 4428 622 4499 gatio
653 4426 917 4499 quaedam
960 4436 1044 4482 est
1078 4426 1216 4481 bene
1249 4426 1573 4496 spirantium
1607 4425 1979 4492 materiarum,
2004 4426 2059 4480 in

474 4532 535 4574 se
577 4518 798 4588 copiose
841 4517 1048 4571 habens
1094 4516 1389 4585 qualitates
1432 4516 1756 4582 odoriferas,
1800 4526 2059 4588 quantum

474 4608 803 4678 accipientes
825 4605 1086 4661 olfaciunt
1126 4608 1422 4663 secundum
1466 4607 1771 4680 analogiam
1804 4618 1954 4664 tanto
1984 4610 2065 4664 in-

475 4700 690 4771 genitae
742 4700 824 4754 eis
871 4698 1017 4753 bono
1063 4699 1230 4755 odore
1271 4700 1725 4771 participatiouis.
1779 4700 2065 4755 Credimus

476 4799 658 4847 autem
712 4805 835 4846 esse
877 4791 1272 4847 divinissimum
1302 4791 1485 4847 Jesum
1540 4792 2066 4862 superesscatialiter

477 4882 898 4947 suaveolentem,
944 4882 1305 4939 invisibilibus
1357 4883 1828 4938 distributionibus
1857 4884 2064 4939 °intcla

477 4971 707 5029 lectuale
730 4983 973 5029 nostrum
996 4974 1297 5045 replentem
1333 4974 1512 5030 divina
1540 4974 1911 5033 deleCtatione.
1942 4975 2061 5046 Ipsa

475 5066 623 5123 enim
649 5065 981 5124 sensibilium
1012 5067 1338 5122 suavitatum
1374 5068 1669 5138 assumptio
1724 5067 2062 5122 saturitatem

477 5157 629 5227 lacit,
657 5168 713 5216 et
763 5160 931 5214 nutrit
955 5174 1079 5214 cum
1108 5159 1467 5216 delectatione
1501 5160 1666 5215 multa
1689 5159 2063 5217 olfacicntium

478 5251 848 5317 discretlvum,
899 5249 1166 5319 siquidem
1218 5250 1511 5306 innocuum
1557 5252 1667 5315 sit,
1707 5258 1762 5305 et
1824 5252 1889 5305 ad
1925 5252 2064 5305 bene

476 5352 601 5398 ntax
625 5341 680 5396 in
706 5339 1235 5395 commensuratioue
1277 5349 1640 5412 compactum.
1674 5340 2060 5410 Proportioua-

482 5432 617 5494 liter,
649 5429 695 5486 si
718 5431 843 5502 quis
866 5430 1061 5485 dixerit
1088 5438 1141 5485 et
1175 5430 1566 5487 intellectuales
1595 5440 1808 5487 nostras
1832 5432 2062 5487 virtutes

2159 1863 2461 1919 vinioribus
2498 1862 2713 1918 fontalis
2748 1863 3148 1919 suaveolentiae
3178 1864 3484 1930 retributio,
3516 1865 3750 1936 propin-

2160 1957 2317 2027 quior
2354 1956 2622 2027 quomodo
2677 1956 2854 2011 adhuc
2890 1965 2945 2011 et
2962 1956 3134 2028 magis
3176 1957 3406 2027 seipsam
3433 1957 3753 2014 manifestat

2159 2058 2214 2104 et
2243 2050 2539 2115 distribuit,
2588 2049 2641 2103 in
2678 2048 3074 2103 lucidissimmn
3117 2064 3304 2104 earum
3325 2058 3381 2106 et
3406 2051 3547 2106 bene
3567 2050 3747 2105 habile

2153 2140 2305 2211 juxta
2335 2140 2663 2195 intellectum
2696 2138 3003 2208 receptivae
3048 2139 3266 2194 virtutis
3314 2140 3532 2211 copiose
3557 2156 3747 2210 super-

2160 2245 2409 2294 manans,
2454 2236 2510 2283 et
2549 2228 2924 2298 multipliciter
2945 2228 3235 2285 occultata.
3270 2229 3355 2284 Ad
3382 2245 3509 2285 vero
3540 2230 3745 2285 intelle-

2160 2322 2418 2376 ctualiuin
2464 2319 2726 2389 subjecta,
2780 2330 2975 2376 etnon
3021 2322 3212 2378 eodem
3248 2322 3409 2378 modo
3448 2325 3742 2394 acccptiva,

2161 2426 2324 2480 super
2352 2411 2606 2465 virtutem
2650 2411 3076 2465 incontaminate
3102 2411 3382 2467 occultans
3408 2413 3676 2469 visionem
3695 2424 3747 2468 et

2160 2503 2651 2572 participationem,
2673 2502 3170 2573 proportionalibus
3189 2505 3640 2576 participantium
3658 2522 3722 2561 va

2157 2594 2381 2663 paribus
2439 2594 2494 2647 in
2563 2596 3097 2651 commensuratione
3137 2598 3160 2631 '
3213 2598 3394 2652 divina
3449 2598 3747 2654 distribuit.

2161 2683 2338 2754 Super
2376 2700 2475 2739 nos
2531 2685 2697 2756 igitur
2757 2694 3071 2741 sanctarum
3129 2688 3487 2744 essentiamm
3538 2697 3751 2744 tantum

2160 2775 2531 2846 superpositus
2593 2776 2882 2848 Seraphim
2917 2777 3052 2833 ordo
3082 2778 3136 2832 in
3165 2778 3371 2834 alarum
3414 2779 3755 2836 duodenario

2162 2867 2518 2938 significatur,
2545 2868 2692 2923 circa
2729 2867 2916 2924 Jesum
2943 2879 3095 2925 stans
3120 2880 3175 2925 et
3200 2870 3519 2938 collocatus,
3551 2872 3754 2930 beatis-

2160 2960 2313 3025 simis
2355 2961 2524 3031 ipsius
2561 2958 3148 3033 contemplationibus,
3205 2974 3465 3035 quantum
3518 2966 3756 3036 justum,

2163 3051 2531 3118 obumbrans,
2578 3060 2632 3107 ct
2689 3053 2978 3110 invisibilis
3031 3055 3428 3111 distributionis
3479 3071 3643 3112 sacre
3704 3058 3757 3113 in

2161 3146 2481 3201 castissimis
2557 3147 2997 3216 susceptionibus
3059 3147 3341 3218 repletus,
3406 3157 3465 3204 et
3521 3150 3757 3204 multum

2161 3235 2524 3302 laudabilem,
2589 3237 2920 3291 sensibiliter
2966 3237 3236 3303 dicendo,
3293 3253 3401 3292 non
3457 3237 3753 3293 silentibus

2159 3329 2344 3383 oribus
2388 3327 2689 3383 reclamans
2731 3328 3078 3400 theologiam.
3113 3328 3229 3399 Ipsa
3257 3330 3399 3385 enirn
3429 3340 3621 3384 sancta
3653 3345 3746 3384 su-

2158 3419 2591 3488 permundalium
2637 3418 2942 3472 animorum
2976 3419 3203 3474 scientia
3242 3418 3402 3473 simul
3430 3430 3617 3474 erecta
3644 3426 3748 3484 est,

2159 3521 2215 3567 et
2243 3511 2616 3567 incessabilem
2642 3511 2803 3565 habet
2826 3511 3066 3566 divinum
3089 3525 3353 3577 amorem,
3378 3510 3751 3581 malitiamque

2161 3603 2320 3660 simul
2344 3616 2560 3658 omnem
2589 3611 2813 3673 superat
2839 3610 2892 3656 et
2936 3602 3286 3657 oblivionem.
3312 3601 3465 3669 Inde,
3496 3612 3556 3656 ut
3584 3601 3749 3657 aestio

2160 3710 2268 3758 mo,
2295 3696 2397 3750 hoc
2419 3710 2523 3749 non
2546 3695 2724 3750 silenti
2747 3694 2983 3750 clamore
3006 3694 3537 3749 insinuataeternam
3561 3710 3747 3751 eorum

2160 3793 2215 3840 et
2268 3784 2763 3840 incommutabilem
2808 3786 2862 3838 in
2912 3785 3110 3839 virtute
3163 3785 3310 3838 omni
3343 3793 3397 3838 et
3446 3785 3749 3857 gratiarum

2162 3879 2375 3933 actione
2400 3877 2702 3932 divinorum
2731 3877 3012 3933 scientiam
3041 3887 3095 3931 et
3118 3878 3550 3951 intelligentiam.
3573 3878 3758 3933 Incor.

2160 3967 2377 4036 porales
2403 3982 2529 4039 ergo
2553 3967 2838 4038 Seraphim
2869 3969 3250 4038 proprietates,
3286 3970 3341 4022 in
3367 3968 3596 4039 eloquiis
3626 3984 3761 4025 seu-

2163 4058 2408 4114 sibilibus
2438 4059 2765 4130 imaginibus
2816 4068 2872 4115 et
2912 4060 3261 4114 iuvisibilium
3305 4058 3762 4115 manifestatoriis

2164 4159 2355 4206 sancte
2386 4151 2708 4222 descriptas,
2743 4152 2794 4205 in
2824 4152 3231 4207 exornameutis
3270 4151 3759 4222 supercaelestium

2163 4242 2581 4308 Icrarcliiarum,
2620 4253 2679 4298 ut
2706 4243 2959 4308 arbitror,
2991 4243 3127 4298 bene
3158 4243 3512 4313 contemplati
3537 4257 3758 4308 sumus,

2165 4342 2220 4388 et
2271 4336 2376 4389 tuis
2423 4334 2877 4389 iutelleetualibus
2911 4334 3086 4388 oculis
3127 4334 3489 4389 ostendimus.
3541 4332 3759 4388 Tamen

2166 4425 2422 4494 quoniam
2447 4424 2662 4493 quidem
2690 4433 2745 4479 et
2764 4440 2907 4479 nunc
2934 4440 3203 4479 summum
3233 4425 3570 4479 sacerdotem
3596 4438 3763 4478 sacre

2168 4517 2604 4582 circumstantes,
2632 4516 2799 4585 ipsam
2821 4515 2976 4570 nobis
3002 4514 3149 4569 illam
3181 4514 3482 4570 reformant
3500 4514 3765 4570 excelsis-

2169 4608 2364 4665 simam
2390 4609 2819 4680 dispositionem,
2857 4609 2909 4662 in
2947 4608 3099 4664 brevi
3129 4617 3185 4664 et
3210 4624 3355 4664 nunc
3394 4609 3764 4666 sanctissimis

2171 4703 2479 4773 aspectibus
2533 4701 3072 4757 deiformosissimam
3114 4717 3307 4758 eorum
3341 4703 3648 4760 claritatem
3680 4704 3763 4757 vi-

2173 4794 2416 4849 deamus.
2463 4792 2795 4849 Multiforme
2854 4794 3016 4863 igitur
3060 4794 3247 4848 eorum
3282 4802 3339 4850 et
3399 4795 3656 4864 multipes
3690 4793 3762 4856 “,

2173 4886 2633 4943 manifestativum
2659 4899 2760 4950 est,
2791 4897 2848 4939 ut
2869 4888 3119 4952 aestimo,
3144 4885 3465 4941 multividae
3484 4900 3675 4941 eorum
3707 4886 3766 4939 in

2172 4978 2539 5033 divinissimas
2576 4978 2994 5032 illumiuatioues
3036 4976 3412 5047 proprietatis,
3441 4985 3498 5031 et
3542 4989 3768 5043 semper

2174 5080 2352 5125 motus
2374 5081 2427 5124 et
2442 5070 2676 5124 multivii
2695 5068 2998 5123 divinorum
3026 5068 3289 5122 bonorum
3309 5064 3761 5138 intelligibilium~

2170 5163 2392 5218 Alarum
2422 5170 2702 5225 autem,ut
2723 5159 2936 5230 eloquia
2964 5160 3180 5226 amnis,
3204 5175 3503 5230 expansum
3523 5158 3767 5227 positio-

2169 5268 2313 5316 nem,
2331 5267 2433 5304 non
2457 5264 2738 5304 numerum
2762 5258 3004 5303 sanctum
3029 5249 3270 5303 indicare
3283 5249 3537 5311 arbitror,
3553 5262 3768 5302 secun-

2168 5342 2293 5395 dum
2319 5341 2459 5409 quod
2485 5340 2656 5393 visum
2673 5348 2757 5393 est
2779 5338 2920 5402 aliis,
2945 5337 3037 5391 sed
3071 5339 3195 5406 quia
3221 5338 3369 5394 circa
3400 5339 3560 5393 Deum
3583 5337 3772 5406 ipsius

2169 5432 2653 5488 excellentissimae
2669 5430 2936 5485 esSentiae
2950 5439 3003 5483 et
3014 5430 3219 5485 ordinis
3236 5431 3275 5461 "
3291 5430 3578 5501 anagogica
3589 5437 3651 5481 et
3666 5429 3773 5484 ab-

1766 5522 2019 5579 VAltlAE
2060 5522 2464 5579 LECTIONES.

554 5592 739 5663 ?quod
772 5607 881 5663 om.
932 5592 1019 5649 ΒΗ
1114 5597 1134 5626 ¹
1161 5594 1234 5647 A“
1266 5593 1648 5663 perfectionem.

490 5731 529 5761 ¹¹
558 5739 606 5783 et
634 5731 835 5784 ordinis
857 5748 962 5786 om.
994 5733 1145 5788 iilflll.

557 5829 584 5856 ⁸
613 5818 716 5871 ise.
748 5818 832 5873 Vl.

1727 5592 1747 5622 ³
1782 5593 1869 5665 [iii
1911 5598 2470 5665 conversationemque.

485 5665 507 5693 δ
542 5662 589 5715 Ε
614 5661 804 5715 deinde
837 5661 946 5715 dita
962 5675 1105 5718 sunt.
1137 5666 1158 5698 ⁸
1187 5661 1275 5718 Βιί
1305 5661 1737 5719 districtionibus.
1771 5665 1790 5695 "
1815 5663 1857 5717 Ε
1889 5674 2101 5719 natura.
2133 5669 2154 5701 ⁸
2187 5665 2229 5719 ll
2266 5661 2530 5729 describit.
2562 5670 2583 5704 ν

2000 5768 2245 5826 NOTAE.

2546 5592 2567 5624 ⁵
2596 5591 2848 5646 quosdam
2875 5600 2930 5645 ut
2964 5592 3065 5645 sint
3094 5621 3163 5631 —
3191 5589 3462 5645 absolvunt
3494 5603 3597 5642 om.
3644 5587 3769 5643 ΒῘΙ.

2656 5662 2697 5717 ll
2730 5664 3237 5717 commemoratione.
3273 5660 3316 5692 ιθ
3349 5661 3434 5714 lill
3458 5658 3769 5728 multiplex.
