3936 6160
255 265 395 324 10.13

834 268 1083 330 VERSIO
1121 271 1402 332 OPERUM
1445 278 1502 334 S.
1545 280 1860 339 DlONYSll.
1891 317 1958 326 —-
2005 281 2530 344 ECtLLESlASTlCA
2567 285 2956 348 IERARCHIA.

3368 301 3506 358 i091

248 383 423 440 soluta
456 385 851 457 perfectissime
883 397 1006 442 sunt
1033 398 1087 443 et
1110 392 1565 459 supermundana,
1589 395 1764 463 prima
1779 404 1830 450 ct
1859 404 1906 461 Α
1933 397 2116 454 Jesum
2167 416 2266 470 pro
2319 411 2501 457 nostra
2547 403 2726 459 divina
2775 405 3120 476 generatione
3173 409 3504 481 demersum,

255 475 433 532 media
461 486 516 532 et
535 487 778 534 extrema
813 479 1252 549 intellectualium
1295 483 1379 538 sui
1407 493 1460 539 et
1487 485 1829 543 deiformium

255 565 539 622 virtutum.
589 567 715 622 lnde
763 569 1101 638 eloquiorum
1126 573 1495 629 sacratissima
1543 579 1829 646 sapientia,

248 664 462 713 alarum
495 659 912 728 duplicationem
962 670 1149 716 sancte
1199 662 1532 728 describens,
1587 667 1728 722 circa
1759 667 1833 722 fa-

252 751 366 806 cies
384 761 440 806 et
486 751 657 804 media
687 761 741 805 et
767 753 932 821 pedes
955 766 1143 805 eorum
1187 752 1416 821 imponit
1447 754 1580 819 alas,
1610 757 1830 811 univer—

251 841 443 896 saliter
481 840 712 894 volahile
752 855 939 896 eorum
970 841 1268 907 insinuans,
1303 841 1665 914 largissimum
1696 846 1748 900 in
1779 845 1830 900 id

250 930 394 1000 quod
425 945 550 984 vere
573 940 656 983 est
678 931 1006 999 anagogicae
1030 932 1266 986 virtutis.
1293 930 1350 987 Si
1381 941 1561 987 autem
1589 933 1753 989 facies
1778 943 1832 990 et

248 1021 415 1091 pedes
465 1028 671 1090 tegunt,
703 1028 757 1073 et
802 1021 932 1075 solis
977 1022 1161 1075 volant
1206 1022 1401 1078 mediis
1432 1023 1552 1089 alis,
1593 1024 1830 1098 intellige

247 1124 426 1172 sacre,
455 1109 578 1178 quia
613 1116 817 1191 tantum
843 1109 1110 1164 exaltatus
1135 1109 1707 1166 cxcellentissimarum
1739 1130 1828 1169 es-

245 1204 547 1259 sentiamm
577 1203 710 1257 ordo
761 1204 981 1258 timidus
1021 1214 1104 1258 est
1161 1205 1307 1260 circa
1355 1205 1829 1277 intelligentiarum

244 1293 366 1363 ejus
379 1293 573 1348 altiora
599 1304 653 1348 et
678 1293 1052 1364 profundiora,
1069 1297 1328 1351 etmediis
1349 1295 1449 1350 alis
1473 1297 1524 1350 in
1551 1312 1829 1352 commen-

243 1386 524 1442 suratione
551 1383 616 1438 ad
649 1385 884 1438 divinam
915 1385 1176 1441 visionem
1205 1386 1496 1450 exaltatur,
1525 1386 1722 1440 divinis
1740 1384 1829 1456 ju-

243 1479 330 1550 gis
382 1492 691 1548 supponens
732 1477 1004 1547 propriam
1051 1478 1243 1544 vitam,
1275 1487 1331 1534 et
1379 1479 1448 1533 ab
1486 1479 1615 1548 ipsis
1643 1487 1831 1534 sancte

243 1570 486 1624 directus
515 1569 582 1624 ad
623 1569 822 1624 suimet
863 1569 1249 1638 cognitionem.
1283 1569 1435 1638 Quod
1488 1580 1668 1626 autem
1719 1571 1832 1627 elo-

243 1660 390 1728 quiis
427 1659 630 1714 dictum
659 1667 761 1724 est,
793 1659 976 1722 veluti,
1011 1660 1283 1715 clamabat
1314 1661 1450 1714 alter
1478 1661 1543 1714 ad
1571 1662 1827 1722 alterum,

1937 491 2035 546 hoc.
2074 492 2256 549 divino
2299 504 2354 549 et
2401 496 2774 564 potentissimo
2820 499 3101 563 descensu,
3163 501 3217 556 in
3273 516 3506 570 mortem

1934 598 2086 638 suam
2118 583 2273 654 juxta
2301 585 2570 641 occultum
2615 587 2886 658 eloquium
2925 592 3244 662 baptizatos,
3289 611 3355 651 ex
3385 612 3506 654 cor-

1935 673 2232 741 rumpentis
2311 676 2501 731 mortis
2575 679 2744 734 veteri
2774 749 2781 750 7
2817 681 3164 750 absorptione
3250 685 3508 746 divinitus

1933 774 2316 833 emergentem,
2344 775 2398 820 et
2424 749 2867 826 renovantem.ad
2888 749 3122 828 divinam
3153 784 3207 831 et
3231 785 3506 834 aeternam

1933 856 2357 911 subsistentiam.
2406 857 2513 913 Sed
2561 869 2616 915 et
2669 862 2785 930 ipso
2833 863 3145 932 perﬁciente
3205 869 3508 926 sacratissi-

1935 960 2077 998 mam
2125 944 2340 1000 divinae
2387 949 2748 1016 generationis
2787 951 3023 1016 teletam,
3071 955 3239 1010 divini
3284 958 3509 1026 spiritus

1933 1037 2384 1104 superadventum
2413 1041 2668 1110 unguenti
2725 1043 2890 1098 donat
2934 1048 3358 1104 consummativa
3402 1067 3505 1106 un-

1933 1126 2063 1190 ctio,
2100 1127 2581 1196 characterizante,
2609 1140 2666 1183 ut
2696 1133 2941 1200 aestimo,
2972 1149 3125 1191 sacra
3145 1139 3508 1208 symbolarum

1935 1215 2256 1286 imaginaria
2288 1218 2645 1288 descriptione
2676 1223 2743 1275 ab
2770 1221 2884 1290 ipso
2910 1234 3132 1295 propter
3172 1243 3271 1283 nos
3313 1230 3508 1286 huma-

1934 1305 2078 1362 nitus
2136 1307 2319 1362 divino
2368 1308 2562 1379 spiritu
2607 1312 2954 1378 sanctiﬁcati,
3013 1315 3332 1372 immutabili
3383 1322 3503 1374 sub.

1934 1397 2203 1453 stantialis
2261 1399 2559 1455 divinitatis
2607 1401 2836 1469 habitu,
2891 1405 3284 1463 divinissimum
3352 1411 3512 1480 spiri-

1935 1495 2045 1542 tum
2074 1487 2350 1542 donatum.
2381 1489 2447 1544 Et
2477 1490 2580 1546 hoc
2623 1489 2922 1549 ierarchiee
2969 1495 3227 1567 iutellige,
3274 1501 3400 1570 quia
3455 1511 3510 1556 et

1933 1577 2098 1632 divini
2127 1577 2314 1633 altaris
2339 1594 2549 1633 sacram
2588 1583 3110 1642 consummationem
3142 1589 3510 1646 sanctissima-

1933 1683 2053 1721 rum
2105 1668 2407 1723 hostiarum
2485 1667 2752 1740 lcgislatio
2823 1675 3182 1731 sacratissimi
3264 1680 3524 1749 unguenti

243 1751 389 1805 istud
440 1750 667 1804 aestimo
695 1749 998 1814 chlal‘al‘e.
1035 1750 1160 1820 (Ιυῖίι
1210 1750 1482 1832 ’,ἀϐἱνὶάῑε
1529 1751 1642 1806 Silis
1671 1749 1830 1805 ἱηιθι-
1863 1739 1905 1798 Β
1933 1757 2144 1828 perﬁcit
2182 1739 2932 1818 sanctissimisieﬁ‘usionibus.
2975 1765 3069 1821 Est
3097 1775 3278 1823 autem
3315 1739 3508 1838 super-

240 1845 482 1914 ligentiis
529 1843 630 1897 sibi
660 1843 889 1897 invicem
921 1843 1137 1912 e0piose
1168 1830 1406 1897 tradunt.
1441 1842 1504 1896 Et
1533 1842 1636 1897 hoc
1669 1857 1824 1897 sacra

239 1942 466 2010 dignum
488 1938 855 2007 jndicavimus
885 1936 1462 2006 memorianuomodo
1485 1935 1826 2004 eioquiorum

240 2031 490 2085 Hebraea
538 2044 666 2092 vox,
708 2028 864 2096 juxta
917 2027 1307 2098 intelligibilem
1354 2027 1823 2090 nominationem,

238 2129 404 2176 vocat
457 2119 829 2174 sanctissimas
873 2117 1160 2188 Seraphim
1205 2119 1484 2181 essentias,
1524 2133 1591 2174 ex
1647 2119 1760 2188 ipsa
1803 2120 1824 2150 '

238 2212 540 2266 secundum
596 2211 834 2264 divinam
891 2220 946 2263 et
991 2209 1380 2264 immutabilem
1431 2208 1598 2263 vitam
1637 2207 1827 2278 perﬂa-

237 2302 473 2372 grantia.
507 2300 624 2354 Dixi
658 2315 806 2370 ergo,
828 2308 886 2352 ut
915 2315 1053 2370 quae
1079 2297 1445 2354 Hebraeorum
1475 2307 1616 2360 sunt,
1663 2299 1826 2355 inter-

238 2401 519 2463 pretantes
572 2390 742 2452 aiunt,
783 2389 1104 2445 divinissimi
1159 2387 1444 2460 Seraphim
1470 2390 1722 2444 ardentes
1771 2397 1826 2444 et

234 2483 620 2540 calefacientes
637 2500 665 2536 a
687 2483 952 2554 theologia
984 2483 1244 2537 nominati
1261 2492 1407 2548 sunt,
1427 2479 1825 2538 mahifestativo

235 2577 612 2646 substantialis
645 2592 828 2631 eorum
873 2577 1090 2632 habitus
1134 2577 1369 2642 nomine,
1411 2577 1686 2646 divinique
1719 2593 1822 2632 Ill-

235 2669 425 2737 guenti
465 2669 620 2738 juxta
655 2667 1006 2740 symbolicam
1055 2667 1347 2739 imaginum
1402 2667 1823 2738 descriptionem

237 2761 473 2816 motivas
500 2761 762 2814 habentes
781 2759 1027 2820 virtutes.
1059 2759 1112 2814 in
1143 2758 1631 2816 manifestationem
1656 2761 1823 2830 ipsius

234 2861 292 2905 et
339 2859 460 2906 actu
487 2851 714 2906 aliorum
763 2865 1022 2920 vaporum
1051 2850 1484 2906 distributionem
1513 2862 1819 2908 evocantes.

233 2940 357 3011 Ipsa
401 2941 546 2996 enim
578 2956 741 3010 super
792 2940 1123 2995 intellectum
1169 2955 1336 2995 suave
1391 2941 1542 2996 olens
1582 2943 1822 2998 essentia

235 3034 308 3094 ab
337 3034 516 3105 ignitis
537 3043 592 3088 et
632 3034 1025 3105 purgatissimis
1051 3035 1321 3090 mentibus
1351 3035 1405 3089 in
1431 3035 1676 3091 notitiam
1702 3051 1820 3091 mo-

231 3123 354 3178 veri
385 3132 548 3187 amat,
581 3133 637 3177 et
679 3124 1044 3179 divinissimas
1081 3140 1207 3179 suas
1238 3125 1618 3195 inspirationes
1648 3127 1700 3181 in
1736 3127 1818 3182 di-

234 3214 463 3268 tissimis
482 3213 952 3270 distributionibus
983 3215 1147 3271 donat
1177 3217 1255 3272 sic
1278 3232 1336 3272 se
1381 3219 1820 3287 supermundane

232 3304 609 3359 evocantibus.
641 3304 756 3359 Non
788 3320 916 3376 ergo
941 3305 1309 3361 divinissimus
1339 3307 1820 3377 supercaelestium

230 3397 601 3453 essentiarum
646 3399 780 3454 ordo
838 3399 1104 3470 ignoravit
1161 3400 1557 3456 divinissimum
1616 3402 1820 3459 intelle-

231 3496 385 3544 ctum
414 3489 467 3542 in
506 3489 952 3544 sanctiﬁcandum
981 3490 1417 3544 descendentem.
1451 3488 1707 3560 lutelligit
1728 3507 1822 3544 au-

233 3588 348 3634 tem
401 3595 524 3636 eum
563 3595 717 3636 sacre
778 3581 830 3634 in
879 3581 982 3646 his,
1030 3596 1149 3650 qua:
1197 3581 1491 3634 secundum
1539 3596 1638 3635 nos
1673 3590 1818 3646 sunt,

230 3672 474 3742 seipsum
528 3671 551 3703 ³
607 3672 979 3743 subjicientcm
1039 3687 1137 3740 per
1198 3671 1433 3724 divinam
1511 3679 1567 3726 et
1630 3669 1819 3725 ineﬁ‘a-

230 3763 398 3818 bilem
449 3763 774 3827 bonitatem,
827 3772 882 3818 et
934 3779 963 3816 a
1009 3763 1169 3818 Patre
1227 3777 1347 3826 suo,
1402 3769 1457 3815 et
1520 3777 1551 3814 a
1614 3761 1818 3831 Spiritu

229 3855 550 3911 humanitus
636 3856 1054 3912 sanctiﬁcatum.
1139 3855 1423 3926 Aspiciens
1487 3870 1615 3910 vero
1690 3871 1816 3926 pro-

230 3948 416 4017 prium
467 3948 615 4003 novit
669 3949 1014 4018 principium.
1089 3948 1141 4002 in
1211 3947 1619 4018 quibuscunque
1684 3947 1820 4002 divi-

232 4037 384 4092 nitus
429 4037 563 4107 agit,
621 4037 915 4092 secundum
965 4038 1255 4092 essentiam
1307 4035 1560 4091 mutabile
1609 4036 1816 4092 haben-

233 4137 366 4182 tem.
427 4127 552 4181 lnde
610 4143 885 4182 sacrorum
961 4128 1329 4199 symbolorum
1383 4128 1624 4196 traditio,
1687 4145 1815 4184 san-

230 4219 470 4272 ctiticato
533 4217 714 4272 divino
787 4227 1062 4289 unguento
1126 4217 1404 4288 Seraphim
1473 4217 1815 4284 circumdat,

233 4307 733 4364 incommutabilem
762 4307 952 4362 videns
981 4316 1034 4363 et
1079 4307 1392 4363 describens
1440 4308 1716 4364 Christum
1761 4311 1816 4366 in

229 4413 316 4463 ea,
343 4415 464 4470 qua:
489 4401 784 4456 secundum
809 4416 906 4455 nos
921 4399 1413 4466 est,universaliad
1432 4401 1710 4455 veritatem
1737 4402 1819 4456 iu-

229 4491 639 4546 humanatione.
656 4491 721 4546 Et
737 4492 911 4546 adhuc
936 4491 1190 4553 divinius,
1212 4491 1335 4560 quia
1360 4501 1632 4562 unguento
1653 4493 1824 4549 utitur

217 4674 380 4744 juxta
423 4673 720 4742 eloquium,
775 4672 1202 4728 sanctiﬁcantem
1257 4672 1674 4737 sanctificatum,
1703 4682 1821 4730 tau-

223 4781 393 4836 quam
446 4780 658 4834 semper
707 4764 880 4832 ipsum
930 4765 1249 4818 cxisteutem
1300 4763 1478 4831 seipso
1523 4766 1817 4819 secundum

221 4871 450 4914 omnem
506 4857 742 4911 divinam
797 4856 1232 4912 beneﬁcentiam.
1286 4855 1513 4923 Propter
1563 4857 1706 4925 quod
1762 4867 1818 4913 et

218 4964 421 5006 sacrae
463 4949 678 5005 divinae
734 4951 1102 5021 generationis
1151 4950 1443 5019 perfectiva
1497 4950 1716 5026 donatio
1763 4960 1818 5006 et

219 5045 406 5118 gratia
432 5043 483 5098 in
506 5046 763 5115 unguenti
787 5045 1067 5116 perﬁcitur
1091 5045 1444 5103 divinissimis
1471 5062 1813 5104 consumma-

225 5132 488 5186 tionibus.
522 5131 667 5195 lnde,
701 5141 760 5187 ut
809 5133 1056 5199 aestimo,
1097 5144 1151 5189 et
1181 5136 1466 5204 purgativo
1495 5136 1813 5207 baptisterio

222 5235 564 5295 unguentum
628 5226 680 5278 in
740 5224 1162 5282 cruciformibus
1210 5229 1470 5300 symbolis
1525 5229 1815 5284 infundens

223 5327 476 5371 Summus
499 5320 770 5382 sacerdos,
809 5335 973 5389 super
999 5331 1350 5390 conspectum
1394 5321 1542 5376 ducit
1569 5331 1812 5376 contem-

223 5402 446 5475 plativis
459 5405 651 5461 oculis.
675 5423 847 5477 usque
872 5411 1032 5463 etiam
1058 5425 1208 5465 suam
1225 5421 1452 5465 mortem
1477 5425 1574 5479 per
1594 5424 1807 5464 crucem

1848 4452 1901 4512 D

229 4579 550 4636 ad‘omuis
592 4581 755 4636 divini
813 4580 1218 4650 perfectionem,
1277 4591 1463 4648 aperte
1508 4584 1854 4662 ostendens“

1929 1847 2178 1903 caelestis
2206 1857 2262 1902 et
2299 1852 2769 1920 superessentialis
2810 1853 3040 1920 theoria,
3069 1859 3247 1913 omnis
3285 1858 3506 1914 deiﬁca-

1931 1937 2091 1991 tionis
2155 1946 2370 1992 nostrae
2429 1947 2482 1993 et
2553 1941 2998 2000 sanctiﬁcationis
3060 1947 3382 2018 principium
3454 1955 3510 2004 et

1927 2027 2162 2081 essentia
2190 2035 2244 2082 et
2274 2027 2569 2097 perfectiva
2605 2031 2795 2086 virtus.
2839 2030 2897 2087 Si
2938 2035 3084 2088 enim
3127 2043 3212 2090 est
3238 2036 3511 2092 divinissi-

1928 2129 2072 2168 mum
2113 2125 2359 2171 nostrum
2390 2117 2561 2173 altare
2598 2116 2758 2175 Jesus
2787 2121 3102 2192 principalis
3137 2123 3318 2180 divina
3370 2125 3510 2180 divi-

1927 2221 2119 2260 norum
2171 2207 2474 2262 animorum
2512 2208 2732 2275 oblatio,
2787 2211 2840 2265 in
2881 2227 2988 2281 quo
3026 2213 3180 2284 juxta
3233 2214 3509 2287 eloquium

1926 2297 2088 2353 oblati
2111 2307 2164 2353 et
2181 2299 2406 2370 mystice
2422 2299 2868 2357 holocaustomati
2882 2319 3161 2360 accessum
3186 2307 3449 2363 habemus
3461 2307 3505 2373 ⁵,

1926 2391 2374 2461 supermundanis
2429 2393 2602 2448 oculis
2645 2394 2946 2451 videbimus
3013 2396 3187 2467 ipsum
3233 2397 3509 2455 divinissi-

1926 2496 2072 2536 mum
2103 2481 2292 2546 altare,
2330 2481 2383 2536 in
2409 2499 2518 2554 quo
2544 2483 2786 2553 perfecta
2831 2484 3185 2555 perﬁciuntur
3207 2495 3260 2543 et
3298 2489 3505 2545 sancti-

1926 2570 2178 2637 ﬁcantur,
2229 2573 2297 2627 ab
2338 2571 2456 2642 ipso
2503 2573 2838 2630 divinissimo
2884 2585 3159 2648 unguento
3184 2576 3503 2648 perfectum.

1927 2661 2240 2718 Sanctiﬁcat
2295 2665 2440 2718 enim
2488 2679 2588 2735 pro
2633 2664 2789 2721 nobis
2834 2666 3071 2736 seipsum
3131 2668 3506 2726 sanctissimus

1925 2752 2102 2819 Jesus,
2163 2763 2216 2810 et
2273 2757 2422 2811 omni
2476 2772 2576 2812 nos
2633 2757 3064 2815 sanctiﬁcatione
3119 2761 3290 2832 replet
3332 2761 3389 2816 in
3447 2777 3506 2819 se

1925 2844 2314 2914 perfectionum
2332 2846 2722 2916 dispensatorie
2747 2848 2800 2902 in
2827 2863 2927 2904 nos
2958 2857 3212 2920 tanquam
3235 2850 3508 2922 Deogeni-

1929 2944 2010 2992 tos
2031 2938 2096 2992 de
2132 2947 2314 2993 cetero
2336 2939 2566 3010 benigne
2588 2939 3045 2996 descendentium.
3075 2942 3223 3010 Inde,
3251 2945 3501 3010 aestimo,

1926 3027 2221 3082 secundum
2266 3027 2601 3085 intellectum
2680 3031 3040 3087 ie‘rarehicum
3091 3031 3202 3088 Deo
3249 3035 3504 3090 traditum

1928 3116 2091 3172 divini
2120 3127 2338 3174 nostrae
2371 3119 2672 3176 lerarcbiae
2709 3122 2876 3178 duces
2920 3123 3325 3194 pudicissimam
3361 3126 3506 3182 hanc

1927 3209 2217 3281 ierurgiam
2275 3212 2530 3283 unguenti
2583 3212 2802 3269 teletam
2851 3229 2918 3270 ex
2985 3213 3226 3285 perfecto
3285 3225 3508 3274 actuose

1925 3304 2226 3368 nominant,
2296 3311 2552 3372 tanquam
2599 3303 2644 3360 si
2691 3305 2814 3376 quis
2867 3305 3063 3361 dixerit
3113 3306 3207 3362 Dei
3261 3307 3502 3374 teletam,

1925 3401 2156 3462 utroque
2193 3392 2463 3448 intellectu
2506 3393 2744 3450 divinam
2789 3395 2958 3466 ipsius
2984 3395 3284 3467 perfectam
3314 3414 3508 3470 opera-

1926 3485 2126 3540 tionem
2164 3483 2467 3540 laudantes.
2505 3485 2602 3540 Est
2645 3486 2790 3542 enim
2835 3487 3004 3558 ipsius
3045 3489 3246 3556 hostia,
3283 3499 3339 3545 et
3374 3505 3505 3561 pro-

1925 3585 2045 3646 pter
2080 3593 2178 3632 nos
2216 3578 2528 3632 humanitus
2581 3578 2929 3644 sanctiticari,
2979 3587 3036 3636 et
3083 3578 3274 3635 deiﬁce
3323 3581 3504 3655 omnia

1925 3667 2208 3736 perﬁcere,
2261 3675 2315 3721 et
2365 3667 2707 3724 sanctiﬁcare
2767 3667 3028 3739 perfecta.
3080 3669 3327 3725 Divinum
3375 3685 3507 3726 vero

1923 3757 2034 3822 Deo
2107 3758 2516 3828 acceptabilium
2581 3759 2934 3830 inspiratione
2978 3760 3301 3828 melodema,
3357 3763 3509 3816 aiunt

1922 3851 2012 3920 qui
2043 3851 2065 3883 ⁸
2104 3849 2468 3906 Hebraeorum
2505 3861 2630 3907 sunt
2661 3853 2914 3917 scientes,
2943 3851 3061 3908 laus
3085 3852 3180 3907 Dei
3205 3853 3505 3919 declarare,

1921 3951 2015 3996 aut
2040 3941 2264 3997 laudare
2291 3941 2597 3996 Dominum.
2629 3941 2819 3997 Totius
2867 3943 3030 4014 igitur
3072 3955 3291 4000 sanctae
3347 3946 3503 4001 theo-

1921 4033 2158 4103 phaniae
2197 4040 2253 4087 et
2298 4032 2588 4088 creationis
2631 4032 2685 4086 in
2725 4031 2875 4086 varia
2907 4034 3295 4102 compositione
3334 4035 3505 4090 ierar-

1922 4123 2199 4178 chicorqu
2231 4121 2594 4194 symbolorum
2645 4137 2798 4176 sacre
2827 4123 3149 4193 descriptae,
3181 4138 3287 4178 non
3314 4124 3504 4180 incon-

1920 4215 2144 4270 veniens
2154 4222 2239 4269 est
2257 4213 2527 4270 recordari
2543 4213 2652 4269 Deo
2665 4223 2864 4269 motam
2881 4216 3260 4286 prophetarum
3277 4215 3505 4288 hymno-

1922 4308 2139 4379 logiam.
2173 4307 2336 4362 Docet
2369 4307 2514 4362 enim
2541 4316 2595 4361 et
2619 4316 2768 4363 caste
2795 4307 2953 4363 simul
2977 4318 3033 4364 et
3075 4308 3352 4374 divinitus,
3383 4307 3503 4363 lau-

1927 4397 2082 4454 dibus
2101 4397 2272 4452 sacris
2285 4397 2470 4468 dignas
2483 4411 2602 4452 esse
2620 4397 2827 4452 divinas
2845 4398 3106 4453 actiones.
3123 4397 3267 4454 Haec
3286 4399 3503 4470 quidem

1927 4489 2243 4546 divinissimi
2276 4489 2534 4557 unguenti
2574 4488 2811 4560 perfecta
2855 4489 3097 4558 operatio
3125 4499 3230 4546 est.
3269 4488 3506 4552 Tempus

1927 4590 2106 4635 autem
2159 4578 2405 4634 fortassis
2436 4577 2508 4634 sit
2532 4577 2585 4644 ⁷,
2624 4587 2743 4647 post
2791 4577 3000 4634 divinas
3040 4593 3226 4636 sacras
3262 4581 3503 4637 actiones

1929 4673 2073 4741 ipsas
2097 4685 2369 4741 exponere
2407 4669 2769 4725 sacerdotales
2808 4667 3176 4728 ordinationes
3202 4681 3259 4728 et
3296 4680 3504 4742 partes,

1927 4763 2261 4831 virtutesque
2281 4775 2467 4826 earum
2489 4768 2545 4815 et
2569 4759 2910 4830 operatioues
2921 4766 2976 4814 et
2990 4762 3502 4826 consummationes.

1928 4863 1983 4909 et
2022 4869 2184 4925 super
2213 4853 2311 4908 has
2339 4849 2658 4907 Trinitatem
2683 4850 3178 4921 superlirmantium
3227 4853 3501 4918 ordinum,

1928 4957 2218 5016 utcumque
2243 4945 2611 5000 demonstrata
2653 4944 2726 4998 sit
2746 4943 3038 4998 secundum
3074 4959 3176 5001 nos
3198 4943 3503 5001 lerarchiae

1925 5036 2227 5107 dispositio,
2245 5035 2606 5090 inordinatum
2628 5034 2844 5105 quidem
2869 5046 2924 5090 et
2943 5035 3250 5092 inornatum
3275 5045 3332 5092 et
3349 5051 3498 5092 com-

1921 5129 2148 5184 mixtum
2173 5125 2318 5181 clare
2348 5124 2704 5195 distinguens,
2737 5125 2950 5196 replens
3000 5142 3129 5182 vero
3171 5137 3419 5182 ornatum
3447 5135 3502 5179 et

1919 5219 2226 5272 ordinatum
2254 5224 2308 5271 et
2337 5217 2475 5270 bene
2503 5215 2790 5280 firmatum,
2820 5215 2872 5270 in
2900 5216 3030 5285 ipsis
3059 5229 3156 5284 per
3174 5229 3234 5271 se
3267 5213 3498 5282 seipsam

1922 5310 2274 5366 manifestans
2295 5319 2604 5365 sanctorum
2632 5311 2882 5366 ordinum
2933 5307 3210 5378 analogiis.
3235 5306 3304 5361 Et
3321 5308 3500 5362 omnis

1921 5405 2136 5474 quidem
2164 5401 2468 5457 lerarchiae
2484 5411 2632 5456 terna
2641 5402 2776 5457 riam
2791 5397 3171 5464 divisionemin
3188 5397 3321 5468 ipsis
3328 5398 3440 5468 jam
3463 5413 3495 5452 a

1477 5501 1728 5557 VARIAE
1765 5495 2164 5555 LECTIONES.

298 5610 316 5680 ξ
356 5607 632 5680 Aliquod.

741 5615 759 5643 ²
790 5597 854 5669 (Ix
876 5615 987 5684 ipsa
1027 5630 1136 5669 om.
1163 5615 1221 5669 Ε.

223 5677 338 5733 BH.
418 5677 550 5736 “BH
589 5699 722 5751 quae

838 5687 854 5718 "
887 5686 952 5739 sit
984 5701 1090 5740 om.
1118 5685 1226 5740 BH.
1261 5758 1267 5764 _

1328 5616 1348 5647 ³
1369 5615 1588 5686 scipstmt
1635 5632 1742 5670 om.
1773 5612 1883 5668 BH.

1982 5613 2003 5645 ⁸
2033 5613 2101 5667 Et
2141 5614 2312 5670 adhuc
2341 5645 2410 5656 —
2438 5618 2604 5670 utitur
2624 5615 2693 5670 ad
2719 5629 2824 5670 om.
2852 5612 2964 5670 BH.
3065 5613 3088 5646 '
3110 5611 3360 5670 habemus
3382 5628 3488 5680 om,
