3952 6162
492 321 635 376 1095

1876 319 2157 380 .iOANNlS
2193 321 2387 379 SCOTI

3623 317 3761 378 ισθθ

496 433 652 491 nobis
679 432 911 488 laudatis
962 434 1266 499 lerarchits,
1309 441 1364 487 ut
1390 433 1636 498 aestimo,
1661 431 1798 488 bene
1827 435 2076 503 exposui-
2103 439 2154 499 Α
2181 436 2380 490 virtute
2409 475 2425 501 ,
2469 443 2524 489 et
2571 432 2751 489 divina
2805 433 3051 504 analogia
3105 433 3370 504 praevisa,
3419 443 3474 489 et
3521 436 3759 491 omnium

504 540 644 590 mus,
667 523 930 588 dicentes,
957 524 1209 592 quoniam
1242 524 1537 580 secundum
1557 539 1656 579 nos
1684 538 1834 579 sacra
1860 525 2076 580 traditio

503 614 686 678 habet,
717 628 933 668 omnem
961 613 1314 669 icrarchicam
1343 613 1610 668 actionem
1629 613 1681 668 in
1705 614 2074 669 sanctissimas

499 705 688 760 teletas
723 705 909 770 dividi,
940 714 996 758 et
1020 704 1229 759 divinas
1272 720 1456 760 earum
1502 706 1758 762 scientias
1799 716 1853 762 et
1879 707 2077 762 doctri-

495 808 616 858 nas,
644 802 699 849 et
755 795 822 848 ab
851 794 982 864 ipsis
1016 789 1176 849 sacre
1199 794 1486 864 perfectos.
1542 794 1656 850 Non
1684 810 1812 864 ergo
1842 796 2073 851 sanctis-

493 885 630 937 siina
659 883 873 952 quidem
916 885 1393 952 supercaelestium
1425 889 1782 941 essentiarum
1806 887 2076 944 lerarchia

495 973 709 1028 teletam
741 975 957 1044 quidem
991 975 1153 1029 habet
1188 977 1482 1031 secundum
1514 978 1768 1032 virtutem
1799 980 2074 1050 propriam

493 1067 588 1120 Dei
619 1075 674 1120 ct
703 1067 1008 1121 divinorum
1040 1067 1609 1124 immaterialissitnam
1637 1070 2071 1141 intelligentiam,

492 1166 550 1212 et
602 1158 986 1213 deiformitatis
1019 1158 1405 1230 integritatem,
1433 1169 1490 1215 et
1516 1163 1613 1215 ut’
1646 1161 1925 1230 possibile,
1968 1163 2075 1216 Deo

491 1248 720 1305 similem
747 1251 992 1306 habitum
1020 1269 1033 1304 :
1066 1251 1118 1305 in
1167 1251 1451 1321 lucemque
1494 1253 1718 1318 ducens,
1758 1262 1814 1309 et
1843 1254 1909 1308 ad
1952 1268 2070 1308 saw

440 1337 444 1343 ’
491 1350 633 1397 ctam
679 1342 850 1412 ipsam
900 1345 1421 1400 consummationem
1466 1346 1881 1402 ducens'circa
1908 1348 2074 1402 Deum

490 1435 796 1506 primitivas
841 1438 1108 1493 essentias
1153 1452 1448 1507 sacrosque
1491 1439 1709 1494 ordines
1741 1438 2076 1494 deiformiter

490 1535 546 1580 et
573 1527 1054 1597 proportionaliter
1089 1529 1391 1583 transvehit
1439 1529 1507 1583 ad
1548 1529 1774 1584 donatas
1811 1529 1891 1584 eis
1932 1544 2075 1584 sem-

481 1631 578 1686 per
611 1615 834 1672 deiﬁcas
863 1618 1116 1673 scientias
1159 1619 1228 1673 ab
1256 1619 1373 1688 ipsa
1419 1633 1515 1688 per
1561 1620 1804 1689 seipsam
1835 1619 2073 1689 perfecta

491 1715 549 1760 et
617 1705 952 1776 sapientiﬁca
1029 1707 1337 1762 divinorum
1380 1708 1710 1768 .animorum
1769 1707 2070 1762 divinitate.

2180 528 2322 582 hono
2347 537 2562 591 ornatu,
2623 536 2676 581 et
2727 528 3024 582 secundum
3077 527 3323 582 ordinem
3371 539 3655 598 compacta
3708 541 3760 584 et

2179 614 2521 683 conjunctiva
2539 616 2817 670 societate.
2843 614 3198 671 Sanctissima
3212 631 3342 684 ergo
3361 617 3664 671 hostiarum
3687 633 3762 672 sa.

2179 706 2478 760 criﬁcatio‘
2495 708 2722 777 primam
2747 707 2961 777 quidem
2986 708 3145 763 habet
3171 709 3488 764 deiforment
3514 711 3757 766 virtutem

2180 809 2423 854 sanctam
2485 799 2924 870 imperfectorum
2997 796 3375 872 purgationem
3444 821 3458 856 :
3535 803 3756 856 mediam

2181 901 2359 947 autem
2385 902 2734 962 purgaturum
2779 893 3218 949 illuminatricem
3267 896 3575 949 doctrinam
3610 912 3624 947 :
3666 910 3754 947 no-

2178 983 2455 1037 vissimam
2520 998 2649 1038 vero
2701 993 2756 1038 et
2798 985 3040 1054 priorum
3104 987 3591 1040 consummativam
3639 1001 3753 1041 eru-

2179 1077 2412 1131 ditorum
2500 1075 2554 1129 in
2644 1076 2873 1132 scientia
2963 1078 3315 1148 pulchrarum
3397 1078 3753 1132 doctrinarum

2179 1167 2724 1224 consummationem.
2803 1169 2922 1235 Ipsa
2982 1179 3161 1225 autem
3226 1169 3648 1226 sacrificantium
3679 1170 3753 1223 di-

2179 1262 2442 1332 spositio,
2503 1265 2556 1318 in
2617 1264 2826 1334 potenti
2896 1264 3096 1318 virtute
3155 1265 3366 1334 prima,
3424 1278 3526 1333 per
3576 1263 3754 1317 teletas

2177 1368 2370 1428 purgat
2399 1356 2786 1427 imperfectos:
2837 1355 2888 1409 in
2939 1355 3116 1409 media
3163 1362 3346 1409 autem
3390 1353 3570 1408 lucem
3617 1353 3757 1406 ducit

2177 1460 2434 1521 purgatos
2461 1470 2489 1505 :.
2529 1451 2580 1505 in
2630 1450 2818 1504 ultima
2857 1465 2988 1504 vero
3025 1457 3081 1503 et
3123 1447 3509 1503 suhlimissima
3561 1446 3759 1502 sacriﬁ-

2179 1546 2417 1600 cantium
2445 1544 2702 1597 virtutum
2736 1541 2948 1612 perﬁcit
2989 1540 3172 1594 divino
3221 1539 3420 1594 lumine
3462 1538 3760 1593 communi-

2179 1647 2366 1691 cantes
2395 1637 2446 1690 in
2471 1633 2968 1704 contemptabilium
3003 1631 3455 1686 illuminationum
3489 1629 3759 1684 scibilibus

2179 1723 2749 1793 contemplationibus.
2843 1720 3220 1776 Perfectorum
3314 1727 3490 1773 autem
3587 1718 3757 1770 virtus

489 1797 645 1868 Ipsae
673 1808 852 1855 autem
881 1799 1181 1870 primarum
1213 1801 1569 1855 essentiarum
1592 1798 1865 1868 subjectae
1894 1798 2074 1868 dispo-
2103 1819 2152 1880 Β
2179 1816 2354 1886 prima
2399 1815 2617 1884 quidem
2651 1821 2734 1868 εει
2776 1827 3012 1882 purgans
3037 1831 3050 1864 ε
3102 1810 3278 1865 media
3304 1825 3433 1865 γει-ο
3480 1819 3602 1879 post
3631 1826 3756 1880 ρυιι-

492 1890 738 1956 sitiones,
770 1899 1024 1960 tanquam
1073 1905 1169 1963 per
1216 1891 1334 1946 illas
1376 1891 1632 1946 divinitus
1687 1889 1958 1946 exaltatae
2005 1889 2072 1943 ad

493 1981 740 2037 deiﬁcam
790 1983 1092 2037 divinitatis
1143 1983 1622 2046 illuminationern,
1671 1981 1898 2052 perfecti
1929 1980 2075 2036 ordi-

484 2090 591 2131 -nes
615 2085 670 2130 et
718 2085 844 2131 sunt
886 2085 941 2130 et
979 2091 1107 2130 vere
1156 2076 1522 2130 nominantur.
1566 2075 1696 2130 Post
1745 2075 1889 2129 illam
1942 2089 2074 2129 vero

478 2167 780 2222 caelestem
827 2176 882 2222 et
938 2168 1432 2237 supermundanam
1483 2166 1808 2221 lerarchiam
1871 2166 1924 2220 in
1982 2180 2070 2231 ea,

481 2275 630 2330 quae
670 2262 968 2317 secundum
1011 2277 1108 2317 nos
1139 2269 1284 2327 sunt,
1328 2261 1567 2318 beneﬁce
1603 2261 1776 2317 deitas
1819 2262 2076 2317 sacratis.

485 2353 658 2407 simas
687 2368 812 2408 suas
861 2354 1184 2409 donationes
1235 2352 1410 2408 aﬁ'ert.
1466 2352 1684 2408 Milibus
1724 2353 1938 2422 quidem
1982 2353 2074 2421 qui

490 2453 617 2498 sunt
674 2445 970 2499 secundum
1041 2444 1337 2512 eloquium,
1397 2443 1618 2498 donavit
1688 2442 1842 2511 juxta
1899 2441 2072 2520 legem

488 2532 819 2589 lerarchiam
845 2535 1093 2590 obscuris
1117 2549 1373 2590 verorum
1408 2535 1814 2590 characteribus
1854 2541 1908 2589 et
1954 2533 2074 2587 lon-

491 2625 730 2694 gissimis
772 2626 1152 2695 principalium
1199 2625 1564 2696 exemplorum
1619 2625 2074 2696 inconsequentiis

492 2722 548 2768 et
578 2715 786 2787 ﬁguris,
835 2731 944 2772 non
982 2717 1119 2772 bene
1149 2717 1440 2772 discretam
1487 2717 1840 2782 habentibus,
1893 2715 2074 2772 occul-

491 2813 599 2858 tam
636 2805 718 2860 eis
764 2805 1272 2875 contemplationem
1323 2805 1378 2860 in
1435 2806 1566 2877 ipsis
1617 2805 1793 2860 lucem
1843 2806 2074 2860 inﬁrmis

486 2896 794 2966 aspectibus
833 2896 1067 2953 innocue
1114 2897 1419 2953 declarans.
1470 2897 1606 2952 lluic
1651 2906 1832 2952 autem
1883 2911 2074 2951 secun-

495 2987 622 3041 dum
653 2986 824 3060 legem
857 2987 1159 3044 lerarchiae
1188 2989 1346 3044 teleta
1377 2989 1591 3058 quidem
1629 2989 1696 3043 ad
1733 2987 2071 3058 spiritualem

493 3077 586 3133 Dei
612 3078 817 3133 cultum
847 3093 1088 3159 anaggge
1118 3096 1131 3134 :
1179 3080 1597 3134 manuductores
1649 3087 1830 3134 autem
1857 3079 1922 3134 ad
1951 3093 2072 3133 eam

485 3172 590 3241 ipsi
653 3181 900 3228 sanctum
959 3172 1089 3227 illud
1139 3171 1547 3228 tabernaculum
1597 3186 1628 3226 a
1685 3171 1866 3242 Moyse
1917 3176 2144 3237 sacreC
2234 3179 2242 3186 ‘

489 3264 706 3327 eruditi,
736 3267 913 3334 primo
955 3268 1251 3322 secundum
1293 3266 1466 3336 legem
1505 3263 1818 3334 pontiﬁcum
1853 3267 2074 3320 doctore

479 3364 546 3412 et
593 3359 750 3412 duce.
792 3357 873 3412 Ad
925 3359 1066 3427 quod
1111 3367 1356 3412 sanctum
1386 3354 1792 3412 tabernaculum
1835 3355 2076 3409 introdu-

486 3449 630 3504 ctive
693 3449 1101 3504 sacroscrihens
1151 3450 1445 3504 secundum
1493 3448 1665 3519 legem
1722 3447 2072 3514 lerarchiam,

487 3541 807 3597 charactere
837 3540 1044 3596 formae
1086 3553 1306 3597 ostenso
1330 3541 1380 3597 ei
1403 3556 1566 3610 super
1593 3539 1723 3595 Sina
1751 3549 1984 3594 montem
2007 3552 2032 3581 ει
2054 3580 2070 3606 ,

489 3639 649 3685 vocat
715 3632 899 3686 omnia
951 3632 1246 3687 secundum
1314 3632 1487 3703 legem
1553 3630 1876 3686 sacriﬁcata.
1932 3632 2073 3686 Ante

485 3736 620 3778 vero
670 3721 910 3792 perfecta
950 3739 980 3777 a
1031 3723 1292 3794 legalibus
1343 3722 1604 3794 symbolis
1652 3723 2074 3794 proportionali-

495 3827 580 3870 ter
625 3818 692 3870 ad
745 3815 1124 3887 perfectiorem
1184 3817 1484 3874 doctrinam
1557 3819 1887 3874 reducimus.
1941 3817 2068 3872 Per-

486 3905 773 3961 fectiorem
805 3917 984 3962 autem
1015 3908 1318 3964 doctrinam
1349 3909 1617 3979 theologia
1646 3910 1942 3964 secundum
1972 3923 2072 3963 nos

489 3996 819 4053 lerarchiam
861 3999 994 4054 dicit
1053 4000 1442 4071 plenitudinem
1489 4001 1629 4056 hanc
1681 4001 1826 4057 illius
1870 4016 2071 4057 vocans

481 4098 542 4146 et
567 4104 783 4145 sacrum
816 4089 1002 4145 ﬁnem.
1051 4091 1147 4146 Est
1188 4102 1368 4147 autem
1403 4101 1458 4147 et
1501 4091 1750 4147 caelestis
1795 4102 1850 4147 et
1883 4091 2072 4163 legalis

493 4182 981 4236 communicativae
1027 4183 1305 4238 medietati
1351 4193 1716 4239 extremarum
1743 4192 1982 4252 recepta,
2019 4183 2070 4237 ei

486 4275 702 4343 quidem
745 4275 1152 4330 communicans
1179 4275 1628 4332 intellectualibus
1665 4275 2074 4344 contemplatio-

483 4366 697 4421 nihus:
760 4367 886 4421 huic
935 4381 1066 4422 vero
1117 4367 1178 4432 ⁸,
1235 4367 1363 4436 quia
1420 4366 1678 4438 symbolis
1728 4365 2072 4420 sensibilihus

485 4459 751 4525 variatur,
797 4467 852 4514 et
880 4473 976 4529 per
1023 4474 1087 4514 ea
1118 4473 1271 4515 sacre
1309 4460 1364 4514 in
1393 4459 1563 4514 Deum
1607 4459 1900 4513 reducitur.
1945 4458 2069 4512 Tri-

2176 1904 2791 1977 gationemilluminans,
2826 1911 2879 1957 et
2898 1901 3235 1972 quorundam
3267 1909 3577 1956 sanctorum
3628 1915 3756 1954 con-

2139 1993 2143 2014 ³
2177 1997 2524 2067 templativa:
2574 1997 2763 2051 ultima
2804 2004 2984 2050 autem
3013 2002 3068 2048 et
3091 1993 3324 2049 divinior
3364 1993 3610 2054 aliarum,
3643 1991 3752 2060 ipsa

2175 2097 2489 2146 sanctorum
2533 2091 2948 2159 photismatum,
2993 2103 3223 2158 quorum
3252 2085 3499 2150 efficitur,
3522 2095 3755 2141 contem-

2175 2180 2371 2250 platrix
2409 2221 2424 2244 ,
2508 2179 2823 2234 illuminans
2905 2177 3387 2234 consummativam
3457 2175 3749 2232 scientiam.

2179 2271 2414 2326 Sanctae
2481 2285 2610 2341 ergo
2680 2270 2962 2324 teletarum
3030 2269 3300 2339 lerurgiae
3376 2267 3519 2321 trina
3588 2267 3748 2322 virtus

2179 2358 2447 2422 laudatur,
2494 2374 2684 2413 sacrae
2733 2359 2948 2428 quidem
3001 2355 3382 2427 theogenesiae
3421 2371 3485 2410 ex
3534 2355 3748 2424 eloquiis

2177 2450 2559 2520 comprobatae
2606 2448 2924 2519 purgatione
2946 2455 2999 2500 et
3019 2445 3307 2514 photistica
3336 2444 3745 2499 illuminatione:

2177 2555 2444 2612 synaxeos
2495 2548 2677 2593 autem
2727 2549 2783 2592 et
2833 2537 2971 2608 myri
3039 2536 3233 2590 teletae
3297 2535 3750 2590 consummativae

2178 2631 2484 2686 divinorum
2515 2639 2732 2684 actuum
2763 2629 3068 2700 cognitione
3096 2636 3150 2682 et
3185 2627 3436 2691 scientia;
3468 2641 3567 2696 per
3600 2643 3753 2698 quam

2177 2725 2520 2780 sacerdotum
2545 2723 2646 2776 “ad
2663 2722 2998 2777 divinitatem
3019 2730 3276 2789 tanquam
3298 2719 3495 2774 uniﬁca
3519 2733 3755 2788 anagoge

2176 2824 2230 2871 et
2257 2814 2572 2870 beatissima
2603 2813 3027 2869 communicatio
3069 2810 3364 2880 perﬁcitur.
3396 2808 3553 2863 Nunc
3580 2817 3755 2862 autem

2177 2907 2570 2964 sacerdotalem
2621 2905 3027 2975 dispositionem
3084 2913 3478 2970 consequenter
3501 2914 3759 2955 enat-rane

2176 2998 2324 3064 dum,
2357 2997 2409 3050 in
2445 2997 2787 3067 purgativam
2811 3005 2864 3049 et
2905 2994 3314 3049 illuminativam
3339 3001 3395 3048 et
3420 3005 3759 3048 consumma-

2178 3091 2341 3144 tivam
2371 3079 2773 3146 ordinationem
2805 3089 3032 3143 divisam

2730 3180 3130 3237 CAPITULUM
3169 3179 3230 3234 V.

2418 3275 2496 3329 De
2521 3272 2930 3329 sacerdotalibus
2960 3268 3498 3325 consummationibus

2248 3364 2358 3420 Lex
2384 3365 2603 3434 quidem
2635 3365 2771 3419 haec
2798 3370 2880 3417 est
2908 3361 3219 3415 thearchiae
3246 3357 3636 3420 sacratissima,
3664 3369 3756 3427 per

2174 3458 2348 3527 prima
2393 3456 2630 3512 secunda
2677 3454 2742 3508 ad
2773 3453 3165 3507 divinissimam
3197 3464 3351 3504 suam
3394 3448 3654 3502 reducere
3680 3447 3756 3500 lu-

2175 3561 2313 3602 cem.
2346 3547 2425 3601 An
2454 3561 2560 3601 non
2589 3543 2872 3600 sensibiles
2903 3542 3290 3597 elementorum
3318 3539 3588 3594 essentias
3616 3536 3753 3591 vide-

2175 3655 2296 3694 mus
2329 3639 2384 3693 in
2427 3638 2599 3709 magis
2643 3636 2723 3692 eis
2756 3635 3066 3708 cognatiora
3115 3634 3346 3702 primum
3375 3631 3674 3692 venientes,
3701 3637 3752 3682 et

2173 3745 2272 3800 per
2319 3728 2408 3782 illa
2453 3729 2507 3782 in
2545 3727 2648 3782 alia
2693 3727 2962 3798 prOpriam
3009 3725 3308 3779 dividentes
3351 3721 3752 3793 operationem!

2176 3819 2403 3874 Pulchre
2453 3833 2581 3887 ergo
2629 3817 2808 3872 omnis
2854 3813 3135 3870 invisibilis
3179 3820 3236 3867 et
3277 3812 3509 3866 visibilis
3537 3819 3755 3865 ornatus

2173 3913 2496 3985 principium
2545 3919 2601 3966 et
2643 3908 3053 3963 fundamentum
3108 3906 3163 3960 in
3213 3902 3589 3960 deiformiores
3649 3901 3758 3970 pri-

2175 4020 2292 4059 mos
2331 4003 2468 4057 indit
2507 4001 2726 4055 deiﬁcos
2762 3999 2940 4054 radios
2975 3997 3159 4052 venire
3185 4036 3200 4061 ,
3250 4005 3303 4050 et
3349 4010 3445 4064 per
3490 3993 3606 4047 illos
3639 4001 3755 4044 tan-

2172 4113 2333 4169 quam
2365 4095 2653 4150 lucidiores
2684 4094 2912 4156 animos,
2931 4100 2982 4147 et
3011 4091 3076 4144 ad
3105 4087 3569 4160 participationem
3597 4084 3754 4138 lumi-

2173 4191 2258 4245 nis
2286 4198 2340 4244 et
2375 4187 2719 4242 traditionem
2762 4192 3121 4255 opportunum
3168 4180 3451 4243 habentes,
3484 4178 3536 4231 in
3578 4175 3762 4244 subje-

2175 4291 2290 4336 ctos
2343 4277 2818 4350 proportionalitcr
2879 4277 2958 4332 eis
3009 4264 3190 4329 illucet
3243 4281 3299 4328 et
3351 4277 3760 4341 superapparet.

2175 4373 2378 4427 llorum
2419 4372 2581 4441 igitur
2610 4377 2694 4424 est
2721 4369 3040 4438 primorum,
3073 4364 3343 4418 deividum
3385 4361 3638 4418 secundis
3667 4375 3762 4414 co—

2174 4465 2322 4534 piose
2361 4463 2414 4517 in
2451 4461 3007 4523 commensnratione,
3047 4473 3184 4526 quae
3221 4457 3376 4526 juxta
3420 4470 3512 4509 eos
3534 4462 3636 4516 est,
3670 4467 3760 4505 os-

489 4563 618 4602 num
645 4557 825 4602 autem
857 4548 1108 4603 similiter
1138 4549 1300 4602 habet
1325 4548 1660 4603 ierarchicae
1699 4547 1981 4603 divisionis
2015 4547 2068 4601 in
2100 4525 2150 4585 Ῑ)
2176 4525 2396 4610 ίρηάριιε
2417 4555 2484 4609 ab
2509 4555 2638 4624 ipsis
2660 4567 2812 4608 sacre
2835 4549 3195 4618 contemplata
3220 4548 3399 4602 divina
3423 4543 3758 4617 spectacula:

485 4639 864 4695 sanctissimas
925 4640 1215 4696 teletarum
1273 4635 1695 4696 sacriﬁcatiOncs
1759 4640 1951 4705 divisa,
2016 4650 2071 4695 et

485 4731 779 4788 deil’ormes
831 4747 1112 4788 sacrorum
1144 4735 1442 4799 ministros,
1472 4742 1528 4789 et
1556 4734 1622 4789 ab
1669 4734 1799 4805 ipsis
1846 4747 2071 4803 propor-

489 4821 758 4878 tionaliter
804 4823 859 4877 in
913 4839 1068 4880 sacra
1122 4825 1484 4880 adducendos.
1531 4823 1898 4894 Unaquaeque
1945 4837 2072 4877 vero

492 4912 654 4968 trium
701 4924 916 4972 nostrae
968 4917 1271 4972 lerarchiae
1309 4917 1630 4972 divisionum
1679 4924 2074 4986 consequenter

493 5011 550 5059 et
575 5004 730 5078 legali
781 5016 836 5062 et
876 5008 1367 5075 diviniorieorum,
1423 5023 1560 5078 quae
1601 5009 1897 5064 secundum
1948 5023 2068 5072 nos,

483 5095 799 5156 lerarchiae
855 5103 1027 5172 prima
1087 5113 1140 5157 et
1196 5105 1370 5158 media
1431 5113 1484 5158 et
1550 5103 1733 5159 nltitna
1789 5105 2070 5158 ordinatur

2176 4654 2231 4700 et
2258 4647 2474 4711 docere,
2507 4659 2646 4714 quae
2696 4641 2998 4698 ierarchica
3034 4647 3181 4703 sunt,
3220 4652 3345 4691 cum
3377 4635 3599 4690 scientia
3630 4648 3760 4688 con-

2178 4735 2503 4790 summativa
2561 4735 2675 4803 ipsa
2739 4733 2919 4787 divina
2980 4745 3109 4794 eos,
3176 4728 3268 4797 qui
3317 4733 3443 4797 post
3505 4740 3562 4779 se
3635 4731 3763 4777 sunt

2177 4825 2477 4880 lerarchiae
2503 4823 2659 4877 simul
2693 4822 2876 4876 omnia
2903 4820 2945 4886 ⁸,
2985 4819 3120 4874 bene
3143 4818 3474 4880 docentium,
3504 4822 3556 4868 et
3585 4813 3761 4881 perfe-

2179 4928 2320 4972 ctam
2370 4915 2593 4972 docendi
2662 4915 2915 4968 virtutem
2976 4909 3353 4978 accipientium
3383 4948 3396 4970 ,
3445 4915 3497 4960 et
3546 4904 3764 4958 tradere

2181 5009 2476 5065 secundum
2506 5007 2822 5076 dignitatem
2853 5017 3006 5059 sacra
3041 5001 3249 5057 erudite
3287 5008 3342 5053 et
3367 4998 3567 5066 integre
3593 4995 3768 5063 parti-

2178 5101 2470 5170 cipantium
2494 5097 2813 5153 sacerdotali
2838 5092 3301 5150 consummatione
3317 5092 3366 5144 δ.
3393 5090 3526 5158 Ergo
3544 5087 3766 5142 divinus

1773 5221 2026 5277 VARIAE
2067 5217 2464 5274 LECTIONES.

561 5328 575 5356 ¹
611 5345 665 5389 ut
687 5349 796 5390 om.
817 5299 928 5389 Bl-l.
1006 5336 1025 5365 ²
1052 5335 1341 5408 ᾼΕίώισρε.
1421 5338 1441 5368 ³
1473 5337 1556 5391 llll
1582 5356 1722 5408 ergo.
1803 5339 1821 5368 ⁸
1848 5338 1937 5392 Sic
1959 5337 2037 5400 A;
2075 5337 2204 5391 BEll
2232 5337 2512 5403 sacri/icio.
2549 5337 2568 5366 ⁵
2590 5335 2677 5388 ΛΕ
2711 5300 3090 5388 sacerdotium.
3170 5335 3191 5362 ⁸
3220 5333 3306 5386 Bll
3333 5334 3444 5402 ipsa
3473 5331 3652 5383 omnia
3680 5329 3766 5382 die

488 5405 611 5460 vina
646 5421 695 5458 c.
721 5425 784 5477 q.
813 5421 865 5474 p.
898 5420 942 5458 s.
974 5421 1017 5459 s.
1065 5405 1278 5459 Laium!
1299 5410 1420 5461 bene
1442 5418 1548 5463 cet.
1623 5441 1626 5444 ~

2006 5502 2254 5556 NOTAE.

641 5611 807 5684 Exod.
833 5611 982 5684 35V;
1019 5611 1180 5684 Hebr.
1217 5613 1350 5668 VIII.

557 5679 586 5718 ιι
616 5677 792 5750 podex
826 5677 1049 5750 Ioannis
1078 5683 1223 5737 Scoti
1249 5685 1338 5750 qui
1363 5683 1481 5745 fuit,
1513 5682 1569 5736 h.
1605 5681 1639 5734 l.
1675 5684 1896 5737 mutilus
1922 5686 2072 5740 vidc-

491 5759 578 5805 tur
610 5745 794 5804 fuisse.
829 5748 962 5805 Nam
1011 5767 1127 5820 quae
1178 5754 1228 5807 in
1270 5745 1516 5808 Cordcrii
1565 5753 1801 5808 editione
1834 5754 1988 5809 Tum.
2036 5757 2071 5820 l,

2172 5631 2224 5682 ι).
2257 5613 2360 5667 558
2384 5628 2410 5664 a
2440 5611 2620 5665 vm-his
2645 5624 2694 5665 ‘ll
2723 5610 2774 5666 δὲ
2804 5620 2902 5667 τῶν
2932 5614 3209 5681 ἱερουργιῶν
3237 5607 3560 5684 diazomata:
3587 5618 3769 5684 "Sfltfc

2177 5680 2228 5753 p.
2263 5684 2366 5756 5(ἰο
2402 5685 2598 5756 ρύκοῦν
2633 5687 2662 5741 ἡ
2695 5687 2800 5756 θείᾳ
2852 5690 2950 5737 τῶν
2982 5680 3290 5756 λιεραιςχῶν
3339 5680 3474 5742 τύξις
3509 5684 3657 5736 διιιιι,
3717 5680 3768 5726 ill

2181 5753 2444 5809 vcrsionis
2467 5755 2624 5807 codd.
2654 5753 3048 5808 desiderantur.
