3952 6162
225 303 265 359 Ἰ
277 301 374 360 097

811 302 1056 364 VERSIO
1097 304 1380 364 OPERUM
1422 307 1480 364 S.
1518 305 2441 366 DlONYSll.—ECCLESIASTIC
2465 329 2484 363 ι
2526 307 2895 367 IERARCHIA

3366 305 3501 362 £098

239 416 548 488 pontiﬁcum
601 417 732 473 ordo
782 421 987 488 primus
1034 421 1248 491 quidem
1295 430 1378 477 est
1435 422 1766 478 deividarmn
1797 423 1811 453 ί
1845 429 1892 484 Α
1921 423 2037 480 fuse
2063 440 2339 496 separans.
2384 423 2613 495 Propter
2642 425 2784 494 quod
2833 431 2887 478 et
2933 418 3136 477 sanctis
3163 433 3282 476 eam
3315 421 3500 474 statuit

239 508 635 563 ordinationum
658 527 670 562 :
698 509 1110 566 sublimissimus
1133 522 1312 568 autem
1345 514 1539 567 iterum
1565 522 1620 569 ct
1645 513 1822 568 novis-

240 599 408 654 simus
452 599 615 653 idcm.
650 601 858 656 Etenim
908 604 958 657 in
993 604 1108 673 ipso
1151 604 1430 673 perﬁcitur
1465 613 1519 658 et
1570 603 1822 674 impletur

238 690 413 744 omnis
438 700 654 746 nostrae
683 691 980 747 lerat-Chiae
1009 695 1306 765 dispositio.
1342 694 1412 748 Ut
1434 695 1576 748 enim
1605 708 1820 748 omnem

239 779 565 835 lerarcliiam
597 783 842 838 videmus
895 785 945 838 in
991 783 1172 838 Jesum
1221 793 1650 839 consummatam
1678 825 1692 850 ,
1744 784 1822 838 sic

239 887 676 943 unamquamque
704 877 754 930 in
783 878 1058 948 proprium
1086 878 1326 931 divinum
1349 893 1619 932 summum
1645 893 1820 933 sacer-

237 962 440 1016 dotem.
469 963 582 1033 lpsa
614 977 790 1018 aufem
823 966 1105 1021 ierarcbici
1133 967 1338 1021 ordinis
1366 968 1539 1022 virtus
1567 968 1620 1022 in
1651 967 1824 1022 omni-

236 1051 342 1105 bus
369 1051 577 1106 locatur
602 1055 772 1108 sacris
802 1055 1273 1120 nniversitatibus,
1315 1065 1370 1111 et
1397 1071 1493 1126 per
1521 1071 1709 1111 omnes
1739 1071 1824 1109 sa-

234 1157 362 1199 cros
389 1145 606 1201 ordines
651 1156 906 1215 operatur
938 1148 1187 1218 propriae
1216 1148 1517 1203 lerarcliiae
1543 1149 1821 1220 mysteria.

235 1235 482 1291 Discrete
521 1249 700 1293 autem
729 1239 874 1305 huic,
903 1241 1042 1294 ultra
1085 1241 1296 1296 Ceteros
1324 1244 1564 1308 ordines,
1588 1245 1640 1297 in
1671 1257 1823 1297 suam

235 1329 612 1398 Operationem
643 1331 824 1384 divina
855 1331 940 1386 lex
991 1333 1266 1388 distribuit
1293 1334 1586 1390 diviniores
1617 1334 1826 1388 sacriﬁ-

233 1420 483 1474 cationes
511 1421 556 1473 ¹.
587 1420 700 1473 llae
730 1429 909 1475 autem
939 1430 1064 1475 sunt
1108 1421 1456 1491 perfectrices
1483 1422 1826 1478 thearcbicae

233 1509 456 1564 virtutis
494 1510 773 1581 imagines,
805 1520 1244 1568 consummantes
1281 1515 1460 1568 omnia
1491 1515 1825 1570 divinissima

233 1599 501 1670 symbola,
533 1608 587 1654 et
613 1616 802 1656 onmes
829 1594 1014 1656 sacras
1041 1603 1442 1673 dispositiones.
1479 1605 1593 1659 Etsi
1623 1606 1763 1661 enim
1795 1621 1824 1660 a

235 1690 612 1746 sacerdotibus
635 1691 987 1760 perﬁciuntur
1011 1695 1275 1762 quaedam
1304 1693 1648 1750 colendorum
1681 1711 1824 1766 sym-

235 1783 510 1848 bolorum,
541 1782 636 1837 sed
667 1799 939 1854 nunquam
971 1784 1259 1854 aliquando
1298 1800 1508 1840 sacram
1536 1787 1827 1857 theogene-
1856 1776 1902 1836 B

234 1875 374 1930 siam
397 1877 649 1930 sacerdos
674 1875 986 1944 operabitur
1011 1875 1127 1930 sine
1153 1876 1488 1931 divinissimo
1518 1884 1821 1946 unguento:

233 1983 414 2037 neque
443 1967 658 2022 divinae
693 1967 1089 2023 communionis
1131 1968 1376 2039 perﬁciet
1411 1969 1691 2040 mysteria,
1727 1968 1828 2023 nisi

235 2057 578 2114 divinissimo
607 2057 760 2113 altari
800 2059 1269 2115 communicativis
1299 2060 1651 2130 superpositis
1679 2076 1827 2131 sym-

241 2151 405 2205 bolis.
441 2149 547 2206 Sed
575 2164 747 2221 neque
773 2151 887 2221 ipse
916 2152 1168 2207 sacerdos
1194 2152 1321 2217 erit,
1349 2152 1451 2206 nisi
1479 2153 1546 2206 ab
1574 2151 1832 2206 ierarchi-

239 2244 326 2298 cis
359 2243 911 2298 consummatiouibus
953 2244 1008 2298 in
1054 2243 1156 2298 hoc
1199 2243 1442 2298 sortitus.
1483 2242 1611 2298 Inde
1652 2243 1831 2297 divina

237 2333 508 2404 legislatio
557 2332 979 2388 ierarchicorum
1024 2332 1274 2387 ordinum
1323 2331 1830 2398 sanctiﬁcationem,

239 2435 296 2480 et
330 2425 499 2480 divini
529 2425 782 2496 unguenti
809 2409 1351 2489 consummationem,
1379 2431 1434 2479 et
1460 2439 1672 2479 sacram
1701 2423 1834 2479 alta-

246 2515 327 2568 ris
353 2516 805 2584 puriﬁcationem,
844 2516 1150 2570 divinorum
1182 2500 1494 2584 pontiﬁcum
1527 2515 1836 2585 perfectivis

240 2607 538 2663 virtutibus
566 2608 911 2680 singulariter
945 2607 1149 2662 divisit.
1191 2606 1287 2661 Est
1324 2607 1488 2677 igitur
1524 2605 1839 2661 sanctiﬁcns

241 2701 404 2766 ordo,
436 2702 895 2755 consummativae
940 2698 1158 2754 virtutis
1192 2697 1449 2769 repletus,
1495 2697 1732 2767 perfecta
1758 2697 1839 2751 le-

249 2792 507 2846 rarclaiae
534 2792 767 2848 discrete
814 2791 1100 2862 perﬂeiens
1125 2831 1140 2857 ,
1181 2798 1236 2845 et
1277 2791 1530 2845 scientias
1560 2805 1837 2845 sacrorum

242 2881 770 2938 tnauil‘estativorum
805 2883 826 2914 ³
855 2884 1121 2948 eruditus,
1144 2882 1443 2938 etedocens
1465 2882 1841 2953 proportiona-

253 2979 337 3034 les
364 2993 553 3034 eorum
583 2987 638 3034 et
663 2993 849 3033 sacros
878 2978 1094 3033 habitus
1122 2985 1177 3032 et
1203 2977 1454 3031 virtutes.

317 3070 675 3126 Sacerdotum
724 3079 903 3126 autem
951 3069 1230 3125 luciducus
1275 3068 1296 3101 ⁸
1339 3069 1473 3124 ordo
1521 3069 1576 3123 in
1625 3078 1843 3124 sanctas

245 3163 553 3218 bestiarum
593 3162 955 3232 inspectiones
986 3163 1300 3217 manuducit
1335 3161 1606 3233 perfectos
1632 3163 1733 3217 sub
1761 3161 1843 3216 di-

246 3252 500 3306 vinorum
524 3251 910 3320 pontiﬁcalium
931 3252 1140 3317 ordine,
1162 3261 1216 3307 et
1238 3261 1359 3323 post
1385 3268 1506 3308 eum
1529 3252 1842 3307 sacriﬁcans

249 3341 504 3412 proprias
541 3355 728 3396 sacras
757 3341 1039 3407 actiones,
1091 3342 1146 3395 in
1192 3342 1387 3412 quibus
1432 3342 1576 3410 quod
1622 3341 1842 3412 quidem

253 3433 374 3504 ipse
400 3432 532 3503 agit,
563 3432 783 3487 deiﬁcas
810 3433 1102 3488 ostendens
1145 3448 1243 3503 per
1285 3433 1656 3489 sacratissima
1702 3448 1843 3505 sym-

249 3524 374 3579 bola
401 3564 418 3588 ,
465 3533 520 3578 et
549 3524 1002 3594 contemplatores
1030 3525 1379 3582 advenientes
1421 3526 1708 3597 perﬁciens
1733 3566 1748 3592 ,
1791 3534 1846 3581 et

258 3621 576 3667 sanctarum
611 3612 893 3667 teletarum
930 3613 1418 3669 communicatores
1449 3633 1462 3668 :
1491 3615 1544 3668 in
1573 3629 1842 3670 summum

255 3712 440 3758 autem
476 3702 820 3758 Sacerdotem
874 3705 1155 3760 remittens
1192 3705 1276 3760 vel
1305 3706 1843 3776 contemplativarum

248 3793 516 3849 scientiae
571 3795 1052 3865 contemplatarum
1132 3796 1586 3853 saeriﬁcationum
1636 3799 1848 3854 deside-

252 3893 466 3938 rantes.
499 3882 918 3940 Ministrantium
947 3901 1078 3942 vero
1102 3887 1237 3942 ordo
1272 3889 1586 3958 purgativus
1609 3897 1662 3944 et
1689 3889 1846 3943 dissi-

249 3975 466 4030 milium
495 3976 838 4042 discretivus,
861 3985 986 4033 ante
1013 3980 1066 4031 in
1091 3979 1431 4034 sacerdotum
1463 3981 1845 4036 sanctiﬁcatio-

253 4085 354 4125 nes
385 4071 775 4135 accessionem,
805 4063 1001 4142 purgat
1027 4072 1402 4136 advenientes,
1427 4089 1591 4143 puros
1611 4089 1704 4130 eos
1724 4090 1846 4144 per-

252 4161 447 4216 ﬁciens
477 4161 766 4214 contrariis
787 4200 802 4225 ,
843 4170 898 4216 et
926 4161 992 4216 ad
1037 4163 1339 4217 sacriﬁcam
1372 4165 1757 4232 iuspectionem
1793 4171 1848 4218 et

253 4252 803 4307 communicationem
833 4253 854 4284 ⁸
874 4262 1174 4324 coaptatos.
1206 4255 1332 4309 lnde
1354 4257 1406 4309 in
1429 4267 1672 4311 sanctam
1699 4257 1848 4313 theo-

254 4343 536 4413 genesiam
589 4344 824 4399 ministri
899 4346 1274 4401 advenientem
1347 4347 1514 4401 veteri
1575 4349 1848 4404 denudant

253 4435 610 4495 vestimento,
642 4435 819 4488 adhuc
849 4437 907 4489 'et
936 4435 1249 4501 absolvunt,
1295 4445 1350 4492 et
1397 4437 1461 4492 ad
1508 4453 1762 4494 occasum
1794 4439 1846 4493 in

257 4526 794 4580 abrenunciationem
847 4533 1127 4592 statuunt,
1190 4536 1245 4582 et
1291 4528 1488 4583 iterum
1545 4529 1612 4583 ad
1665 4541 1845 4585 ortum

259 4613 616 4667 transducunt
637 4643 709 4653 -—
730 4615 1063 4684 purgativae‘
1084 4616 1227 4669 enim
1251 4626 1378 4671 sunt
1410 4618 1766 4673 ordinationis
1791 4626 1846 4673 et

260 4703 842 4772 virtutis—repellere
871 4706 1252 4761 universaliter
1275 4708 1527 4776 jubentes
1562 4709 1850 4763 advenien-

260 4795 408 4849 tibus
434 4796 632 4865 prioris
654 4797 801 4852 vitae
825 4798 1076 4863 amictus,
1118 4806 1173 4851 et
1198 4799 1395 4868 prioris
1423 4797 1852 4852 conversationis

262 4888 610 4944 tenebrosum
635 4929 648 4952 ,
701 4890 1050 4944 ostendentes
1096 4899 1152 4943 et
1186 4890 1474 4945 edocentes
1503 4904 1598 4944 eos
1640 4889 1850 4944 reordi-

263 4977 476 5030 nandos
501 5017 515 5040 ,
544 4993 573 5030 a
602 4993 708 5032 non
733 4979 1163 5034 illuminantibus
1192 4980 1246 5034 in
1279 4981 1632 5035 illuminativa
1673 4987 1853 5036 trans-

214 5134 218 5137 _
261 5069 515 5124 cendere.
547 5070 836 5138 Purgativa
862 5073 1028 5142 igitur
1051 5080 1134 5127 est
1161 5073 1519 5128 ministrativa
1550 5073 1851 5144 dispositio,

264 5161 317 5214 in
349 5161 821 5218 manifestissimas
847 5165 1186 5219 sacerdotum
1213 5163 1670 5220 sanetiﬁcationes
1700 5165 1855 5220 redu-

267 5269 398 5308 cens
422 5265 704 5326 purgatos,
734 5266 788 5310 et
815 5256 1162 5327 imperfectos
1199 5256 1524 5327 dijudicans,
1555 5266 1610 5312 et
1645 5257 1853 5312 inﬂam-

272 5361 422 5405 mans
471 5348 798 5402 mundativis
857 5349 1192 5418 eloquiorum
1263 5348 1744 5404 illuminationibns
1802 5358 1858 5402 et

267 5436 532 5492 doctrinis
557 5477 572 5502 ,
618 5447 672 5492 et
703 5439 877 5494 adhuc
928 5440 1234 5494 immundos
1265 5440 1634 5495 sacerdotibus
1674 5441 1853 5495 incon-

1870 3117 1915 3178 C

1919 516 2092 585 portis
2125 515 2418 571 ierarcbica
2459 515 2742 584 lcgislatio,
2777 512 2842 567 ad
2879 527 3032 566 sacra
3072 507 3500 580 provenientium

1922 610 2202 665 introitum
2237 611 2290 664 in
2319 609 2731 680 perfectissimis
2766 607 3176 680 purgationibus
3200 605 3500 668 insinuans,

1921 711 1976 757 et
2003 703 2068 756 ad
2113 712 2328 756 sanctas
2359 716 2544 755 eorum
2577 701 2939 770 inspectiones
2967 707 3019 754 et
3051 695 3502 753 communicatio-

1922 811 2019 851 nes
2046 796 2068 828 ⁸
2092 812 2369 851 accessum
2408 795 2704 865 purgativis
2737 795 3024 848 virtutibus
3059 792 3297 855 tradens,
3328 799 3382 844 et
3408 801 3507 860 per

1923 904 2017 945 eas
2045 904 2138 944 eos
2168 888 2476 957 impollutus
2521 886 2815 955 accipiens.
2863 885 3124 941 Osteusus
3167 893 3251 938 est
3285 883 3447 949 igitur
3473 895 3503 934 a

1922 979 2079 1034 nobis
2133 977 2445 1047 pontiﬁcum
2495 976 2712 1046 quidem
2762 975 2895 1030 ordo
2942 973 3402 1030 consummativus
3453 978 3509 1024 et

1923 1070 2252 1142 perfectivus
2303 1089 2315 1124 :
2362 1069 2705 1125 sacerdotum
2781 1075 2960 1123 autem
3019 1064 3402 1120 illuminativus
3454 1070 3509 1116 et

1925 1160 2201 1215 luciducus
2229 1178 2243 1213 :
2275 1159 2698 1214 ministrantium
2727 1172 2857 1212 vero
2883 1156 3196 1226 purgativus
3229 1162 3283 1208 et
3310 1153 3512 1207 discre—

1927 1253 2069 1308 tivus
2096 1269 2112 1308 :
2141 1251 2349 1307 scilicet
2388 1250 2690 1306 ierarchico
2724 1249 2915 1303 ordine
2952 1264 3058 1302 non
3095 1244 3355 1318 perﬁcere
3395 1252 3511 1298 tan-

1926 1353 2062 1410 tum,
2081 1343 2174 1399 sed
2199 1351 2252 1398 et
2271 1343 2573 1397 illuminare
2599 1341 2756 1396 simul
2786 1351 2838 1396 et
2864 1341 3126 1396 mundare
3147 1337 3477 1408 percipiente
3495 1377 3510 1399 ,

1925 1446 1980 1492 et
2007 1436 2346 1492 sacerdotum
2373 1435 2572 1490 virtute
2620 1435 2854 1490 habente
2881 1433 2935 1488 iu
2963 1433 3142 1504 scipsa
3169 1446 3290 1487 cum
3323 1428 3514 1484 illumi-

1928 1527 2108 1580 nativa
2141 1535 2196 1580 et
2228 1523 2567 1595 purgativam
2596 1523 2900 1580 scientiam.
2933 1522 3086 1577 Aliae
3113 1521 3327 1591 quidem
3369 1516 3521 1576 enim.

1929 1619 2166 1674 minores
2211 1618 2262 1671 in
2309 1633 2412 1683 ea,
2463 1631 2601 1686 quae
2659 1615 2884 1671 meliora
2931 1621 3096 1680 sunt,
3146 1628 3250 1668 non
3294 1618 3518 1682 possunt

1931 1718 2325 1770 transmovere,
2350 1721 2415 1761 eo
2436 1706 2579 1775 quod
2608 1703 2864 1774 iniustum
2900 1703 2971 1759 sit
2991 1703 3091 1768 eis,
3119 1701 3184 1756 ad
3212 1698 3516 1769 huiusmodi

1931 1796 2114 1851 conari
2147 1795 2507 1865 majestatem.
2551 1793 2704 1848 Aliae
2735 1802 2917 1848 autem
2964 1791 3256 1846 diviniores
3291 1791 3518 1844 virtutes

1930 1905 2052 1946 cum
2097 1883 2343 1959 prepriis'
2378 1895 2434 1943 et
2484 1885 2758 1956 subiectas
2801 1899 2933 1940 suae
2981 1883 3328 1954 perfectionis
3366 1896 3517 1937 sacra

1931 1982 2159 2036 scientia
2207 1987 2560 2050 cognoscunt.
2609 1972 2875 2032 Similiter
2917 1976 3172 2046 quoniam
3218 1973 3519 2028 divinarum

1931 2080 2058 2128 sunt
2088 2073 2365 2128 actionum
2393 2071 2659 2140 imagines
2677 2111 2692 2136 ,
2726 2069 2865 2124 aliae
2892 2066 3318 2123 sanctiﬁcativae
3343 2065 3520 2132 dispo-

1933 2165 2155 2221 sitiones
2177 2165 2315 2220 bene
2341 2163 2517 2218 ornati
2545 2172 2598 2218 et
2625 2161 2892 2218 inconfusi
2917 2161 3223 2215 divinarum
3251 2158 3524 2227 operatio-

1933 2245 2062 2310 num
2107 2253 2354 2320 ordinis,
2400 2253 2454 2307 in
2507 2252 2812 2322 semetipsis
2856 2250 3204 2306 ostendentes
3249 2247 3523 2303 ordinatas

1933 2345 2356 2402 illuminationes
2411 2345 2464 2398 in
2510 2344 2756 2414 primas,
2796 2351 2852 2398 et
2901 2342 3148 2404 medias,
3204 2347 3259 2393 et
3308 2337 3525 2392 ultimas

1935 2453 2119 2493 sacras
2174 2437 2420 2492 actiones
2455 2443 2512 2490 et
2561 2434 2932 2489 ordinationes
2959 2475 2974 2498 ,
3024 2433 3077 2486 in
3110 2429 3524 2487 discretionibus

1936 2529 2250 2585 ierarchicis
2273 2527 2556 2583 ordinatae
2578 2535 2722 2591 sunt,
2741 2523 3170 2587 manifestantes,
3189 2531 3250 2576 ut
3267 2521 3523 2582 diximus,

1939 2621 1992 2676 in
2037 2621 2230 2691 seipsis
2265 2620 2572 2675 divinarum
2603 2617 2980 2689 operationum
3024 2615 3332 2672 ordinatum
3361 2619 3415 2667 et
3445 2611 3527 2666 in-

1938 2711 2244 2768 confusum.
2261 2710 2526 2778 Quoniam
2541 2709 2686 2764 enim
2714 2708 3011 2772 thearchia,
3043 2707 3095 2762 in
3119 2706 3530 2777 quibuscunque

1943 2805 2102 2866 inest,
2143 2802 2352 2857 animos
2389 2808 2583 2871 purgat
2609 2799 2842 2869 primum
2865 2840 2878 2864 ,
2912 2797 3106 2853 deinde
3134 2795 3433 2858 illuminat,
3475 2801 3530 2847 et

1940 2894 2274 2950 illuminatos
2294 2898 2636 2947 consummat
2657 2890 2724 2944 ad
2751 2887 3066 2944 deiformem
3093 2885 3482 2955 perfectionem
3513 2900 3525 2936 :

1941 2984 2141 3040 merito
2167 2981 2492 3054 pontiﬁcalis
2517 2981 2819 3036 divinarum
2871 2977 3166 3049 imaginum
3191 2977 3243 3030 in
3267 2975 3530 3031 discretas

1946 3077 2180 3146 seipsam
2211 3074 2446 3131 alternat
2489 3073 2858 3128 ordinationes
2903 3080 2959 3127 et
3001 3072 3266 3134 virtutes,
3301 3083 3530 3139 operose

1945 3166 2239 3224 ostendens
2293 3165 2631 3221 thearchicas
2679 3163 3020 3234 operationes
3075 3163 3128 3216 iu
3172 3160 3531 3216 sanctissimis

1945 3269 2001 3317 et
2051 3258 2350 3316 inconfusis
2403 3256 2686 3313 ordinibus
2757 3255 3054 3326 ponderate
3123 3261 3178 3308 et
3250 3252 3532 3308 ineonfuse

1946 3360 2197 3408 statutas.
2255 3349 2363 3405 Sed
2411 3348 2669 3419 quoniam
2716 3346 3024 3402 sanctiﬁcas
3064 3344 3433 3399 ordinationes
3478 3351 3534 3398 et

1946 3442 2387 3515 participationes
2438 3441 2778 3507 virtutesque
2843 3452 3031 3492 earum
3085 3444 3140 3491 et
3193 3435 3533 3505 operationes

1945 3536 2200 3600 diximus,
2229 3541 2492 3604 quantum
2516 3531 2674 3587 nobis
2719 3529 2974 3600 possibile
3010 3536 3113 3595 est,
3145 3535 3194 3584 et
3230 3526 3535 3583 sacratissi-

1948 3642 2064 3681 mas
2089 3641 2309 3692 earum,
2348 3635 2609 3696 quantum
2656 3630 2902 3695 potentes
2927 3633 3150 3688 sumus,
3187 3619 3534 3691 inspiciemus

1947 3716 2464 3772 consummationes.

2078 3806 2388 3877 Mysterium
2431 3805 2838 3860 sacerdotalium
2882 3803 3409 3859 consummationum.

2020 3899 2277 3955 Summus
2324 3899 2540 3968 quidem
2589 3896 2844 3952 sacerdos
2891 3895 2958 3949 ad
3009 3894 3366 3950 ierarcbicam
3408 3905 3536 3946 con-

1949 3991 2361 4046 summationem
2390 3987 2669 4048 accedens,
2696 3995 2922 4055 utroque
2949 3987 3083 4054 pede
3115 3985 3378 4040 inclinans
3409 3989 3534 4037 ante

1948 4089 2296 4150 conspectum
2335 4077 2500 4132 divini
2543 4076 2770 4141 altaris,
2818 4089 2982 4145 super
3011 4082 3173 4142 caput
3218 4074 3381 4127 habet
3423 4070 3535 4126 Deo

1949 4171 2144 4226 tradita
2167 4169 2402 4239 eloquia,
2433 4177 2486 4222 et
2517 4167 2874 4222 ierarchicam
2904 4180 3146 4230 manum,
3175 4172 3230 4218 et
3252 4164 3353 4217 hoc
3378 4163 3538 4217 modo

1951 4276 1981 4314 a
2008 4259 2321 4331 perﬁciente
2358 4273 2479 4313 eum
2511 4273 2724 4313 summo
2752 4257 3031 4312 sacerdote
3072 4254 3428 4310 sanctissimis
3457 4254 3538 4307 in-

1951 4349 2326 4404 vocationibus
2352 4357 2776 4402 consummatur.
2807 4345 3072 4400 Sacerdos
3102 4351 3281 4398 autem
3311 4350 3540 4412 utroque

1876 4475 1927 4534 Β
1951 4441 2086 4509 pede
2117 4439 2382 4493 inclinans
2411 4439 2464 4491 in
2491 4446 2780 4505 conspectu
2813 4435 2976 4490 divini
3016 4433 3225 4497 altaris,
3258 4447 3422 4501 super
3447 4447 3540 4486 ca-

1956 4538 2052 4600 put
2077 4529 2239 4583 habet
2266 4528 2619 4583 ierarchicam
2647 4526 2891 4580 dextram
2910 4565 2924 4590 ,
2957 4531 3010 4579 et
3041 4524 3141 4577 hoc
3172 4521 3331 4575 modo
3359 4536 3388 4574 a
3419 4535 3542 4590 per-

1959 4620 2172 4674 ﬁciente
2207 4633 2329 4672 eum
2370 4632 2581 4671 smnmo
2619 4615 2896 4670 sacerdote
2934 4612 3196 4667 sacriﬁcis
3247 4611 3543 4665 invocatio-

1959 4713 2116 4767 nibus
2139 4709 2527 4765 sanctiﬁcatur.
2553 4707 2799 4764 Minister
2825 4721 2954 4762 vero
2984 4721 3090 4761 uno
3119 4705 3254 4774 pede
3278 4703 3542 4759 inclinans

1961 4805 2016 4859 in
2045 4811 2335 4873 conspectu
2369 4800 2586 4864 altaris,
2628 4813 2788 4868 super
2817 4805 2977 4867 caput
3017 4798 3180 4850 habet
3214 4793 3543 4866 perﬁcientis

1961 4911 2085 4950 eum
2114 4893 2309 4950 summi
2335 4889 2633 4947 sacerdotis
2661 4889 2925 4952 dextram,
2951 4885 3313 4958 perﬁciendus
3340 4886 3408 4939 ab
3428 4885 3542 4952 ipso

1962 4983 2383 5040 ministrantium
2423 4978 2868 5036 consummativis
2917 4976 3366 5032 invocatiouibus.
3415 4973 3544 5028 Uni—

1963 5077 2157 5148 cuique
2187 5084 2366 5130 autem
2414 5089 2600 5128 eorum
2650 5069 2975 5126 cruciforme
3015 5070 3259 5140 signatur
3303 5081 3334 5119 a
3383 5063 3542 5134 perti-

1964 5169 2140 5224 ciente
2171 5179 2382 5221 summo
2410 5162 2690 5217 sacerdote
2735 5159 3099 5232 signaculum,
3140 5166 3194 5211 et
3221 5169 3317 5225 per
3343 5165 3536 5205 unum-

1956 5273 2225 5329 quemque
2307 5255 2552 5308 recitatio
2632 5252 2690 5306 ﬁt
2746 5268 2937 5316 sacra,
3001 5258 3056 5304 et
3114 5241 3538 5301 consummativa

1957 5349 2248 5412 salutatio,
2297 5344 2564 5400 salutanle
2623 5344 2770 5400 omni
2812 5342 2994 5397 divino
3047 5343 3334 5408 praesente
3398 5331 3538 5393 viro,

1961 5450 2016 5494 et
2083 5445 2492 5495 consummante
2560 5449 2773 5492 summo
2850 5429 3130 5488 sacerdote
3203 5426 3271 5482 ad
3336 5423 3538 5493 aliquid

1571 5553 1829 5609 VARIAE
1863 5552 2277 5610 LECTIONES.

344 5663 359 5694 ¹
398 5663 488 5717 Sic
513 5665 586 5728 B;
613 5664 754 5719 ΑΕΗ
796 5668 1075 5722 deividum.

279 5729 296 5756 ³
349 5730 442 5786 BH
488 5739 919 5795 communionem.
1001 5733 1020 5763 °
1049 5739 1134 5793 Bll
1165 5740 1570 5794 communiones.

1177 5675 1196 5704 ³
1227 5668 1314 5722 BH
1360 5669 1665 5724 diviniorem
1694 5671 2152 5740 sani/icationem.

2264 5670 2284 5701 ³
2316 5665 2404 5719 BH
2459 5664 2929 5734 nianifestatorum.
3040 5659 3080 5728 ⁵,,
3116 5657 3205 5714 EH
3259 5655 3550 5720 lucidum...
