3952 6162
475 330 615 388 1090

1853 320 2133 380 ΞΟᾹΝΜΞ
2171 317 2366 376 SCOTI

3593 304 3735 362 £200

472 451 747 508 dictarunt
778 447 1083 503 divinarum
1140 444 1542 501 ordinationum
1598 453 2045 499 consummatum.
2078 442 2126 502 Α
2154 438 2306 493 chice
2345 433 2759 506 perfectionem,
2794 428 3127 485 annuncians
3171 426 3473 496 discipulis,
3514 434 3573 479 ut
3625 426 3737 481 elo-

1143 536 1387 593 Theoria.

462 696 467 701 ν
546 631 862 690 Communia
891 631 1107 702 quidem
1152 638 1279 687 sunt
1323 632 1553 687 summis
1576 630 1961 695 sacerdotibus,
1997 636 2053 683 et

475 721 863 786 sacerdotibus,
897 730 954 775 et
978 721 1239 777 ministris
1263 761 1279 787 ,
1327 722 1381 776 in
1416 720 1838 777 sacerdotalibus
1864 733 2051 774 eorum

472 808 1045 875 consummationibus,
1082 809 1156 865 ad
1197 809 1434 865 divinum
1479 810 1648 864 altare
1692 823 1961 873 accessus,
1997 814 2054 861 et

471 901 769 967 inclinatio,
800 900 1134 957 ierarcbicae
1180 916 1371 955 manus
1400 901 1691 972 impositio,
1727 897 2052 954 cruciformc

472 992 829 1065 signaculum,
857 992 1201 1061 praeconium
1231 1000 1272 1058 ι,
1301 992 1729 1048 consummativa
1775 988 2048 1046 salutatio.

472 1084 732 1154 Separata
757 1091 939 1139 autem
960 1083 1258 1139 etdiscreta
1273 1084 1498 1139 summis
1521 1083 1737 1153 quidem
1754 1080 2050 1137 sacerdoti-

468 1174 918 1246 buseloquiorum
941 1190 1104 1246 super
1118 1183 1279 1246 caput
1290 1174 1591 1245 impositio,
1605 1188 1709 1228 non
1728 1171 2052 1228 habentibus

469 1267 575 1323 hoc
596 1267 896 1323 minoribus
914 1269 1215 1335 ordinibus.
1240 1267 1623 1324 Sacerdotibus
1639 1281 1766 1321 vero
1790 1265 2052 1321 ambobus

470 1360 703 1430 pedibus
746 1362 1047 1427 inclinatio,
1078 1380 1182 1419 non
1215 1365 1447 1420 habente
1474 1364 1580 1420 hoc
1627 1362 2049 1418 ministrantium

472 1453 957 1509 consummatione.
984 1452 1211 1509 Ministri
1231 1455 1397 1520 enim,
1415 1462 1475 1508 ut
1497 1454 1698 1509 dictum
1721 1460 1826 1514 est,
1844 1467 1950 1506 uno
1971 1452 2052 1505 in-

471 1541 832 1613 clinant,pede
849 1552 1075 1599 tantum.
1092 1544 1257 1614 Igitur
1269 1545 1336 1599 ad
1352 1544 1589 1600 divinum
1605 1543 1781 1599 altare
1801 1557 2051 1597 accessus

471 1640 527 1685 ct
554 1630 799 1687 suexio
829 1633 1067 1688 insinuat
1105 1634 1356 1690 omnibus
1383 1633 1662 1689 sanctiﬁce
1687 1631 2049 1703 perﬁciendis,

471 1735 775 1791 supponere
799 1724 1178 1781 universaliter
1190 1726 1672 1782 consummationis
1684 1724 1920 1796 principi,
1942 1725 2052 1780 Deo

2155 529 2280 600 quia
2306 530 2456 582 aiunt
2479 526 2530 592 ι’,
2547 525 2611 580 ab
2640 522 3014 593 Hierosolymis
3041 536 3144 574 non
3188 518 3447 582 recedere,
3472 520 3562 571 sed
3582 532 3736 584 expe-

2153 628 2296 674 ctare
2310 618 2705 684 promissionem
2721 612 2922 679 Patris,
2935 627 3092 682 quam
3111 609 3351 668 audistis,
3370 608 3496 672 mei,
3510 609 3636 676 quia
3650 623 3733 661 eos

2153 707 2546 779 baptizabimini
2568 708 2621 760 in
2646 703 2847 775 Spiritu
2869 712 3071 756 sancto.
3102 701 3170 754 Et
3190 698 3410 769 quidem
3440 707 3495 751 et
3518 699 3633 766 ipsc
3649 697 3733 753 di-

2153 801 2480 869 scipulorum
2502 806 2711 861 vertex,
2728 811 2848 851 cum
2865 794 3175 849 coordinata
3196 792 3299 846 sibi
3324 788 3630 845 ierarcbica
3640 787 3733 843 ὼ»

2152 891 2307 956 cade,
2329 892 2383 946 in
2410 888 2725 945 duodenarii
2753 886 3134 957 discipulorum
3156 884 3379 938 veniens
3400 879 3733 937 sanctiﬁcata

2151 980 2697 1044 consummationem,
2733 977 2790 1031 in
2824 974 3140 1033 thearchiae
3162 971 3485 1027 electionem
3514 967 3731 1023 timidus

2152 1073 2403 1143 reliquit:
2439 1070 2688 1134 Ostende,
2714 1066 2919 1134 dicens,
2949 1082 3101 1137 quem
3130 1062 3319 1133 eligam
3337 1073 3384 1127 ο,
3415 1070 3473 1115 et
3493 1075 3527 1114 a
3558 1058 3732 1114 divina

2152 1172 2301 1219 sorte
2327 1161 2583 1217 divinitus
2607 1168 2885 1215 ostensum
2920 1158 2972 1211 in
2994 1155 3170 1211 sancti
3222 1150 3547 1208 duodenarii
3569 1150 3732 1203 ierar-

2151 1256 2362 1313 chicum
2386 1268 2669 1309 numerum
2689 1251 2910 1321 recepit.
2935 1251 3011 1304 De
3033 1249 3212 1303 divina
3236 1256 3415 1302 autem
3438 1251 3590 1299 sorte
3614 1239 3733 1296 huic

2151 1346 2409 1402 Matthiae
2436 1346 2558 1400 data
2600 1345 2693 1399 alii
2724 1343 2939 1413 quidem
2977 1341 3082 1395 alia
3123 1340 3396 1398 dixerunt,
3445 1349 3623 1405 neque
3650 1348 3731 1388 re-

2151 1447 2257 1503 cte,
2300 1447 2362 1494 ut
2400 1438 2648 1492 aestimo.
2695 1435 2871 1490 Meum
2915 1447 3040 1487 vero
3069 1440 3124 1486 et
3147 1431 3261 1500 ipse
3294 1442 3516 1483 sensum
3541 1426 3730 1480 dicam.

2151 1531 2377 1586 Videtur
2395 1529 2537 1584 enim
2569 1528 2698 1582 mihi
2713 1526 2924 1595 eloquia
2943 1534 3143 1579 sortem
3167 1522 3474 1578 nominasse
3497 1517 3735 1573 divinum

2151 1622 2419 1691 quoddam
2449 1621 2671 1685 donum,
2701 1619 2982 1674 declarans
3025 1615 3100 1671 illi
3149 1614 3449 1670 ierarcltico
3474 1610 3645 1666 choro
3672 1607 3735 1663 ad

2153 1712 2389 1768 divinam
2419 1712 2734 1768 electionem
2769 1715 2791 1745 ³
2810 1710 3111 1764 ostensum.
3150 1705 3369 1760 Praeter
3391 1703 3414 1734 ³
3442 1702 3587 1757 enim
3634 1699 3732 1755 ali-

477 1814 752 1884 propriam
782 1816 981 1882 vitam,’
1003 1828 1059 1874 et
1083 1833 1237 1874 suam
1262 1818 1677 1876 intellectualem
1723 1819 2047 1873 universita-

2159 1803 2297 1874 quod
2319 1803 2558 1857 divinum
2581 1816 2848 1857 summum
2867 1800 3222 1861 sacerdotem,
3251 1810 3358 1849 non
3378 1808 3474 1863 per
3501 1793 3737 1862 seipsnm

472 1902 581 1958 te‘m
608 1905 967 1961 castissimam
991 1907 1091 1977 ipsi
1122 1916 1175 1963 et
1195 1908 1431 1964 oblatam
1467 1909 1727 1965 accedere
1755 1918 1810 1963 et
1840 1907 2055 1963 confor-

471 2008 640 2060 tnem,
667 2004 722 2050 et
748 2005 807 2052 ut
833 1997 1113 2066 possibile,
1142 1999 1358 2069 dignam
1386 2002 1708 2056 existentem
1741 2000 2055 2056 thearehico

472 2091 530 2138 et
543 2085 887 2141 sanctissimo
899 2094 955 2141 et
967 2087 1283 2144 sacerdotali
1303 2088 1484 2155 altari,
1499 2088 1760 2146 offerente
1779 2091 2055 2146 sanctiﬁce

472 2170 764 2230 deiformes
784 2176 1455 2237 intellectus.lerarebicae
1479 2189 1657 2236 autem
1680 2183 2055 2253 manusimpo-

471 2261 599 2318 sitio
626 2264 877 2321 similiter
902 2267 1119 2337 quidem
1146 2268 1458 2325 manifestat
1478 2269 1826 2340 perfectivam
1859 2272 2053 2341 princi-

471 2356 647 2426 palem
667 2359 1082 2428 protectionem,
1100 2361 1201 2417 sub
1223 2376 1328 2431 qua
1345 2370 1601 2433 tanquam
1625 2363 1921 2435 disciplinis
1932 2380 2055 2420 san-

470 2448 547 2503 cti
568 2449 947 2527 custodiuntur
967 2461 1208 2520 paterae,
1226 2452 1356 2523 ipsis
1376 2453 1593 2524 quidem
1618 2455 1863 2511 habitum
1879 2457 2056 2510 etvir-

472 2547 644 2615 tutam
677 2541 1075 2597 sacerdotalem
1106 2544 1418 2611 donantem,
1447 2546 1754 2602 contrarias
1799 2561 1929 2602 vero
1974 2549 2055 2604 eis

471 2630 704 2689 virtutes
726 2644 1119 2705 segregantem.
1166 2635 1337 2691 Docet
1379 2645 1558 2691 autem
1598 2637 1757 2692 simul
1788 2647 1841 2692 et
1866 2654 2054 2696 omnes

471 2721 735 2790 perﬁcere
791 2725 1153 2781 sacerdotales
1200 2726 1547 2797 operationes
1580 2767 1595 2793 ,
1652 2736 1910 2798 tanquam
1956 2731 2056 2787 sub

473 2813 586 2871 Deo
627 2824 870 2886 agentes,
911 2815 1200 2886 perfectos,
1228 2828 1284 2874 et
1314 2819 1655 2890 propriarum
1680 2821 2054 2890 operationem

475 2917 599 2958 eum
632 2905 893 2961 habentes
922 2907 977 2961 in
1005 2907 1255 2963 omnibus
1278 2908 1489 2964 ducem.
1519 2907 1851 2967 Cruciforme
1875 2920 2054 2967 autem

472 2996 813 3065 signaculum
841 3039 856 3064 ,
901 2999 1142 3054 omnium
1181 3000 1433 3057 similiter
1475 3003 1773 3058 carnalium
1804 3005 2057 3074 concupi-

469 3089 802 3145 scentiarum
825 3090 1277 3157 interdictionem,
1298 3101 1355 3147 et
1377 3092 1471 3148 Dei
1500 3094 1843 3150 imitatricem
1864 3095 2052 3162 vitam,

2157 1901 2381 1957 motum,
2409 1900 2623 1963 oportet
2641 1886 3006 1945 sacerdotales
3033 1886 3210 1941 facere
3236 1881 3620 1953 perfectiones,
3643 1876 3738 1936 sed

2156 1985 2270 2040 Deo
2299 1984 2650 2040 submovente
2673 1993 2768 2035 eas
2793 1978 3087 2034 ienrchice
3111 1986 3166 2032 et
3189 1975 3413 2031 caelitus
3438 1970 3735 2043 perﬁcere:

2157 2076 2272 2145 ipsa
2299 2084 2478 2130 autem
2507 2074 2575 2129 ad
2601 2073 2760 2127 ﬁnem
2787 2069 3136 2126 sacerdotalis
3153 2061 3630 2123 consummationis
3650 2075 3736 2117 sa-

2155 2166 2345 2223 lutatio
2385 2180 2597 2222 sacram
2640 2162 3048 2233 intelligentiam
3096 2159 3315 2215 tiabere.
3340 2154 3542 2233 _Omnes
3567 2152 3731 2217 enim,

2154 2258 2464 2330 quicunque
2515 2256 2709 2312 adsunt
2755 2227 3048 2310 sanctiﬁcis
3090 2227 3386 2306 existentés
3437 2246 3729 2309 ordinibus,

2156 2348 2252 2404 sed
2280 2357 2333 2402 et
2355 2348 2466 2417 ipse
2493 2345 2779 2417 perﬁciens
2802 2357 3045 2399 summus
3071 2339 3355 2402 sacerdos,
3382 2336 3580 2392 salutat
3612 2348 3735 2405 per—

2155 2438 2375 2494 fectum.
2421 2436 2554 2493 Cum
2612 2437 2755 2491 enim
2804 2432 3209 2489 sanctiﬁcativis
3249 2424 3653 2484 habitudinibus
3686 2432 3733 2479 et

2155 2529 2442 2585 virtutibus
2484 2536 2539 2584 et
2587 2528 2765 2583 divina
2792 2526 3073 2582 vocatione
3114 2531 3171 2579 et
3214 2518 3645 2577 sanctiﬁcatione
3673 2514 3732 2569 ad

2154 2621 2542 2679 sacerdotalem
2594 2618 2982 2690 perfectionem
3033 2614 3251 2671 advenit
3297 2613 3511 2667 animus
3561 2621 3732 2669 sacer.

2156 2710 2400 2766 amabilis
2427 2718 2511 2766 est
2537 2709 2866 2765 coordinatis
2910 2715 2966 2762 et
3009 2703 3392 2760 sacratissimis
3435 2698 3730 2761 ordinibus,

2154 2803 2211 2858 in
2243 2801 2779 2859 deiformosissimam
2801 2799 2993 2854 ductus
3014 2794 3488 2867 pulchritudinem,
3509 2786 3734 2844 amanti-

2155 2893 2257 2949 bus
2301 2891 2724 2964 aequiformibus
2752 2889 2971 2953 animis,
3001 2898 3056 2944 et
3092 2889 3160 2942 ab
3199 2886 3279 2941 eis
3314 2899 3472 2940 sacre
3508 2882 3735 2953 adjutus.

2156 2985 2284 3040 Inde
2328 2984 2395 3039 ad
2426 2999 2483 3038 se
2511 2983 2742 3038 invicem
2789 2979 3065 3036 sanctifica
3109 2976 3358 3033 salutatio
3383 2972 3741 3035 sacriﬁcatur,

2157 3074 2570 3145 aequiformium
2617 3072 2921 3126 animorum
2952 3084 3162 3124 sacram
3205 3065 3521 3120 societatem
3562 3060 3738 3117 declao

471 3182 853 3253 respicientem
879 3191 1027 3241 recte
1055 3184 1110 3239 in
1158 3185 1370 3241 virilem
1401 3184 1528 3242 Jesn
1575 3195 1630 3242 et
1661 3157 2054 3244 divinissimam
2084 3161 2128 3222 C
2161 3182 2319 3231 ωηεν
2354 3175 2408 3219 εί
2448 3165 2585 3218 mle"
2611 3179 2669 3219 8⁸
2694 3163 2924 3217 invicem
2961 3160 3246 3215 amabilem
3288 3157 3588 3253 Ιαθίίιξλωι
3630 3163 3742 3253 ξθυζ

470 3273 641 3330 vitam
671 3289 843 3344 usque
870 3275 939 3330 ad
963 3290 1181 3332 crucem
1223 3283 1278 3332 et
1316 3285 1544 3333 mortem
1582 3292 1705 3333 cum
1747 3277 2058 3333 thcarchica

473 3375 699 3437 peccato
737 3365 979 3419 carentia
1003 3366 1294 3433 venientis,
1324 3375 1380 3422 et
1408 3367 1487 3422 sic
1516 3367 1759 3424 viventes
1803 3376 2059 3438 tanquam

473 3453 782 3533 «informes
809 3454 1079 3526 signantis
1123 3456 1179 3511 in
1216 3456 1529 3512 cruciformi
1558 3458 1811 3527 propriae
1832 3466 2061 3529 peccato

475 3545 754 3600 carentiae
798 3545 1054 3617 imagine.
1104 3545 1329 3601 Sacram
1368 3562 1500 3602 vero
1537 3548 2060 3603 consummationum

474 3643 532 3690 et
559 3636 1106 3692 consummandorum
1133 3637 1509 3694 recitationem
1538 3654 1781 3694 summus
1807 3642 2063 3698 sacerdos

476 3723 686 3790 reboat,
721 3726 983 3795 mysterio
1027 3727 1340 3783 deelarante
1363 3769 1380 3795 ,
1424 3731 1695 3799 quomodo
1736 3733 1941 3789 amicus
1966 3734 2060 3790 Dei

475 3813 852 3871 sanctiﬁcator
894 3826 979 3872 est
1026 3818 1374 3876 thearcbicae
1422 3820 1740 3885 electionis,
1792 3840 1898 3878 non
1949 3824 2063 3893 ipse

475 3905 692 3977 propria
713 3907 888 3974 gratia
912 3906 1270 3976 perﬁciendos
1302 3910 1356 3965 in
1391 3912 1837 3967 sanctiﬁcativam
1861 3914 2063 3968 ducens

416 4048 423 4057 ,
476 3996 1023 4064 consummationem,
1060 3999 1153 4056 sed
1184 4015 1216 4056 a
1244 4000 1354 4056 Deo
1377 4010 1557 4058 motus
1585 4003 1637 4056 in
1675 4018 1863 4057 omnes
1893 4003 2063 4059 ierar-

475 4087 663 4145 chieas
686 4088 1164 4163 sanctiﬁcationes.
1192 4091 1283 4147 Sic
1307 4092 1519 4162 Moyses
1534 4088 1731 4163 legalis
1757 4093 2062 4148 sanctiﬁca-

475 4190 566 4240 tor
594 4197 771 4253 neque
797 4182 1050 4251 fratrem,
1089 4186 1183 4254 qui
1207 4196 1294 4242 est
1329 4186 1531 4251 Aaron,
1590 4188 1643 4242 in
1670 4186 2058 4244 sacerdotalem

476 4275 1004 4331 consummationem
1042 4277 1191 4332 ducit
1214 4317 1231 4343 ,
1277 4288 1333 4334 et
1358 4278 1593 4334 amicum
1626 4281 1718 4334 Dei
1748 4294 1806 4334 se
1831 4294 1973 4343 esse,
2007 4288 2062 4333 et

478 4365 820 4423 sanctiﬁcqu
853 4368 1179 4434 aestimans,
1221 4384 1394 4438 usque
1428 4370 1553 4425 dum
1593 4370 1848 4425 divinitus
1878 4370 1931 4423 in
1958 4369 2062 4425 hoc

479 4464 704 4525 motus,
754 4471 785 4512 a
833 4455 1184 4527 perfectionis
1240 4459 1482 4529 principe
1533 4459 1646 4515 Deo
1695 4454 2057 4515 sacerdotium

478 4547 730 4617 perfecit.
751 4549 858 4604 Sed
879 4556 936 4604 et
963 4548 1178 4607 divinus
1201 4559 1385 4605 noster
1405 4559 1462 4605 et
1488 4551 1696 4621 primus
1719 4550 2054 4615 sanetlﬁcus,

478 4639 659 4693 factus
699 4646 785 4693 est
828 4640 973 4694 enim
1024 4649 1081 4697 et
1127 4641 1232 4696 hoc
1276 4656 1438 4712 super
1490 4658 1587 4697 nos
1635 4643 2056 4699 humanissimus

477 4727 657 4795 Jesus,
698 4744 805 4784 non
833 4730 1070 4800 seipsum
1116 4731 1465 4800 gloriﬁcavit,
1505 4742 1562 4787 ut
1604 4733 1819 4803 eloquia
1872 4735 2052 4800 aiunt,

478 4817 576 4873 sed
598 4818 691 4888 qui
712 4816 921 4876 locutus
944 4828 1027 4876 est
1046 4821 1112 4876 ad
1145 4836 1266 4876 eum
1296 4840 1310 4876 :
1344 4822 1421 4876 Tu
1442 4822 1686 4877 sacerdos
1708 4824 1764 4876 in
1790 4833 2057 4877 aeternum

480 4908 768 4964 secundum
813 4912 1049 4969 ordinem
1098 4911 1474 4971 Melchisedech
1502 4927 1551 4969 ο.
1579 4913 1806 4985 Propter
1835 4916 1975 4985 quod
2007 4924 2062 4970 ct

480 5001 599 5074 ipse
624 5001 682 5059 in
710 5005 1099 5063 sacerdotalem
1124 5008 1642 5064 consummationem
1671 5009 1877 5063 ducens
1903 5007 2061 5064 disci-

478 5093 660 5169 pulos,
707 5104 764 5154 et
817 5099 1036 5170 quidem
1081 5099 1385 5156 subsistens
1424 5108 1485 5154 ut
1530 5100 1669 5155 Deus
1717 5098 2065 5168 perfectionis

480 5187 755 5261 princeps,
776 5197 955 5246 tamen
986 5190 1040 5245 in
1068 5189 1470 5246 sanctissimum
1496 5206 1650 5246 suum
1673 5191 1889 5261 Patrem
1911 5201 1967 5247 et
1987 5192 2067 5248 di-

482 5281 667 5340 vinum
687 5280 949 5353 Spiritum
974 5280 1321 5354 perfectionis
1344 5283 1691 5361 principalem
1710 5280 1890 5339 rettilit
1905 5285 2068 5339 ierar-

2085 4517 2137 4576 D

2159 3269 2323 3325 quam
2360 3255 2568 3323 integre
2613 3252 2913 3307 salvantem
2950 3249 2974 3283 ⁸
3009 3247 3397 3306 sacerdotalem
3439 3241 3740 3301 formationi

2161 3342 2697 3400 deiformosissimam
2726 3340 3204 3413 pulchritudinem.

2232 3454 2379 3510 Haec
2414 3454 2594 3525 igitur,
2649 3461 2707 3508 ut
2756 3453 3010 3518 diximus,
3065 3459 3190 3506 sunt
3240 3448 3552 3504 communia
3584 3429 3739 3503 totius

2161 3547 2470 3604 sanctiﬁcae
2490 3544 2994 3602 consummationis.
3013 3542 3270 3599 Summus
3290 3550 3472 3595 autem
3496 3537 3738 3595 sacerdos

2161 3640 2395 3696 discreto
2420 3639 2581 3695 habet
2602 3639 2935 3706 eloquiorum
2962 3650 3125 3706 super
3143 3644 3306 3704 caput
3325 3631 3738 3689 sacratissime)

2162 3727 2667 3799 superpositionem.
2692 3727 2957 3794 Quoniam
2981 3725 3122 3780 enim
3145 3720 3740 3780 consummativatotius

2163 3820 2453 3875 sacerdotii
2487 3819 2660 3873 virtus
2687 3825 2744 3872 et
2774 3816 3057 3886 disciplina
3086 3814 3280 3869 divinis
3315 3812 3543 3867 summis
3569 3823 3745 3866 sacer-

2163 3912 2377 3967 dotibus
2406 3926 2435 3965 a
2464 3910 2644 3964 divina
2673 3914 2905 3964 donatur
2940 3916 2995 3963 et
3016 3904 3364 3979 perfectionis
3382 3901 3626 3973 principe
3652 3899 3746 3955 bno

2163 4002 2354 4066 nitate,
2385 4002 2608 4072 pulchre
2639 4001 2693 4055 in
2726 3999 3039 4055 ierarcbicis
3068 3996 3345 4068 capitibus
3382 4006 3749 4063 superponun-

2163 4099 2252 4148 tur
2280 4092 2390 4147 Deo
2413 4092 2607 4147 tradita
2635 4092 2848 4160 eloquia
2868 4131 2883 4155 ,
2918 4089 3272 4145 continuatitn
3316 4094 3374 4141 et
3412 4082 3750 4153 disciplinam

2165 4180 2589 4237 manifestatoria
2653 4180 2817 4236 totius
2884 4180 3208 4250 Theologiae
3259 4188 3315 4232 et
3371 4174 3650 4246 theurgiae
3695 4184 3752 4228 et

2165 4272 2525 4342 theophaniae
2556 4272 2608 4325 in
2635 4271 2844 4326 ratione
2872 4270 3115 4324 omnium
3164 4267 3470 4322 divinorum
3496 4272 3551 4320 et
3573 4276 3751 4318 sacro-

2162 4377 2282 4418 rum
2319 4378 2543 4433 operum
2568 4371 2622 4417 et
2650 4363 2957 4424 verborum,
2997 4375 3133 4430 quae
3169 4374 3198 4411 a
3234 4354 3477 4412 beneﬁca
3506 4352 3752 4424 tbeurgia

2163 4464 2382 4509 nostrae
2423 4451 2729 4507 lerarchiae
2771 4451 2970 4506 donata
3013 4457 3158 4511 sunt,
3214 4454 3469 4514 tanquam
3501 4440 3751 4499 dcifcrmi

2162 4561 2376 4602 summo
2406 4543 2686 4600 sacerdote
2735 4542 2902 4597 totius
2930 4539 3260 4596 ierarcbicae
3289 4536 3507 4591 virtutis
3545 4533 3753 4602 integre

2162 4636 2540 4707 participante.
2580 4633 2820 4689 omnium
2862 4641 3041 4687 autem
3083 4628 3505 4685 ierarcbicarum
3540 4636 3750 4680 saneta-

2166 4746 2286 4785 rum
2332 4728 2698 4785 laudationum
2728 4736 2782 4783 et
2811 4735 3119 4783 sanctarum
3162 4722 3438 4778 actionum
3490 4732 3673 4773 veram
3698 4726 3753 4771 ct

2168 4824 2279 4879 Deo
2305 4821 2557 4877 traditam
2584 4819 2866 4876 scientiam
2889 4859 2903 4885 ,
2938 4833 3042 4873 non
3074 4815 3379 4871 illuntinato
3403 4819 3623 4869 tantum.
3658 4806 3754 4864 sed

2169 4927 2221 4971 et
2245 4916 2364 4970 aliis
2388 4913 2824 4985 proportionibus
2864 4910 3182 4966 ierarcbicis
3222 4909 3492 4969 tradente,
3515 4911 3568 4958 et
3590 4903 3756 4971 perﬁ—

2169 5009 2348 5063 eiente
2362 5009 2415 5061 in
2431 5005 2782 5062 divinissimis
2808 5002 3050 5059 scientiis
3061 5010 3115 5056 et
3129 4997 3526 5077 sublimissimis
3548 5008 3757 5065 anagn-

2169 5103 2270 5172 gis,
2291 5100 2587 5155 ierarcliice
2600 5098 2758 5153 simul
2780 5097 2961 5152 omnia
2978 5095 3139 5151 totius
3162 5093 3458 5148 lerarchiae
3472 5085 3730 5159 perfectis
3744 5111 3764 5126 -

2169 5193 2325 5247 sima.
2342 5189 2724 5252 Sacerdotibus
2738 5196 2916 5241 autem
2926 5186 3123 5256 pedum
3141 5182 3419 5239 inclinatio
3429 5176 3758 5236 conveniens

2170 5293 2252 5339 est
2267 5284 2405 5338 ultra
2422 5281 2837 5337 ministrativam
2859 5279 3284 5349 dispositionem,
3301 5286 3549 5345 tanquam
3576 5284 3759 5323 unum

1745 5375 2004 5432 VARIAE
2064 5374 2466 5431 LECTIONES.

552 5473 573 5544 ἒ
612 5470 1352 5544 "adferens—praeconium
1371 5483 1480 5525 om.
1508 5467 1622 5536 BH,
1650 5484 1812 5540 supra
1837 5478 1889 5525 et
1922 5470 1974 5523 in
2000 5484 2171 5540 marg.
2199 5471 2376 5543 adscr.
2403 5467 2465 5521 E.
2507 5467 2529 5499 ⁸
2553 5466 2644 5521 ΑΕ
2671 5484 2704 5520 a
2727 5464 2903 5519 divina
2926 5462 3192 5517 electione.
3231 5458 3253 5489 ³
3274 5456 3366 5512 ΑΕ
3390 5453 3628 5522 Propter.
3670 5446 3765 5508 ιθ

486 5542 821 5603 salutantem.

558 5648 587 5724 ὲ
625 5680 767 5738 Psal.
794 5681 939 5744 CIX;
970 5680 1132 5739 Hebr.
1157 5681 1202 5737 v
1228 5698 1243 5747 ;
1274 5681 1406 5737 an.
1439 5679 1599 5739 χχιι.

561 5749 590 5797 δ
626 5749 756 5814 Luc.
785 5752 982 5820 XXIV;
1014 5752 1131 5811 Aet.
1162 5752 1203 5821 1,
1243 5753 1297 5811 ἃ.

2014 5607 2243 5673 NOTAE

2293 5691 2313 5717 ε
2345 5679 2463 5741 Act.
2491 5676 2532 5742 l,
2558 5674 2648 5735 9.4.
