3952 6162
287 278 416 336 “Ol

856 275 1105 335 VERSIO
1141 275 1426 334 OPERUM
1464 274 1523 332 S.
1563 274 1880 334 DIONYSII.
1917 304 1989 317 --
2025 276 2556 334 ECCLESIASTICA
2590 276 2984 335 lEllARCIIlA.

3423 283 3557 340 nos
3602 248 3607 255 ’

282 389 577 449 inclinante
606 387 729 452 illa,
761 395 817 443 et
849 385 954 442 hoc
980 386 1277 443 ierarcliico
1304 388 1589 443 schemate
1613 402 1866 443 consum—
1898 395 1943 452 Α
1976 387 2415 457 templatiouibus
2473 403 2660 444 eorum
2716 398 2772 445 et
2834 389 3325 447 communicatione
3394 395 3551 455 simul

279 487 480 536 mante.
514 477 633 548 Ipsa
660 478 823 547 igitur
852 478 1128 532 inclinatio
1154 478 1419 549 signiﬁcat
1442 470 1741 548 subjectum
1772 493 1864 532 ac-

279 584 491 627 cessum
520 569 849 633 accedentis,
874 567 1163 625 referentis
1190 571 1300 623 Deo
1327 574 1467 638 quod
1494 570 1753 625 divinitus
1777 586 1868 625 ae-

277 661 495 717 cedens.
522 661 787 729 Quuniam
810 675 962 726 vero,
994 670 1053 715 ut
1079 676 1241 731 saepe
1263 662 1518 725 diximus,
1544 671 1654 718 tres
1678 677 1868 718 sacrae

275 752 769 808 consummantium
821 752 1201 823 dispositiones
1244 762 1470 824 propter
1501 763 1608 809 tres
1637 756 1868 810 sanctis-

274 843 443 898 simas
472 842 660 896 teletas
683 849 738 897 et
782 843 1009 897 virtutes
1037 843 1390 912 supersedent
1419 843 1590 899 tribus
1614 859 1866 899 consum-

272 932 596 988 mandorum
637 931 945 996 ordinibus,
976 940 1032 986 et
1058 933 1160 986 sub
1187 932 1370 986 divina
1393 932 1522 1002 juga
1570 933 1863 987 salutarem

271 1041 463 1081 eorum
504 1024 817 1081 sacriﬁcant
870 1039 1147 1078 accessum
1181 1041 1194 1076 :
1225 1031 1347 1094 apte
1369 1023 1726 1079 ministrativa
1756 1024 1865 1080 dis-

270 1117 473 1189 positio
521 1126 776 1186 tanquam
824 1115 1106 1185 purgativa
1141 1115 1179 1178 ί,
1220 1130 1387 1168 unam
1432 1115 1703 1171 sacriﬁcat
1732 1132 1863 1185 pur-

270 1209 575 1281 gandorum
621 1206 1011 1271 accessionem,
1065 1205 1165 1261 sub
1220 1206 1466 1261 divinum
1514 1222 1632 1262 eam
1671 1221 1862 1276 super-

268 1314 482 1371 ponens
510 1299 703 1363 altare,
734 1307 993 1365 tanquam
1024 1297 1078 1350 in
1124 1296 1241 1366 ipso
1282 1299 1526 1369 purgatis
1552 1298 1747 1353 animis
1772 1313 1867 1352 su-

267 1391 642 1462 permundane
674 1388 892 1445 oblatis.
910 1388 1235 1445 Sacerdotes
1267 1398 1447 1445 autem
1486 1399 1717 1462 utroque
1728 1392 1866 1461 pede

267 1481 555 1546 inclinant,
593 1478 757 1534 veluti
790 1494 821 1533 a
855 1480 971 1535 suis
1002 1494 1158 1534 sacre
1199 1481 1508 1537 accessibus
1538 1496 1644 1537 non
1689 1482 1862 1537 solum

266 1573 564 1637 mundatis,
597 1572 692 1629 sed
718 1580 773 1628 et
802 1572 1318 1629 manifestatissimis
1357 1576 1472 1630 suis
1502 1576 1860 1632 sacriﬁcatio-

266 1664 430 1718 nibus
469 1662 767 1733 anagogice
797 1662 1081 1731 purificata
1103 1663 1238 1729 vita,
1284 1665 1340 1719 in
1382 1666 1859 1736 contemplativum

1970 478 2147 533 omnis
2173 494 2361 534 s-zcrae
2388 479 2626 535 laetitiae
2669 480 2924 552 repletus,
2956 497 3020 537 ac
3047 497 3143 553 per
3185 482 3286 538 hoc
3318 484 3385 539 ad
3419 486 3553 541 divi-

1970 583 2096 621 num
2128 568 2385 623 scientiae
2407 584 2594 623 eorum
2617 570 2976 625 sanctissimis
3000 571 3410 629 ascensionibus
3434 576 3549 631 suis

1968 658 2363 727 virtutibusque
2393 661 2872 729 proportionaliter
2898 661 3167 717 revolans.
3203 662 3358 719 Hunc
3398 681 3500 736 ego
3528 666 3549 699 ⁸

1970 748 2091 802 dico
2120 750 2291 803 sancti
2321 749 2502 819 pepuli
2553 750 2817 817 ordinem,
2877 760 3133 822 tanquam
3184 768 3282 823 per
3336 769 3550 811 omnem

1968 841 2270 895 venientem
2306 842 2703 911 purgationem,
2730 852 2784 898 et
2806 859 2959 899 sacra
2988 844 3548 904 manifestissimarum

1969 933 2264 987 hosdarum
2304 934 2635 1003 inspectione
2659 942 2713 989 et
2756 935 3260 1004 communicatione,
3291 949 3552 1008 quantum

1960 1023 2165 1093 justum
2196 1033 2252 1081 et
2278 1030 2299 1061 τ
2329 1026 2571 1097 dignum.
2599 1025 3062 1083 Perﬁciendorum
3100 1038 3284 1085 autem
3311 1033 3553 1089 omnium

1965 1114 2127 1171 altior
2174 1116 2306 1171 ordo
2332 1117 2720 1172 monachorum
2758 1127 2843 1173 est
2883 1134 3036 1173 sacra
3069 1120 3349 1191 dispositio
3374 1163 3389 1189 ,
3436 1138 3553 1179 om-

1966 1220 2090 1260 nem
2145 1206 2364 1276 quidem
2418 1208 2734 1263 mundatam
2788 1212 3205 1280 purgationem,
3257 1214 3550 1269 universali

1966 1299 2186 1365 virtute,
2213 1308 2267 1354 et
2293 1297 2685 1370 perfectissima
2717 1303 3059 1372 propriarum
3086 1304 3360 1359 actionum
3391 1308 3554 1362 casti-

1967 1398 2117 1456 tate,
2169 1391 2446 1461 omnique,
2520 1399 2940 1463 quantacunque
3004 1392 3088 1449 fas
3148 1396 3238 1463 ei,
3304 1405 3550 1453 contem-

1948 1481 2160 1551 ‘plando
2210 1482 2659 1548 sanctiﬁcatione,
2724 1483 2778 1537 in
2823 1482 3171 1541 iutellectuali
3230 1487 3438 1543 theoria
3497 1498 3551 1545 et

1964 1572 2454 1629 communicatione
2508 1571 2670 1638 facta,
2727 1582 2783 1629 et
2843 1576 3159 1645 pontiﬁcum
3209 1593 3550 1635 consumma-

1966 1665 2090 1721 tivis
2137 1666 2428 1721 virtutibus
2480 1666 2813 1737 mancipata,
2857 1677 2913 1724 et
2957 1669 3156 1725 divinis
3208 1685 3394 1726 eorum
3425 1671 3545 1727 illu-

263 1753 515 1809 habitum
539 1760 596 1808 et
628 1753 881 1808 virtutem
910 1754 1157 1809 sacriﬁce
1184 1759 1566 1812 consummati.
1604 1756 1860 1814 Summus
1892 1748 1935 1807 Β
1963 1754 2350 1811 minationibus
2404 1763 2460 1809 et
2515 1756 2832 1812 ierarcbicis
2900 1759 3282 1816 traditionibus
3335 1761 3545 1825 edocta,

262 1855 449 1900 autem
475 1844 747 1910 sacerdos,
776 1851 1008 1914 utroque
1028 1845 1166 1917 pede
1188 1846 1475 1913 inclinans,
1503 1864 1668 1920 super
1697 1860 1861 1921 caput

263 1936 433 1991 habet
456 1935 566 1991 Deo
602 1934 798 1991 tradita
826 1934 1061 2005 eloquia,
1108 1936 1206 1992 Dei
1256 1938 1623 1994 ministrativa
1658 1941 1860 1995 virtute

260 2036 531 2099 purgante
555 2035 611 2084 et
635 2028 881 2083 sacriﬁea
914 2027 1270 2094 illuminatos,
1298 2030 1365 2085 ad
1391 2032 1756 2102 iuspectorum
1792 2031 1860 2088 ab

261 2120 400 2191 ipsis
435 2134 713 2175 sacrorum
742 2110 1234 2191 ‘proportionuliter
1258 2123 1342 2178 eis
1375 2124 1657 2179 scientiam
1690 2126 1861 2180 ierar-

261 2208 419 2264 cbice
449 2208 673 2275 ducens,
703 2217 759 2264 et
781 2224 880 2280 per
902 2223 1023 2264 eam
1055 2225 1440 2268 consummans
1463 2214 1783 2270 accedentes
1803 2215 1858 2268 in

262 2303 536 2377 integram
567 2302 859 2359 secundum
881 2318 977 2360 eos
1002 2303 1355 2359 oblationem.

801 2413 1202 2471 CAPITULUM
1240 2413 1329 2471 VI.

620 2505 714 2575 De:
741 2506 1174 2576 perﬁciendorum
1214 2505 1502 2587 ordinibus.

340 2596 405 2653 Hi
452 2597 669 2668 quidem
717 2597 1084 2653 saccrdotales
1127 2598 1346 2653 ordines
1407 2607 1463 2654 et
1514 2597 1854 2669 partitiones,

263 2693 603 2762 virtutesque
647 2707 831 2770 eorum
865 2701 920 2747 et
964 2692 1311 2763 operationes
1339 2701 1394 2747 et
1437 2692 1858 2748 consummatio-

260 2802 407 2842 nes:
443 2787 544 2842 sub
586 2787 718 2857 ipsis
778 2795 959 2841 autem
1019 2786 1233 2841 trinitas
1306 2786 1855 2842 consummandorum

260 2880 514 2935 ordinum
577 2879 771 2934 deinde
820 2880 1111 2934 narranda.
1167 2878 1422 2933 Dicamus
1471 2879 1669 2947 igitur,
1727 2879 1855 2950 quia

258 2970 528 3042 purgandi
573 2970 791 3041 quidem
855 2953 981 3024 sunt
1035 2969 1255 3024 ordines
1304 2968 1736 3025 sacriﬁcantibus
1800 2978 1858 3025 et

260 3061 700 3118 ministrantibus
728 3062 1010 3117 distinctae
1040 3060 1432 3127 multitudines,
1478 3076 1708 3131 quarum
1736 3060 1852 3130 jam

260 3153 585 3207 memoriam
612 3151 865 3208 fecimus:
885 3152 1001 3223 ejus
1028 3152 1243 3222 quidem
1274 3160 1531 3223 tanquam
1557 3151 1733 3208 adhuc
1760 3153 1853 3207 ad-

259 3244 692 3300 ministrantium
735 3245 1117 3300 obstetricibus
1142 3243 1369 3313 eloquiis
1416 3245 1484 3298 ad
1515 3244 1732 3299 vitalem
1761 3260 1855 3315 ap-

261 3336 633 3406 probationem
688 3344 743 3390 et
786 3334 1102 3391 formandae
1145 3344 1201 3390 et
1241 3335 1594 3407 ﬁgurandae:
1630 3336 1853 3408 ejusque

260 3428 420 3498 quasi
462 3442 603 3499 quae
631 3429 653 3459 ¹
685 3427 753 3482 ad
784 3427 1047 3494 divinam,
1090 3442 1156 3483 ex
1194 3443 1257 3484 ea
1307 3432 1648 3500 apostatavit,
1688 3430 1853 3486 vitam

262 3518 605 3573 revocandae
650 3517 917 3572 bonorum
967 3516 1304 3587 cloquiorum
1362 3519 1709 3574 conversoria
1758 3522 1853 3576 (ἴοι

261 3609 439 3664 ctrina
467 3626 481 3664 ;
512 3609 738 3679 ejusque
768 3617 1023 3677 tanquam
1055 3609 1233 3664 adhuc
1260 3626 1289 3663 a
1337 3612 1624 3666 contrariis
1658 3613 1855 3666 tumul-

264 3700 410 3754 tibus
449 3699 735 3753 inﬁrmiter
768 3698 1020 3761 timidae,
1074 3709 1127 3754 et
1170 3714 1199 3752 a
1245 3697 1566 3755 facientibus
1598 3702 1850 3757 virtutem

262 3790 497 3860 eloquiis
537 3791 969 3846 corroborandae
1002 3805 1017 3843 :
1051 3789 1271 3860 ejusque
1330 3793 1475 3846 velut
1520 3792 1697 3848 adhuc
1728 3795 1748 3826 ³
1784 3796 1852 3849 ad

263 3895 454 3935 sacras
498 3882 743 3935 actiones
784 3896 849 3935 ex
897 3880 1150 3950 pessimis
1182 3881 1588 3939 traducendac:
1627 3885 1854 3956 ejusque

265 3983 525 4041 tanquam
555 3973 898 4027 transductae
935 3973 1174 4042 quidem,
1205 3974 1440 4029 nondum
1489 3991 1619 4031 vero
1664 3979 1854 4033 castis-

263 4064 403 4117 sime
427 4063 894 4117 conversationem
940 4065 993 4118 in
1040 4065 1399 4121 divinioribus
1447 4065 1854 4124 habitudinibns

264 4164 319 4210 et
356 4152 783 4209 immutabilibus
812 4153 1080 4209 habentis.
1112 4155 1205 4209 Isti
1256 4156 1400 4211 enim
1436 4165 1562 4211 sunt
1588 4158 1853 4228 purgandi

264 4246 485 4301 ordines
521 4245 951 4326 administrativa
999 4248 1441 4304 obstetricatione
1472 4260 1528 4305 et
1570 4252 1852 4322 purgativa

265 4337 488 4391 virtute.
513 4336 623 4393 llos
642 4336 877 4392 ministri
906 4339 1077 4392 sacris
1100 4339 1211 4393 suis
1235 4339 1524 4395 virtutibus
1542 4342 1847 4410 perﬁciunt,

263 4429 333 4486 ad
371 4439 744 4486 consummate
784 4440 1039 4501 purgatos
1083 4447 1176 4487 eos
1210 4432 1642 4489 illuminatricem
1679 4435 1852 4489 mani-

263 4518 684 4576 festissimarum
726 4521 1183 4577 sacriﬁcationum
1230 4525 1739 4594 contemplationem
1796 4534 1853 4581 et

236 4613 812 4668 communicationem
860 4614 1388 4669 transordinandum.
1423 4615 1629 4672 Medius
1668 4626 1845 4672 autem

262 4703 400 4759 ordo
426 4710 512 4757 est
531 4700 557 4733 δ
575 4702 1047 4771 contemplativus,
1077 4711 1131 4757 et
1157 4705 1475 4774 quibusdam
1510 4707 1850 4762 sacerdotum

263 4795 742 4869 proportionaliter
767 4796 820 4850 in
841 4798 987 4851 omni
1017 4796 1253 4867 puritate
1275 4798 1296 4829 ⁸
1318 4799 1747 4866 communicans,
1768 4814 1851 4855 sa-

264 4888 576 4947 cerdotibus
630 4888 684 4943 in
732 4887 1145 4944 illuminandum
1177 4904 1234 4944 se
1260 4890 1595 4945 distributus.
1640 4890 1849 4944 Etenim

265 4982 754 5048 est,ntae5timo,
799 4981 1044 5055 clarum,
1097 4985 1367 5051 quomodo
1425 4983 1537 5052 ipse
1589 4991 1848 5053 purgatus

263 5074 413 5130 omni
446 5074 719 5129 immunda
752 5074 982 5141 macula,
1012 5083 1066 5128 et
1091 5073 1454 5129 castissimum
1487 5074 1692 5130 habens
1725 5088 1852 5143 pro-

268 5166 371 5237 prii
416 5166 584 5221 animi
642 5166 979 5222 immutabile
1016 5167 1468 5247 fundamentum,
1508 5168 1563 5222 in
1618 5177 1855 5224 contem-

268 5259 528 5328 plativum
558 5257 801 5316 habitum
829 5270 883 5317 et
920 5262 1175 5316 virtutem
1228 5262 1474 5317 sacriﬁce
1512 5261 1747 5325 transit,
1799 5267 1855 5315 et

268 5352 635 5407 communicat
683 5366 784 5424 per
816 5367 873 5407 se
920 5353 1271 5408 divinissimis
1320 5352 1576 5425 symbolis
1614 5352 1668 5407 in
1723 5367 1855 5407 con-

1964 1848 2318 1903 considerans
2366 1861 2466 1917 per
2495 1862 2554 1902 se
2608 1862 2888 1902 sacrarum
2937 1849 3235 1905 hostiarum
3278 1849 3552 1908 sacriﬁca-

1968 1941 2163 2005 tiones,
2194 1949 2248 1995 et
2276 1955 2309 1995 a
2339 1954 2493 1996 sacra
2527 1955 2715 1996 earum
2744 1942 2969 1997 scicntia
2996 1944 3472 2013 proportionaliter
3495 1944 3548 1999 in

1963 2034 2549 2089 consummatissimam
2572 2035 2870 2090 ascendens
2895 2038 3431 2093 consummationem.
3463 2039 3549 2093 ln-

1964 2125 2031 2181 de
2080 2126 2248 2180 divini
2283 2126 2449 2182 duces
2475 2127 2646 2183 nostri
2673 2127 3133 2185 nominationibus
3158 2143 3252 2185 eos
3274 2131 3446 2187 sacris
3470 2131 3549 2186 di-

1961 2220 2110 2290 gnati
2153 2228 2299 2284 sunt,
2348 2219 2440 2275 alii
2492 2220 2708 2290 quidem
2756 2221 3140 2290 therapeutas,
3193 2222 3332 2277 alii8
3364 2234 3546 2278 autem

1962 2310 2258 2363 monachos
2287 2309 2648 2374 nominantes,
2678 2323 2743 2365 ex
2773 2308 2867 2363 Dei
2894 2324 3033 2380 puro
3058 2300 3363 2369 ministerio
3389 2319 3444 2366 et
3470 2310 3548 2366 fa-

1962 2399 2190 2467 mulatu,
2222 2408 2279 2456 et
2305 2417 2411 2456 non
2440 2402 2639 2470 partita
2687 2411 2743 2456 et
2781 2402 3041 2473 singulari
3089 2402 3199 2457 vita
3223 2443 3238 2468 ,
3291 2412 3546 2473 tanquam

1959 2492 2259 2559 uniltcante
2320 2507 2415 2548 eos
2457 2492 2478 2524 °
2527 2492 2581 2547 in
2641 2492 3026 2562 separabilium
3087 2494 3258 2549 sacris
3320 2494 3551 2564 compli—

1959 2583 2268 2639 catiouibus
2333 2582 2389 2637 in
2445 2582 2766 2638 deiformem
2843 2583 3145 2650 unitatem,
3193 2591 3248 2638 et
3314 2583 3543 2638 amicam

1957 2673 2070 2729 Deo
2149 2672 2687 2729 consummationem.
2760 2671 2988 2743 Propter
3062 2674 3207 2743 quod
3281 2682 3336 2728 et
3417 2689 3549 2729 con-

1958 2765 2337 2821 summativam
2376 2764 2458 2819 eis
2503 2756 2724 2819 doﬁavit
2768 2764 2999 2835 gratiam
3047 2779 3200 2819 sacra
3231 2764 3500 2837 legislatio
3527 2806 3541 2829 ,

1957 2864 2012 2912 et
2051 2855 2285 2925 quadam
2353 2869 2449 2910 eos
2508 2854 2726 2925 dignata
2774 2862 2859 2909 est
2895 2855 3268 2910 consecrativa
3325 2855 3543 2909 invoca-

1955 2947 2122 3013 tione,
2156 2961 2262 3001 non
2289 2934 2592 3001 ierarcbica
2622 2959 2638 2998 :
2664 2944 2752 2999 illa
2778 2945 2922 3000 enim
2947 2944 3001 2999 in
3030 2945 3073 2976 ιο
3094 2944 3226 2999 solis
3251 2944 3311 3000 ﬁt
3336 2945 3537 2999 sancti-

1956 3036 2075 3092 licis
2104 3036 2406 3102 ordinibus,
2436 3036 2530 3092 sed
2564 3036 2959 3091 sanetiﬁcativa
2985 3051 3016 3091 a
3047 3036 3251 3091 sanctis
3292 3036 3545 3091 sacerdo-

1880 3110 2102 3227 C.tibus
2125 3126 2431 3183 lerarchica
2454 3125 2786 3197 perfectione
2822 3125 3063 3182 secundo
3100 3124 3457 3181 sanctiﬁcata.

2158 3238 2468 3310 Mysterium
2495 3239 2832 3294 monachicae
2860 3239 3344 3294 consummationis.

2029 3330 2294 3387 Sacerdos
2338 3330 2555 3400 quidem
2578 3338 2687 3384 stat
2711 3330 2765 3383 in
2816 3338 3110 3400 conspectu
3140 3329 3305 3384 divini
3332 3329 3541 3395 altaris,

1957 3420 2331 3477 monachicam
2363 3421 2759 3474 invocationem
2790 3420 3045 3492 psallens.
3076 3422 3543 3480 Consummandus

1958 3524 2141 3568 autem
2173 3521 2318 3567 retro
2340 3510 2679 3567 sacerdotem
2725 3518 2854 3577 stat,
2886 3527 2995 3567 non
3042 3521 3273 3584 utroque
3303 3515 3436 3584 pede
3459 3516 3543 3569 in-

1957 3603 2187 3669 clinans,
2218 3618 2327 3658 non
2354 3619 2461 3657 uno
2488 3604 2650 3673 pede,
2685 3617 2793 3657 non
2825 3618 2989 3674 supra
3019 3615 3183 3675 caput
3206 3607 3414 3662 habens
3433 3605 3545 3662 Deo

1959 3694 2155 3748 tradita
2217 3692 2472 3763 eloquia:
2527 3701 2734 3746 tantum
2808 3707 2937 3750 vero
2994 3696 3263 3765 sacerdoti
3325 3701 3545 3756 adstans

1955 3784 2204 3854 psallenti
2229 3798 2393 3852 super
2417 3782 2536 3853 ipso
2580 3784 2867 3854 mysticam
2916 3784 3334 3843 invocationem.
3375 3788 3543 3847 Perﬁ-

1957 3881 2109 3935 ciens
2130 3889 2312 3934 autem
2335 3894 2455 3934 eam
2488 3878 2765 3944 sacerdos,
2796 3880 2862 3932 ad
2895 3880 3284 3947 perﬁciendum
3323 3886 3545 3940 veniens

1959 3974 2257 4045 interrogat
2289 3973 2524 4043 primum
2556 3972 2679 4035 hoc,
2721 3972 2767 4026 si
2794 3972 3029 4039 primum
3077 3974 3432 4030 abrenunciat
3463 3978 3544 4029 di-

1957 4067 2089 4123 visis
2118 4048 2221 4120 non
2251 4065 2425 4119 solum
2448 4063 2970 4129 conversationibus,
2995 4063 3087 4118 sed
3118 4073 3172 4118 et
3215 4065 3540 4133 phantasiis.

1957 4159 2159 4214 Deinde
2178 4153 2632 4227 perfectissimam
2652 4168 2775 4209 eum
2791 4154 2955 4209 vitam
2979 4154 3152 4219 docet,
3174 4157 3543 4213 testimonium

1955 4248 2269 4320 perhibens,
2308 4245 2434 4317 quia
2457 4252 2671 4314 oportet
2695 4245 2870 4300 media
2920 4259 3044 4300 eum
3070 4246 3107 4277 “
3139 4246 3541 4315 superadstare.

1959 4339 2104 4394 llaec
2126 4348 2307 4394 autem
2340 4336 2523 4392 omnia
2560 4336 2876 4406 perﬁciente
2924 4336 3184 4391 intentius
3229 4336 3538 4403 conﬁtente,

1956 4429 2269 4488 cruciformi
2332 4428 2690 4484 similitudine
2756 4428 3002 4497 signatus
3053 4428 3226 4499 ipsum
3283 4430 3540 4486 sacerdos

1960 4524 2157 4585 tondet,
2189 4523 2387 4577 trinam
2424 4520 2641 4575 divinae
2687 4518 3043 4574 beatitudinis
3096 4520 3357 4577 invocans
3412 4523 3540 4579 sub-

1956 4614 2234 4675 stantiam,
2263 4621 2319 4667 et
2340 4620 2548 4667 vestem
2572 4625 2789 4665 omnem
2820 4624 3044 4675 exuens,
3068 4610 3294 4667 alteram
3342 4614 3535 4681 induit,

1954 4710 2010 4757 et
2033 4718 2154 4757 cum
2181 4701 2301 4756 aliis
2322 4700 2745 4756 sacerdotalibus
2763 4698 2805 4730 ¹²
2821 4700 3295 4773 viris,'quicunquc
3319 4704 3537 4773 adsunt,

1957 4795 2202 4853 salutans
2231 4811 2378 4862 enin,
2404 4795 2609 4850 socium
2638 4791 2850 4863 perﬁcit
2875 4795 3312 4853 thearchicorum
3338 4807 3539 4869 myste-

1958 4892 2181 4946 riorum.

2627 4982 2872 5038 Tlteoria.

2030 5076 2184 5144 Quod
2220 5091 2392 5146 neque
2412 5076 2638 5146 pedibus
2666 5077 2950 5145 inclinare,
2978 5093 3155 5150 neque
3186 5096 3347 5149 super
3376 5088 3538 5147 caput

1960 5170 2161 5225 habere
2182 5168 2293 5222 Deo
2322 5168 2521 5222 tradita
2546 5167 2783 5237 eloquia,
2810 5170 3029 5225 adstare
3055 5178 3237 5223 autem
3268 5170 3537 5223 sacerdoti

1960 5256 2358 5314 invocationem
2395 5256 2671 5327 psallenti,
2700 5258 2943 5314 declarat
2991 5258 3367 5313 monachicum
3399 5257 3542 5311 ordi-

1961 5367 2084 5406 nem
2120 5365 2224 5404 non
2251 5363 2370 5405 esse
2392 5350 2689 5421 praelatum
2713 5350 2852 5419 aliis,
2876 5350 2970 5407 sed
2998 5351 3050 5405 in
3097 5350 3277 5418 seipse
3304 5357 3535 5405 stantem

1573 5462 1826 5518 VARIAE
1863 5457 2263 5518 LECTIONES.

349 5574 656 5655 ‘dispositio
676 5585 923 5655 tanquam
944 5579 1217 5655 purgativa
1247 5592 1356 5655 om:
1383 5575 1537 5631 BEH.
1614 5587 1800 5655 {quae
1833 5591 1942 5630 om.
1964 5573 2284 5655 Antid-quin.
2364 5573 2383 5603 ³
2405 5574 2576 5655 adhuc
2600 5590 2708 5655 om_.
2740 5572 2849 5625 ΒΗ.
2928 5570 2950 5603 ⁸
2969 5583 3049 5655 est
3075 5587 3193 5655 ent;
3221 5572 3325 5654 illi.
3404 5574 3425 5604 ⁵

272 5642 326 5714 in
371 5642 599 5714 puritate
621 5648 781 5700 onmi.

893 5656 914 5687 ⁸
952 5650 1064 5703 A‘E
1092 5666 1231 5717 ergo.

280 5713 319 5747 “
350 5713 444 5771 ΑΕ
479 5731 597 5770 eum
626 5717 817 5771 media.

899 5719 940 5749 ¹¹
973 5721 1062 5773 ΑΕ
1092 5718 1466 5773 sacerdotibus.

1336 5648 1353 5679 ⁷
1395 5658 1441 5700 et
1488 5662 1595 5701 om.
1628 5648 1704 5712 A;
1738 5646 1897 5701 Erat.

1997 5646 2017 5677 ⁸
2055 5644 2141 5698 Bll
2169 5644 2563 5697 alios-alius.
2676 5646 2695 5676 ’
2733 5658 2818 5695 eos
2869 5656 2978 5698 om.
3011 5642 3052 5696 E
3152 5644 3193 5674 ¹⁰
3232 5645 3285 5697 in
3315 5658 3423 5699 om.
3478 5646 3537 5698 ἢ
