3936 6160
399 254 539 311 1103

1774 262 2056 327 JOANNIS
2091 264 2285 324 SCOTI

3512 268 3701 328 HO!

390 373 447 428 in
483 371 740 442 singulari
762 379 814 427 et
848 387 1003 427 sacra
1032 372 1288 439 statione,
1338 374 1702 432 saecrdotales
1737 388 1971 448 sequen-
1997 382 2050 459 Α
2076 381 2368 437 minativus
2392 399 2406 436 :
2431 384 2898 439 consummativus
2922 382 3210 440 deiformes
3240 381 3431 440 summi
3466 399 3703 441 sacer-

392 475 505 519 tem
547 461 786 526 ordines,
818 469 1023 516 etcum
1050 461 1183 532 ipsis
1210 470 1463 533 tanquam
1490 479 1910 536 consequentexn
1949 469 1965 500 ι

386 554 450 606 in
483 551 717 606 divinam
746 567 842 622 per
865 566 926 606 se
953 536 1235 607 sacrorum
1267 553 1550 608 scientiam
1574 553 1712 609 bene
1738 557 1966 612 credens

392 640 795 695 ascendentem.
834 641 1055 696 Partitis
1084 651 1263 698 autem
1303 658 1412 698 non
1447 643 1621 699 solum
1676 660 1966 702 conversa-

392 729 647 794 tionibus,
672 730 765 785 sed
793 731 957 786 etiam
985 740 1040 787 et
1064 733 1365 802 phantasiis
1391 734 1805 793 abrenunciatio
1836 753 1966 793 con-

388 821 864 876 summatissimum
937 823 1206 893 signiﬁcat
1276 826 1662 883 monachorum
1728 829 1966 900 philoso-

386 909 588 980 phiam,
613 910 667 965 in
706 913 933 967 scientia
972 905 1343 970 unilicantium
1390 917 1697 973 mandatum
1736 934 1966 990 operan-

388 1009 515 1055 tem.
542 1000 635 1056 Est
665 1003 829 1068 enim,
860 1012 919 1058 ut
945 1004 1201 1071 diximus,
1229 1022 1334 1063 non
1360 1007 1569 1064 mediae
1608 1009 1963 1078 perﬁciendo-

388 1105 507 1143 rum
549 1090 821 1161 ordinum,
871 1095 965 1151 sed
990 1095 1232 1151 omnium
1273 1097 1503 1153 altioris.
1548 1099 1776 1171 Propter
1817 1103 1962 1174 quod

383 1193 437 1238 et
459 1183 624 1238 multa
677 1185 732 1241 in
776 1187 955 1243 media
996 1189 1337 1247 ordinatione
1390 1192 1683 1249 indiscrete
1732 1210 1962 1268 cnergu-

384 1275 559 1330 menis
616 1275 938 1346 ignorantur
1009 1279 1169 1334 modo
1235 1281 1513 1351 quodam”
1544 1284 1961 1355 asingularibus

384 1367 685 1433 monachis,
705 1376 960 1439 tanquam
981 1371 1049 1425 ad
1067 1386 1233 1426 unum
1254 1373 1334 1428 sic
1353 1374 1674 1433 debentibus
1689 1378 1956 1446 uniﬁcari,

382 1467 437 1511 et
465 1457 531 1513 ad
562 1457 801 1514 divinam
851 1461 1117 1516 unitatem
1173 1467 1516 1536 congregari,
1539 1477 1596 1523 et
1625 1472 1694 1527 ad
1718 1469 1960 1525 sanctiﬁ-

384 1567 528 1617 cam,
566 1562 626 1606 ut
641 1553 845 1623 justum
878 1563 983 1621 est,
1012 1554 1294 1612 reformari
1328 1560 1517 1627 vitam,
1565 1561 1729 1616 veluti
1760 1577 1956 1633 cogna-

382 1643 583 1698 tionem
606 1643 720 1714 ejus
760 1645 1055 1702 habentem
1082 1647 1135 1702 in
1166 1650 1371 1717 multis,
1418 1662 1473 1707 et
1525 1655 1697 1726 magis
1730 1655 1781 1710 ei
1813 1657 1955 1712 ultra

2074 472 2249 526 dotes.
2293 470 2611 543 Purgandus
2631 480 2654 513 ³
2679 486 2807 526 vero
2845 471 2980 528 ordo
3001 486 3188 528 sacrae
3212 474 3569 543 inspectionis
3620 484 3703 530 et

2067 562 2464 617 communionis
2485 562 2777 632 particeps,
2807 571 3070 632 quantum
3094 561 3273 617 adhuc
3284 562 3692 633 purgandus‘.

2065 650 2521 722 Contemplativus
2547 651 2679 706 ordo
2708 666 2866 707 sacer
2889 652 3133 722 populus.
3182 652 3697 711 Consummandus

2065 750 2245 796 autem
2295 741 2430 797 ordo
2475 741 2834 797 adunatorum
2890 743 3297 797 monachorum.
3353 741 3445 798 Sic
3497 744 3691 798 enim

2065 830 2358 886 secundum
2382 846 2479 886 nos
2497 831 2791 895 lerarcbia,
2814 831 2923 886 Deo
2948 832 3161 886 traditis
3182 832 3457 888 ordinibus
3482 848 3685 889 sacre

2063 918 2323 981 disposita
2358 919 2680 975 caelestibus
2700 920 2985 975 lerarcbiis
3004 921 3293 977 conformis
3304 932 3403 986 est,
3427 924 3691 978 divinae

2063 1009 2383 1066 imitationis
2436 1026 2588 1075 suae,
2621 1019 2880 1079 quantum
2931 1011 2984 1065 in
3016 1012 3166 1077 viris,
3196 1013 3410 1068 salvans
3438 1012 3685 1068 deifor-

2061 1114 2178 1155 mes
2197 1102 2560 1156 characteres.
2586 1100 2693 1156 Sed
2712 1101 2865 1164 dicis.
2883 1103 3007 1172 quia
3023 1102 3341 1158 caelestibus
3358 1103 3686 1159 lerarchiis

2060 1189 2256 1246 desunt
2287 1193 2509 1248 omnino
2536 1193 2799 1263 purgandi
2840 1193 3060 1249 ordines
3091 1211 3106 1246 :
3139 1209 3243 1248 non
3268 1194 3405 1249 enim
3426 1193 3677 1263 justum

2059 1295 2237 1350 neque
2292 1297 2479 1336 verum
2559 1282 2762 1346 dicere,
2832 1289 3086 1352 tanquam
3138 1282 3311 1337 adhuc
3366 1284 3677 1353 quaedam

2058 1371 2308 1428 caelestis
2340 1370 2622 1442 dispositio
2649 1372 2996 1444 sit'polluta.
3014 1371 3129 1442 Ego
3149 1372 3489 1441 autem,quia
3515 1374 3674 1442 qui-

2058 1461 2178 1517 dem
2202 1461 2533 1518 immaculati
2566 1462 2957 1535 perfectissime
2986 1469 3141 1526 sunt,
3173 1470 3229 1517 et
3273 1462 3671 1518 castissimum

2057 1553 2491 1624 supermundane
2506 1553 2724 1620 habent,
2734 1553 2978 1609 conﬁteri
2995 1568 3080 1608 me
3089 1553 3327 1619 omnino,
3341 1553 3383 1608 si
3396 1568 3507 1607 non
3521 1567 3673 1608 om-

2059 1643 2189 1697 nino
2202 1642 2384 1698 recido
2404 1643 2773 1699 sacratissimo
2793 1643 3090 1699 intellectu.
3115 1642 3173 1698 Si
3187 1644 3326 1698 enim
3341 1643 3540 1713 aliquis
3559 1659 3672 1699 eo-

380 1736 615 1807 reliquas
642 1741 1189 1797 consummandorum
1227 1744 1599 1802 ordinationes
1640 1748 1951 1818 proximam

2065 1748 2257 1800 rum,a
2273 1734 2480 1793 malitia
2506 1744 2775 1807 receptus,
2800 1735 3019 1792 caelesti
3036 1737 3252 1807 quidem
3276 1744 3331 1791 et
3352 1735 3667 1791 inconfusa

379 1841 509 1885 tem.
563 1830 919 1889 Crucil‘ormis
958 1844 1141 1889 autem
1182 1836 1553 1896 similitudinis
1593 1840 1958 1912 signaculum,

376 1920 513 1975 sicut
530 1918 643 1989 jam
668 1936 696 1974 a
721 1922 877 1978 nobis
900 1923 1102 1978 dictum
1129 1934 1233 1991 est,
1271 1926 1511 1982 declarat
1531 1930 1776 1990 omnium
1798 1930 1960 1986 simul

374 2010 677 2065 carnalium
742 2011 1134 2067 desideriorum
1194 1998 1656 2074 interdictionem.
1713 2017 1957 2074 Crinium

377 2115 508 2156 vero
531 2111 750 2156 tonsura
783 2101 1056 2174 signiﬁcat
1083 2104 1336 2159 mundam
1368 2106 1581 2161 Domini
1608 2120 1717 2162 non
1754 2107 1955 2179 ﬁgura-

379 2198 490 2244 tam
530 2189 723 2257 vitam,
762 2205 869 2245 non
909 2190 962 2245 in
1006 2190 1149 2247 ﬁctis
1194 2192 1381 2264 ﬁguris
1435 2194 1603 2249 animi
1649 2193 1955 2252 libertatem

374 2281 717 2352 superposite
765 2280 1056 2349 meantem,
1126 2283 1222 2339 sed
1282 2283 1457 2356 ipsam
1506 2284 1564 2339 in
1605 2286 1781 2357 seipsa
1848 2302 1955 2343 non

374 2371 629 2427 immanis
684 2371 1199 2443 pulchritudinibus,
1227 2374 1321 2431 sed
1372 2375 1693 2432 coadunatis
1737 2386 1794 2433 et
1841 2393 1956 2434 mo-

372 2462 564 2517 nachis
582 2462 637 2518 in
660 2461 1200 2520 deiformosissimum
1226 2465 1525 2521 reductam.
1548 2466 1753 2524 Prioris
1771 2479 1952 2525 autem

368 2552 685 2608 vestimenti
713 2551 983 2624 expulsio,
1004 2562 1061 2608 et
1079 2552 1303 2611 alterius
1348 2558 1669 2627 assumptio,
1698 2573 1731 2613 a
1775 2559 1950 2615 media

368 2658 527 2699 sacra
606 2643 716 2699 vita
786 2645 840 2698 in
906 2644 1323 2714 perfectiorem,
1393 2649 1946 2706 transordinationem

367 2734 659 2806 signiﬁcat,
729 2735 870 2790 sicut
918 2735 975 2790 in
1030 2752 1184 2792 sacra
1233 2737 1582 2810 theogenesia
1635 2740 1950 2797 vestimenti

369 2824 602 2880 mutatio
630 2823 939 2881 declarabat
967 2836 1311 2899 repurgatam
1342 2828 1509 2884 vitam
1540 2830 1595 2886 in
1620 2833 1948 2904 contempla-

370 2912 545 2968 tivum
588 2923 646 2970 et
688 2913 1108 2971 illuminativum
1168 2917 1410 2973 habitum
1452 2921 1857 2979 ascendentem.
1889 2922 1947 2980 Si

367 3010 549 3057 autem
610 3010 666 3058 et
731 3019 876 3060 nunc
940 3008 1216 3085 sacerdos,
1267 3014 1322 3063 et
1359 3022 1570 3076 omnes,
1637 3012 1947 3083 quicunque

2063 1825 2261 1880 cecidit
2278 1825 2585 1883 divinorum
2608 1827 2912 1883 animorum
2941 1827 3247 1894 harmonia,
3269 1828 3322 1883 in
3342 1830 3667 1885 obscurum

2058 1915 2480 1983 apostaticarum
2510 1915 2914 1972 multitudinum
2935 1927 3155 1974 evectus
3184 1927 3266 1973 est
3288 1934 3494 1973 casum.
3528 1918 3663 1975 Sed

2056 2010 2141 2057 est
2160 2006 2182 2037 ⁸
2212 2004 2495 2060 dicendum
2521 2006 2843 2063 mirabiliter
2866 2007 2921 2062 in
2948 2007 3169 2063 caelesti
3190 2007 3480 2073 lerarebia,
3508 2011 3659 2078 quia

2055 2094 2306 2166 purgatio
2356 2095 2413 2150 in
2465 2096 2723 2168 subjectis
2789 2099 3042 2155 essentiis
3093 2114 3125 2152 a
3166 2098 3279 2154 Deo
3319 2108 3596 2170 quantum
3630 2104 3655 2133 ⁷

2055 2183 2359 2254 ignotorum
2383 2184 2723 2254 illuminatio,
2749 2188 2801 2242 in
2825 2187 3206 2259 perfectiorem
3228 2205 3321 2246 eas
3343 2192 3649 2246 scientiam

2054 2272 2259 2329 ducens
2289 2274 2719 2331 thearchicarum
2760 2277 3150 2348 cognitionum,
3187 2287 3241 2334 et
3274 2279 3651 2350 ignorantiam

2055 2376 2264 2428 eorum,
2287 2378 2515 2434 quorum
2542 2365 2777 2421 nondum
2807 2364 3089 2421 scientiam
3122 2365 3410 2433 habebant,
3446 2375 3653 2439 utpote

2054 2468 2291 2525 purgans
2317 2469 2415 2526 per
2440 2455 2642 2526 primas
2666 2465 2722 2510 ct
2745 2456 3036 2512 diviniores
3064 2458 3344 2523 essentias,
3376 2459 3650 2515 reductas

2052 2543 2109 2600 in
2139 2545 2446 2616 superiores
2473 2545 2778 2601 divinarum
2809 2546 3322 2618 contemplationum
3353 2557 3407 2602 et
3449 2550 3649 2603 maui-

2051 2634 2303 2692 festiores
2330 2636 2629 2693 claritates.
2670 2637 2761 2694 Sic
2785 2647 2842 2693 et
2870 2638 3207 2694 illuminandi
3238 2639 3455 2694 ordines
3501 2652 3647 2695 sunt

2051 2735 2108 2781 et
2141 2727 2572 2795 consummandi,
2627 2738 2683 2784 et
2729 2729 3019 2801 purgativi,
3069 2738 3123 2784 et
3173 2729 3539 2795 illuminativi,
3580 2740 3649 2785 et

2051 2820 2468 2877 consummativi
2537 2822 2833 2877 secundum
2906 2821 3194 2877 caelestem
3278 2820 3645 2887 lerarcbiam,

2054 2917 2306 2979 tanquam
2355 2907 2825 2966 execllentiSsiniis
2865 2918 2920 2966 et
2967 2910 3320 2967 divinissimis
3371 2911 3647 2966 cssentiis

2048 3001 2334 3058 inferiores
2405 3017 2592 3059 sacras
2648 3011 2705 3058 et
2753 2990 3013 3059 caelestes
3068 3002 3447 3072 dispositiones
3503 3017 3641 3057 cum

366 3092 584 3156 adsunt,
654 3094 830 3149 sancti
877 3078 1313 3153 consummatum
1369 3077 1673 3167 salutant;
1701 3077 1943 3160 sanctam

2054 3092 2195 3147 onlni
2243 3092 2497 3147 castitate
2546 3092 2900 3163 purgantibus
2925 3093 2978 3146 in
3008 3093 3289 3147 ordinibus
3320 3100 3373 3146 et
3398 3106 3639 3162 propor-

366 3183 711 3252 deil‘ormium
742 3186 978 3260 intellige
1004 3188 1341 3255 societatem,
1383 3192 1613 3249 caritate
1638 3193 1691 3249 in
1732 3186 1961 3251 laetitia'

365 3275 547 3337 divina
600 3277 1030 3335 condelectatam
1078 3281 1181 3336 sibi
1239 3281 1495 3338 invicem.
1553 3284 1610 3339 In
1659 3285 1768 3341 ﬁne
1815 3301 1946 3342 vero

364 3366 607 3426 omnium
647 3368 906 3424 sacerdos
969 3370 1024 3424 in
1077 3370 1450 3428 thearchicam
1508 3376 1943 3433 communionem

363 3465 526 3512 vocat
570 3466 1029 3525 consummatum,
1089 3460 1405 3532 signiﬁcans
1437 3477 1612 3527 sacre,
1668 3467 1945 3535 quomodo

364 3546 655 3618 perfectus,
688 3549 731 3603 si
762 3563 886 3606 vere
914 3550 969 3605 in
1001 3552 1373 3608 monachicam
1398 3554 1547 3609 venit
1570 3565 1626 3610 et
1656 3555 1708 3611 in
1743 3560 1946 3613 coadu-

364 3648 549 3694 natam
582 3654 884 3711 anagogen,
920 3656 1026 3696 non
1056 3643 1450 3712 contemplator
1478 3645 1820 3703 solummodo
1843 3650 1946 3704 crit

365 3726 660 3787 secundum
691 3743 751 3783 se
783 3742 1084 3795 sacrorum,
1128 3745 1303 3802 neque
1332 3731 1489 3801 juxta
1526 3736 1764 3791 medium
1799 3738 1947 3794 ordi-

362 3835 488 3876 nem
518 3819 573 3880 in
603 3821 1035 3879 communionem
1064 3823 1246 3879 veniet
1272 3826 1768 3883 sacratissimorum
1801 3844 1948 3899 sym-

361 3912 632 3979 bolarum,
699 3915 793 3969 sed
862 3930 987 3970 cum
1016 3915 1198 3971 divina
1267 3931 1298 3971 a
1365 3932 1426 3973 se
1489 3918 1941 3989 participatorum

364 4020 647 4065 sacrorum
665 4006 894 4065 scientia
920 4006 1091 4063 altero
1115 4008 1275 4065 modo
1296 4023 1458 4079 supra
1492 4024 1705 4065 sacram
1729 4011 1941 4080 plebem

363 4100 419 4155 in
450 4097 872 4167 assumptionem
894 4098 1075 4154 veniet
1101 4099 1317 4155 divinae
1347 4101 1765 4157 communionis.
1811 4101 1944 4157 Pro-

362 4196 488 4260 pter
516 4186 660 4259 quod
695 4196 750 4245 et
780 4188 1210 4245 sacerdotalibus
1228 4188 1509 4245 ordinibus
1547 4189 1599 4244 in
1624 4206 1778 4246 sacre
1817 4208 1945 4247 con-

362 4279 703 4337 summativis
752 4280 866 4335 suis
912 4278 1451 4347 sanctiﬁcationibus,
1491 4280 1545 4334 in
1576 4281 1681 4336 line
1708 4283 1940 4338 sanctis-

361 4372 627 4433 simarum
666 4386 888 4429 suarum
937 4370 1291 4437 oblationum,
1317 4371 1693 4427 sanctissimae
1735 4372 1943 4427 Eucha-

2048 3183 2284 3239 tionibus
2332 3181 2644 3261 caelestium
2696 3171 3125 3249 Ierarcbiarum,
3180 3181 3642 3253 implentibusque

2044 3287 2142 3331 eas
2168 3272 2626 3329 divinissimarum
2654 3272 3068 3339 illuminatioue,
3114 3282 3170 3327 ct
3199 3275 3639 3329 consummanti-

2047 3366 2148 3422 bus
2177 3367 2231 3420 in
2272 3366 2613 3421 sanctissima
2669 3365 3105 3421 thearchicarum
3146 3363 3636 3435 intelligentiarum

2047 3455 2291 3511 scientia.
2326 3454 2537 3509 Etenim
2576 3454 2694 3524 jam
2723 3472 2753 3509 a
2778 3456 2931 3510 nobis
2952 3455 3153 3510 dictum
3187 3448 3294 3521 est,
3315 3465 3372 3510 et
3397 3455 3637 3526 eloquiis

2049 3544 2308 3601 divinitus
2335 3556 2700 3619 comparatur,
2733 3561 2840 3601 non
2875 3560 2969 3601 eas
2990 3560 3112 3601 esse
3138 3560 3330 3600 omnes
3360 3546 3630 3602 caelestes

2048 3635 2428 3706 dispositiones
2463 3636 2517 3690 in
2546 3635 2794 3691 omnibus
2818 3639 2991 3691 sacris
3039 3636 3311 3691 deividum
3352 3636 3632 3692 illumina-

2048 3727 2253 3785 tiouum
2313 3725 2576 3792 scientiis,
2614 3725 2708 3780 sed
2762 3740 2828 3780 ex
2883 3724 2995 3781 Deo
3046 3725 3262 3795 quidem
3320 3726 3635 3782 immediate

2046 3817 2268 3889 primas,
2299 3832 2397 3887 per
2426 3816 2545 3871 illas
2571 3816 2821 3871 similiter
2867 3817 3060 3872 iterum
3082 3833 3149 3871 ex
3178 3816 3291 3872 Deo
3330 3818 3634 3889 subiectas,

2045 3896 2521 3977 proportionaliter
2547 3905 2627 3961 eis
2660 3906 2950 3961 illuminari
2973 3906 3448 3965 manifestissimos
3472 3908 3630 3964 Divi-

2048 3997 2237 4054 nitatis
2266 3998 2447 4053 radios
2475 3997 2672 4053 claros.

2563 4127 2961 4187 CAPITULUH
2992 4130 3100 4185 Vll.

2361 4241 2440 4296 De
2464 4242 2791 4313 perﬁciendis
2821 4243 2881 4297 in
2914 4244 3305 4300 dormientibus.

2118 4354 2214 4411 His
2241 4363 2423 4410 autem
2463 4354 2721 4420 deﬁnitis,
2764 4354 3127 4410 necessarium
3160 4355 3342 4411 dicere
3377 4358 3631 4424 aestimo,

362 4461 552 4522 ristiae
613 4461 922 4518 communio
987 4460 1219 4519 traditur
1280 4477 1311 4515 a
1369 4469 1781 4517 consummante
1849 4478 1945 4518 eos

2054 4458 2099 4504 et
2125 4462 2266 4519 quae
2299 4463 2331 4502 a
2380 4447 2536 4503 nobis
2583 4463 2736 4502 sacre
2775 4446 2832 4501 in
2864 4447 3256 4505 dormientibus
3296 4450 3633 4520 perﬁcienda

365 4564 580 4607 summo
654 4550 954 4605 sacerdote.
1038 4549 1155 4604 Non
1231 4550 1450 4617 solum,
1518 4550 1643 4620 quia
1718 4551 1940 4607 divino-

366 4654 488 4693 rum
545 4641 925 4711 mysteriorum
970 4641 1271 4711 assumptio
1317 4640 1737 4713 uniuscujusque
1776 4643 1943 4699 icrar-

366 4727 555 4790 chicae
598 4728 1026 4807 participationis
1075 4737 1161 4785 est
1198 4729 1614 4795 consummatio,
1674 4732 1766 4786 sed
1814 4733 1941 4802 quia

371 4829 428 4876 et
496 4820 608 4890 ipsa
676 4820 1058 4875 communione
1120 4829 1176 4875 et
1239 4821 1575 4877 divinissima
1653 4823 1943 4878 donatione

365 4908 847 4982 proportionaliter
867 4911 946 4966 eis
970 4912 1266 4966 secundum
1291 4927 1723 4982 unamquamque
1753 4927 1942 4968 sacrae

368 5017 557 5063 omnes
577 5001 945 5058 ordinationes
970 5004 1319 5075 participant.
1347 5002 1413 5057 ad
1446 5004 1721 5079 propriam
1749 5019 1936 5060 carum

369 5091 657 5163 positionis
704 5106 982 5164 anagogen
1017 5103 1073 5148 et
1101 5094 1643 5151 consummationem.
1687 5094 1946 5168 Compre-

367 5187 599 5245 bensum
621 5192 699 5240 est
730 5184 896 5256 igitur
920 5200 949 5238 a
980 5186 1154 5250 nobis,
1183 5189 1456 5255 quomodo
1483 5196 1704 5243 sanctae
1726 5189 1942 5258 quidem

371 5278 566 5341 teletae
593 5278 840 5353 purgatio
861 5284 1062 5332 suntet
1092 5276 1411 5337 illuminatio
1437 5289 1493 5334 et
1519 5281 1944 5336 consummatio:

371 5367 605 5423 ministri
655 5374 835 5421 autem
868 5366 1183 5436 purgativus
1232 5369 1366 5422 ordo
1407 5383 1420 5421 :
1468 5371 1776 5425 sacerdotes
1828 5371 1947 5425 illu-

2046 4545 2186 4593 sunt.
2240 4537 2454 4593 Etenim
2519 4552 2694 4608 neque
2738 4538 2840 4591 hoc
2887 4552 3175 4594 commune
3204 4548 3287 4594 est
3325 4543 3533 4597 sanctis
3576 4554 3637 4597 et

2046 4628 2379 4683 immundis:
2408 4627 2504 4684 sed
2531 4629 2670 4683 sicut
2694 4628 2907 4684 diversa
2949 4629 3120 4684 forma
3166 4640 3251 4686 est
3276 4643 3635 4706 utrorumque

2043 4721 2205 4786 vitae,
2239 4720 2319 4775 sic
2344 4730 2399 4775 et
2439 4721 2506 4775 ad
2538 4730 2764 4776 mortem
2791 4722 3091 4788 venientes,
3133 4724 3225 4794 qui
3274 4726 3489 4794 quidem
3542 4742 3633 4781 sa-

2046 4830 2194 4869 cram
2224 4813 2425 4868 habent
2448 4813 2634 4877 vitam,
2667 4813 2719 4867 in
2740 4828 2899 4867 veras
2919 4815 3308 4884 promissiones
3328 4816 3637 4873 divinitatis

2052 4907 2420 4977 respicientes,
2464 4914 2722 4976 tanquam
2751 4906 3032 4961 veritatem
3079 4922 3234 4962 suam
3280 4909 3332 4963 in
3358 4924 3441 4973 ea,
3488 4926 3635 4979 quae

2048 4999 2340 5054 secundum
2372 4998 2538 5066 ipsam
2569 5005 2672 5063 est,
2727 4997 3126 5052 resurrectione
3180 4998 3626 5068 contemplaturi,

2049 5107 2173 5147 eum
2220 5089 2373 5144 ﬁrma
2426 5096 2479 5143 et
2530 5104 2654 5143 vera
2686 5104 2784 5158 spe
2804 5089 2856 5143 in
2888 5088 3097 5143 laetitia
3133 5088 3311 5144 divina
3339 5090 3407 5144 ad
3436 5092 3638 5147 mortis

2010 5176 2017 5182 ’
2049 5195 2316 5237 summum
2361 5177 2603 5240 veniunt,
2634 5177 2783 5233 velut
2809 5179 2875 5233 ad
2909 5177 3069 5235 ﬁnem
3101 5179 3402 5235 divinorum
3446 5190 3639 5236 certa-

2052 5275 2276 5338 minum,
2321 5272 2374 5324 in
2414 5269 2804 5339 perfectissima
2851 5280 2909 5325 et
2949 5286 3055 5326 non
3109 5270 3390 5327 deﬁciente
3416 5272 3530 5325 vita
3577 5284 3639 5329 et

2051 5364 2243 5427 salute,
2262 5375 2400 5431 quae
2419 5360 2712 5417 secundum
2737 5374 2830 5416 eos
2855 5370 3018 5416 erunt
3038 5362 3259 5417 omnino
3274 5359 3505 5417 scientes
3534 5379 3641 5433 per

1674 5479 1923 5537 VARIAE
1961 5473 2355 5539 LECTlONES.

492 5596 698 5664 ordines
728 5626 796 5635 ——
827 5605 1362 5664 consequentemhom.
1396 5591 1435 5644 Β
1466 5592 1528 5645 ll.

376 5663 396 5695 ⁸
420 5665 483 5717 si!
511 5679 615 5717 om.
651 5663 757 5719 ΒΗ.
833 5665 852 5694 ⁸
882 5664 968 5718 ΒΗ
994 5662 1059 5718 et.
1138 5665 1157 5695 ⁷
1180 5662 1270 5717 ΑΕ
1297 5673 1563 5729 tanquam.

1638 5596 1656 5625 ’
1687 5594 1726 5647 Ε
1752 5596 2052 5663 ἱςηονηητργ
2094 5584 2499 5658 ρμιοάαηιηιοάο.
2576 5584 2598 5617 ³
2625 5585 2671 5641 Α
2699 5586 2740 5641 Ε
2770 5584 3056 5663 Purgatus.

3156 5590 3177 5620 ⁸
3206 5588 3293 5641 ΑΕ
3344 5597 3627 5657 purgatas.

3934 5204 3936 5295 l

3933 5340 3936 5444 λ
