3952 6162
274 321 410 379 1105

820 319 1070 379 VERSIO
1108 320 1394 378 OPERUM
1434 320 1489 376 S.
1535 316 1874 376 DIONYSIL
1907 346 1974 359 —-
2009 314 2543 373 ECCLESIASTICA
2580 310 2970 371 lERARClllA.

3399 307 3539 364 “06

266 441 503 493 futuram
532 452 683 491 suam
715 435 1073 493 universalem
1100 437 1569 492 resurrectionem.
1617 434 1847 493 Sanctae
1876 437 1920 495 Α
1952 441 2129 485 autem
2160 430 2439 486 domestici
2469 430 2762 484 secundum
2793 426 3029 483 divinam
3074 424 3458 481 habitationem
3484 436 3541 482 et

266 528 408 583 enim
436 528 666 591 animae,
698 528 764 581 ad
794 542 913 582 eam
951 529 1004 582 in
1036 528 1177 582 mala
1199 528 1493 583 secundum
1521 527 1662 582 hanc
1684 528 1848 580 vitam

265 625 537 687 potentem
569 617 811 670 cadendo
857 619 1268 671 conversionem
1312 631 1416 670 non
1455 617 1751 679 venientes,
1796 615 1851 669 in

263 722 327 762 ea
386 708 581 761 iterum
623 708 971 777 generatione
1014 708 1068 761 in
1116 708 1528 762 conversibilcm
1579 707 1852 762 habebunt

263 795 799 852 deiformosissimam
832 800 1398 854 transordinationem.
1438 799 1632 853 Munda
1670 810 1850 853 autent

262 896 569 943 sanctarum
593 889 892 942 animarum
907 889 1132 959 conjuga
1147 891 1461 945 etcoeuntia
1480 905 1704 959 corpora
1724 904 1852 944 cou-

260 982 464 1050 scripta
523 980 539 1011 '
587 990 639 1036 et
676 981 1085 1035 commilitantia
1130 983 1422 1037 secundum
1470 982 1680 1036 divinas
1725 996 1851 1036 suas

263 1071 663 1135 collocationes,
694 1072 746 1126 in
773 1073 1075 1126 animarum
1108 1072 1531 1127 incommutabili
1553 1072 1849 1127 secundum

260 1161 499 1217 divinam
546 1162 708 1239 vitam
766 1162 1114 1219 fundamento
1158 1164 1519 1233 conrecipient
1578 1164 1850 1233 propriam

262 1254 733 1308 resurrectionem.
752 1252 829 1307 Eo
848 1255 990 1324 quod
1020 1256 1162 1309 enim
1190 1256 1338 1311 unita
1368 1266 1526 1310 erant
1553 1256 1847 1310 secundum

257 1348 407 1401 hanc
437 1346 602 1399 vitam
635 1346 806 1401 sacris
835 1346 1136 1411 animabus,
1184 1347 1326 1402 velut
1364 1348 1603 1402 membra
1644 1345 1847 1401 Christi

257 1435 759 1501 facta,deiformem
786 1448 838 1491 et
867 1436 1350 1506 incorruptibilcm,
1380 1436 1848 1506 immortalemque

257 1538 314 1584 et
336 1530 553 1584 beatam
588 1529 848 1599 recipient
883 1530 1139 1601 quietem.
1184 1531 1241 1585 ln
1271 1531 1355 1586 his
1383 1547 1510 1601 ergo
1536 1540 1847 1585 sanctorum

258 1631 346 1677 est
374 1623 527 1692 quies
558 1623 612 1677 in
634 1622 838 1677 laetitia
874 1632 929 1678 et
958 1624 1277 1679 immutabili
1309 1640 1427 1694 spe,
1457 1624 1511 1677 in
1542 1623 1845 1677 divinorum

257 1713 620 1767 certaminum
684 1700 1006 1784 perventura
1087 1730 1378 1769 summum.
1443 1712 1843 1768 lmmundorum

255 1816 391 1857 vero
416 1801 504 1855 alii
532 1802 749 1872 quidem
783 1804 835 1856 in
869 1820 971 1858 non
1002 1804 1407 1859 subsistentiam
1455 1802 1841 1858 irrationabili-

258 1903 345 1947 ter
371 1894 660 1948 aestimant
699 1893 874 1949 redire
902 1912 916 1947 :
950 1894 1039 1948 alii
1067 1910 1194 1949 vero
1229 1894 1567 1963 corporalem
1596 1893 1841 1949 insemel

256 1984 534 2053 corrumpi
564 1985 899 2052 propriarum
923 1974 1225 2038 animarum
1252 1984 1707 2053 conjugationem,
1735 1983 1846 2037 vel-

257 2085 323 2128 ut
372 2076 766 2144 incompactam
812 2076 892 2129 eis
940 2076 1259 2131 existentem
1308 2072 1627 2131 deiformem
1678 2075 1845 2128 vitam

255 2175 314 2217 et
340 2165 548 2218 beatam
576 2165 837 2234 quietem,
874 2180 979 2219 non
1011 2164 1395 2235 intelligentes,
1436 2181 1609 2236 neque
1634 2165 1764 2219 satis
1791 2165 1844 2219 in

257 2256 444 2309 divina
474 2255 699 2310 scicntia
732 2255 953 2319 eruditi,
987 2255 1376 2310 inchoaverunt
1402 2255 1511 2325 jam
1550 2254 1845 2310 secundum

255 2360 361 2399 nos
388 2344 440 2397 in
476 2343 693 2399 Christo
721 2342 1254 2399 deiformosissimam
1281 2346 1470 2398 vitam.
1522 2344 1627 2398 Alii
1668 2353 1848 2398 autem

260 2449 551 2504 corporum
584 2433 812 2488 aliorum
846 2433 1178 2489 distribuunt
1203 2430 1486 2488 animabus
1519 2433 1852 2504 coniugatio-

254 2541 377 2589 nes,
420 2523 617 2592 injuste
649 2533 889 2595 agentes,
919 2525 1022 2579 hoc
1049 2524 1104 2578 in
1137 2523 1290 2593 ipsis,
1319 2533 1380 2578 ut
1400 2524 1648 2589 aestimo,
1675 2526 1851 2593 suspi-

258 2625 451 2671 cantes
505 2614 702 2671 divinis
746 2609 1049 2679 animabus,
1094 2626 1148 2669 et
1197 2615 1367 2669 sacris
1404 2615 1853 2669 retributionibus

256 2723 369 2761 non
398 2713 543 2760 recte
575 2705 852 2775 privantes
896 2705 963 2759 ad
1005 2705 1164 2760 ﬁnem
1203 2705 1469 2760 venientia
1497 2705 1855 2761 divinissimo-

256 2816 382 2854 rum
412 2814 687 2854 cursuum.
716 2798 820 2853 Alii
847 2807 1026 2852 autem
1065 2798 1250 2852 nescio
1283 2798 1554 2866 quomodo
1589 2799 1654 2852 ad
1686 2808 1854 2852 mate-

256 2892 425 2945 rialcs
465 2890 711 2945 notiones
746 2890 981 2945 revocati
1024 2882 1296 2955 dixerunt,
1330 2888 1666 2944 conformem
1699 2887 1857 2955 hujus

257 2986 407 3039 vitae
434 2984 639 3039 sanctis
668 2984 1082 3054 promissionem
1106 2981 1503 3037 sanctissimam
1527 2989 1583 3035 et
1610 2980 1857 3035 beatissi-

261 3093 410 3131 mam
440 3076 699 3145 quietem,
727 3083 782 3130 et
806 3088 959 3129 escas
984 3075 1234 3144 proprias
1263 3081 1469 3128 mutata
1492 3075 1600 3129 vita
1629 3072 1734 3137 his,
1763 3071 1855 3142 qui

270 3166 326 3219 in
349 3165 558 3235 angelis
579 3163 792 3235 iniustis
820 3172 964 3230 sunt,
990 3165 1357 3234 projeceruut.
1384 3163 1490 3219 Sed
1517 3180 1624 3219 non
1655 3163 1861 3217 recidet
1887 3162 1931 3224 C

262 3254 389 3323 quis
419 3268 451 3307 a
482 3253 871 3308 sacratissimis
895 3254 1027 3308 viris
1053 3253 1105 3306 in
1140 3254 1273 3308 tales
1303 3269 1539 3319 errores,
1562 3255 1656 3309 sed
1678 3252 1861 3309 confe-

261 3345 391 3397 stim
467 3356 526 3398 se
576 3351 922 3413 suscepturos
975 3359 1095 3399 esse
1143 3343 1572 3401 Cltristil‘ortnem
1597 3347 1856 3415 quietem,

261 3434 520 3500 scientes,
548 3449 671 3490 eum
695 3434 749 3489 in
776 3435 934 3491 ﬁnem
957 3437 1345 3517 venienthujus
1360 3437 1522 3503 vitae,
1549 3438 1602 3491 in
1628 3440 1649 3468 ²
1676 3438 1854 3492 incor-
1944 3470 1951 3473 μ

264 3525 577 3595 ruptionem
632 3541 785 3580 suam
815 3526 958 3580 viam
985 3527 1146 3582 veluti
1176 3527 1611 3597 prepinquiorem
1634 3528 1746 3598 jam
1784 3526 1862 3580 fa-

268 3630 413 3672 ctam
471 3616 809 3672 manifestius
848 3617 1056 3684 vident,
1097 3627 1152 3672 et
1201 3616 1518 3671 donationes
1560 3616 1859 3672 divinitatis

266 3710 513 3773 laudant,
561 3719 616 3764 et
652 3710 872 3766 divinae
918 3710 1292 3765 delectationis
1336 3702 1644 3780 implentur,
1674 3712 1741 3765 ad
1769 3726 1855 3776 ea,

265 3816 407 3871 quae
440 3813 583 3857 retro
610 3808 757 3866 sunt,
791 3801 1201 3855 conversionem
1234 3815 1337 3854 non
1368 3799 1422 3853 in
1452 3800 1632 3867 aliquo
1662 3799 1857 3853 timen-

266 3903 373 3957 tes,
414 3892 512 3946 sed
559 3892 696 3946 bene
730 3888 983 3955 scientes,
1021 3890 1147 3961 quia
1183 3905 1431 3961 possessa
1461 3892 1601 3945 bona
1633 3890 1861 3944 ﬁrmiter

266 3993 324 4039 et
354 3981 706 4036 aeternaliter
734 3982 1011 4037 habebunt
1042 3995 1090 4036 α.
1117 3980 1655 4051 Coinquinationibus
1680 3991 1857 4036 autem

267 4075 414 4145 pleni
444 4084 499 4129 et
520 4075 807 4129 immundis
828 4074 1072 4139 maculis,
1098 4074 1189 4143 qui
1213 4074 1427 4143 quidem
1459 4086 1668 4128 sacram
1691 4088 1862 4142 quan.

269 4166 397 4220 dam
441 4164 718 4219 consecuti
747 4171 871 4218 sunt
926 4164 1250 4228 doctrinam,
1305 4162 1408 4232 ipsi
1458 4177 1589 4217 vero
1623 4177 1745 4217 eam
1793 4177 1860 4217 ex

268 4254 494 4327 proprio
520 4255 700 4309 animo
728 4254 937 4324 perdite
980 4252 1345 4323 projicientes,
1373 4253 1427 4307 in
1456 4262 1863 4324 corrumpentes

271 4356 469 4418 sponte
495 4362 555 4401 se
583 4347 844 4402 dederunt
885 4347 1370 4417 concupiscentias,
1419 4361 1542 4401 cum
1584 4347 1652 4400 ad
1700 4347 1859 4400 ﬁnem

274 4439 503 4492 veniunt
544 4437 700 4508 hujus
741 4439 884 4501 vitae
915 4437 1191 4508 imparati,
1223 4447 1281 4491 ut
1310 4437 1390 4491 eis
1434 4438 1569 4491 bene
1602 4451 1861 4506 spernens

1959 522 2187 577 similem
2214 522 2703 585 conversationem,
2743 520 2939 588 ipsum,
2968 519 3059 587 qui
3088 525 3191 582 est,
3224 515 3539 571 beatiﬁcant

1959 612 2024 665 ad
2050 610 2387 681 palmiferum
2425 619 2607 679 optate
2636 609 2937 664 venientem
2968 606 3149 671 ﬁnem,
3181 613 3236 660 et
3278 605 3541 659 victoriae

1958 702 2159 757 causali
2190 703 2572 772 gratulatorios
2618 710 2809 756 cantus
2862 698 3125 765 referunt,
3177 698 3354 752 adhuc
3380 706 3436 752 et
3480 711 3540 751 se

1958 803 2213 847 venturos
2255 792 2368 847 fore
2415 794 2482 845 ad
2531 792 2761 846 similem
2791 800 3044 861 optantes
3073 791 3353 859 quietem:
3398 788 3540 844 acci-

1957 886 2167 956 pientes
2199 900 2329 939 vero
2355 899 2498 949 eum,
2527 885 2591 939 ad
2632 899 2901 938 summum
2948 881 3282 937 sacerdotem
3316 881 3537 944 ducunt,

1960 985 2215 1046 tanquam
2245 977 2311 1029 ad
2333 990 2653 1031 coronarum
2682 973 2983 1029 divinarum
3012 973 3373 1028 donationem.
3424 972 3541 1042 Ipse

1958 1078 2138 1122 autem
2168 1077 2393 1123 cantans
2436 1069 2658 1137 suscipit
2683 1075 2737 1121 et
2783 1066 2994 1136 perﬁcit
3042 1065 3335 1119 secundum
3368 1062 3538 1135 legem

1958 1172 2169 1213 sacram
2198 1158 2252 1211 in
2283 1157 2483 1212 sanctis
2509 1156 2898 1211 dormientibus
2927 1154 3275 1225 perﬁcienda.

2240 1268 2295 1322 Μ
2301 1268 2548 1339 ysterium
2572 1268 2627 1320 in
2652 1276 2830 1321 sancte
2853 1266 3252 1321 dormientibus.

2027 1384 2376 1454 Cougregans
2400 1382 2613 1436 divinus
2638 1381 2893 1435 sacerdos
2933 1394 3149 1433 sacrum
3181 1379 3429 1443 chorum,
3474 1378 3540 1432 si-

1956 1477 2172 1547 quidem
2200 1473 2477 1529 sanctiﬁco
2508 1472 2669 1528 fuerit
2692 1473 2883 1527 ordine
2911 1472 3204 1537 dormiens,
3228 1471 3279 1525 in
3308 1486 3541 1540 conspe-

1957 1575 2044 1621 ctu
2081 1565 2247 1619 divini
2277 1564 2464 1618 altaris
2493 1562 2756 1617 inclinans
2799 1577 2945 1627 eum,
2986 1560 3230 1615 initiatur
3265 1561 3330 1614 ad
3373 1561 3541 1614 Deum

1956 1657 2200 1716 oratione
2221 1667 2275 1710 et
2303 1654 2663 1709 Eucharistia.
2709 1653 2767 1707 Si
2800 1660 2978 1707 autem
3033 1651 3237 1706 sanctis
3266 1653 3542 1707 monachis

1958 1754 2051 1799 aut
2076 1761 2230 1800 sacro
2257 1744 2452 1815 populo
2479 1743 2760 1798 ordinatus
2781 1752 2883 1808 est,
2912 1742 2977 1796 ad
3010 1741 3326 1797 honorabile
3355 1756 3539 1796 sacer-

1876 1809 1918 1867 B
1946 1839 2148 1892 dolium
2175 1809 2349 1908 ipsum
2380 1836 2600 1891 inclinat
2642 1845 2766 1891 ante
2804 1834 3190 1891 sacerdotalem
3236 1834 3535 1888 introitum.

1946 1931 2149 1985 Deinde
2192 1928 2402 1998 perﬁcit
2443 1932 2507 1982 ad
2555 1928 2722 1983 Deum
2769 1928 3205 1999 eucharistialem
3238 1926 3538 1980 orationem

1946 2038 2190 2078 summus
2220 2022 2490 2077 sacerdos.
2523 2019 2928 2088 Consequenter
2965 2018 3198 2072 ministri
3244 2018 3299 2072 in
3342 2017 3540 2071 divinis

1945 2114 2173 2185 eloquiis
2199 2112 2436 2182 prolatas
2483 2127 2586 2165 non
2634 2110 2921 2165 mendaces
2945 2108 3333 2178 promissioues
3354 2108 3419 2163 de
3452 2123 3541 2162 sa-

1949 2222 2041 2264 cra
2094 2216 2280 2260 nostra
2348 2203 2745 2258 resurrectione
2811 2200 3072 2270 legentes,
3122 2215 3277 2254 sacre
3314 2205 3543 2253 cantant

1949 2297 2267 2355 conﬁtentes
2295 2297 2395 2350 hoc
2414 2303 2470 2349 et
2508 2302 2755 2364 potentes
2791 2292 3170 2362 psalmicorum
3201 2291 3538 2360 eloquiorum

1951 2398 2163 2446 cantus.
2196 2387 2400 2443 Deinde
2431 2385 2852 2440 ministrantium
2884 2384 3090 2453 primus
3129 2370 3353 2437 resolvit
3390 2393 3543 2437 cate.

1952 2480 2271 2543 chuntenos,
2295 2483 2350 2530 et
2371 2475 2650 2545 praedicat
2666 2473 2777 2542 jam
2798 2473 3124 2527 dormientes
3151 2482 3392 2539 sanctos,
3418 2488 3542 2527 cum

1953 2570 2148 2642 quibus
2176 2569 2426 2641 dignatur
2462 2567 2617 2621 modo
2655 2565 2965 2620 defunctum
3003 2565 3314 2619 coordinata
3348 2564 3546 2619 recita-

1958 2661 2123 2725 tione,
2173 2668 2229 2713 et
2272 2659 2522 2714 hortatur
2544 2670 2732 2711 omnes
2758 2665 2940 2724 petere
2970 2654 3023 2708 in
3070 2653 3283 2708 Christo
3331 2654 3541 2707 beatam

1954 2736 2498 2809 consummationem.
2531 2746 2748 2811 Deinde,
2765 2746 3026 2827 accedens
3054 2745 3269 2800 divinus
3295 2760 3540 2801 summus

1958 2843 2233 2908 sacerdos,
2264 2841 2567 2897 orationem
2596 2837 3023 2893 sacratissimam
3063 2852 3229 2905 super
3275 2852 3340 2892 eo
3390 2835 3539 2890 facit.
3608 2874 3617 2891 ι

1960 2935 2027 2989 Ει
2076 2943 2200 3005 post
2242 2932 2546 2987 orationem
2618 2931 2731 3001 ipse
2782 2944 3033 3009 summus.
3076 2930 3330 2984 sacerdos
3372 2930 3544 2984 saluta

1960 3024 2336 3083 dormientem,
2369 3031 2423 3075 et
2457 3032 2578 3090 post
2614 3035 2735 3074 eum
2782 3028 3094 3089 praesentes
3132 3033 3340 3073 omnes.
3383 3017 3539 3072 Salu-

1967 3112 2205 3183 tantibus
2249 3119 2428 3185 autem
2460 3109 2709 3164 omnibus
2752 3106 2983 3161 infundit
3025 3107 3311 3162 dormienti
3365 3106 3540 3163 oleum

1962 3217 2205 3262 summus
2232 3201 2503 3267 sacerdos,
2527 3207 2583 3254 et
2606 3216 2703 3269 pro
2730 3199 2981 3255 omnibus
3004 3200 3305 3254 orationem
3332 3215 3541 3254 sacram

1961 3301 2188 3369 faciens,
2219 3309 2483 3372 reponunt
2512 3301 2564 3354 in
2610 3299 2772 3354 domo
2816 3296 3115 3352 honorabili
3170 3311 3367 3367 corpus
3416 3313 3540 3351 cum

1962 3391 2192 3447 aliorum
2218 3390 2656 3447 coordinatorum
2684 3396 2995 3443 sanctorum
3017 3386 3354 3456 corporibus.

2627 3500 2871 3556 Theoria.

2034 3620 2139 3677 Sed
2161 3621 2295 3676 haec
2324 3620 2539 3690 quidem
2565 3619 2609 3674 si
2631 3618 2974 3674 viderintaut
2997 3615 3264 3671 audierint
3289 3617 3547 3673 immundi

1963 3711 2104 3781 apud
2139 3728 2237 3767 nos
2269 3711 2617 3782 perlicienda,
2658 3710 2764 3765 late
2796 3709 3067 3775 ridebunt,
3094 3718 3155 3764 ut
3182 3709 3436 3775 arbitror,
3490 3719 3548 3764 et

1964 3803 2167 3858 erroris
2196 3801 2365 3855 nostri
2402 3802 2822 3856 miserebuntur.
2876 3799 2992 3854 Non
3031 3809 3243 3870 oportet
3267 3811 3446 3855 autem
3478 3803 3544 3854 ad

1964 3894 2069 3948 hoc
2099 3893 2306 3947 mirari.
2363 3892 2445 3969 δίΧ
2467 3894 2610 3946 enim
2670 3906 2777 3944 non
2823 3890 3175 3953 crediderint,
3229 3898 3287 3943 ut
3332 3889 3544 3959 eloquia

1966 3984 2122 4037 aiunt
2145 3993 2197 4048 ε,
2228 3997 2402 4051 neque
2433 3981 2750 4049 intelligent.
2775 3978 2883 4033 Nos
2911 3988 3088 4038 autem
3114 3979 3399 4034 invisibilia
3426 3996 3547 4049 per-

1967 4073 2321 4130 ﬁciendorum
2389 4072 2761 4141 inspicientes,
2813 4068 2941 4123 .lcsu
2991 4069 3235 4124 luciduco
3279 4071 3544 4136 dicamus,

1966 4169 2231 4239 quomodo
2263 4183 2370 4222 non
2410 4165 2849 4221 irrationabiliter
2893 4180 3137 4220 summus
3184 4167 3436 4221 sacerdos
3493 4170 3547 4221 in

1969 4274 2141 4329 aeque
2169 4258 2489 4314 militantem
2518 4257 2743 4313 chorum
2775 4256 3066 4312 introducit
3089 4267 3143 4311 et
3168 4258 3394 4328 imponit
3422 4260 3547 4313 dor-

1942 4350 2247 4405 mientem.
2323 4348 2605 4417 Signiﬁcat
2655 4346 2800 4402 enim
2875 4346 3208 4409 mirabiliter,
3248 4350 3542 4403 secundum

1969 4440 2086 4496 illas
2115 4449 2274 4496 erunt
2301 4454 2490 4495 omnes
2525 4441 2580 4493 in
2625 4439 2739 4509 ipsa
2777 4439 2970 4492 iterant
3000 4439 3345 4508 generatione
3382 4454 3545 4496 voca-

275 4526 587 4582 manifestat
632 4527 966 4597 eloquiorum
1018 4528 1197 4581 divina
1240 4527 1507 4596 legislatio
1532 4527 1585 4590 ιι,
1624 4528 1862 4597 perditas
1892 4511 1941 4569 Ῐ)
1967 4531 2159 4595 tiones,
2190 4546 2378 4598 puram
2394 4530 2481 4584 hic
2512 4532 2784 4599 propriam
2818 4530 2980 4605 vitam
3011 4529 3308 4598 impleutes.
3347 4532 3545 4601 L‘tpote

275 4619 511 4689 propriis
536 4619 877 4688 passiouibus
904 4618 1209 4689 voluptates
1232 4619 1353 4674 aliis
1376 4618 1547 4674 oculis
1569 4620 1863 4688 inspicien-

279 4722 382 4775 tes,
409 4719 466 4766 et
495 4726 707 4765 sacram
734 4712 923 4775 vitam,
953 4725 1058 4780 qua
1091 4709 1254 4765 stulte
1287 4719 1648 4775 recesserunt,
1693 4713 1865 4766 beati-

280 4800 528 4862 ﬁcantes,
560 4799 940 4854 miserabiliter
990 4809 1044 4854 et
1070 4800 1312 4855 coactivc
1357 4800 1734 4855 rescinduntur
1762 4802 1864 4856 hac

278 4890 412 4953 vita,
462 4890 530 4943 ad
577 4889 776 4943 nullam
829 4904 1038 4944 sacram
1082 4905 1230 4959 spem
1284 4890 1595 4943 manuducti
1647 4898 1866 4959 propter

279 4981 574 5049 pessimam
606 4981 789 5033 vitam.
817 4980 1025 5033 Talium
1062 4991 1240 5034 autem
1286 4979 1431 5034 nullo
1467 4979 1650 5034 futuro
1677 4995 1864 5034 secun-

283 5073 410 5124 dmu
436 5071 848 5125 dormitationes
874 5080 1181 5124 sanctorum
1214 5071 1477 5135 virorum,
1511 5069 1622 5139 ipse
1647 5069 1863 5139 quidem

283 5167 352 5219 ad
388 5165 550 5219 ﬁnem
600 5166 820 5219 veniens
866 5164 1204 5234 propriorum
1241 5164 1622 5227 certaminum,
1664 5162 1868 5216 laetitia

285 5266 475 5313 sancta
504 5256 764 5325 repletur,
798 5264 994 5309 etcum
1027 5253 1380 5308 delectatione
1410 5253 1573 5308 multa
1612 5253 1678 5306 ad
1726 5251 1870 5305 viam

288 5347 535 5407 ascendit
587 5347 802 5401 divinae
853 5347 1046 5402 iterum
1096 5346 1479 5414 generationis.
1545 5344 1872 5399 Dormientis

1964 4619 2008 4673 si
2026 4617 2342 4674 deiformem
2362 4620 2482 4688 quis
2509 4618 2694 4671 habuit
2721 4618 2807 4671 hic
2831 4626 2884 4670 ct
2907 4618 3328 4673 sacratissimam
3355 4623 3545 4687 vitam,

1936 4744 1941 4749 .
1968 4705 2239 4767 quantum
2269 4698 2387 4751 viro
2421 4698 2516 4754 Dei
2558 4700 2823 4758 imitabile
2855 4705 3068 4760 liCitum
3097 4716 3180 4761 est
3206 4748 3220 4771 ,
3252 4708 3306 4762 in
3342 4710 3548 4764 divinis

1964 4792 2073 4846 erit
2104 4798 2204 4866 per
2234 4790 2485 4852 seculum
2517 4797 2763 4855 futurum
2801 4809 2853 4854 et
2894 4800 3066 4856 beatis
3096 4803 3399 4871 quietibus.
3439 4808 3543 4860 Alii

1966 4900 2150 4946 autem
2181 4893 2301 4963 ejus
2326 4910 2423 4962 per
2448 4904 2750 4949 extremam
2783 4895 2996 4951 formae
3025 4898 3415 4956 demissionem
3457 4918 3547 4955 sa-

1965 4998 2113 5038 cram
2150 4996 2324 5039 tamen
2358 4986 2670 5041 conformcs
2705 4999 2759 5041 et
2803 4988 2955 5055 ipsae
3013 4993 3279 5062 recipient
3324 5009 3543 5050 sanetas

1966 5078 2386 5132 retributiones.
2414 5078 2517 5132 Pro
2538 5082 2637 5134 hac
2659 5081 2844 5134 divina
2864 5083 3072 5153 justitia
3095 5098 3345 5139 summus
3364 5100 3544 5140 sacer-

1930 5208 1935 5211 .
1965 5167 2067 5221 dos
2091 5168 2296 5237 gratias
2317 5184 2508 5239 agens,
2530 5171 2836 5228 orationem
2862 5190 3073 5230 sacram
3097 5176 3250 5245 facit,
3278 5187 3332 5230 et
3355 5178 3541 5231 colen-

1963 5259 2086 5315 dam
2105 5262 2291 5318 laudat
2308 5264 2672 5328 thearcbiam,
2709 5275 2967 5337 tanquam
2989 5270 3382 5324 destructivam
3403 5288 3536 5325 con-

1963 5362 2043 5407 tra
2068 5369 2260 5407 omnes
2286 5356 2521 5426 injustae
2541 5369 2597 5415 et
2622 5359 2945 5429 tyrannicae
2968 5360 3266 5430 potentiae,
3291 5363 3535 5416 transdu-

1598 5455 1854 5509 VARIAE
1890 5452 2285 5511 LECTIONES.

1801 5593 2051 5651 NOTAE.

365 5530 383 5561 ¹
409 5530 452 5584 Ε
474 5539 766 5599 conspectu.

366 5681 393 5711 ι
432 5668 571 5722 Psal.
604 5668 667 5730 γ,
698 5666 856 5725 XXV.
891 5658 1166 5722 LXXVII.

368 5740 397 5791 b
437 5738 545 5793 ια.
581 5738 654 5803 v;
690 5739 813 5817 δρψ.
848 5738 906 5791 v.

843 5535 863 5563 ²
887 5530 1059 5600 ἰιψιιι.
1084 5527 1175 5581 ΑΕ

2047 5675 2072 5707 ο
2113 5664 2215 5720 lsa.
2249 5662 2357 5721 Vll.
