3952 6162
376 297 396 351 l
418 291 504 350 1".)7

1772 278 2047 341 JHNNIS
2088 275 2280 334 SCOTI

3485 264 3621 322 I203

369 427 689 484 eeutemque
705 428 802 467 nos
831 411 883 467 in
914 412 1156 482 proprias
1176 406 1608 479 justil‘tcationes.
1635 402 1943 457 Divinarum
1971 396 2027 457 Α
2054 394 2292 484 tissimae
2339 393 2550 463 quietes
2594 390 2902 455 dciformes,
2935 387 3292 455 suseipientes
3342 395 3532 482 omnes
3570 380 3632 432 in

374 520 586 578 quoque
605 504 1020 575 promissionum
1044 502 1202 557 lectio
1226 510 1281 556 et
1314 508 1506 557 cantus
1529 493 1949 553 manifestatoria

374 599 590 667 quidem
619 606 744 651 sunt
769 596 1198 651 beatissimarum
1226 592 1620 663 quietudiuum,
1646 591 1699 643 in
1722 587 1949 642 infirmi-

378 699 488 745 tate
531 690 790 745 habentes
830 696 1349 742 consummationem
1384 683 1731 738 aeternaliter
1765 695 1954 752 grava-

377 784 507 837 bunt
542 800 556 835 :
602 781 918 835 dormientis
960 795 1087 834 vero
1138 778 1394 832 divinitus
1434 777 1721 844 receptiva,
1771 776 1958 829 viven-

376 873 508 928 tium
546 882 723 926 autem
754 872 930 926 adhuc
966 871 1298 927 exhortativa
1340 871 1406 923 ad
1450 868 1676 921 similem
1708 882 1956 920 consum-

377 969 691 1021 matiooem.
756 966 999 1028 Intende,
1044 965 1168 1035 quia
1225 972 1367 1018 nunc
1416 979 1519 1017 non
1569 979 1758 1018 omnes
1803 963 1958 1033 juxta

378 1055 821 1110 consuetudinem
858 1054 1120 1125 purgandi
1166 1055 1381 1108 ordines
1436 1053 1776 1107 resolvuntur
1808 1069 1821 1106 :
1859 1051 1958 1106 soli

378 1159 509 1199 vero
542 1145 711 1199 sacris
741 1144 1082 1214 expelluntur
1112 1145 1292 1199 choris
1320 1143 1716 1199 catechmneni.
1745 1143 1959 1197 Etenim

381 1235 493 1303 ipse
527 1236 742 1304 quidem
780 1234 1079 1289 ineruditus
1107 1243 1190 1289 est
1239 1234 1616 1288 universaliter
1653 1233 1829 1287 omnis
1868 1247 1958 1285 sa-

380 1341 507 1380 crae
554 1327 780 1390 hostiae,
811 1334 865 1380 et
891 1326 956 1379 ad
1012 1326 1236 1388 nullum,
1291 1340 1463 1393 neque
1509 1339 1733 1394 parvum
1787 1337 1961 1392 neque

381 1431 659 1486 magnum,
699 1432 853 1476 saere
898 1416 1442 1475 consummandorum
1490 1415 1757 1484 inspicere
1798 1414 1846 1469 ei
1880 1412 1962 1469 fas

382 1512 485 1570 est,
517 1514 769 1575 tanquam
805 1522 979 1575 neque
1009 1520 1288 1560 sacrorum
1318 1504 1765 1573 contemplativae
1793 1505 1963 1558 virtu-

386 1598 456 1652 tis
482 1598 812 1667 participans
837 1614 934 1667 per
958 1598 1354 1667 praelucentem
1400 1605 1455 1651 et
1486 1596 1765 1651 luciferam
1807 1596 1962 1650 theo-

384 1690 674 1759 genesiam.
705 1689 884 1743 Ceteri
913 1698 1041 1745 tero
1072 1691 1471 1762 purgaudorum
1515 1690 1733 1745 ordines
1770 1688 1823 1742 in
1866 1688 1959 1741 do-

383 1782 559 1836 ctrina
606 1782 819 1853 quidem
858 1782 969 1852 jam
999 1782 1136 1837 ﬁunt
1182 1798 1370 1839 sacrae
1411 1782 1736 1836 traditionis.
1785 1780 1960 1835 Stulte

384 1881 569 1968 autem‘
585 1875 650 1927 ad
674 1891 758 1941 ea,
801 1890 937 1944 quae
986 1874 1209 1929 inferius
1241 1881 1384 1938 sunt,
1433 1875 1624 1928 iterum
1655 1882 1960 1937 currentes,

383 1964 595 2033 oportet
620 1964 672 2018 iu
696 1982 781 2030 ea,
805 1980 943 2033 quae
964 1973 1089 2019 ante
1112 1974 1235 2020 sunt
1252 1966 1292 2029 ³,
1309 1965 1577 2035 propriam
1598 1965 1963 2021 reductionem

386 2056 667 2124 perlicere,
713 2055 1014 2109 divinorum
1047 2055 1282 2123 quidem,
1313 2065 1573 2125 quantum
1603 2055 1655 2109 in
1685 2054 1963 2127 symbolis,

390 2162 544 2202 saere
572 2148 879 2218 aspectibus
922 2155 975 2201 et
1012 2147 1590 2203 communicatiuuilms
1630 2146 1967 2201 rationabili-

389 2249 473 2294 ter
518 2247 891 2310 segregantur.
938 2237 1218 2294 Nocebunt
1264 2239 1406 2293 enim
1465 2239 1738 2293 immundo
1784 2253 1968 2294 eorum

388 2327 797 2398 participantes,
841 2339 894 2382 et
945 2329 1012 2383 ad
1054 2328 1341 2398 plurimum
1380 2328 1682 2383 divinorum
1724 2335 1779 2384 et
1814 2343 1973 2383 suum

390 2423 609 2476 venient
661 2430 1047 2491 contemptum.
1121 2421 1238 2477 Non
1303 2423 1743 2479 inconvenienter
1792 2432 1972 2478 autem

393 2514 590 2568 adsunt
622 2516 674 2568 in
704 2532 846 2569 nunc
874 2514 1235 2585 perficiendis,
1276 2523 1462 2586 aperte
1509 2514 1767 2587 edocendi
1807 2522 1859 2569 et
1897 2515 1975 2568 vi-

394 2607 583 2660 dentes
607 2608 901 2661 secundum
928 2623 1024 2661 nos
1050 2607 1389 2662 formidinem
1427 2609 1635 2672 mortis,
1671 2615 1727 2661 et
1756 2617 1975 2663 saneto-

394 2711 514 2750 rum
545 2698 925 2752 retributiones
953 2714 982 2752 a
1017 2698 1162 2753 veris
1190 2698 1417 2769 eloquiis
1446 2699 1712 2765 laudatas,
1754 2708 1808 2754 et
1849 2699 1982 2753 cali-

395 2787 547 2857 gines
588 2785 702 2840 fore
751 2787 944 2842 talibus
985 2788 1276 2843 immundis
1325 2788 1586 2844 infinitas.
1643 2789 1982 2843 Permittitur

396 2879 541 2933 enim
572 2879 653 2933 eis
688 2894 857 2949 aeque
886 2881 1033 2947 utile,
1066 2881 1309 2937 videntes
1349 2897 1503 2937 sacre
1546 2892 1980 2938 consummatum

396 2985 464 3025 ex
510 2970 869 3026 ministrativa
913 2971 1228 3028 recitatione
1259 2974 1463 3029 socium
1494 2988 1621 3028 vere
1660 2973 1981 3029 existentem

399 3080 429 3117 a
462 3061 646 3118 seculo
687 3063 708 3094 ¹
737 3072 1044 3118 sanctorum
1078 3064 1397 3120 mirabiliter
1424 3064 1875 3134 praedicatorum.
1915 3063 1983 3119 Et
2009 3102 2055 3166 Ο

401 3155 650 3210 fortassis
675 3163 731 3209 et
766 3156 864 3225 ipsi
897 3157 961 3211 ad
994 3157 1170 3211 simile
1201 3157 1526 3213 desiderium
1554 3157 1794 3222 venient,
1836 3166 1891 3212 et
1915 3170 1984 3212 ex

405 3248 767 3301 ministrativa
814 3249 1039 3304 scientia
1074 3251 1395 3316 edocentur,
1438 3250 1652 3305 beatam
1689 3264 1820 3306 vere
1865 3265 1988 3308 esse

401 3339 457 3394 in
490 3337 707 3395 Christo
736 3342 1275 3396 consummationem.

478 3428 683 3484 Deinde
711 3431 972 3485 accedens
1002 3431 1214 3487 divinus
1241 3448 1483 3488 summus
1513 3433 1767 3489 sacerdos
1787 3433 1995 3490 oratio-

405 3522 606 3576 tionem
639 3536 849 3577 sacram
880 3538 1042 3592 super
1063 3523 1363 3578 dormiente
1383 3524 1532 3590 facit,
1556 3534 1612 3579 et
1639 3533 1762 3595 post
1787 3525 1990 3581 oratio-

406 3627 530 3667 nem
562 3612 677 3682 ipse
711 3629 954 3669 summus
982 3616 1238 3669 sacerdos
1265 3630 1391 3670 eum
1432 3614 1651 3680 salutat,
1683 3616 1778 3671 et'
1797 3617 1989 3673 deinde
2018 3676 2025 3699 τ

406 3715 722 3776 praesentes
749 3722 956 3762 omnes.
1003 3708 1120 3777 Ipsa
1154 3709 1316 3781 igitur
1341 3709 1519 3765 oratio
1565 3710 1799 3766 divinam
1832 3711 1989 3766 boni-

410 3807 575 3853 tatem
616 3800 956 3867 deprecatur,
987 3801 1166 3854 omnia
1197 3801 1413 3872 quidem
1438 3802 1710 3857 dimittere
1755 3817 1852 3874 per
1895 3802 1994 3856 hu-

411 3907 629 3947 manam
668 3891 1036 3947 infirmitatem
1088 3895 1377 3949 commissa
1413 3895 1723 3961 dormienti,
1773 3896 1993 3951 ordina-

414 3999 583 4056 reque
604 3999 727 4038 eum
754 3984 806 4037 in
835 3984 1036 4038 lumine
1052 3993 1106 4041 et
1128 3986 1347 4056 regione
1370 3987 1685 4051 viventium,
1710 3987 1762 4040 in
1788 3987 1995 4042 sinibus

416 4077 688 4132 Abraham
718 4084 772 4131 et
806 4076 958 4131 Isaac
982 4086 1036 4131 et
1068 4076 1257 4140 Jacob,
1287 4078 1404 4132 loco
1429 4093 1536 4147 quo
1580 4076 1865 4147 expellitur
1901 4079 1996 4131 do-

412 4170 502 4225 ior
531 4179 587 4225 et
617 4170 831 4224 tristitia
864 4177 916 4224 et
937 4169 1202 4239 angustia.
1228 4168 1341 4223 Hae
1366 4170 1582 4238 quidem
1624 4184 1775 4237 ergo,
1807 4176 1867 4222 ut
1909 4183 1995 4222 ar-

412 4263 609 4330 bitror,
625 4263 805 4318 clarae
819 4271 1129 4317 sanctorum
1144 4262 1577 4317 beatissimorum
1596 4262 1994 4317 retributiones.

414 4354 556 4422 Quid
592 4355 735 4409 enim
776 4353 1025 4409 fortassis
1073 4351 1168 4407 fiat
1201 4351 1627 4439 perfectissimae
1671 4352 1908 4408 laetitiae
1944 4361 2000 4409 et

2051 477 2131 541 ei's
2187 483 2510 540 ineffabilem
2567 492 2621 539 et
2670 482 3037 538 beatissimam
3086 472 3630 532 consummationem.

2054 560 2209 633 Dicas
2239 576 2397 642 forte,
2437 577 2622 646 utique
2670 575 2805 629 haec
2836 572 3049 642 quidem
3091 578 3238 624 recte
3267 566 3411 619 dicta
3436 576 3557 618 esse
3601 576 3635 614 a

2052 668 2209 723 nobis
2242 708 2254 720 .
2288 668 2536 723 dubitare
2560 682 2689 721 vero
2720 668 2841 730 hec,
2869 680 3037 735 quare
3072 663 3309 717 divinam
3338 656 3637 713 bonitatem

2054 776 2297 815 summus
2339 762 2590 815 sacerdos
2626 760 2943 829 deprecatur
2984 754 3027 820 ⁸,
3056 762 3400 824 peccatorum
3447 756 3643 818 petens

2055 854 2339 910 dormienti
2369 852 2740 906 remissionem
2758 860 2811 904 et
2829 847 3178 903 deiformibus
3194 842 3640 913 aequipotentem

2056 956 2111 1001 et
2136 945 2518 1000 lucidissimam
2558 959 2786 1013 partem.
2824 941 2881 996 Si
2921 941 3063 995 enim
3090 935 3474 992 retributiones
3496 928 3645 985 reci-

2057 1037 2417 1108 piatomnisa
2447 1035 2626 1089 divina
2667 1033 2897 1104 iustitia,
2939 1045 3080 1101 quae
3125 1028 3180 1081 in
3225 1021 3502 1096 praesenti
3529 1020 3645 1074 vita

2058 1130 2323 1186 bonorum
2347 1136 2439 1182 aut
2464 1127 2757 1182 alterorunt
2783 1125 3010 1197 peregit,
3040 1121 3213 1176 ﬁnivit
3233 1130 3416 1173 autem
3445 1128 3645 1170 secun-

2059 1218 2185 1272 dum
2216 1219 2356 1272 hanc
2387 1218 2551 1271 vitam
2578 1216 2827 1287 proprias
2855 1216 3198 1287 operationes
3229 1212 3322 1282 qui
3362 1206 3651 1271 dormivit,

2058 1309 2327 1377 quomodo
2355 1323 2452 1379 per
2487 1308 2756 1377 quandam
2802 1322 3047 1363 summus
3073 1305 3323 1361 sacerdos
3343 1300 3656 1356 orationem

2061 1403 2115 1457 in
2149 1404 2372 1457 alteram
2398 1401 2636 1471 requiem
2662 1402 2971 1456 transvehet
2996 1398 3139 1453 ultra
3160 1397 3470 1469 dignitatem
3493 1391 3660 1463 ejus?

2060 1493 2128 1548 Et
2157 1493 2373 1563 quidem
2423 1492 2493 1548 ibi
2541 1493 2686 1547 vitae
2724 1490 3137 1546 retributionem
3182 1486 3399 1543 habebit
3437 1494 3661 1553 partem

2062 1585 2452 1655 unusquisque,
2505 1585 2643 1639 bene
2695 1583 2810 1639 scio
2851 1580 3065 1652 eloquia
3125 1592 3357 1647 sequens
3398 1588 3413 1625 :
3477 1571 3663 1642 Sepsit

2063 1676 2221 1740 enim,
2263 1675 2454 1744 inquit,
2484 1673 2626 1727 Deus
2650 1672 2926 1727 adversum
2960 1688 3035 1735 se,
3063 1679 3110 1724 et
3142 1668 3339 1738 feretur
3371 1662 3667 1732 unusquis-

2063 1783 2161 1838 que
2187 1782 2280 1835 per
2306 1781 2494 1835 corpus
2517 1764 2587 1819 ad
2606 1779 2740 1834 quae
2764 1763 2940 1833 gessit,
2970 1762 3074 1814 sive
3098 1759 3252 1820 bona,
3290 1756 3393 1810 sive
3427 1750 3567 1807 mala
3603 1751 3664 1803 δ.

2065 1858 2199 1926 Quia
2228 1872 2358 1913 vero
2377 1857 2650 1928 iustorum
2676 1854 2950 1910 orationes
2978 1860 3032 1908 et
3061 1849 3354 1907 secundum
3392 1848 3533 1902 hanc
3569 1843 3673 1896 vi-

2066 1953 2201 2016 tam,
2230 1958 2435 2021 quanto
2482 1949 2655 2019 magis
2701 1956 2825 2020 post
2866 1954 3096 2002 mortem
3140 1945 3195 1998 in
3240 1942 3344 2006 his,
3388 1938 3476 2008 qui
3503 1934 3669 2004 digni

2069 2052 2196 2100 sunt
2222 2043 2394 2100 sacris
2422 2039 2781 2104 orationibus,
2804 2043 3098 2108 operantur
3126 2029 3517 2092 tantummodo,
3542 2026 3667 2081 elo—

2069 2136 2319 2208 quiorum
2362 2147 2460 2188 nos
2513 2131 2744 2187 edocent
2798 2140 2963 2183 verae
3020 2123 3355 2177 traditiones.
3382 2118 3489 2174 Aut
3525 2115 3669 2186 quid

2072 2243 2101 2282 a
2126 2225 2344 2282 Samuel
2366 2223 2494 2279 SauI
2516 2221 2824 2277 annullatus
2843 2217 2961 2274 est?
2985 2215 3122 2283 Quid
3143 2222 3320 2268 autem
3343 2211 3364 2243 ⁸
3387 2210 3673 2265 Hebraeo-

2074 2335 2195 2375 rum
2224 2315 2421 2389 populo
2463 2312 2665 2384 profuit
2705 2308 3017 2381 prophetica
3051 2303 3261 2361 oratio?
3288 2300 3499 2355 Etenim
3538 2307 3669 2352 tan-

2076 2425 2239 2480 quam
2283 2408 2328 2462 si
2378 2406 2498 2477 quis
2547 2404 2659 2460 sole
2683 2400 2900 2473 propria
2930 2400 3162 2455 donante
3197 2394 3416 2457 lumina,
3451 2389 3672 2480 illaesis

2077 2478 2249 2558 oculis
2300 2498 2354 2553 in
2393 2495 2808 2567 participatione
2869 2489 3063 2546 solaris
3102 2485 3318 2541 luminis
3345 2482 3475 2554 petit
3517 2478 3668 2542 ﬁeri,

2078 2595 2327 2667 proprios
2348 2597 2601 2660 aspectus
2628 2584 3004 2641 exterminans
3034 2599 3047 2634 :
3090 2581 3171 2634 sic
3213 2578 3281 2632 ad
3339 2576 3673 2644 impotentes

2083 2682 2420 2753 concupiscit
2440 2687 2495 2733 et
2519 2673 2820 2747 superfluas
2845 2687 2986 2743 spes,
3002 2669 3091 2739 qui
3117 2675 3424 2723 sanctorum
3445 2674 3676 2716 summe

2083 2774 2413 2832 mirabilium
2437 2768 2733 2832 orationes,
2761 2772 2817 2819 et
2863 2761 3159 2818 secundum
3194 2765 3441 2812 naturam
3468 2766 3676 2807 eorum

2084 2876 2300 2927 sanctas
2353 2859 2694 2935 operationes
2736 2856 3047 2928 exagitans,
3103 2848 3418 2922 negligentia
3461 2843 3680 2899 divinis

2086 2962 2244 3020 donis
2265 2968 2321 3016 et
2349 2951 2810 3013 manifestissimis
2833 2945 3186 3004 deiformibus
3212 2939 3477 2996 mandatis
3514 2950 3683 2990 rece-

2087 3054 2202 3111 det.
2234 3053 2366 3108 Dico
2399 3057 2601 3112 autem,
2645 3042 2857 3113 eloquia
2904 3051 3135 3109 sequens
3158 3045 3207 3100 0,
3256 3031 3413 3086 utiles
3441 3027 3683 3083 omnino

2090 3155 2220 3207 sunt
2269 3149 2322 3202 in
2376 3145 2478 3199 hac
2524 3140 2631 3194 vita
2683 3144 2994 3191 sanctorum
3049 3127 3322 3183 orationes
3367 3119 3683 3175 secundum

2089 3242 2235 3297 hunc
2275 3235 2514 3292 modum.
2565 3230 2623 3286 Si
2658 3229 2780 3301 quis
2826 3225 3003 3281 divina
3051 3227 3306 3292 appetens
3326 3215 3485 3277 dona,
3511 3222 3570 3266 et
3600 3212 3683 3265 ad

2090 3329 2562 3406 participationem
2610 3336 2797 3378 eorum
2854 3330 3071 3374 sacrum
3136 3312 3373 3406 habitum
3422 3305 3679 3406 habens:

2092 3393 2346 3492 ianque-nt
2378 3416 2627 3492 propriae
2666 3421 3000 3482 cognoscens
3028 3401 3330 3476 parvitatis,
3353 3395 3581 3495 veniens
3600 3393 3682 3495 ad

2093 3485 2395 3587 quenda'n—
2439 3485 2750 3564 sanctorum
2823 3501 3108 3563 virorum,
3193 3493 3449 3587 dignatus
3512 3485 3685 3587 fuerit

2093 3576 2216 3665 eum
2271 3604 2353 3660 sui
2404 3600 2518 3656 fieri
2575 3596 2875 3666 adjutorem
2927 3599 2985 3646 et
3038 3598 3381 3647 conservum,
3436 3576 3683 3634 lucrabi-

2095 3708 2184 3754 tur
2223 3693 2444 3751 omnino
2473 3706 2541 3746 ex
2584 3689 2688 3744 hoc
2736 3697 2926 3741 omnes
2970 3684 3314 3749 superantem
3360 3669 3679 3725 utilitatem.

2095 3791 2468 3856 Consequetur
2490 3781 2633 3837 enim
2657 3791 2795 3848 quae
2820 3774 2956 3846 petit
2979 3768 3316 3827 divinissima
3347 3765 3506 3825 dona,
3540 3760 3685 3860 reci:

2094 3882 2277 3952 piente
2330 3891 2453 3931 eum
2489 3871 2667 3928 divina
2726 3866 2988 3928 bonitate,
3044 3870 3100 3915 et
3140 3856 3414 3928 pr0priam
3466 3856 3685 3956 verenti

2097 3971 2506 4033 conscientiam,
2530 3976 2585 4023 et
2614 3966 2666 4021 in
2694 3960 2897 4019 sanctis
2915 3954 3275 4014 confessione,
3304 3957 3360 4002 et
3387 3954 3687 4017 petitarum

2098 4080 2378 4123 sacrarum
2417 4034 2735 4131 petitionum
2778 4048 3029 4105 laudabili
3070 4041 3357 4105 desiderio,
3407 4047 3693 4131 et

2098 4161 2286 4234 queuti
2339 4165 2395 4211 et
2419 4126 2702 4209 —deifornti
2740 4144 2946 4234 habitu.
2973 4140 3068 4195 Est
3086 4136 3236 4234 enim
3262 4142 3318 4234 et
3353 4126 3695 4234 haedis-ignis

2093 4220 2314 4325 iudiciis
2356 4242 2775 4319 promulgatum,
2831 4232 3012 4288 divina
3067 4227 3214 4325 dona
3247 4220 3423 4325 dign-is
3466 4220 3695 4325 particl—

2102 4314 2277 4419 pando
2308 4314 2377 4398 in.
2393 4338 2583 4395 ordine
2611 4330 2950 4388 divinissimo
2976 4320 3169 4379 donari
3210 4332 3307 4419 per
3351 4314 3548 4383 dignos
3578 4318 3688 4363 tra-

419 4447 789 4503 illuminatriei
862 4429 1269 4502 immortalitati]
1331 4446 1807 4516 componderatum
1832 4485 1845 4511 ,
1898 4446 1999 4500 etsi
2038 4459 2084 4517 υ
2109 4443 2235 4498 dere
2259 4437 2302 4491 ⁸.
2322 4433 2478 4489 Hunc
2502 4444 2634 4500 ergo
2655 4426 2700 4483 si
2724 4423 2852 4517 quis
2881 4418 3309 4517 dehonoravent
3330 4417 3696 4517 “gf-

419 4540 656 4594 ntaxime
705 4540 906 4594 nostris
948 4537 1388 4609 proportionibus
1433 4536 1804 4609 signifieativis
1853 4535 2000 4590 omni

338 4622 347 4631 ’
419 4628 639 4683 altiores
678 4628 859 4682 animo
914 4627 1297 4697 promissiones
1327 4627 1683 4698 signiﬁcatae,
1737 4634 1791 4681 et
1825 4626 2001 4681 activa

416 4731 604 4770 earnm
628 4717 856 4773 veritate
879 4717 1093 4773 relictas
1113 4718 1308 4772 habent
1342 4716 1774 4771 nominationes?
1801 4716 2002 4771 Verum

412 4806 564 4859 enim
594 4820 713 4862 esse
756 4806 1027 4877 eloquium
1058 4808 1472 4871 aestimandum,
1515 4809 1639 4876 quia
1680 4807 1861 4861 oculus
1901 4824 2005 4861 non

414 4895 571 4961 uidit,
592 4912 682 4949 nec
701 4897 844 4950 auris
871 4896 1157 4958 audivit,et
1184 4898 1239 4950 in
1261 4912 1351 4949 cor
1368 4896 1592 4948 hominis
1622 4911 1724 4948 non
1750 4897 2001 4960 ascendit,

419 5003 558 5057 quae
582 4987 911 5057 praeparavit
940 4985 1080 5040 Deus
1103 4984 1440 5056 diligentibus
1460 5002 1514 5038 se
1542 4996 1590 5037 ιι.
1627 4983 1791 5039 Sinus
1826 4995 2006 5040 autem

421 5087 572 5146 sunt,
611 5086 671 5132 ut
715 5077 977 5143 arbitror,
1019 5076 1913 5145 beatissimorumpatriarcharum
1954 5086 2008 5133 et

418 5169 753 5240 reliquorum
785 5177 1097 5224 sanctorum
1128 5167 1368 5224 omnium
1400 5167 1772 5223 divinissimae
1806 5177 1859 5222 et
1885 5168 2007 5223 bea-

2106 4494 2311 4591 natum,
2363 4532 2419 4579 et
2455 4521 2521 4576 ad
2558 4494 2594 4553 ί
2621 4494 2913 4573 militarem
2942 4503 3374 4591 aestimationem
3426 4494 3695 4591 veniens,

2106 4584 2461 4679 sufficientem
2486 4611 2721 4680 seipsum
2761 4597 3128 4661 aestimaverit
3160 4594 3228 4650 ad
3251 4590 3493 4648 divinum
3526 4584 3701 4680 collo—

2105 4674 2314 4784 quium,
2352 4715 2407 4763 et
2448 4674 2664 4760 sanctos
2713 4689 3121 4761 contempserit,
3156 4694 3213 4740 et
3229 4695 3397 4784 unam
3428 4685 3521 4784 aut
3546 4674 3701 4784 peti-

2111 4764 2284 4861 tiones
2299 4764 2555 4869 indignas
2576 4794 2686 4848 Deo
2713 4798 2767 4845 et
2790 4802 2901 4843 non
2931 4795 3116 4840 sacras
3134 4772 3371 4848 petierit,
3395 4778 3453 4825 et
3475 4764 3703 4869 deside-

2111 4898 2249 4952 rium
2277 4862 2473 4949 divinis
2502 4902 2605 4943 non
2636 4883 3045 4940 corroboratum
3095 4869 3348 4929 habuerit
3374 4874 3431 4920 et
3471 4862 3704 4919 sibimet

2112 4996 2469 5054 consequens,
2523 4981 2884 5044 consequetur
2910 4984 3008 5040 per
3032 4965 3269 5034 seipsum
3317 4953 3704 5054 indisciplinao

2111 5079 2273 5135 bilem
2293 5050 2645 5145 vpetitionem.
2703 5065 2781 5120 De
2817 5062 2962 5136 dicta
3009 5065 3189 5112 autem
3221 5050 3486 5145 oratione,
3524 5057 3703 5114 quam

2112 5138 2356 5225 summus
2391 5159 2644 5217 sacerdos
2690 5159 2975 5226 superarat
3015 5142 3329 5209 dormienti,
3383 5138 3437 5195 in
3467 5149 3572 5190 nos
3607 5148 3709 5187 ve-

1702 5258 1956 5316 VARIAE
1993 5254 2396 5317 LECTIONES.

494 5357 512 5389 ³
539 5362 659 5410 sunt
686 5368 795 5411 om.
819 5350 931 5408 BH.
1006 5354 1030 5389 ⁸
1061 5350 1150 5405 EII
1177 5349 1491 5406 seculorum.

420 5428 467 5488 Β
494 5357 521 5438 ³.
539 5362 659 5410 sunt
686 5368 795 5411 om.
819 5351 931 5408 BH.
1006 5354 1030 5389 ⁸
1061 5351 1150 5405 EII
1177 5351 1491 5406 seculorum.
1589 5351 1610 5383 ³
1629 5360 1677 5406 et
1706 5365 1815 5418 om,
1838 5352 1945 5407 ΑΕ.

504 5440 662 5479 immo

504 5440 662 5479 immo

2041 5351 2064 5385 ⁸
2083 5351 2126 5406 Β
2145 5350 2465 5421 deprecetur.

3359 5322 3381 5355 '
3416 5318 3525 5374 Pro
3550 5326 3602 5372 et
3630 5326 3713 5378 ad

2554 5340 2575 5373 ⁸
2606 5337 2697 5394 BH
2719 5336 2877 5391 enim.
2955 5332 2978 5364 ⁸
3004 5328 3096 5387 BH
3119 5326 3262 5385 tradi

1993 5491 2218 5550 \‘OTAE.

503 5597 529 5625 ι
563 5584 667 5639 Isa.
706 5584 902 5651 LXIV;
933 5585 1097 5640 lCor.
1122 5584 1185 5647 II,
1214 5587 1268 5641 9.

498 5659 525 5689 ι’
559 5657 678 5709 Job.
698 5653 900 5716 XXIX;
927 5656 1032 5710 Ose
1058 5656 1133 5715 II;
1162 5656 1179 5709 l
1203 5653 1326 5709 Cor.
1350 5652 1417 5715 V,
1440 5652 1534 5717 I0;
1556 5653 1577 5707 I
1602 5652 1732 5718 Reg.
1753 5653 1994 5718 XXVIII;

426 5724 597 5781 Exod.
646 5724 800 5786 XVII,
844 5725 1061 5792 XXXII,
1104 5724 1352 5791 XXXIII;
1389 5723 1541 5779 Num.
1577 5722 1663 5790 XI,
1693 5722 1831 5790 XIV,
1858 5723 1996 5788 XVI,

2114 5580 2340 5705 XXVIII;
2373 5576 2530 5697 gent.
2556 5573 2600 5640 l,
2638 5571 2735 5637 IX;
2784 5567 2924 5623 Psal.
2960 5562 3048 5620 CV

2183 5663 2202 5690 ε
2278 5665 2359 5704 ac.
2442 5688 2455 5700 .

2183 5663 2202 5690 (⁵
2243 5663 2359 5704 J‘JC.
2399 5663 2455 5700 ν.
