3952 6162
282 282 415 338 “09

838 274 1089 333 VERSIO
1122 274 1408 333 OPERUM
1448 274 1507 332 S.
1548 273 1861 331 DIONYSIL
1904 304 1974 314 —
2010 269 2540 345 ECCLESIASTICA
2577 258 2988 326 musaeum;

3392 273 3527 330 lllO

278 397 513 449 nicntem
562 405 625 447 ex
669 390 866 447 divinis
892 389 1091 445 nostris
1130 387 1355 444 ducibus
1398 387 1739 443 traditionem
1763 385 1844 440 di-
1875 395 1925 449 Α
1950 384 2198 439 omnibus
2212 384 2522 439 icrarchicis
2536 383 2823 438 virtutibus
2838 380 3532 450 utendum,quomodocun-

276 503 404 544 cere
440 486 825 541 necessarium.
855 483 1077 538 Divinus
1105 498 1348 538 summus
1370 482 1626 537 sacerdos
1669 481 1852 551 expla-

276 589 438 634 nator
465 588 572 641 est,
601 585 660 630 ut
683 575 892 644 eloquia
934 576 1089 631 aiunt
1113 588 1164 641 δ,
1193 575 1492 631 divinarum
1513 575 1856 645 justilicatio-

275 682 405 722 num
430 684 444 720 :
477 665 699 736 angelus
722 665 868 720 enim
890 663 1099 718 Domini
1128 664 1511 732 omnipotentis
1532 673 1632 719 est.
1659 664 1854 719 Didicit

273 772 407 827 ergo
429 772 498 811 ex
532 756 644 811 Deo
702 755 913 810 traditis
943 754 1192 824 eloquiis,
1227 754 1352 823 quia
1393 764 1578 809 sancte
1622 753 1853 809 viventi-

272 848 377 902 bus
407 845 731 901 lucidissima
767 853 823 899 et
859 845 1041 899 divina
1065 845 1178 900 vita
1215 845 1511 900 secundum
1537 846 1851 916 dignitatem

210 1002 215 1007 ι
273 956 302 991 a
355 937 673 1006 justissimis
722 937 866 1007 jugis
919 938 1179 1001 redditur,
1235 937 1563 1007 despiciente
1614 938 1853 991 bonitate

274 1031 493 1085 divinae
541 1028 898 1085 humanitatis
927 1029 1194 1098 ingenitas
1222 1029 1303 1083 eis
1335 1044 1402 1082 cx
1433 1029 1665 1082 humana
1701 1026 1850 1081 infir-

273 1119 464 1174 mitate
492 1118 753 1183 maculas,
773 1117 1022 1187 quoniam
1047 1117 1256 1187 quidem
1288 1134 1457 1183 nemo,
1491 1125 1617 1171 utet
1637 1117 1851 1185 eloquia

270 1210 444 1274 aiunt,
482 1208 711 1263 mundus
743 1225 775 1261 a
796 1209 948 1261 sorde
974 1208 1025 1263 b.
1053 1208 1193 1263 Haec
1215 1208 1431 1277 quidem
1454 1223 1583 1278 ergo
1609 1222 1851 1261 summus

269 1298 527 1353 sacerdos
551 1298 652 1352 scit
673 1297 937 1365 promissa
960 1312 1027 1352 ex
1061 1298 1204 1353 veris
1225 1298 1454 1367 eloquiis
1476 1312 1492 1352 :
1516 1298 1647 1367 petit
1668 1305 1848 1353 autem

269 1389 530 1443 continuo
584 1388 726 1451 fieri,
769 1396 825 1441 et
873 1388 1062 1442 donari
1108 1396 1294 1443 sancte
1338 1387 1644 1443 viventibus
1665 1400 1850 1442 sacras

270 1477 657 1532 retributiones
706 1495 719 1530 :
778 1477 939 1532 simul
993 1478 1208 1547 quidem
1257 1477 1310 1531 in
1352 1476 1445 1531 Dei
1492 1476 1847 1537 imitationem

268 1569 612 1625 deiformiter
629 1567 964 1635 cl'formatus,
994 1577 1050 1625 et
1073 1569 1299 1624 aliorum
1321 1569 1570 1634 donatas,
1600 1568 1849 1639 proprias

268 1672 530 1730 expetens
564 1661 765 1731 gratias
817 1677 829 1713 :
874 1660 1035 1714 simul
1092 1669 1270 1715 autem
1305 1668 1363 1715 ct
1415 1675 1522 1716 non
1562 1660 1850 1716 mendaces

266 1752 658 1820 promissiones
696 1752 874 1807 sciens
903 1751 1111 1806 futuras
1135 1752 1177 1818 ί,
1208 1760 1262 1804 et
1306 1750 1681 1822 praesentibus
1734 1766 1849 1805 nia-

268 1841 538 1897 nil‘estans
566 1852 771 1912 aperte,
795 1843 920 1911 quia
945 1841 1014 1897 ab
1032 1857 1096 1897 eo
1124 1842 1417 1896 secundum
1445 1840 1615 1910 legem
1636 1854 1846 1894 sacram

267 1935 604 2004 expetendae
634 1934 656 1964 ¹
691 1934 943 1989 omnibus
994 1942 1152 1988 erunt
1198 1931 1353 2003 juxta
1389 1932 1625 1987 divinam
1682 1932 1848 1988 vitam

267 2025 680 2080 consummatis.
730 2024 845 2079 Non
884 2026 1026 2079 enim
1074 2039 1318 2080 summus
1351 2025 1604 2079 sacerdos
1636 2024 1850 2078 divinae

263 2115 513 2185 iustitiae
541 2116 810 2188 ypopheta
850 2123 1056 2184 peteret
1084 2114 1374 2184 aliquando
1404 2114 1504 2168 nisi
1535 2113 1646 2169 Deo
1699 2129 1850 2168 ama-

269 2205 500 2269 hillima,
521 2216 575 2259 et
603 2206 672 2259 ab
697 2219 762 2258 eo
804 2204 995 2259 donari
1020 2204 1275 2258 divinitus
1296 2204 1586 2273 promissa.
1622 2203 1850 2272 Propter

267 2296 418 2366 quod
472 2296 765 2350 immundis
809 2311 915 2349 non
943 2304 1063 2351 orat
1096 2296 1231 2350 haec
1274 2296 1684 2361 dormientibus,
1716 2312 1851 2365 quo-

270 2387 419 2441 niam
446 2400 550 2440 non
580 2386 753 2440 solum
781 2385 1105 2457 ypophetico
1126 2385 1180 2441 in
1210 2386 1314 2440 hoc
1342 2395 1613 2440 avertetur
1635 2386 1846 2450 ordine,

271 2487 333 2530 et
372 2477 501 2545 quid
531 2476 955 2531 ierarchicorum
985 2477 1213 2545 superbe
1241 2476 1477 2543 audebit,
1506 2492 1534 2528 a
1566 2476 1850 2546 perfectio:

269 2582 404 2621 num
450 2568 691 2638 principe
737 2569 1053 2632 movendus,
1083 2577 1139 2621 et
1164 2568 1290 2636 quia
1320 2580 1521 2622 rectam
1551 2567 1848 2621 orationem

267 2657 643 2725 wnsequitur,
701 2658 769 2712 ab
798 2656 945 2725 justo
985 2657 1199 2728 eloquio
1220 2666 1275 2712 et
1302 2658 1415 2727 ipse
1442 2672 1549 2711 non
1580 2657 1850 2711 immerito

269 2749 501 2803 audiens
528 2768 540 2802 :
566 2747 771 2815 Potitia,
799 2760 846 2804 et
878 2766 980 2804 non
1009 2751 1263 2819 accipitis,
1291 2752 1417 2821 quia
1440 2750 1575 2804 male
1604 2750 1774 2820 petitis
1800 2762 1847 2802 ε.

269 2840 391 2893 Non
420 2854 550 2910 ergo
586 2841 797 2895 divinus
830 2856 1072 2896 summus
1096 2841 1350 2896 sacerdos
1373 2843 1572 2910 expetit
1594 2841 1852 2896 divinitus

270 2930 566 2999 promissa,
606 2940 662 2986 et
694 2931 943 2986 amabilia
993 2931 1120 2996 Deo,
1158 2941 1213 2986 et
1241 2932 1458 2987 omnino
1485 2933 1751 2997 donanda,
1798 2941 1852 2987 et

272 3023 380 3076 hoc
422 3022 643 3092 proprio
665 3022 1001 3077 deiformiter
1047 3023 1231 3078 habitu
1268 3025 1557 3079 ostendens
1587 3026 1851 3079 bonorum

1955 489 2062 544 que
2080 474 2558 530 consummationis
2585 474 2835 542 princeps
2880 487 2973 526 eas
2995 472 3251 527 divinitas
3279 475 3527 529 moverit.

1951 568 2088 622 Aliis
2111 575 2287 620 autem
2311 566 2391 620 sic
2409 566 2461 619 in
2492 579 2733 619 summos
2759 563 3089 627 sacerdotes,
3116 562 3168 616 in
3200 563 3530 633 quibuscun—

1952 672 2058 727 que
2087 666 2252 726 agunt
2280 654 2597 718 ierarchice,
2626 653 3031 718 attendendum,
3062 662 3319 722 tanquam
3344 669 3374 707 a
3421 654 3532 708 Deo

1953 757 2268 803 commotos.
2298 745 2556 816 Spernens
2579 746 2717 799 enim
2760 761 2866 807 vos,
2900 745 2992 808 ait,
3019 744 3109 797 me
3127 744 3321 814 spe/uit
3350 744 3395 797 ί.
3425 742 3532 799 Sed

1951 842 2236 895 redeamus
2258 839 2503 893 indictae
2518 835 2780 891 orationis
2808 836 3214 903 consequentia.
3239 834 3399 888 Periit
3417 834 3532 887 iens

1952 933 2096 987 enim
2123 947 2216 986 eas
2242 945 2484 984 summus
2512 928 2785 992 sacerdos,
2811 937 2866 981 et
2895 928 3008 996 ipse
3038 925 3234 980 salutat
3259 926 3534 980 dormien-

1954 1032 2083 1085 tem,
2124 1031 2177 1074 et
2202 1019 2395 1073 deinde
2420 1026 2733 1087 praesentes
2775 1030 2985 1069 omnes.
3018 1014 3364 1068 Delectabilis
3385 1014 3531 1068 enim

1951 1120 2116 1171 estet
2147 1108 2477 1164 honorabilis
2515 1107 2766 1161 omnibus
2828 1104 3179 1159 deiformibus
3232 1105 3530 1158 secundum

1952 1200 2185 1255 divinam
2214 1199 2379 1253 vitam
2407 1206 2830 1253 consummatus.
2852 1196 2981 1250 Post
3001 1210 3129 1250 vero
3151 1194 3530 1249 salutationem

1951 1289 2185 1346 infundit
2211 1289 2496 1344 dormienti
2529 1288 2706 1347 oleum
2730 1303 2970 1343 summus
2994 1288 3267 1342 sacerdos.
3299 1286 3536 1351 Memen-

1953 1390 2007 1436 to
2041 1389 2241 1444 autem,
2272 1380 2399 1449 quia
2425 1378 2723 1434 secundum
2746 1393 2959 1433 sacram
2985 1378 3384 1446 theogenesiam
3408 1388 3533 1432 ante

1951 1469 2347 1524 divinissimum
2413 1468 2709 1538 baptisma,
2762 1467 2938 1538 prima
2993 1467 3336 1536 participatio
3393 1483 3533 1523 sacri

1953 1557 2179 1629 symboli
2210 1557 2437 1611 donatur
2469 1556 2796 1626 perficiendo
2817 1563 2942 1626 post
2988 1557 3348 1610 universalem
3385 1558 3532 1627 prio-

1955 1648 2034 1702 ris
2057 1645 2365 1701 vestimenti
2389 1645 2778 1716 depositionetn
2810 1645 3077 1699 unctionis
3101 1644 3299 1699 oleum.
3337 1645 3392 1698 In
3428 1649 3536 1701 line

1954 1750 2135 1794 autem
2165 1753 2307 1792 nunc
2327 1737 2569 1792 omnium
2594 1752 2756 1807 super
2779 1736 3131 1791 dormientem
3158 1735 3335 1790 oleum
3359 1735 3536 1789 infun-

1958 1834 2123 1888 ditur.
2154 1831 2221 1885 Et
2250 1841 2376 1885 tunc
2404 1830 2622 1899 quidem
2664 1827 2766 1883 olei
2795 1828 2979 1882 unctio
3019 1827 3087 1881 ad
3110 1843 3262 1881 sacra
3284 1828 3537 1882 certami-

1956 1938 2024 1977 na
2047 1931 2207 1977 vocat
2229 1918 2711 1975 eonsummandum
2740 1934 2754 1971 :
2783 1922 2923 1971 num:
2940 1930 3068 1971 vero
3094 1916 3330 1971 infusum
3360 1916 3535 1971 oleum

1955 2014 2283 2078 manifestat,
2315 2012 2608 2068 secundum
2636 2010 2750 2080 ipsa
2782 2024 2937 2063 sacra
2968 2008 3265 2062 certamina
3295 2008 3534 2062 militan-

1959 2115 2064 2160 tem
2091 2112 2146 2160 et
2184 2111 2616 2159 consmnmatum
2646 2099 3027 2154 dormientem.
3080 2097 3225 2151 Ilaec
3253 2100 3535 2167 perticiens

1956 2211 2197 2253 summus
2247 2195 2497 2250 sacerdos
2527 2193 2739 2262 reponit
2783 2191 2838 2245 in
2865 2191 3024 2245 domo
3053 2190 3291 2259 pretiosa
3318 2206 3536 2260 corpus,

1955 2304 2078 2343 cum
2106 2288 2334 2342 aliorum
2384 2300 2554 2356 aeque
2579 2292 2855 2354 potentum
2890 2284 3059 2337 sacris
3103 2284 3435 2351 corporibus.
3480 2283 3538 2336 Si

1956 2380 2097 2433 enim
2130 2379 2181 2431 in
2211 2378 2391 2432 anima
2423 2385 2478 2430 et
2517 2389 2743 2445 corpore
2772 2373 2883 2428 Deo
2913 2372 3198 2427 amabilem
3236 2372 3423 2438 vitam,
3446 2373 3536 2441 qui

1956 2468 2230 2532 dormivit,
2258 2467 2493 2531 vivebat,
2518 2465 2814 2536 pretiosum
2857 2464 2961 2518 erit
2989 2479 3108 2518 cum
3141 2473 3327 2517 sancta
3358 2463 3536 2516 anima

1957 2548 2341 2618 commilitan!
2362 2561 2407 2615 ei
2437 2558 2957 2628 corpus'secundum
2995 2557 3204 2611 divinas
3233 2555 3538 2610 collocatio-

1957 2668 2071 2706 nes.
2123 2650 2250 2705 Inde
2305 2651 2483 2705 divina
2515 2648 2719 2717 iustitia
2749 2663 2870 2703 cum
2922 2648 3139 2718 proprio
3187 2662 3411 2717 corpore
3438 2647 3538 2717 ipsi

1957 2740 2178 2796 donabit
2213 2740 2502 2795 retributas
2531 2739 2765 2808 quietes,
2799 2746 3054 2806 tanquam
3078 2737 3292 2791 cocunti
3312 2745 3365 2791 et
3387 2751 3528 2790 com-

1956 2831 2302 2903 participanti
2349 2839 2567 2886 sanctae
2618 2837 2710 2883 aut
2752 2830 3060 2884 contrariae
3102 2830 3261 2884 vitae.
3314 2829 3539 2899 Propter

1958 2923 2102 2993 quod
2122 2931 2178 2976 et
2205 2936 2484 2978 sacrorum
2515 2920 2695 2975 divina
2719 2918 2984 2989 legislatio
3011 2920 3219 2973 divinas
3241 2920 3541 2973 communio

1960 3016 2202 3071 cationes
2253 3015 2517 3071 ambobus
2546 3014 2710 3068 donat
2759 3029 2774 3068 :
2810 3014 3025 3067 animae
3059 3011 3275 3082 quidem
3326 3012 3377 3065 in
3408 3027 3539 3080 pura

272 3112 450 3167 amico
474 3111 606 3177 Deo,
642 3121 698 3166 et
722 3112 1099 3181 praesentibus
1126 3124 1309 3183 aperte
1339 3115 1692 3170 manifestans
1726 3131 1852 3170 san-
1882 3117 1924 3178 C
1956 3107 2411 3178 contemplatione
2437 3115 2489 3161 et
2519 3105 2747 3160 scientia
2770 3102 3150 3175 perfecturum,
3178 3102 3387 3172 corpori
3414 3117 3540 3155 vero

273 3203 380 3257 ctis
426 3201 603 3257 futura
648 3203 808 3258 dona.
846 3203 936 3258 Sic
964 3212 1019 3257 et
1065 3204 1384 3260 discretivas
1433 3206 1633 3260 habent
1658 3205 1855 3260 summi

272 3293 586 3348 sacerdotes
629 3293 879 3359 virtutes,
918 3291 1349 3349 manifestatores
1382 3292 1858 3364 divinarumjusti-

275 3382 609 3449 licationum,
642 3398 749 3438 non
791 3391 850 3437 ut
893 3384 1130 3452 ipsorum
1171 3385 1559 3439 irrationabilia
1590 3385 1856 3440 desideria

275 3473 676 3542 sapientissima
719 3473 999 3529 divinitate
1030 3474 1413 3530 ministratorie
1459 3485 1737 3544 sequente,
1764 3478 1874 3536 sed.

244 3600 253 3605 -
279 3574 340 3617 ιιι
367 3565 499 3634 ipsis
534 3563 849 3634 ypOphetice
873 3566 1227 3620 submovente
1248 3565 1594 3635 perfectionis
1619 3568 1859 3637 principe

276 3654 473 3722 spiritu
516 3660 734 3708 vocatos
759 3651 1042 3720 Deojuxta
1075 3653 1384 3724 dignitatem
1416 3656 1856 3725 segregantibus:

276 3744 510 3812 Accipite
531 3744 686 3809 enim,
715 3744 816 3809 ait,
846 3743 1100 3812 Spiritum
1127 3754 1363 3798 sanctum
1388 3762 1405 3798 :
1433 3760 1862 3818 quorumcunque

277 3835 542 3888 dimittitis
589 3844 825 3904 peccata,
879 3834 1256 3901 dimittuntur;
1306 3851 1734 3907 quorumcuuque
1783 3849 1860 3893 te-

278 3925 431 3986 netis,
461 3935 658 3978 retenta
708 3932 831 3978 sunt
872 3923 921 3978 ά.
966 3924 1043 3994 Et
1075 3924 1283 3979 divinas
1325 3925 1684 3983 revelationes
1736 3944 1869 3986 san-

279 4019 507 4072 ctissimi
549 4017 726 4071 Patris
779 4017 1079 4071 illuminato
1123 4018 1334 4087 eloquia
1402 4018 1552 4087 ajunt
1608 4037 1620 4073 :
1684 4021 1865 4086 Quod-

281 4125 485 4179 cunque
543 4108 782 4177 ligareris
841 4109 896 4163 in
942 4118 1104 4175 terra,
1162 4113 1260 4163 erit
1308 4110 1527 4179 ligatum
1575 4112 1630 4166 in
1686 4112 1863 4180 caelo;

279 4208 327 4252 et
382 4198 727 4269 quodcunque
774 4199 991 4253 solveris
1041 4200 1095 4253 in
1145 4210 1323 4266 terra,
1376 4203 1475 4254 erit
1531 4200 1761 4257 solutum
1812 4206 1866 4257 in

278 4288 427 4344 caelo
483 4300 531 4355 ο,
589 4298 839 4360 tanquam
877 4289 1215 4361 Evangelista
1266 4291 1358 4345 illo
1409 4301 1465 4345 et
1515 4294 1663 4347 omni
1712 4292 1867 4361 juxta

284 4385 460 4451 ipsum
503 4394 714 4435 summo
770 4382 1079 4446 sacerdote,
1134 4384 1426 4437 secundum
1466 4383 1519 4436 in
1583 4399 1649 4438 eo
1696 4384 1867 4441 factas

1959 3218 2059 3273 per
2085 3201 2479 3256 divinissimum
2511 3207 2767 3270 tanquam
2812 3198 2867 3251 in
2912 3197 3146 3267 imagine
3185 3204 3537 3264 unguentum,

1963 3294 2178 3350 divinae
2231 3290 2733 3348 communicationis
2761 3288 3130 3344 sacratissima
3174 3286 3417 3357 symbola
3459 3296 3540 3339 to-

1963 3394 2077 3439 tum
2118 3384 2391 3439 hominem
2429 3380 2795 3445 sanctiticans,
2831 3386 2887 3433 et
2924 3377 3281 3431 universalem
3310 3373 3425 3444 ejus
3456 3391 3541 3429 sa-

1961 3477 2127 3532 lutem
2182 3476 2497 3531 sacriftcans
2527 3514 2542 3539 ,
2593 3481 2648 3526 et
2722 3471 3304 3526 consummatissimum
3376 3469 3542 3537 ipsius

1962 3567 2416 3624 resurrectionem
2444 3562 2681 3617 futuram
2713 3560 2830 3616 fore
2850 3560 3170 3615 denuntians
3197 3574 3294 3630 per
3314 3558 3543 3613 catholi-

1966 3678 2087 3718 cam
2137 3659 2643 3716 sanetilicationem.
2675 3655 3143 3712 Consummativas
3170 3664 3347 3708 autem
3395 3657 3544 3709 invo-

1964 3754 2208 3809 cationes
2243 3765 2349 3804 non
2399 3747 2715 3816 estjustum
2754 3749 2806 3802 in
2839 3746 3134 3816 Scripturis
3187 3746 3545 3815 interpretan-

1968 3845 2131 3907 tibus,
2158 3857 2329 3911 nCQue
2374 3841 2661 3911 mysticum
2694 3856 2904 3904 earum,
2936 3847 3026 3892 aut
3057 3841 3108 3891 in
3135 3839 3263 3907 ipsis
3295 3848 3544 3906 Operatas

1967 3949 2037 3989 ex
2081 3932 2192 3986 Deo
2227 3932 2454 3986 virtutes
2513 3945 2579 3983 ex
2603 3928 2816 3983 occulto
2844 3927 2912 3980 ad
2959 3941 3242 3980 commune
3267 3926 3493 3979 educere
3527 3943 3538 3981 :

1967 4026 2061 4081 sed
2086 4033 2144 4077 ut
2185 4038 2340 4077 sacra
2373 4031 2557 4075 nostra
2605 4018 2820 4074 traditio
2851 4018 3033 4081 habet,
3062 4018 3114 4069 in
3144 4016 3418 4086 pomposis
3448 4016 3544 4070 do-

1967 4115 2158 4173 ctriuis
2208 4129 2301 4169 eas
2339 4112 2603 4176 edisccns,
2637 4119 2691 4166 et
2718 4111 2785 4164 ad
2837 4110 3155 4165 divinioretn
3197 4109 3437 4162 habitum
3490 4118 3543 4162 ct

1969 4222 2246 4278 anagogen
2288 4219 2473 4259 amore
2516 4204 2697 4258 divino
2727 4213 2782 4257 et
2828 4203 3228 4272 Operationibus
3252 4201 3544 4270 perfectus,

1968 4313 2033 4352 ex
2063 4296 2409 4352 teletarchica
2456 4294 2851 4348 illuminatione
2878 4293 3132 4346 ascendet
3157 4292 3223 4345 ad
3245 4291 3545 4345 excelsissi-

1971 4402 2112 4440 mam
2137 4400 2321 4441 earum
2349 4384 2653 4439 scientiam.
2677 4383 2829 4449 Quod
2869 4393 3049 4435 autem
3089 4388 3145 4435 et
3173 4396 3367 4449 pueros
3410 4396 3548 4433 non-

280 4482 630 4544 paternarum
675 4471 1122 4540 justiticationum
1194 4474 1571 4541 revelationes,
1636 4458 1945 4531 manife-D
1973 4480 2097 4532 dum
2148 4475 2329 4529 divina
2383 4474 2682 4544 intelligere
2712 4481 2982 4543 potentes,
3014 4486 3204 4525 sacrae
3254 4470 3545 4540 participes

282 4574 455 4619 stator
493 4572 549 4619 et
599 4573 1002 4620 consummator
1046 4565 1144 4619 Dei
1188 4566 1392 4620 amicos
1444 4567 1761 4633 adducente,
1814 4578 1871 4622 et

284 4656 478 4726 impios
537 4656 997 4711 exbaercditante.
1053 4656 1275 4710 Sacram
1308 4657 1452 4710 enim
1509 4657 1655 4711 illam
1715 4658 1866 4712 theo-

283 4746 507 4816 logiam,
557 4754 618 4800 ut
646 4745 858 4816 eloquia
900 4747 1070 4813 aiunt,
1104 4763 1207 4801 non
1260 4762 1355 4816 per
1384 4746 1621 4816 seipsum
1669 4755 1865 4813 motus,

288 4854 464 4909 neque
508 4854 673 4895 carne
719 4847 775 4893 et
824 4839 1085 4909 sanguine
1141 4838 1522 4904 revolantibus,
1551 4838 1645 4893 sed
1675 4855 1704 4892 a
1754 4840 1863 4894 Deo

291 4931 635 4986 invisibiliter
673 4946 795 4987 eum
827 4931 1043 5000 propria
1069 4930 1293 4984 docente
1339 4931 1633 4999 respondit.
1660 4931 1865 4987 Divinis

291 5019 457 5089 igitur
485 5020 713 5075 summis
740 5019 1132 5084 sacerdotibus,
1165 5020 1242 5074 sic
1273 5028 1327 5073 et
1365 5019 1781 5074 discretionibus
1809 5029 1866 5074 et

1972 4571 2086 4625 fieri
2115 4569 2330 4623 divinae
2349 4568 2730 4638 generationis,
2749 4577 2805 4620 et
2828 4566 3315 4621 sacratissimorum
3332 4564 3548 4619 divinae

1971 4659 2476 4716 connnunicatimris
2518 4658 2909 4729 symbolarum,
2951 4659 3163 4712 videtur
3207 4656 3455 4726 quidem,
3490 4665 3549 4717 ut

1972 4754 2071 4819 ais,
2119 4750 2410 4805 immundis
2446 4751 2760 4821 blaspheme
2823 4751 2930 4805 risu
2972 4750 3208 4821 dignum,
3269 4748 3315 4803 si
3363 4749 3553 4802 audire

1971 4859 2076 4897 non
2116 4841 2355 4897 valentes
2395 4839 2623 4896 edocent
2670 4840 2864 4895 summi
2919 4840 3226 4895 sacerdotes
3262 4839 3460 4899 divina,
3495 4844 3552 4895 et

1972 4948 2079 4987 non
2107 4932 2524 5003 intelligentibus
2548 4933 2809 5002 imagines
2858 4931 3179 4985 tradiderint
3214 4944 3401 4984 sacras
3429 4936 3545 4979 tra-

1970 5022 2222 5077 ditiones.
2253 5022 2319 5076 Et
2362 5023 2505 5090 quod
2535 5022 2709 5076 adhuc
2735 5021 3011 5087 risibilius,
3041 5021 3308 5092 quomodo
3335 5032 3432 5089 pro
3467 5016 3556 5077 eis

1577 5127 1833 5184 VARIAE
1866 5129 2268 5188 LECTIONES.

360 5245 376 5276 ⁸
406 5237 498 5294 ΒΗ
568 5238 783 5310 futuris.
878 5242 898 5269 ‘
920 5238 1011 5292 ΑΕ
1034 5239 1318 5308 expetenda
1346 5267 1417 5278 --
1451 5242 1567 5293 erit.

1816 5333 2066 5392 NOTAE.

364 5463 390 5491 ι
412 5446 558 5503 Psal.
587 5444 826 5512 CXVIII;
857 5444 977 5499 Mal.
1017 5444 1099 5509 Il;
1132 5444 1318 5499 Matth.
1349 5441 1533 5497 XVIII.

369 5520 395 5559 υ
423 5517 524 5573 Job
570 5516 696 5582 XV;
728 5517 792 5571 Ill
839 5516 971 5585 Reg.
1026 5514 1161 5570 Vlll'
1214 5513 1359 5570 Eccl.
1399 5513 1514 5567 Vll'
1552 5512 1709 5568 Rom.
1755 5514 1856 5579 lll;

300 5589 318 5642 I
343 5588 496 5645 Joan.
523 5587 565 5651 1,
587 5587 685 5653 ιιι;
712 5586 830 5643 Jac.
858 5587 943 5641 lll.

368 5665 392 5696 °
427 5656 541 5719 Iac.
566 5657 655 5724 IV,
684 5658 737 5715 5.

2050 5447 2075 5487 ά
2099 5445 2251 5503 Joan.
2282 5448 2403 5509 XX,
2432 5449 2525 5503 22.

2050 5528 2071 5552 ε
2106 5519 2290 5572 Matth.
2330 5519 2464 5579 XVI,
2502 5520 2587 5574 t9.

2051 5587 2226 5645 fLuc.
2264 5588 2334 5656 Χ,
2372 5590 2455 5646 lii.
