3952 6162
417 315 546 376 illi

1797 308 2075 367 JOANNIS
2114 310 2308 369 SCOTI

3536 318 3672 375 ill!

420 432 508 487 alii
541 427 1065 485 abrenuntiationem
1094 426 1277 481 dicunt
1310 433 1363 481 et
1392 439 1573 480 sacras
1603 422 1988 480 confessiones.
2026 431 2072 489 Α
2099 430 2467 485 nuntiationes
2503 437 2597 485 aut
2625 444 2812 485 sacras
2839 428 3205 489 confessiones
3234 430 3395 498 facio,
3430 435 3524 489 sed
3551 437 3678 504 quia

418 528 644 593 Oportet
676 529 851 575 autem
884 529 1029 574 tuam
1067 517 1427 571 ierarchicam
1454 514 1859 585 intelligentiam
1889 531 1995 569 non

420 615 693 687 angustari
723 615 775 667 in
797 614 1125 675 errantibus,
1147 611 1241 665 sed
1259 618 1313 664 et
1337 610 1530 663 timens
1553 607 1710 663 simul
1737 616 1997 663 eteorum

422 706 757 759 lueiducatus
809 704 983 774 gratia
1017 702 1246 773 diligens
1296 701 1586 755 defendere
1615 701 1875 755 adversus
1900 715 1999 769 pro

419 798 499 850 eis
528 796 765 865 prolatas
808 795 1052 859 insidias,
1081 802 1466 864 proponeutcut
1516 800 1572 846 et
1603 793 1703 846 hoc
1726 790 1878 858 juxta
1925 791 2002 846 le-

420 904 538 954 gem
570 887 824 949 divinam,
855 894 1118 955 quantum
1146 900 1251 938 non
1278 884 1330 938 in
1354 892 1537 938 nostra
1567 883 1793 938 scientia
1820 881 1999 936 omnia

420 979 601 1033 divina
626 977 1167 1040 circumscrilmntur,
1210 976 1374 1029 multa
1400 985 1577 1028 autem
1607 990 1636 1027 a
1663 973 1818 1027 nobis
1846 973 2000 1041 igno-

422 1081 598 1125 torum
623 1086 817 1125 causas
864 1070 1063 1124 habent
1089 1070 1324 1134 divinas,
1352 1069 1507 1123 nobis
1523 1068 1737 1138 quidem
1770 1068 2000 1137 ignotas,

420 1170 578 1215 notas
606 1176 735 1216 vero
764 1169 1004 1215 nostrum
1037 1160 1351 1214 melioribus
1381 1159 1682 1213 ordinibus.
1710 1157 1876 1212 Multa
1908 1173 2006 1211 au-

424 1264 533 1307 tem
587 1261 641 1307 et
691 1251 1087 1306 excelsissimas
1116 1252 1407 1306 “essentias
1464 1250 1687 1314 latuere,
1722 1258 1778 1304 et
1824 1264 1857 1303 a
1890 1249 2002 1304 sola

421 1344 707 1413 diligenter
738 1342 953 1410 cognita
986 1352 1110 1395 sunt
1158 1340 1557 1409 sapientissima
1584 1347 1639 1393 et
1666 1339 2002 1410 sapientilica

422 1436 722 1490 thearchia.
771 1435 1136 1489 Vcruntamen
1180 1434 1305 1503 quia
1336 1441 1391 1486 et
1427 1432 1493 1486 de
1522 1432 1623 1487 hoc
1662 1446 1725 1485 ea
1753 1431 2003 1497 dicimus,

420 1542 561 1595 quae
581 1524 797 1595 quidem
830 1524 1121 1579 deiformes
1146 1524 1315 1578 nostri
1355 1522 1528 1578 sancti
1556 1522 1911 1591 perfectores,
1940 1523 2007 1578 ab

420 1617 644 1686 antiqua
674 1616 869 1670 eruditi
914 1616 1223 1679 traditione,
1254 1615 1306 1669 in
1329 1630 1427 1669 nos
1456 1613 1815 1669 adducebant.
1843 1613 2009 1668 Aiunt

419 1710 588 1773 enim,
612 1710 753 1779 quod
774 1709 988 1778 quidem
1017 1716 1101 1763 est
1126 1724 1336 1772 verum,
1360 1708 1483 1777 quia
1513 1709 1807 1763 secundum
1835 1707 2007 1778 legem

2100 534 2234 589 puer
2247 518 2625 575 abrenuntiat:
2658 521 2759 577 hoc
2783 534 2884 587 est,
2917 524 3180 578 conﬁteor
3206 539 3433 595 puerum
3454 528 3682 584 credere

2101 612 2175 665 in.
2205 626 2420 665 sacrum
2484 628 2703 668 sensum
2757 603 3060 669 ienientem
3111 617 3313 670 nostris
3357 619 3619 690 anagngis
3661 637 3677 674 :

2101 705 2608 758 abrenuntiaturum
2658 706 2876 773 quidem
2927 707 3308 763 universaliter
3351 711 3679 777 contrariis,

2102 793 2346 848 conﬁteri
2369 803 2548 848 autem
2570 802 2624 849 et
2647 796 2864 864 operari
2887 797 3096 851 divinas
3123 797 3513 855 confessiones.
3537 800 3682 856 Nihil

2102 898 2250 955 ergo,
2267 894 2327 939 ut
2352 888 2597 949 aestimo,
2624 887 3033 956 inconsequens,
3052 895 3098 944 si
3124 892 3418 945 secundum
3444 892 3683 947 divinam

2103 990 2237 1045 puer
2277 990 2555 1046 auagogen
2605 977 2886 1041 educatur,
2916 978 3105 1032 ducem
3144 987 3199 1033 et
3224 982 3566 1035 anadoclmm
3593 998 3683 1035 sa-

2104 1083 2255 1123 crum
2302 1067 2524 1131 habens,
2556 1066 2801 1121 habitum
2830 1068 2931 1122 sibi
2963 1068 3263 1123 divinorum
3294 1070 3680 1137 insinuantem,

2104 1166 2160 1211 et
2205 1156 2481 1225 custodem
2524 1173 2554 1210 a
2601 1157 2890 1212 contrariis
2933 1158 3189 1227 peritum.
3246 1157 3437 1212 Tradit
3500 1170 3681 1215 autem
3758 1179 3772 1194 ·

2106 1265 2275 1321 puero
2320 1249 2491 1304 sacris
2526 1249 2786 1321 symbolis
2830 1263 3070 1304 summus
3108 1250 3385 1314 sacerdos,
3429 1258 3484 1303 ut
3521 1251 3576 1304 in
3604 1252 3682 1305 eis

2106 1350 2483 1406 conversetur,
2498 1348 2553 1393 et
2569 1354 2742 1410 neque
2763 1338 3023 1395 formetur
3036 1338 3103 1392 ad
3118 1339 3284 1393 vitam
3305 1338 3559 1404 alteram,
3583 1340 3681 1395 nisi

2108 1433 2286 1490 divina
2309 1432 2763 1500 contemplantem
2787 1430 2808 1462 ⁸
2824 1445 3055 1501 semper,
3073 1438 3128 1483 et
3147 1426 3582 1485 communionem
3601 1446 3684 1486 eo-

2107 1542 2227 1582 rum
2246 1527 2298 1580 in
2312 1525 2642 1595 profectibus
2659 1525 2858 1581 sanctis
2872 1523 3069 1579 factam
3080 1565 3095 1590 ,
3108 1524 3461 1595 habitumque
3474 1538 3680 1579 sacrum

2108 1621 2163 1675 in
2198 1620 2279 1675 eis
2318 1619 2537 1683 fortem,
2564 1619 2957 1687 educatumque
2984 1617 3207 1686 pulchre
3226 1614 3250 1649 ⁸
3281 1630 3313 1670 a
3342 1617 3527 1670 divino
3556 1632 3677 1670 ana-

2109 1709 2304 1765 docho.
2329 1707 2523 1772 Tanta,
2556 1723 2589 1762 ο
2609 1722 2763 1777 puer,
2786 1717 2842 1762 et
2872 1706 2953 1762 sic
2978 1707 3118 1761 bona
3140 1714 3356 1759 nostrae
3381 1705 3683 1759 lcrarchiae

402 1800 660 1854 divinam
722 1799 929 1854 reducti
972 1799 1205 1853 infantes
1259 1798 1326 1851 ad
1368 1798 1610 1853 habitum
1660 1814 1873 1853 sacrum
1909 1814 2005 1853 ve-
2110 1804 2360 1858 videntur
2404 1799 2536 1854 mihi
2563 1797 2850 1853 unil‘ormia
2878 1798 3188 1869 spectacula
3218 1797 3258 1850 '.
3313 1796 3397 1850 Ab
3426 1795 3552 1851 aliis
3596 1810 3684 1849 au-

423 1891 575 1943 nient
628 1889 774 1943 omni
827 1888 1142 1959 perﬁciendi
1192 1903 1378 1944 errore
1422 1896 1478 1942 ct.
1546 1888 1821 1942 immunda
1870 1888 2000 1943 vita.

422 1980 754 2050 Multumque
807 1982 909 2034 hoc
952 1979 1148 2033 divinis
1178 1979 1382 2032 nostris
1425 1978 1649 2033 ducibus
1675 1978 1729 2032 in
1762 1978 2002 2032 animum

421 2073 665 2136 veniens,
691 2072 1060 2141 probaverunt
1079 2068 1244 2137 recipi
1278 2068 1510 2122 infantes
1537 2068 1830 2122 secundum
1858 2068 2006 2123 hunc

421 2178 635 2218 sacrum
680 2162 916 2216 modum.
949 2160 1134 2229 Itaque
1170 2158 1444 2213 naturales
1501 2158 1801 2213 adducendi
1848 2158 2004 2226 pueri

421 2260 678 2321 parentes
734 2250 948 2304 tradere
977 2263 1199 2318 puerum
1243 2248 1457 2302 cuidam
1481 2248 1815 2302 eruditorum
1839 2247 2005 2301 bono-

426 2360 548 2399 rum
578 2343 757 2397 divina
780 2342 1106 2412 paedagogo,
1121 2341 1262 2394 etde
1284 2349 1468 2395 cetero
1490 2356 1516 2392 a
1538 2354 1595 2393 se
1611 2348 1627 2379 ί
1642 2353 1864 2408 puerum
1884 2353 2008 2407 per-

422 2432 556 2497 tlcit,
588 2441 841 2500 tanquam
875 2446 903 2484 a
928 2432 948 2461 ¹
975 2430 1154 2485 divino
1180 2429 1339 2483 Patre
1368 2439 1420 2482 et
1445 2428 1635 2484 salutis
1662 2443 1849 2483 sacrae
1881 2444 2015 2483 ana-

422 2521 619 2575 docho.
685 2520 837 2574 lluuc
879 2536 1007 2589 ergo
1059 2535 1302 2575 summus
1354 2519 1607 2573 sacerdos
1663 2519 2007 2572 conﬁtentem

417 2608 571 2678 juxta
625 2598 863 2663 divinam
895 2610 1129 2664 educare
1154 2623 1378 2678 puerum
1404 2609 1592 2673 vitam,
1625 2590 1821 2677 repetit
1849 2608 2011 2662 abre-

423 2699 798 2754 nuntiationes
823 2699 1069 2754 contiteri
1092 2710 1146 2753 et
1166 2714 1351 2754 sacras
1375 2697 1763 2763 confessiones,
1790 2713 1920 2762 non,
1951 2706 2011 2751 ut

423 2791 499 2847 illi
526 2790 706 2847 forsan
724 2793 961 2848 ridentes
982 2793 1255 2857 dixerunt,
1279 2791 1439 2845 alium
1463 2805 1563 2862 pro
1588 2791 1696 2845 alio
1711 2789 1890 2845 divina
1914 2789 2011 2842 do-

422 2897 574 2955 cens.
603 2882 790 2956 Neque
825 2884 971 2941 enim
1002 2884 1107 2939 hoc
1133 2883 1211 2937 ait
1232 2884 1313 2939 sic
1344 2901 1357 2937 :
1392 2882 1496 2938 Pro
1522 2896 1690 2954 puero
1715 2896 1813 2952 ego
1844 2880 2003 2935 abre-

2108 1905 2213 1950 tem
2257 1893 2506 1949 similiter
2544 1891 2806 1947 intentius
2839 1890 2861 1923 ⁶
2902 1891 3084 1945 animo
3125 1904 3233 1944 non
3287 1889 3425 1942 haec
3483 1896 3679 1942 tantum

2104 1988 2219 2043 visa
2250 1993 2394 2050 sunt,
2430 1983 2689 2038 lucidiora
2708 1986 2893 2036 autem
2930 1980 3099 2035 multa
3139 1988 3191 2034 et
3226 1975 3601 2032 deiforntiora.
3627 1975 3683 2030 Et

2108 2080 2229 2145 tibi,
2254 2087 2312 2133 ut
2338 2076 2594 2139 arbitror,
2620 2076 2841 2130 omnino
2886 2072 3140 2127 lucebunt
3161 2067 3562 2141 Splendidiores
3584 2069 3679 2123 for-

2107 2188 2247 2237 mae,
2302 2180 2358 2227 et
2406 2168 2761 2225 divinissimis
2807 2167 2965 2223 dictis
2995 2166 3050 2220 in
3082 2160 3680 2219 ascensionibusutenti

2111 2266 2178 2319 ad
2235 2261 2583 2318 excelsiorem
2635 2259 2865 2314 radium.
2920 2255 3095 2310 Trade
3121 2255 3306 2325 igitur,
3341 2269 3376 2308 ο
3410 2254 3605 2315 amice,
3633 2260 3681 2305 et

2111 2356 2225 2425 ipse
2268 2353 2399 2408 mihi
2449 2349 2831 2421 perfectiorem
2880 2344 3348 2407 illuminationem,
3375 2350 3431 2397 et
3469 2342 3680 2395 ostende

2109 2444 2248 2501 meis
2295 2442 2467 2498 oculis
2492 2453 2841 2512 quascunque
2888 2438 3071 2490 videre
3114 2435 3318 2505 poteris
3353 2432 3680 2502 pulchriores

2111 2537 2313 2591 formas
2342 2542 2397 2589 et
2417 2532 2813 2589 uniformiores.
2845 2528 3069 2584 Conﬁdo
3102 2526 3247 2581 enim
3274 2539 3400 2594 ego,
3426 2524 3554 2593 quia
3584 2523 3675 2586 his,

2110 2643 2248 2699 quae
2277 2628 2425 2682 dicta
2457 2633 2603 2690 sunt,
2648 2622 2915 2693 repositos
2946 2621 2999 2673 in
3039 2627 3092 2674 te
3120 2618 3287 2672 divini
3330 2617 3473 2688 ignis
3501 2630 3681 2669 ascen-

2111 2718 2244 2771 dens
2280 2729 2449 2786 usque
2499 2728 2745 2785 vapores.
2786 2710 3014 2783 Explicit
3066 2708 3192 2763 liber
3240 2707 3304 2762 de
3333 2705 3673 2761 ecclesiastica

2110 2810 2397 2866 lerarcltia.

892 3144 1414 3261 SANCTI
1499 3141 2154 3261 DIONYSII
2234 3134 3210 3255 AREOPAGITAE

1648 3422 1952 3501 LIBER
2006 3420 2482 3527 TERTIUS.

687 3663 966 3821 DE
1101 3666 1976 3824 DIVINIS
2107 3662 3399 3829 NOMINIBUS.
3556 3610 3571 3617 ”

429 3978 835 4057 Epigramma
880 3975 948 4037 in
982 3974 1221 4057 beatum
1250 3977 1621 4057 Dionysium
1666 3974 1738 4036 de
1769 3975 2004 4037 divinis

2110 3975 2295 4057 “1.99
2321 3980 2524 4057 ερψπξρν
2537 3978 2771 4057 lum“.-
2800 3977 3473 4057 .δ⁰“9ι,-ἓ¹¹1ἳ¹⁶ξ,⁰ἔ³ἒ⁸ἒ¹.ἶε
3490 3976 3677 4057 ιῖὲκέ

1013 4055 1407 4117 Nominibus.

427 4175 503 4230 An
526 4176 756 4230 animum
783 4176 1026 4245 splendor
1049 4176 1100 4229 in
1122 4177 1325 4231 diuinas
1347 4175 1645 4246 Scripturas
1672 4176 2015 4246 milletingens

507 4246 707 4314 formas
750 4246 1083 4299 varietatibus
1120 4263 1271 4300 sacra
1302 4248 1535 4309 nomina,
1570 4256 1617 4299 et
1645 4256 1758 4315 post
1800 4249 2014 4300 stultam

505 4327 724 4369 mortem
787 4317 1032 4368 vitalibus
1100 4316 1385 4386 sapientiae
1435 4314 1653 4386 eloquiis
1711 4315 2015 4369 sonantibus

434 4446 439 4449 _
502 4386 705 4439 divinos
737 4386 1119 4455 manifestorios
1153 4386 1390 4455 hymnos.

515 4497 944 4568 Compresbgtero
972 4499 1012 4552 Τ
1019 4514 1257 4555 meraco
1284 4499 1569 4556 Dtosrsms
1596 4498 1880 4569 presbyter.
1906 4500 1926 4530 ⁷

500 4608 817 4661 INCIPIUNT
841 4610 1152 4661 CAPITULA
1177 4612 1258 4661 DE
1275 4612 1513 4661 DlVlNlS
1536 4610 1886 4661 NOMINIBUS
1903 4610 1946 4658 ⁸.

434 4712 473 4760 ι.
498 4716 635 4821 tina?
655 4716 956 4822 stlt_lrstionis
980 4716 1335 4779 interpretatio,
1373 4721 1426 4766 et
1446 4727 1571 4776 quae
1599 4714 1771 4763 divinis
1794 4714 2005 4763 nomini-

517 4788 586 4820 tus
632 4788 680 4822 ra
722 4790 731 4821 ἰ
759 4788 821 4822 ιο.

517 4789 586 4820 ius
610 4789 821 4823 ιτδιιδιιο.

517 4792 525 4815 ,
575 4789 583 4796 .
722 4790 727 4796 .
807 4809 821 4823 ο

442 4834 457 4883 Ι
470 4785 511 4882 l.‘
852 4836 1065 4886 discreta
1089 4837 1352 4899 theologia,
1371 4844 1418 4886 et
1438 4850 1563 4897 quae
1581 4839 1646 4886 sit
1668 4837 1829 4886 divina
1850 4836 2007 4884 unitas

500 4912 526 4941 ι·
621 4910 732 4943 SCI‘B
758 4910 820 4943 ιο.

438 4955 481 5007 ιι
495 4904 550 5003 if
567 4904 1054 5015 aggeritprationis
1077 4960 1245 5019 virtus,
1275 4967 1327 5008 et
1344 4960 1408 5007 de
1431 4959 1577 5008 beato
1597 4956 1848 5018 Ierotheo,
1873 4964 1927 5007 et.
1946 4956 2012 5006 de

499 5021 749 5069 reverenti
776 5028 827 5069 et
846 5028 1117 5082 canscrtpta
1140 5022 1401 5083 theologia.

2177 4040 2290 4100 quia
2321 4041 2499 4088 malum
2536 4053 2699 4103 neque
2743 4047 2839 4102 est,
2866 4052 3029 4102 neque
3052 4051 3117 4087 ex
3156 4052 3218 4088 eo
3250 4041 3379 4100 quod
3406 4048 3498 4097 est,
3522 4050 3676 4099 neque

2183 4103 2229 4149 in
2251 4102 2594 4149 existentibus.

2205 4160 2551 4270 [:fPevsgtente
2576 4164 2624 4211 in
2646 4173 2762 4225 quo,
2789 4169 2842 4212 et
2876 4162 2940 4212 de
2959 4159 3371 4224 paradigmatibus

2190 4259 2202 4270 .
2285 4260 2292 4269 .
2350 4240 2358 4270 ι
2418 4262 2428 4270 .

2190 4259 2202 4270 .
2222 4232 2292 4270 Ue
2318 4232 2428 4272 Vtta.

2118 4282 2318 4346 _V:ll.De
2344 4278 2600 4346 Sapientia,
2626 4282 2898 4341 intellectu,
2924 4272 3133 4346 ratione,
3156 4272 3386 4346 veritate,
3416 4281 3523 4332 ﬁde.

2117 4343 2251 4394 Vlll.
2277 4345 2349 4393 De
2377 4343 2576 4401 virtute,
2600 4346 2804 4407 iustitia,
2828 4346 2987 4395 salute
3004 4382 3018 4406 ,
3042 4345 3382 4406 redemptione
3399 4379 3414 4404 ,
3441 4347 3487 4393 tu
3509 4355 3602 4406 quo
3624 4350 3677 4394 et

2180 4409 2243 4468 de
2269 4407 2634 4468 inaequalitate.

2112 4464 2195 4515 ιχ.
2234 4466 2307 4515 De
2331 4464 2526 4529 magno,
2556 4480 2718 4529 parvo.
2747 4467 2942 4528 eodem,
2967 4465 3141 4527 altero,
3165 4465 3330 4527 simili,
3372 4465 3582 4514 dissimili
3607 4465 3673 4523 ",

2174 4533 2320 4590 statu,
2345 4528 2496 4588 motu,
2522 4528 2837 4590 aequalitate.

2112 4585 2170 4637 Χ.
2198 4589 2269 4638 De
2285 4585 2628 4652 onmipolenti,
2651 4594 2848 4651 antiquo
2870 4590 3087 4648 dierum,
3112 4589 3161 4635 tn
3183 4600 3281 4647 quo
3304 4595 3358 4638 et
3380 4587 3443 4636 de
3478 4592 3676 4635 aeterno

2173 4657 2223 4699 et.
2246 4658 2483 4710 tempore.

2109 4708 2195 4759 XI.
2220 4713 2292 4759 De
2319 4708 2457 4774 pace,
2482 4720 2534 4760 et
2553 4713 2668 4773 quid
2692 4711 2794 4761 vult
2815 4712 3025 4761 sibi'hoc
3048 4722 3140 4772 per
3155 4710 3393 4774 seipsum
3408 4720 3528 4764 βεδε,
3549 4720 3675 4774 (tu?

2116 4828 2121 4833 ,
2285 4771 2342 4822 se
2367 4771 2518 4835 ipsam
2541 4771 2658 4836 vita,
2676 4787 2803 4836 quae
2826 4788 2913 4836 per
2932 4786 2989 4822 se
3011 4771 3162 4835 ipsam
3188 4773 3358 4831 virtus,
3387 4780 3436 4819 et
3465 4784 3584 4831 quae
3605 4771 3677 4816 sic

2222 4846 2248 4881 c
2272 4848 2314 4881 a.

2222 4846 2314 4881 cta.

2116 4891 2227 4942 Ill.
2254 4896 2514 4960 De_ssncto
2538 4900 2832 4957 sanctorum,
2872 4908 2996 4960 rege
3024 4906 3214 4957 regum,
3241 4892 3443 4943 Domino
3462 4892 3675 4942 domino-

2183 4969 2306 5011 rum,
2334 4955 2437 5005 Deo
2469 4958 2691 5008 deorum.
2819 4955 2826 4957 ⁷
2934 4955 2976 4985 ’<

2121 5013 2250 5068 Xlll.
2277 5016 2355 5068 De
2380 5019 2601 5080 perlecta
2620 5027 2670 5068 et
2691 5031 2804 5067 uno.

1702 5185 1957 5242 VARIAE
1992 5184 2391 5242 LECTIONES.

506 5318 522 5349 ⁸
545 5337 577 5371 a
607 5334 662 5373 se
690 5334 797 5372 om.
821 5318 927 5372 ΑΕ.
1004 5318 1024 5348 ’
1051 5317 1138 5370 ΛΕ
1171 5317 1286 5369 sub.

1388 5316 1408 5347 ³
1431 5316 1473 5369 Ε
1521 5316 1887 5386 speculantem.

430 5385 569 5458 [ΒΗ
614 5390 896 5458 speculata.
961 5388 996 5418 “⁸
1026 5387 1111 5440 Bll

1174 5388 1420 5438 intentas.

1972 5319 1994 5349 "
2022 5319 2062 5372 Β
2085 5318 2431 5388 habitumque
2477 5333 2691 5373 sacrum
2713 5320 2765 5373 in
2795 5319 3099 5389 deiformem
3137 5319 3382 5372 ducatum
3433 5316 3667 5387 pulchre.

1496 5387 1514 5417 ⁷
1552 5388 1601 5459 Εγ
1630 5388 1867 5457 Dionysii
1896 5389 2234 5459 Areopagitae
2260 5387 2482 5459 episcopi
2506 5458 2509 5459 ν
2532 5390 2849 5442 Athenarum
2883 5387 2967 5442 ad
3021 5389 3343 5442 Timotheum
3387 5390 3669 5458 episcopum

434 5455 649 5524 Ephesi
672 5458 735 5511 de
776 5458 979 5527 divinis,
999 5456 1306 5527 nominibus.
1335 5455 1896 5527 (Zompreshytcrocet.
1973 5460 1994 5491 ⁸
2030 5455 2075 5511 Ε
2102 5455 2258 5512 Ηαεε
2289 5455 2471 5511 autem
2496 5458 2549 5513 in
2578 5459 2673 5511 hoc
2696 5460 2870 5513 insunt
2901 5461 2965 5513 de
2984 5459 3170 5514 divinis
3198 5455 3486 5513 nominibus
3505 5465 3671 5510 totum

435 5527 661 5595 ειψιιηΙα
702 5543 817 5581 xm.
894 5526 914 5555 ⁹
953 5525 1145 5587 Codd”
1178 5527 1463 5585 ἐνστασξως
1538 5527 1578 5556 ¹⁰
1616 5525 1780 5580 Codd.

1840 5530 1902 5582 de
1950 5528 2126 5581 simili.
