3952 6162
327 343 467 400 Ηὶὸ

964 338 1216 398 VERSIO
1253 338 1537 397 OPERUM
1578 338 1635 394 S.
1680 334 1998 393 DIONYSII.
2038 367 2107 377 -—
2148 338 2234 393 DE
2273 337 2519 394 DlVlNlS
2554 337 2944 397 NOMINIBUS.

3450 344 3588 403 HM

690 551 1135 706 INGIPIT
1237 551 1578 704 LIBER
1680 551 1827 703 DE
1936 549 2388 703 DIVIle
2501 546 3166 702 NOMINIBUS.

878 816 1273 873 CAPITULUM
1310 816 1352 872 I.

323 954 476 1022 Quae
503 954 569 1009 sit
607 953 825 1006 rationis
864 953 1246 1024 interpretatio,
1267 964 1324 1024 et
1355 969 1489 1024 quae
1515 953 1704 1006 diuinis
1735 952 1903 1006 nomi-

900 1023 1049 1075 nibus
1092 1023 1327 1077 traditio.

398 1155 547 1212 Nunc
572 1164 772 1219 autem,
788 1170 821 1210 ο
843 1156 1021 1221 beate,
1042 1166 1165 1225 post
1183 1156 1513 1228 theologieos
1557 1157 1902 1211 characteres

320 1249 376 1304 in
410 1249 716 1302 divinorum
746 1247 1022 1300 nominum
1058 1246 1497 1316 replicationem,
1544 1259 1806 1317 quantum
1839 1247 1903 1301 li-

318 1350 430 1405 cet,
458 1349 812 1393 transeamus.
842 1337 925 1392 Sit
947 1347 1126 1392 autem
1148 1349 1360 1393 etnunc
1387 1339 1542 1394 nobis
1566 1339 1901 1409 eloquiorum

319 1431 409 1487 lex
437 1428 812 1500 praedeﬁnita,
836 1429 1118 1483 veritatem
1135 1445 1234 1484 nos
1263 1429 1505 1484 invenire
1524 1445 1735 1495 eorum,
1762 1445 1902 1501 quae

318 1522 388 1575 de
410 1521 518 1574 Deo
539 1520 681 1573 dicta
696 1528 844 1582 sunt,
861 1520 1033 1573 nonin
1052 1520 1398 1575 credibilibus
1418 1522 1643 1592 sophiae
1658 1524 1836 1577 verbis
1850 1535 1900 1588 ι,

319 1612 417 1668 sed
461 1612 515 1664 in
570 1610 955 1680 approbatione
992 1612 1184 1681 spiritu
1247 1622 1496 1668 movente
1529 1614 1902 1682 theologorum

319 1701 562 1766 virtutis,
591 1716 688 1770 per
712 1715 873 1769 quam
921 1700 1281 1756 inell'abilihus
1329 1713 1385 1757 et
1432 1703 1626 1773 ignotis
1661 1703 1903 1760 ineﬂabi-

319 1794 446 1848 liter
500 1803 555 1848 et
591 1793 771 1862 ignote
828 1793 1224 1863 conjungitnnr,
1281 1796 1575 1848 secundum
1625 1796 1901 1851 meliorem

322 1892 550 1938 nostrae
574 1881 856 1936 rationalis
884 1891 936 1937 et
966 1882 1345 1938 intellectualis
1381 1883 1601 1939 virtutis
1627 1894 1681 1938 et
1713 1900 1903 1954 opera-

319 1976 487 2032 tionis
518 1976 797 2030 unitatem.
826 1973 1215 2030 Universalitcr
1246 1976 1426 2044 itaque
1461 1990 1567 2029 non
1596 1976 1901 2030 audendum

319 2066 505 2122 dicere
525 2105 540 2131 ,
569 2080 746 2135 neque
780 2065 1078 2134 intelligere
1107 2065 1237 2133 quid
1268 2065 1333 2119 de
1376 2067 1818 2134 superessentiali
1844 2076 1901 2121 et

1931 819 1981 878 Α
2011 821 2157 879 sunt,
2196 822 2450 882 tanquam
2477 812 2726 883 omnibus
2752 811 3277 883 superessentialiter
3319 822 3590 883 separata.

2005 916 2071 969 Et
2102 915 2301 970 multos
2332 915 2702 984 theologorum
2731 914 2997 973 invenies.
3029 929 3134 968 non
3166 914 3340 969 solum
3375 924 3433 968 ut
3457 915 3594 968 invi-

2004 1012 2213 1067 sibilem
2242 1027 2360 1066 eam
2403 1021 2457 1066 et
2495 1011 3091 1080 iucomprehensibilem
3145 1012 3459 1077 laudantes,
3499 1014 3594 1071 sed

2004 1121 2059 1166 et
2095 1112 2497 1167 inscrutabilem
2544 1111 2703 1167 simul
2734 1120 2788 1166 et
2816 1111 3245 1181 iuvestigabilem
3268 1152 3282 1176 ,
3335 1121 3592 1181 tanquam

2004 1194 2265 1270 non’entc
2308 1216 2349 1245 “
2397 1215 2619 1285 vestigio
2645 1214 2750 1268 ullo
2774 1215 2827 1268 in
2848 1213 3113 1269 occultam
3151 1213 3267 1283 ejus
3288 1213 3592 1268 multitudi-

2005 1312 2606 1383 nenypervenientium.
2650 1312 2767 1368 Non
2809 1322 2986 1367 tamen
3026 1312 3472 1368 communicabile
3509 1319 3594 1367 est

2002 1414 2378 1470 universaliter
2418 1416 2617 1470 bonum
2654 1413 2747 1468 ulli
2790 1428 2978 1467 eorum
3026 1429 3165 1482 quae
3200 1422 3357 1478 sunt,
3411 1413 3504 1467 sed
3538 1413 3588 1467 in

2002 1518 2182 1587 seipse
2206 1532 2431 1572 manens
2468 1514 2979 1586 superessentialem
3002 1514 3324 1569 collocatum
3380 1513 3589 1567 radium

2001 1618 2426 1687 uniuscujusque
2469 1632 2657 1673 eorum
2696 1631 2838 1688 quae
2898 1625 3059 1680 sunt,
3109 1615 3591 1686 proportionaliter

2002 1719 2486 1774 illuminationibus
2507 1720 2707 1789 optime
2730 1716 3226 1804 supermanifestat,
3248 1724 3303 1773 et
3328 1718 3390 1771 ad
3414 1717 3586 1787 possi-

2001 1819 2165 1874 bilem
2196 1819 2279 1874 sui
2322 1817 2832 1886 contemplationem
2865 1825 2919 1871 et
2950 1816 3265 1871 societatem
3289 1825 3347 1869 et
3393 1813 3589 1868 simili-

2003 1911 2244 1965 tudinem
2291 1909 2533 1965 extendit
2561 1924 2748 1964 sacros
2788 1910 3018 1972 animos,
3068 1915 3329 1978 quantum
3376 1907 3458 1960 fas
3485 1916 3586 1970 est,

1939 2052 1947 2061 ,
2002 2000 2081 2056 sic
2131 2001 2391 2057 divinitus
2439 2002 2851 2066 desiderantes,
2905 2008 2962 2054 et
3001 2014 3177 2070 neque
3224 1998 3292 2053 ad
3341 1998 3589 2068 superius

2002 2095 2279 2149 moderate
2354 2093 2525 2148 indita
2588 2092 2769 2148 divina
2838 2091 3276 2147 manifestatione
3338 2090 3586 2160 impossi-

316 2156 532 2211 occulta
564 2156 861 2218 divinitate,
906 2165 1122 2226 praeter
1149 2155 1408 2209 divinitus
1456 2156 1613 2211 nobis
1640 2173 1706 2212 ex
1728 2160 1899 2213 sacris
1929 2178 1974 2237 Β
2001 2186 2185 2241 δηίων
2250 2185 2582 2257 glormcams
2612 2226 2626 2249 ν
2676 2199 2852 2254 neque
2927 2184 2995 2239 ad
3058 2182 3284 2238 inferius
3341 2155 3429 2238 δι’
3480 2197 3542 2237 ea
3568 2221 3583 2245 ν

317 2247 550 2316 eloquiis
593 2261 866 2317 expressa.
921 2247 1090 2316 Ipsius
1137 2247 1279 2300 enim
1325 2262 1487 2317 super
1532 2250 1795 2304 rationem
1846 2260 1902 2304 et

316 2337 650 2396 intellectum
697 2345 750 2392 et
800 2339 1092 2391 essentiam
1162 2339 1735 2407 superessentialitatis
1784 2340 1901 2410 ipsa

318 2429 798 2500 superessentialis
862 2429 1087 2485 scientia
1149 2429 1454 2498 reponenda
1489 2438 1525 2494 ι,
1588 2431 1641 2484 in
1693 2440 1899 2485 tantum

316 2535 539 2575 sursum
589 2519 940 2589 respicientes
963 2559 978 2585 ,
1008 2529 1270 2590 quantum
1298 2534 1357 2575 se
1402 2520 1563 2575 infert
1593 2522 1899 2578 divinorum

315 2613 660 2692 eloquiorum
721 2612 903 2668 radius
951 2614 1019 2667 ad
1067 2613 1375 2683 superiores
1424 2613 1700 2671 claritates
1747 2615 1900 2672 circa

318 2709 524 2774 divina,
553 2709 906 2779 temperantia
934 2716 989 2762 et
1007 2707 1295 2762 sanctitate
1314 2717 1335 2747 ι
1369 2716 1662 2762 coartatas.
1688 2707 1899 2763 Etenim

310 2800 365 2856 si
396 2801 527 2871 quid
554 2809 768 2870 oportet
792 2800 1189 2871 sapientis’sima
1220 2809 1276 2855 et
1316 2802 1592 2856 verissima
1633 2802 1900 2873 theologia

318 2893 575 2958 suaderi,
609 2893 763 2960 juxta
812 2892 1116 2963 analogiam
1144 2892 1569 2963 uniuscujusque
1597 2908 1899 2949 animorum

319 2982 690 3053 respiciuntur
716 2983 915 3045 divina,
951 2992 1008 3038 et
1049 2983 1411 3052 inspiciuntur
1440 2984 1782 3040 tbearchicae
1806 2986 1901 3041 bo-

320 3074 512 3130 uitatis
549 3075 603 3129 in
630 3075 851 3130 salutari
875 3073 1084 3143 justitia
1119 3074 1189 3129 ab
1218 3076 1305 3131 his
1329 3115 1344 3141 ,
1379 3090 1518 3145 quae
1563 3077 1615 3131 in
1647 3058 1899 3133 mensura

320 3174 487 3230 sunt,
539 3164 1139 3220 immensurabilitatem
1188 3165 1445 3220 divinitus
1484 3175 1737 3236 tanquam
1783 3167 1903 3223 illo-

320 3256 495 3312 calent
519 3256 883 3326 distinguente
907 3254 950 3309 ⁸.
970 3255 1126 3311 Sicut
1155 3256 1298 3311 enim
1340 3256 1901 3328 incomprehensibilia

319 3354 379 3402 et
401 3345 896 3415 incontemplabilia
919 3344 1443 3401 sunt‘sensibilibus
1471 3347 1492 3379 ⁸
1514 3347 1821 3413 invisibilia,
1850 3354 1906 3404 et

320 3436 430 3498 his,
462 3450 602 3504 quae
629 3444 758 3489 sunt
788 3435 840 3489 in
870 3435 1125 3506 ﬁgmento
1154 3447 1208 3490 et
1236 3435 1609 3500 similitudine,
1636 3437 1828 3508 simpla
1850 3445 1905 3493 et

2001 2294 2141 2349 quae
2194 2278 2246 2332 in
2298 2278 2497 2331 malum
2547 2285 2663 2339 est,
2728 2277 3087 2331 minoratione
3140 2276 3438 2341 resolutos,
3493 2275 3587 2331 sed

2000 2370 2139 2425 bene
2183 2369 2478 2439 pouderate
2534 2376 2589 2423 et
2647 2376 2792 2423 recte
2843 2367 2896 2421 in
2940 2367 3151 2420 radium
3205 2367 3287 2420 eis
3336 2365 3585 2436 superlit-

1999 2470 2212 2517 centem
2264 2468 2553 2525 extentos,
2605 2467 2660 2515 et
2706 2457 3177 2515 commensurabili
3226 2458 3494 2528 justarum
3544 2457 3586 2490 "

2000 2552 2449 2607 illuminationum
2500 2567 2713 2617 amore,
2762 2567 2883 2607 cum
2926 2552 3230 2607 reverentia
3280 2567 3468 2615 sacra,
3529 2561 3586 2606 et

2002 2649 2299 2709 temperate
2363 2649 2420 2695 et
2485 2649 2670 2694 sancte
2726 2639 3048 2706 revelantes,
3104 2640 3219 2710 ipsa
3286 2649 3583 2709 sequentes

2004 2733 2309 2787 thearchica
2336 2730 2463 2802 juga
2492 2773 2505 2798 ,
2554 2747 2692 2802 quae
2714 2732 2875 2787 etiam
2904 2740 3043 2786 totas
3070 2733 3373 2801 gubernant
3400 2747 3588 2801 super.

2000 2822 2312 2878 caelestium
2362 2822 2719 2877 essentiarum
2761 2832 2977 2877 sanctas
3019 2822 3421 2892 dispositiones.
3470 2820 3585 2876 Hoc

2001 2912 2217 2983 quidem
2248 2926 2412 2981 super
2441 2911 2770 2967 intellectum
2823 2920 2880 2966 et
2927 2912 3219 2967 essentiam
3267 2911 3586 2966 thearchiae

2002 3002 2273 3058 occultum
2333 3003 2684 3057 inscrutahile
2757 3012 2842 3057 est
2889 3004 3056 3057 etiam
3131 3001 3585 3057 intellectualibus

2002 3094 2201 3149 mentis
2236 3093 2572 3148 reverentiis.
2626 3092 2771 3148 Haec
2796 3107 2993 3148 arcana
3026 3094 3347 3162 temperanti
3370 3094 3587 3147 silentio

2004 3184 2351 3248 honorantes,
2375 3182 2442 3236 ad
2465 3182 2704 3238 lucentes
2725 3183 2880 3239 nobis
2902 3184 2953 3237 in
2969 3183 3140 3238 sacris
3159 3182 3386 3252 eloquiis
3408 3182 3586 3254 splen-

2008 3274 2168 3329 dores
2212 3273 2573 3339 intendamus,
2601 3281 2658 3330 et
2692 3274 2761 3329 ab
2790 3275 2921 3344 ipsis
2961 3275 3016 3329 in
3042 3274 3217 3329 lucem
3250 3275 3512 3330 ducamur
3539 3275 3586 3307 ³³

1959 3425 1970 3433 ,
2005 3364 2073 3419 ad
2102 3365 2445 3420 thearchicos
2475 3366 2726 3437 hymnos,
2774 3367 2843 3420 ab
2893 3365 2977 3421 his
3004 3366 3439 3436 supermundane
3466 3366 3586 3420 illu-

2006 3454 2217 3520 minati,
2248 3463 2302 3510 et
2322 3454 2390 3509 ad
2419 3469 2606 3510 sacras
2635 3454 3007 3526 hymnologias
3032 3453 3273 3519 formati,
3307 3456 3374 3508 ad
3402 3456 3587 3510 viden-

322 3542 432 3580 ³⁸οη
469 3525 743 3589 “nulla”:
803 3534 859 3580 θι
891 3527 1187 3581 secundum
1236 3541 1525 3596 θονροτυῐη
1564 3527 1765 3599 ΓιΒυῐαε
1795 3528 1904 3585 Ῑον··
1932 3535 1979 3599 C
2012 3547 2139 3601 dum
2165 3546 2328 3601 etiam
2349 3525 2785 3601 commensurate
2809 3525 2963 3601 nobis
2987 3561 3083 3616 per
3104 3560 3199 3600 eas
3228 3547 3422 3600 donata
3446 3545 3586 3599 divi-

320 3615 488 3675 matis
543 3616 963 3686 incorporalium
1006 3617 1208 3672 intacta
1237 3626 1293 3670 et
1338 3631 1442 3670 non
1486 3618 1711 3688 ﬁgurata
1744 3620 1911 3675 inl'or-

325 3709 529 3763 mitas:
566 3708 718 3779 juxta
766 3709 1012 3791 eamdem
1043 3708 1284 3763 veritatis
1318 3708 1341 3741 ⁸
1373 3710 1636 3763 rationem
1691 3721 1912 3781 superat

323 3800 595 3855 essentias
622 3801 1088 3869 superessentialis
1101 3799 1431 3871 magnitudo,
1451 3802 1726 3857 etanimos
1747 3817 1911 3873 super

323 3892 566 3947 animum
595 3893 615 3924 "
647 3892 848 3958 unitas,
883 3900 939 3947 et
985 3894 1238 3948 omnibus
1266 3893 1553 3949 virtutibus
1581 3894 1912 3965 impossibile

325 3991 413 4038 est
433 3982 576 4051 quod
600 3996 764 4053 super
788 3997 1006 4038 sensum
1046 3991 1130 4039 est
1153 3997 1519 4054 arcanumque
1539 3986 1736 4041 rationi
1764 3986 1912 4041 omni

324 4086 493 4142 super
516 4072 777 4128 rationale
794 4075 1015 4137 bonum,
1040 4073 1219 4128 unitas
1242 4075 1437 4129 unilica
1466 4076 1641 4132 omnis
1667 4078 1909 4143 unitatis,

329 4172 386 4217 et
421 4161 889 4230 superessentialis
915 4163 1172 4227 essentia,
1195 4171 1249 4217 et
1278 4164 1581 4221 intellectus
1608 4167 1913 4233 invisibilis,

325 4261 383 4307 et
425 4252 651 4307 verbum
700 4267 957 4307 arcanum
983 4292 998 4315 ,
1055 4252 1530 4321 irrationabilitas,
1574 4267 1628 4310 et
1673 4258 1914 4312 invisibi-

329 4343 472 4408 litas,
502 4352 557 4398 et
598 4343 1061 4398 innominabilitas
1109 4347 1409 4400 secundum
1450 4345 1656 4400 nullum
1694 4362 1907 4413 eorum,

327 4449 470 4505 quae
495 4445 641 4501 sunt,
666 4449 784 4501 ens,
816 4444 870 4490 et
894 4436 1114 4491 causale
1140 4437 1354 4507 quidem
1381 4440 1595 4495 essendi
1619 4442 1867 4495 omnibus
1898 4456 1912 4493 :

329 4534 505 4605 ipsum
529 4544 712 4590 autem
740 4550 845 4590 non
867 4532 952 4601 ὃν,
982 4545 1039 4591 ιιι
1064 4536 1243 4592 omnis
1282 4539 1550 4593 essentiae
1571 4539 1854 4593 summitas
1870 4539 1911 4602 ⁸,

329 4632 388 4678 et
413 4633 709 4693 utcumque
738 4625 851 4694 ipsa
881 4625 949 4679 de
984 4625 1161 4696 seipsa
1190 4627 1409 4695 proprie
1444 4636 1501 4680 et
1527 4627 1766 4683 scienter
1794 4642 1913 4682 ma-

333 4712 574 4769 nifestat.
603 4715 676 4770 De
698 4716 801 4770 hac
831 4716 1011 4786 igitur,
1035 4724 1093 4769 ut
1121 4715 1322 4771 dictum
1350 4725 1453 4782 est,
1476 4719 1915 4787 superessentiali

330 4812 388 4858 et
425 4804 637 4859 occulta
681 4804 964 4860 divinitate
1004 4820 1110 4860 non
1141 4806 1446 4861 audendum
1494 4808 1696 4873 dicere,
1740 4824 1917 4881 neque

2010 3653 2078 3692 na
2112 3637 2423 3702 luminaria,
2465 3647 2521 3692 et
2566 3637 2771 3707 largum
2799 3637 3122 3707 principium
3149 3636 3326 3692 omnis
3376 3636 3588 3695 divinae

2011 3728 2365 3797 apparitionis
2419 3727 2638 3783 luminis
2687 3727 3049 3793 laudandum,
3106 3727 3244 3783 sicut
3294 3728 3470 3798 ipsum
3523 3727 3589 3781 de

2011 3822 2189 3890 seipso
2234 3820 2288 3875 iu
2340 3820 2509 3875 sacris
2557 3820 2785 3890 eloquiis
2816 3821 3037 3875 tradidit
3069 3838 3082 3873 :
3109 3829 3166 3875 ut
3194 3821 3318 3893 quia
3346 3820 3588 3877 omnium

2012 3923 2097 3967 est
2144 3927 2331 3974 causa.
2386 3923 2439 3968 et
2469 3913 2814 3983 principium,
2856 3921 2909 3966 et
2960 3912 3219 3978 essentia,
3273 3923 3329 3968 et
3377 3914 3505 3977 vita,
3536 3922 3591 3967 et

2014 4002 2231 4071 quidem
2281 4002 2644 4057 recedentium
2691 4001 2759 4053 ab
2785 4016 2852 4055 eo
2895 4009 2950 4055 et
2999 4002 3272 4056 revocatio
3309 4009 3365 4057 et
3411 4018 3593 4056 resur-

2013 4095 2203 4158 rectio,
2246 4094 2313 4146 ad
2344 4107 2471 4146 vero
2510 4089 2889 4146 deiformitatis
2919 4091 3324 4161 lncorruptihile
3352 4090 3588 4160 perdito-

2014 4200 2133 4238 rum
2183 4182 2455 4238 revocatio
2484 4191 2539 4236 et
2576 4181 2913 4248 reformatio,
2946 4183 3207 4252 juxtaque
3241 4183 3590 4250 agitationem

2015 4276 2347 4329 immundam
2380 4273 2660 4329 mobilium
2704 4274 2986 4329 collocatio
3013 4273 3213 4335 divina,
3250 4280 3305 4326 et
3334 4271 3591 4325 stantium

2015 4364 2311 4429 munimen,
2370 4371 2418 4417 et
2450 4362 2516 4417 ad
2561 4362 2734 4432 ipsum
2770 4363 3115 4417 reductorum
3149 4360 3451 4416 restitutiva
3480 4374 3595 4412 ma-

2016 4438 2295 4519 nuductio,
2325 4461 2380 4509 et
2408 4453 2835 4507 illuminatorum
2869 4452 3207 4517 illuminatio,
3241 4461 3294 4507 et
3326 4448 3588 4523 perfecto-

2017 4561 2135 4600 rum
2166 4545 2426 4616 perfectio
2449 4546 2781 4615 principalis,
2811 4554 2867 4601 et
2906 4546 3211 4600 divinormn
3240 4544 3515 4611 divinitas,
3540 4554 3597 4600 et

2018 4636 2339 4706 simplicium
2367 4636 2703 4707 simplicitas,
2737 4645 2792 4690 et
2813 4637 3087 4690 unitormn
3118 4635 3321 4700 unitas,
3346 4634 3593 4705 principii

2017 4728 2194 4782 omnis
2222 4728 2747 4799 superessentialiter
2773 4728 3233 4799 superprincipale
3253 4728 3592 4798 principimn,

2019 4828 2078 4873 et
2096 4817 2316 4885 occulti,
2340 4819 2633 4874 secundum
2654 4819 2797 4888 quod
2815 4818 3071 4888 “justum
3093 4827 3194 4881 est,
3216 4819 3416 4888 optima
3435 4818 3597 4872 tradi-

335 4893 632 4965 intelligere
659 4894 786 4963 quid
807 4934 822 4959 ,
850 4904 1067 4965 praeter
1098 4895 1358 4951 divinitus
1395 4897 1551 4953 nobis
1597 4914 1667 4954 ex
1694 4899 1716 4931 '
1743 4902 1906 4956 sacris

2020 4911 2113 4976 tio,
2129 4921 2183 4966 et
2206 4910 2521 4981 simpliciter
2542 4910 3160 4976 dicendum,viventium
3189 4911 3318 4974 vita,
3334 4918 3388 4964 et
3412 4922 3598 4963 eorum

334 4988 566 5059 eloquiis
603 5004 882 5060 expressa.
916 4990 1129 5045 Etenim
1169 4991 1251 5046 sic
1282 4992 1396 5061 ipsa
1434 4992 1502 5046 de
1547 4995 1834 5065 semetipsa
1863 4996 1916 5050 in

334 5081 563 5153 eloquiis
588 5084 793 5153 optime
815 5083 859 5115 ¹⁰
891 5083 1112 5138 tradidit
1138 5100 1151 5137 :
1188 5084 1305 5154 ejus
1348 5085 1587 5155 quidem,
1611 5088 1789 5158 qualis
1816 5096 1921 5154 est,

336 5170 562 5227 scientia
602 5181 659 5228 et
696 5172 1083 5244 contemplatio
1148 5175 1399 5231 omnibus
1440 5176 1587 5231 invia
1634 5186 1752 5243 est,
1783 5193 1923 5249 quae

2024 5018 2162 5074 quae
2191 5011 2313 5057 sunt
2343 5003 2599 5066 essentia,
2624 5003 2800 5057 omnis
2838 5003 2979 5057 vitae
3007 5010 3064 5057 et
3103 5002 3374 5058 essentiae
3401 4998 3600 5068 princi-

2024 5094 2171 5163 pium
2202 5102 2255 5147 et
2277 5108 2462 5156 causa,
2490 5106 2586 5161 per
2614 5107 2786 5157 suam,
2818 5100 2877 5148 ut
2905 5095 3014 5149 sint
3035 5109 3175 5164 quae
3195 5101 3341 5155 sunt,
3368 5089 3597 5144 activam

2025 5192 2080 5237 et
2109 5184 2471 5259 continentem
2486 5182 2801 5238 bonitatem

1690 5287 1942 5345 VARIAE
1972 5288 2371 5347 LECTIONES.

350 5454 371 5485 '
409 5396 429 5430 ⁸
466 5396 560 5452 ΑΕ
598 5399 971 5467 reponendum.
1073 5402 1093 5431 ¹
1132 5399 1173 5453 Α

396 5465 462 5521 Δ⁹
494 5467 752 5522 sensibus.
844 5468 866 5500 ⁸
898 5471 964 5522 A'
1005 5471 1180 5523 virtuti

352 5481 367 5485 '
396 5481 462 5521 Α·
494 5481 752 5522 sensibus.
844 5481 866 5500 '
898 5481 963 5522 A'
1005 5481 1225 5525 virtutis.

344 5547 593 5593 mouente.
671 5537 716 5568 “
749 5537 816 5593 A‘
835 5541 1127 5610 justorum.
1207 5545 1223 5572 ³

1073 5402 1093 5431 ¹
1132 5399 1198 5453 Α⁶
1228 5409 1367 5454 certa
1404 5400 1732 5455 moderantia
1762 5401 1937 5457 divina
1964 5405 2032 5459 ad
2060 5406 2383 5461 sanctitates.

1320 5470 1341 5493 '
1379 5470 1445 5524 A‘
1485 5487 1630 5525 vaces
1658 5488 1816 5539 super
1850 5474 2056 5530 animos

1207 5515 1251 5572 ί³
1276 5540 1320 5594 A
1349 5515 1630 5595 diuini}:
1658 5515 2077 5611 7"},u33méiﬁl
2128 5545 2189 5600 Ε.

2502 5406 2524 5438 ⁸
2552 5406 2643 5461 ΑΕ
2667 5407 3084 5478 distinguentem.
3183 5406 3205 5438 ⁸
3242 5415 3362 5460 sunt

2176 5477 2199 5509 ⁸
2235 5477 2300 5547 Δ,
2325 5478 2518 5533 unitas.
2614 5478 2639 5514 ⁸
2673 5477 2741 5531 A'
2771 5477 2845 5532 in.
2942 5478 2985 5509 ⁸⁸
3020 5478 3087 5531 Δ·
3123 5480 3352 5549 praprie.

1829 5654 2081 5714 NOTAE.

413 5727 439 5756 ³
481 5720 740 5791 lCorll,
776 5723 830 5778 4.
