3952 6162
394 331 527 386 1115

1745 311 2027 374 ,1οᾹΝΝ13
2065 313 2257 371 SCOTl

3508 310 3643 366 1⁸16

458 418 603 473 llaec
624 432 656 471 a
681 414 699 448 ¹
736 411 933 469 divinis
957 411 1184 482 eloquiis
1211 412 1516 474 didicimus,
1544 417 1599 466 et
1626 424 1863 469 omnem,
1891 407 1968 461 sic
1999 406 2042 462 Λ
2075 407 2277 461 unitam
2304 405 2651 460 imisibilium
2675 404 3190 473 contemplationnm
3215 408 3497 457 veritatem
3528 419 3649 470 pro.

386 510 584 572 dicere,
617 522 826 563 sacram
872 505 1264 575 Theologorum
1295 504 1692 576 hymnologiam
1721 501 1963 556 invenies

386 601 453 654 ad
502 599 770 655 beneficas
821 596 1118 651 divinitatis
1148 597 1522 666 processiones
1566 593 1962 649 manifestative

385 702 442 748 et
483 691 750 747 laudative
795 689 1006 743 divinas
1075 689 1471 743 nominationes
1525 694 1957 757 praeparantem.

389 782 538 838 Unde
579 780 631 834 in
681 779 828 833 omni
868 777 978 832 fere
1028 778 1323 848 theologica
1374 778 1586 832 actione
1628 777 1960 831 thearchiam

384 872 627 925 videmus
665 869 923 923 divinitus
951 868 1237 931 laudatam,
1266 878 1324 923 ut
1345 868 1629 921 monadcm
1663 867 1879 936 quidem
1909 875 1963 921 et

380 977 572 1027 unum,
598 969 818 1030 propter
850 960 1247 1027 simplicitatem
1275 968 1333 1029 et,
1359 960 1619 1013 unitatem
1647 967 1959 1028 supernatu-

385 1052 515 1107 ralis
568 1050 1035 1119 impartibilitatis,
1072 1065 1136 1104 ex
1164 1067 1266 1119 qua
1307 1060 1365 1103 ut
1388 1050 1583 1103 unifica
1608 1050 1811 1102 virtute
1842 1047 1963 1102 uni-

384 1157 521 1203 mur,
548 1151 603 1196 et
636 1142 851 1211 partitis
899 1142 1099 1195 nostris
1130 1141 1493 1194 alteritatibus
1522 1139 1961 1210 supermundane

380 1232 730 1301 complicatis,
784 1232 837 1285 in
885 1231 1199 1287 deiformcm
1258 1233 1541 1285 monadem
1570 1244 1963 1301 congregamur

379 1332 434 1377 ct
474 1323 641 1377 Deum
698 1323 1001 1377 imitantem
1035 1323 1315 1376 unitatem.
1349 1322 1419 1377 Ut
1458 1321 1778 1375 Trinitatem
1807 1335 1957 1385 vero,

377 1425 600 1483 propter
626 1414 1006 1467 subsistentem
1041 1424 1121 1467 ter
1154 1413 1623 1482 superessentialis
1664 1411 1963 1467 fecundita-

379 1508 449 1560 tis
485 1507 912 1575 expressionem,
942 1523 1006 1560 ex
1037 1522 1141 1576 qua
1172 1508 1351 1562 omnis
1395 1504 1694 1575 paternitas
1731 1505 1783 1557 in
1811 1492 1969 1573 caelo:

376 1605 432 1650 et
448 1596 499 1650 in
526 1608 667 1651 terra
685 1607 834 1650 estet
857 1597 1170 1651 nominatur
1184 1609 1230 1650 α.
1252 1597 1315 1651 L‘t
1335 1604 1514 1651 autem
1537 1586 1971 1655 causamcorumf

376 1692 516 1756 quae
544 1697 688 1752 sunt,
718 1687 972 1756 quoniam
994 1687 1174 1741 omnia
1207 1687 1275 1741 ad
1304 1702 1422 1741 esse
1449 1688 1690 1743 adhibita
1716 1696 1841 1741 sunt
1863 1680 1968 1754 per

2066 497 2443 568 portionalitcr
2475 497 2817 560 intendimus,
2850 504 2904 550 et
2939 505 3059 566 post
3087 510 3306 551 omnem
3355 499 3647 549 secundum

2066 607 2165 645 nos
2194 590 2533 644 deiformium
2565 589 2976 659 intelligentiam
3006 587 3409 657 requiescentes
3435 597 3647 642 nostras

2067 681 2458 735 intellectualcs
2508 681 2869 751 operationcs,
2906 680 2959 732 in
3005 676 3513 748 superessentialem
3565 692 3651 728 ra-

2064 774 2229 833 dium,
2282 775 2577 829 secundum
2633 774 2775 842 quod
2802 772 3006 841 justum
3038 783 3144 834 est,
3189 772 3563 833 immittemus,
3594 772 3647 824 in

2065 879 2173 934 quo
2196 880 2383 918 omnes
2415 866 2548 919 ﬂues
2592 864 2834 919 omnium
2876 864 3241 934 cognitionum
3293 875 3652 931 snperarcaae

2064 963 2188 1007 ante
2208 956 2485 1007 substituti
2507 964 2650 1017 sunt,
2682 969 2841 1023 quem
2868 968 3045 1023 neque
3076 952 3378 1022 intelligere
3399 949 3654 1006 possibile

2063 1054 2164 1108 est,
2195 1061 2367 1116 neque
2399 1047 2600 1109 dicere,
2631 1061 2804 1116 neque
2839 1046 3059 1100 omnino
3092 1044 3364 1112 quomodo
3412 1052 3655 1096 contem-

2066 1139 2221 1208 plari,
2248 1148 2471 1209 propter
2500 1139 2643 1209 quod
2683 1139 2932 1194 omnibus
2964 1138 3076 1208 ipse
3105 1146 3347 1193 remotus
3387 1137 3462 1190 sit
3486 1145 3541 1187 et
3563 1152 3655 1188 su-

2067 1232 2491 1300 pcrincngnitus,
2566 1240 2620 1285 et
2694 1232 2937 1285 omnium
3008 1230 3223 1300 quidem
3277 1229 3651 1283 cssentialiuul

2070 1322 2438 1391 cognitionum
2465 1332 2516 1375 et
2550 1323 2809 1377 virtutum
2844 1323 3183 1377 summitates
3226 1321 3390 1377 simul
3440 1330 3498 1376 et
3536 1338 3655 1375 om-

2067 1429 2163 1469 nes
2179 1415 2707 1485 superessentialiter
2728 1415 2780 1470 in
2805 1416 2981 1485 seipso
3001 1415 3489 1484 praeamhientem,
3533 1430 3655 1469 om-

2067 1507 2226 1562 nibus
2257 1522 2384 1562 vero
2423 1508 2956 1584 incomprehensibili
3005 1509 3204 1563 virtute
3229 1508 3652 1576 etsnpercaele-

2066 1599 2239 1655 stibus
2277 1599 2474 1652 animis
2521 1597 3024 1669 supercollocatum.
3073 1597 3128 1652 Si
3181 1597 3327 1652 enim
3389 1598 3654 1653 scientiae

2065 1707 2253 1747 omnes
2302 1691 2648 1745 eaistentium
2686 1698 2830 1753 sunt,
2873 1697 2931 1744 et
2953 1691 3005 1744 in
3040 1706 3125 1754 ea,
3151 1706 3292 1759 quae
3310 1700 3457 1751 sunt,
3486 1690 3654 1742 tinem

376 1776 492 1845 ejus
547 1778 980 1832 substantificam
1026 1778 1339 1832 bonitatem.
1375 1778 1684 1849 Sapientem
1736 1796 1864 1835 vero
1905 1788 1960 1833 et
1988 1773 2036 1834 B
2066 1783 2283 1845 habent,
2311 1782 2424 1850 ipsa
2449 1782 2595 1835 omni
2627 1782 2856 1836 essentia
2890 1782 3194 1846 summitas,
3219 1790 3272 1835 et
3295 1780 3445 1835 omni
3475 1781 3655 1835 scieno

377 1869 596 1931 bonam,
649 1872 772 1939 quia
805 1871 1090 1925 existentia
1120 1871 1320 1935 omnia,
1351 1887 1491 1942 quae
1519 1873 1735 1943 propria
1766 1880 1958 1927 natura

377 1959 802 2030 incorruptuhilia
833 1961 978 2014 salva
1029 1969 1176 2024 sunt,
1207 1962 1351 2015 omni
1379 1963 1662 2016 harmonia
1694 1963 1872 2016 divina
1905 1970 1961 2017 et

376 2063 531 2102 sacra
560 2050 957 2118 pulchritudine
1009 2058 1135 2105 sunt
1177 2051 1399 2119 repleta.
1434 2050 1735 2106 llumanam
1779 2062 1956 2106 autent

374 2137 703 2202 dill‘erenter,
733 2139 856 2208 quia
913 2139 1016 2202 his,
1048 2155 1187 2209 quae
1217 2140 1512 2193 secundum
1562 2157 1661 2195 nos
1710 2149 1857 2206 sunt,
1892 2142 1957 2196 ad

373 2229 659 2282 veritatem
704 2229 1083 2284 universaliter
1123 2231 1174 2283 in
1205 2245 1307 2283 una
1337 2231 1418 2284 sui
1443 2230 1912 2285 subsistentiarum
1937 2231 1956 2261 ‘

373 2318 810 2380 communicavit,
867 2327 922 2373 et
970 2330 1276 2373 revocatum
1321 2319 1386 2372 ad
1429 2319 1665 2388 SeipSam
1723 2318 1962 2373 restituit

371 2408 662 2463 humanam
713 2407 1061 2463 novissimam
1104 2417 1334 2479 partem,
1362 2424 1428 2462 ex
1459 2424 1565 2478 qua
1616 2408 1958 2464 incll'abiliter

371 2499 595 2568 simplex
611 2498 767 2553 Jesus
790 2500 1121 2568 compositus
1137 2508 1235 2560 cst,
1257 2508 1309 2554 et
1328 2499 1721 2569 appositionem
1747 2514 1957 2553 assmu-

368 2592 848 2662 psittemporalem
883 2600 1152 2655 aeternus,
1191 2599 1248 2646 ct
1294 2591 1536 2661 aequalis
1575 2591 1728 2645 nobis
1778 2590 1955 2645 factus

369 2692 452 2738 est
468 2693 683 2749 natura,
706 2684 946 2738 omnium
960 2683 1256 2738 secundum
1272 2699 1485 2737 omnem
1503 2678 1753 2736 naturam
1768 2682 1957 2736 ordine

369 2775 893 2844 supercssentialiter
940 2774 1202 2837 munitus,
1253 2790 1377 2828 cum
1425 2774 1857 2828 incommutabili
1903 2781 1959 2826 et

366 2867 651 2922 inconfusa
686 2867 1026 2937 propriorum
1081 2866 1453 2931 collocatione,
1492 2875 1546 2920 et
1583 2878 1958 2937 quaecumque

368 2959 472 3013 alia
504 2958 693 3014 dciﬁca
740 2959 1029 3013 luminaria
1059 2958 1289 3028 eloquiis
1318 2967 1719 3027 consequenter
1744 2956 1953 3010 divino-

368 3067 487 3105 rum
518 3058 827 3106 nostrorum
855 3050 1050 3118 duqum
1084 3049 1299 3105 occulta
1324 3050 1544 3103 traditio
1571 3063 1827 3115 extircsse
1854 3062 1954 3099 no~

2064 1873 2137 1926 tia
2184 1881 2271 1926 est
2302 1880 2528 1925 remota.
2577 1871 2641 1924 Et
2689 1871 2734 1926 si
2786 1871 2977 1925 melior
3029 1881 3112 1927 est
3168 1872 3315 1925 omni
3354 1872 3563 1924 ratione
3597 1881 3654 1924 et

2061 1962 2207 2017 omni
2257 1959 2505 2023 scientia,
2539 1972 2593 2015 et
2617 1976 2779 2031 super
2820 1962 3148 2015 intellectum
3188 1962 3570 2015 universaliter
3597 1971 3655 2014 et

2060 2053 2354 2109 essentiam
2404 2052 2719 2111 collocatur.
2764 2054 3004 2107 omnium
3047 2053 3263 2122 quidem
3301 2067 3427 2107 cum
3459 2054 3530 2105 sit
3560 2067 3651 2104 ac-

2060 2145 2270 2214 ccptiva
2291 2184 2305 2207 ,
2337 2151 2392 2197 et
2411 2142 2886 2213 comprehensiva,
2920 2151 2974 2196 et
3018 2141 3468 2211 antcprebensiva
3496 2182 3513 2203 ,
3534 2156 3652 2191 Otu-

2062 2234 2219 2289 nibus
2258 2243 2440 2289 autem
2484 2248 2583 2302 per
2610 2248 2668 2288 se
2707 2231 3088 2287 univcrsalitcr
3129 2230 3653 2301 incomprehensibi-

2059 2328 2146 2394 lis,
2176 2336 2232 2383 el.
2254 2343 2429 2397 neque
2453 2342 2641 2381 sensus
2663 2326 2780 2396 ejus
2802 2334 2906 2390 est,
2936 2340 3109 2392 neque
3129 2323 3447 2393 phantasia,
3477 2337 3651 2389 neque

2058 2421 2261 2492 opinio,
2296 2435 2470 2489 neque
2511 2435 2726 2483 nomen,
2760 2432 2934 2487 neque
2964 2416 3209 2480 verbum,
3240 2429 3419 2484 neque
3452 2422 3649 2473 tactus,

2061 2528 2234 2583 neque
2263 2514 2492 2569 scientia
2517 2530 2530 2564 :
2553 2512 2823 2582 quomodo
2846 2511 2910 2565 de
2936 2508 3131 2563 divinis
3156 2508 3468 2563 nominibus
3494 2506 3651 2562 nobis

2060 2608 2377 2663 actitahitur
2399 2621 2577 2661 sermo
2602 2605 2719 2660 sine
2739 2603 3017 2677 vocabulo,
3049 2610 3104 2657 et
3130 2617 3293 2671 super
3318 2600 3651 2655 nominatio-

2060 2711 2181 2752 nem
2229 2696 2669 2767 snperessentiali
2707 2695 2908 2749 dcitate
2938 2693 3193 2749 ostensa?
3223 2692 3330 2747 Sed
3358 2690 3508 2760 quod
3534 2691 3653 2759 qui-

2059 2790 2179 2844 dem
2207 2790 2464 2851 diximus,
2513 2803 2636 2843 cum
2669 2786 2998 2858 theologicae
3026 2785 3368 2841 characteres
3387 2782 3650 2851 exposui-

2059 2895 2199 2941 mus,
2261 2895 2453 2942 unum,
2513 2878 2869 2946 incognitum,
2919 2873 3390 2947 snperessentiale,
3450 2887 3552 2942 per
3593 2884 3655 2925 se

2057 2972 2341 3040 Optimum,
2390 2970 2532 3039 quod
2587 2970 2804 3038 quidem
2843 2976 2948 3030 est,
2979 2967 3176 3020 trinam
3206 2965 3475 3018 unitatem
3504 2963 3649 3023 dico,

2059 3064 2283 3137 ὁμόθεον,
2316 3070 2371 3117 et
2390 3061 2667 3135 6ya’zya‘ov,
2698 3075 2871 3127 neque
2910 3058 3110 3119 dicere,
3142 3070 3316 3124 neque
3347 3053 3653 3121 intelligere

366 3141 453 3197 his
490 3141 728 3195 donavit.
766 3139 911 3194 llaec
962 3151 1017 3196 et
1054 3155 1151 3195 nos
1208 3141 1513 3202 didicimus,
1554 3155 1698 3194 nlltlc
1734 3139 1950 3207 quidem
1982 3132 2026 3195 C
2058 3132 2311 3223 πίομίιήιο
2359 3132 2461 3208 αεὶ,
2502 3132 2613 3206 Sed
2643 3160 2697 3206 οι
2729 3160 3042 3204 sancmmm
3081 3148 3343 3201 νίτιυιιηη
3367 3144 3651 3214 angelicae

365 3231 867 3286 conrationahiliter
898 3232 1053 3287 nobis
1106 3246 1205 3300 per
1232 3247 1387 3287 sacra
1419 3231 1683 3285 velamina
1714 3228 1956 3297 eloquio-

366 3339 484 3379 rum
513 3331 567 3377 et
591 3324 1012 3378 ierarchicarum
1043 3324 1390 3378 traditionum
1421 3322 1800 3395 humanitatis.
1831 3334 1953 3373 sen-

366 3412 611 3468 sibilibus
633 3414 848 3481 quidem
880 3413 1193 3479 invisibilia,
1217 3425 1272 3469 et
1307 3415 1413 3477 his,
1442 3428 1583 3484 quae
1612 3422 1738 3468 sunt
1761 3426 1954 3480 super-

368 3502 704 3567 essentialia,
728 3502 1191 3559 circumvelantis.
1208 3512 1262 3556 et
1286 3503 1486 3556 formas
1499 3509 1553 3555 et
1574 3500 1953 3560 similitudines

364 3592 684 3646 carentibus
714 3590 923 3657 formis,
946 3602 1001 3647 et
1023 3592 1466 3649 similitudinibus
1493 3592 1953 3663 circumponentis

364 3690 422 3736 et
463 3682 952 3750 supernaturalem,
983 3692 1040 3738 et
1068 3700 1175 3737 non
1223 3684 1507 3754 figuratam
1546 3685 1949 3756 simplicitatem

366 3772 633 3826 varietate
658 3772 980 3841 partitorum
1032 3775 1399 3845 symbolarum
1442 3786 1498 3831 et
1546 3776 1952 3846 multiplicantis

363 3872 414 3919 et
445 3864 874 3936 praefigurantis.
910 3866 1062 3922 Tunc
1089 3876 1270 3924 autem
1293 3884 1416 3924 cum
1439 3869 1877 3939 incorruptibiles
1897 3878 1953 3925 et

365 3955 702 4014 immortales
745 3956 877 4013 facti
928 3958 1212 4025 fuerimus,
1265 3970 1320 4016 et
1365 3961 1763 4018 christiformcs
1808 3962 1849 4027 ³,
1897 3969 1952 4017 et

363 4046 676 4103 beatissima
726 4050 1053 4120 recipiemur
1081 4053 1281 4122 quiete,
1320 4068 1536 4125 semper
1563 4070 1684 4110 cum
1723 4054 1950 4109 Domino

358 4136 510 4206 juxta
534 4140 806 4210 eloquium
836 4143 1041 4199 erimus
1081 4145 1130 4211 δ,
1166 4146 1394 4201 visibilis
1424 4148 1640 4217 quidem
1671 4147 1841 4217 ipsius
1871 4147 1950 4200 di-

364 4226 522 4284 vinae
550 4231 1004 4289 manifestationis
1044 4234 1095 4288 in
1119 4237 1439 4292 castissimis
1476 4238 1950 4308 contemplationi-

364 4322 467 4375 bus
488 4323 695 4392 repleti,
727 4325 1185 4381 manifestissimis
1200 4327 1576 4398 splendorihus
1599 4343 1700 4384 nos
1720 4329 1949 4385 circum-

364 4414 666 4482 lustrantis,
698 4418 840 4474 sicut
875 4421 1165 4492 discipulos
1188 4421 1240 4475 in
1279 4422 1367 4476 illa
1397 4422 1735 4477 divinissima
1771 4429 1947 4475 trans-

366 4502 690 4564 formatione
715 4519 736 4547 ο
769 4528 782 4563 :
810 4509 1134 4565 invisibilem
1171 4521 1351 4566 autem
1385 4512 1551 4582 ipsius
1601 4512 1950 4567 illuminatio—

364 4609 487 4648 nem
546 4597 863 4667 impassibili
904 4608 961 4656 et
1008 4603 1354 4656 immateriali
1388 4603 1665 4658 intellectu
1720 4604 1949 4673 partici-

364 4697 573 4755 pantes,
597 4698 647 4743 et
690 4705 855 4759 super
885 4692 1215 4748 intellectura
1248 4694 1510 4748 unitatem
1541 4694 1760 4765 insuper
1785 4709 1951 4763 appa-

366 4777 598 4831 rentium
629 4780 899 4835 radiorum
939 4782 1137 4853 ignotis
1157 4792 1212 4839 et
1237 4785 1412 4839 beatis
1445 4785 1829 4855 experimentis
1849 4823 1864 4849 ,
1895 4785 1946 4838 in

364 4868 614 4924 diviniori
686 4872 987 4930 imitatione
1070 4877 1551 4946 supercaelestium
1616 4878 1939 4932 animorum.

364 4958 515 5016 Sicut
556 4963 726 5033 angeli
756 4967 914 5031 enim,
971 4978 1029 5023 ut
1063 4967 1403 5040 eloquiorum
1442 4969 1642 5024 veritas
1689 4970 1799 5035 ait,
1842 4971 1947 5023 eri-

360 5067 502 5135 ‘mus,
531 5061 579 5107 et
622 5054 724 5123 ﬁlii
754 5056 867 5120 Dei,
894 5058 993 5127 ﬁlii
1018 5061 1413 5115 resurrectionis
1441 5072 1562 5117 sunt
1589 5061 1639 5115 ἀ.
1670 5061 1823 5117 Nunc
1846 5078 1945 5117 an-

365 5151 494 5208 tem,
519 5155 579 5200 ιιι
601 5148 753 5203 nobis
775 5151 1048 5220 possibile,
1079 5155 1404 5210 necessariis
1429 5155 1648 5225 quidem
1678 5156 1731 5209 in
1766 5156 1944 5211 divina

363 5241 620 5309 symbolis
644 5245 861 5307 utimur,
909 5255 962 5302 et
1011 5264 1074 5303 ex
1130 5250 1471 5319 ipsisiterum
1506 5252 1560 5307 in
1604 5253 1851 5323 simplam
1892 5261 1945 5309 et

2059 3244 2316 3303 Imitatus,
2372 3256 2508 3309 quas
2551 3241 2665 3296 sive
2721 3238 3116 3309 spcculativas,
3165 3238 3281 3291 sive
3339 3235 3649 3302 acceptivas

2055 3340 2271 3403 Oportet
2295 3332 2498 3394 dicere,
2537 3330 3013 3400 superiucognitae
3032 3338 3088 3383 et
3125 3325 3529 3397 superlucentis
3553 3324 3647 3377 bo-

2054 3424 2260 3488 uitatis,
2294 3435 2350 3477 et
2387 3438 2619 3478 arcanae
2654 3432 2780 3477 sunt
2822 3431 2876 3477 et
2899 3420 3225 3491 incognitae.
3249 3428 3306 3474 et
3350 3417 3487 3473 solis
3515 3416 3646 3486 ipsis

2056 3513 2404 3569 subsistunt‘
2432 3529 2594 3583 super
2647 3512 2929 3569 scientiam
2959 3511 3254 3582 angelicam
3299 3508 3482 3578 dignis
3534 3506 3646 3561 suis

2055 3610 2281 3682 angelis.
2324 3610 2418 3665 llis
2446 3609 2740 3664 deiformes
2763 3606 3001 3678 angelica
3033 3606 3352 3669 imitatione,
3378 3611 3640 3674 quantum

2054 3705 2204 3768 licet,
2233 3705 2519 3773 coadunati
2566 3703 2755 3766 animi,
2801 3701 3076 3771 quomodo
3101 3698 3393 3755 secundum
3428 3709 3641 3753 omnem

2054 3797 2474 3863 intellectualem
2498 3794 2870 3864 operationem
2895 3791 3262 3861 requiescunt,
3311 3787 3441 3843 talis
3462 3796 3641 3841 autem

2054 3889 2114 3944 tit
2148 3890 2520 3945 deificatorum
2556 3888 2861 3941 animarum
2906 3886 2970 3940 ad
3002 3897 3273 3938 summum
3303 3881 3492 3936 lumen
3525 3880 3645 3935 uni-

2055 3988 2157 4043 tas,
2174 3980 2398 4033 laudant
2427 3980 2598 4048 ipsum
2620 3978 2900 4046 potissimo
2923 3990 3020 4046 per
3038 3974 3303 4036 omnium,
3328 3987 3473 4042 quae
3493 3980 3639 4032 sunt.

2051 4071 2400 4135 ablationem,
2433 4073 2486 4124 in
2518 4069 2623 4124 hoc
2648 4083 2775 4122 vere
2816 4076 2872 4121 et
2921 4062 3405 4135 supernaturaliter
3441 4062 3639 4116 illumio

2050 4163 2162 4218 nati
2193 4177 2258 4216 ex
2290 4160 2603 4216 beatissima
2648 4175 2771 4215 cum
2804 4159 2922 4229 ipso
2961 4158 3188 4220 unitate,
3226 4154 3356 4225 quia
3394 4153 3637 4209 omnium

2049 4253 2267 4324 quidem
2302 4260 2404 4315 est,
2435 4267 2573 4321 quae
2601 4263 2746 4316 sunt,
2778 4249 3012 4312 causale,
3046 4249 3219 4317 ipsum
3273 4252 3460 4299 autem
3487 4242 3633 4303 nihil,

2048 4353 2109 4398 ut
2132 4344 2403 4407 omnibus,
2433 4357 2573 4412 quae
2595 4354 2741 4405 sunt,
2766 4338 3298 4411 superesseutialiter
3316 4334 3638 4391 exaltatum.

2051 4435 2218 4507 Igitur
2240 4433 2846 4506 superessentialitatem
2871 4431 3129 4494 divinam,
3154 4427 3330 4498 qualis
3343 4436 3433 4482 est
3453 4440 3637 4496 super-

2053 4526 2308 4581 bonitatis
2345 4524 2877 4594 supersnhsisteutia,
2932 4536 3107 4591 neque
3157 4526 3215 4574 ut
3268 4519 3501 4574 verbum
3547 4525 3634 4571 aut

2052 4616 2327 4679 virtutem,
2377 4629 2552 4683 neque
2592 4626 2650 4669 ut
2686 4614 2924 4668 animum
2962 4619 3056 4665 aut
3092 4610 3279 4672 vitam,
3309 4618 3407 4663 aut
3452 4623 3634 4663 esseu—

2050 4707 2181 4762 tiam
2237 4705 2457 4760 laudare
2489 4713 2572 4759 est
2596 4704 2823 4771 justum,
2854 4701 3000 4756 nullo
3027 4715 3239 4762 eorum,
3279 4708 3635 4767 quaecunque

2048 4811 2212 4865 super
2252 4810 2466 4850 omnem
2499 4794 2781 4847 veritatem
2828 4792 3054 4846 veritate
3082 4797 3232 4854 sunt,
3267 4787 3470 4842 dicitur
3496 4803 3509 4838 :
3540 4783 3634 4839 sed

2053 4896 2112 4942 ut
2162 4888 2306 4941 omni
2357 4886 2568 4951 habitu,
2618 4894 2787 4949 motu,
2841 4885 2973 4949 vita,
3009 4881 3318 4954 phantasia,
3359 4879 3633 4949 opinione.

2056 4981 2298 5042 nomine,
2331 4979 2518 5044 verbo,
2562 4978 2781 5043 virtute,
2814 4974 3187 5046 intelligentia,
3238 4972 3492 5035 essentia,
3517 4977 3631 5024 sta-

2056 5081 2132 5139 tu,
2189 5071 2563 5134 collocatione,
2611 5070 2852 5132 unitate,
2884 5067 3226 5131 summitate,
3267 5061 3630 5123 multitudine,

2052 5165 2324 5227 omnibus,
2361 5176 2712 5232 quaecunque
2738 5159 3026 5216 existentia
3061 5167 3205 5223 sunt,
3233 5152 3637 5225 supereminen-

2056 5265 2138 5311 ter
2160 5262 2447 5309 remotam.
2477 5250 2756 5319 Quomodo
2786 5264 2916 5305 vero
2956 5256 3017 5303 ut
3043 5247 3303 5304 bonitatis
3345 5243 3636 5300 subsisten-

1671 5365 1921 5422 VARIAE
1958 5364 2356 5423 LECTIONES.

432 5462 454 5499 ⁸
501 5467 543 5521 Ε
575 5471 657 5525 de.
735 5474 755 5505 '
786 5474 871 5530 BH
921 5478 1352 5533 substantiarum.
1431 5478 1452 5511 ⁸
1479 5479 1570 5534 ΑΕ
1600 5480 1960 5551 christiformi.
2035 5480 2057 5513 ⁸
2081 5480 2123 5535 Ε
2146 5490 2192 5536 et
2223 5458 2403 5552 super.

1872 5570 2122 5628 NOTAE.

433 5665 461 5758 in
486 5652 841 5789 Wlfﬂin
870 5726 949 5778 ιδ.

2128 5674 2150 5702 ο
2188 5661 2349 5717 Matii.
2390 5660 2614 5729 XXVII;
2652 5657 2816 5717 Marc.
2846 5661 2944 5726 IX;
2976 5659 3216 5717 LtthX.

2114 5732 2140 5772 δ
2168 5733 2295 5787 Luc.
2328 5731 2445 5797 XX,
2479 5733 2568 5787 56.
