3952 6162
407 286 537 343 Ill9

1783 273 2069 332 JOANNIS
2104 272 2297 330 SCOTI

3530 280 3670 336 μευ

399 401 577 457 crines
602 410 651 462 ο,
682 404 738 453 et
781 397 947 452 facies
990 396 1041 457 δ,
1070 403 1124 448 et
1156 407 1346 448 manus
1376 403 1421 457 ε,
1449 399 1504 446 et
1531 391 1827 462 posteriora
1857 389 1906 455 δ,
1931 399 1975 445 et

2093 406 2211 444 rum
2238 390 2342 445 hoc
2373 404 2386 440 :
2422 387 2534 460 Ego
2557 405 2671 444 sum
2696 391 2789 459 qui
2823 407 2939 446 sum
2965 402 3008 445 ι.
3046 392 3102 447 Si
3134 407 3237 447 non
3268 393 3561 447 secundum
3594 404 3674 448 to-

398 508 604 563 pennas
624 502 668 555 ο,
695 501 749 545 et
775 488 993 545 brachia
1026 486 1070 551 ἲ,
1094 495 1148 541 et
1175 487 1331 540 dorsa
1359 486 1405 548 ε,
1429 492 1482 539 et
1511 484 1675 553 pedes
1694 483 1719 521 ιι
1740 482 1979 546 laudant,

400 595 737 649 coronasque
772 580 815 644 ί,
847 587 898 632 et
930 578 1153 630 thronos
1183 575 1229 637 Ιί,
1268 582 1322 628 et
1349 573 1573 628 calicem
1607 570 1651 638 ι,
1700 580 1755 626 et
1808 580 1981 626 crate-

402 688 496 727 ras
521 671 635 741 ejus
650 681 712 736 ",
736 680 789 725 et
812 657 1312 739 alia'quaecumqne
1333 665 1559 737 mystica
1579 674 1723 728 sunt,
1747 663 1979 718 circum-

402 764 654 828 formant,
709 763 775 817 de
805 761 1000 831 quibus
1028 761 1080 813 in
1122 757 1413 829 symbolica
1448 754 1740 825 Theologia
1789 770 1981 809 secun-

400 868 525 909 dum
551 855 802 908 virtutem
835 852 1086 905 diximus.
1119 848 1268 902 Nunc
1291 863 1419 902 vero
1443 861 1791 915 quaecunque
1818 859 1975 913 prae-

398 946 565 999 sentis
589 953 714 999 sunt
736 943 983 1005 actionis,
1004 958 1068 995 ex
1090 939 1319 1010 eloquiis
1333 945 1741 1008 congregantes,
1767 945 1820 989 et
1841 935 1982 989 sicut

395 1036 625 1106 quadam
660 1034 841 1104 regula
881 1034 988 1096 his,
1018 1047 1156 1100 quae
1185 1032 1328 1085 dicta
1359 1039 1504 1092 sunt,
1540 1038 1772 1091 utentes,
1810 1037 1863 1082 et
1911 1027 1979 1080 ad

392 1140 454 1180 ea
474 1126 842 1195 respicientes,
878 1123 943 1178 ad
972 1122 1354 1177 reserationem
1394 1119 1741 1174 invisibilium
1769 1118 1979 1172 divino-

397 1235 515 1271 rum
548 1217 823 1271 nominum
852 1213 1250 1285 proveuiamus.
1278 1211 1501 1280 thuod
1519 1210 1735 1279 quidem
1765 1223 1979 1277 semper

393 1320 489 1377 per
510 1320 724 1360 omnem
749 1301 1271 1372 nobisThcologiam
1302 1300 1602 1354 ierarchica
1625 1298 1712 1352 lex
1743 1298 1974 1362 induxit,

395 1400 572 1453 divina
612 1395 1027 1464 contemplativa
1064 1394 1265 1447 virtute
1306 1391 1661 1461 theophanias
1718 1389 1975 1459 inspicie-

392 1507 532 1553 mus.
560 1490 777 1560 proprie
806 1491 987 1544 dicere
1030 1489 1292 1554 theorias,
1330 1496 1386 1542 et
1414 1502 1573 1541 aures
1597 1501 1781 1542 sacras
1812 1487 1976 1540 mira-

390 1582 577 1636 bilium
604 1581 909 1635 divinorum
954 1581 1231 1635 nominum
1262 1577 1709 1649 replicationihus
1739 1592 1975 1647 appona-

392 1686 534 1733 mus,
573 1671 776 1724 sanctis
840 1680 1029 1725 sancta
1081 1670 1379 1729 secundum
1442 1668 1679 1723 divinam
1729 1667 1974 1722 traditio-

2088 487 2195 532 tam
2258 480 2410 533 aiunt
2460 479 2801 533 divinitatem
2859 477 3087 546 laudari,
3126 479 3283 549 juxta
3327 497 3488 535 unam
3544 498 3675 539 vero

2084 580 2290 639 partem
2317 570 2420 624 hoc
2442 569 2694 632 describi,
2717 571 2824 624 vim
2854 570 3090 627 faciunt:
3110 573 3379 642 quomodo
3404 575 3623 629 audient
3654 596 3670 632 :

2083 662 2211 715 haec
2234 671 2408 715 autem
2436 662 2585 725 dicit,
2603 662 2804 732 quiest,
2830 662 2921 734 qui
2942 665 3180 734 erat,qui
3204 676 3448 718 venturus
3476 676 3550 718 est
3568 683 3675 718 om-

2085 753 2319 822 nipotens
2349 760 2389 806 ι.
2418 753 2481 807 Et
2514 771 2527 806 :
2562 752 2640 807 Tu
2676 771 2796 808 vero
2822 756 2960 809 idem
2991 756 3100 823 ipse
3129 773 3183 810 es
3218 768 3267 809 ιι.
3296 756 3362 810 Et
3392 775 3407 810 :
3440 756 3671 826 Spiritus

2082 844 2315 897 veritatis
2342 854 2439 908 est,
2467 846 2557 915 qui
2600 862 2631 897 a
2668 842 2828 899 Patre
2858 848 3089 916 procedit
3113 856 3162 899 ν.
3203 848 3269 901 Et
3294 849 3337 902 si
3368 863 3475 903 non
3507 857 3671 902 tutam

2082 947 2203 987 esse
2223 935 2374 988 aiunt
2396 936 2634 988 divinam
2652 935 2837 999 vitam,
2856 938 3124 1006 quomodo
3145 953 3352 1001 verum,
3370 938 3516 1007 quod
3538 938 3676 992 dixit

2080 1022 2322 1077 divinum
2342 1026 2576 1080 Verbum
2596 1043 2607 1079 :
2630 1024 2778 1081 Sicut
2794 1024 3184 1081 Palerauscitat
3215 1016 3452 1082 mortuos
3476 1039 3526 1082 et
3546 1029 3674 1083 vivi.

2079 1114 2226 1182 ﬁcat,
2258 1116 2332 1168 sic
2370 1126 2415 1168 et
2446 1114 2644 1181 Filius,
2673 1133 2801 1186 quos
2844 1118 2973 1183 vult,
3010 1118 3233 1187 viriﬁcat
3271 1128 3353 1172 ".
3393 1119 3459 1173 Iit
3486 1134 3509 1197 ξ
3534 1118 3673 1185 Quia

2081 1200 2311 1272 Spiritus
2331 1215 2403 1258 est
2429 1205 2694 1275 viviﬁcaris
2724 1220 2772 1259 ι.
2808 1207 3087 1273 Quomodo
3109 1223 3237 1263 vero
3264 1217 3318 1261 et
3344 1208 3674 1263 dominatio-

2082 1311 2206 1348 nem
2240 1296 2401 1350 habet
2430 1298 2672 1352 omnium
2704 1306 2812 1351 tota
2844 1300 3121 1364 divinitas,
3155 1300 3220 1353 de
3243 1299 3462 1368 quidem
3503 1300 3675 1353 Deum

2080 1386 2335 1456 gignente
2374 1388 2595 1453 deitatc,
2644 1398 2738 1444 aut
2790 1392 2989 1462 genita,
3036 1391 3111 1445 nil
3160 1392 3448 1447 dicendum
3483 1402 3587 1454 est,
3618 1400 3674 1445 ut

2080 1479 2331 1543 aestimo,
2360 1480 2575 1549 quoties
2604 1495 2634 1534 a
2664 1480 2954 1551 Theologia
2984 1483 3037 1537 in
3071 1482 3233 1537 Patre
3263 1491 3316 1537 et
3339 1482 3477 1537 Filio
3506 1483 3680 1537 divul-

2080 1579 2239 1640 gatur
2256 1571 2539 1639 Dominus,
2555 1574 2651 1628 sed
2670 1583 2722 1626 et
2740 1574 3001 1630 Dominus
3022 1574 3256 1645 Spiritus
3280 1587 3383 1639 est,
3401 1585 3458 1630 et
3473 1577 3678 1630 bonqu

2082 1671 2263 1716 autem
2309 1673 2367 1718 et
2409 1666 2627 1734 sapiens
2657 1668 2709 1719 in
2741 1675 2860 1729 tota,
2890 1668 3169 1722 divinitate
3201 1668 3476 1734 laudatur,
3509 1680 3563 1724 et
3592 1669 3677 1724 In-

391 1769 522 1816 nent
542 1762 866 1817 collocantes
887 1772 937 1828 ιι,
964 1772 1020 1817 et
1041 1761 1274 1817 indoctis
1289 1764 1422 1817 haec
1447 1760 1815 1815 deridentibus
1834 1768 1891 1814 et
1915 1758 1980 1811 il-
2013 1736 2056 1795 Β
2088 1770 2234 1819 mea,
2268 1765 2324 1810 et
2349 1757 2620 1823 deificum,
2656 1768 2711 1813 et
2739 1759 2979 1824 causale,
3015 1771 3073 1815 et
3100 1762 3282 1815 omnia
3313 1776 3677 1833 quaecunque

390 1850 696 1908 ludentibus
735 1854 1084 1907 auferentes:
1124 1852 1295 1921 magis
1331 1860 1508 1906 autem
1548 1852 1694 1920 ipsos
1724 1849 1861 1914 illos,
1899 1850 1975 1903 si-

394 1945 615 2013 quidem
643 1946 868 1999 omnino
889 1954 1015 1999 snnt
1044 1943 1349 2012 huiusmodi
1375 1943 1593 2012 quidam
1620 1942 1888 2005 homines,
1922 1942 1977 1996 in

391 2036 493 2089 hoc
521 2037 700 2090 divina
723 2053 900 2106 pugna
928 2036 1275 2090 redimentes.
1301 2035 1378 2089 Te
1398 2035 1616 2104 quidem
1642 2034 1778 2089 haec
1799 2042 1976 2089 custo-

387 2126 505 2179 dire
523 2134 756 2195 oportet,
780 2141 813 2180 o
838 2126 976 2180 bone
1001 2118 1341 2192 Thimothee,
1363 2123 1518 2191 juxta
1550 2125 1975 2179 sacratissimum

389 2217 775 2282 inductionem,
795 2226 850 2271 et
868 2232 1041 2285 neque
1062 2217 1226 2280 dicta,
1254 2231 1427 2286 neque
1455 2216 1660 2286 prolata
1694 2216 1870 2271 divina
1896 2214 1976 2270 fa-

386 2323 513 2364 cere
530 2311 581 2363 in
599 2310 862 2365 indoctos.
885 2309 1013 2364 Mihi
1035 2318 1213 2364 autem
1237 2310 1327 2365 det
1349 2311 1489 2365 Deus
1510 2309 1769 2364 divinitus
1792 2308 1975 2363 lauda-

385 2414 445 2454 re
477 2415 584 2454 non
608 2410 830 2456 vocatae
849 2409 1030 2464 etnon
1058 2400 1365 2454 nominatae
1387 2400 1686 2455 divinitatis
1700 2397 1974 2453 beneficus

381 2489 582 2544 multas
620 2490 1035 2556 nominationes,
1095 2498 1149 2543 et
1194 2505 1261 2544 ne
1314 2487 1530 2544 auferat
1573 2487 1798 2543 verbum
1830 2486 1973 2540 veri-

384 2583 510 2638 tatis
535 2598 603 2639 ex
640 2598 737 2639 ore
764 2597 888 2639 meo
922 2590 969 2636 ο.

927 2716 1326 2773 ΟΑΡΙΤΕΙᾸΙΜ
1364 2716 1406 2771 Il

384 2831 461 2886 De
503 2833 649 2887 unita
672 2845 719 2887 et
750 2833 975 2887 discreta
1002 2832 1281 2902 theologia,
1319 2843 1365 2885 et
1393 2848 1527 2903 quae
1556 2832 1621 2884 sit
1646 2831 1822 2886 diuina
1851 2832 1969 2884 uni-

942 2913 1023 2957 tas
1053 2914 1099 2956 et
1127 2904 1393 2957 discretio.

464 3037 708 3091 Divinam
753 3044 919 3091 totam
969 3034 1399 3099 subsistentiam,
1451 3034 1577 3104 quia
1618 3041 1704 3087 est
1745 3047 1841 3101 per
1884 3046 1970 3086 se~

2087 1846 2252 1901 totius
2280 1848 2583 1905 divinitatis
2613 1860 2759 1916 sunt,
2804 1853 2857 1905 in
2906 1867 3122 1908 omnem
3165 1853 3432 1908 reducunt
3460 1854 3678 1923 eloquia

2078 1939 2325 1995 divinam
2369 1942 2737 2013 Itymnodiam,
2789 1944 3112 2015 complexim
3163 1946 3405 2014 quidem,
3462 1957 3525 1999 ut
3553 1960 3673 2000 cum

2085 2032 2296 2099 dicunt,
2324 2030 2532 2088 ‘omnia
2563 2050 2630 2089 ex
2681 2035 2811 2100 Deo,
2861 2036 3134 2090 decursim
3184 2051 3332 2100 vero,
3361 2047 3424 2090 ut
3449 2052 3574 2091 cum
3599 2037 3673 2089 ait

2082 2122 2301 2191 quidam
2333 2141 2348 2177 :
2379 2122 2571 2178 Omnia
2602 2142 2694 2195 per
2734 2127 2905 2196 ipsum
2935 2136 2981 2179 et
3018 2126 3073 2179 in
3101 2126 3214 2197 ipso
3247 2138 3425 2179 creata
3452 2137 3598 2190 sunt,
3626 2136 3671 2179 et

2087 2216 2263 2269 omnia
2286 2217 2339 2269 in
2368 2218 2477 2287 ipso
2500 2220 2781 2271 constituta
2805 2228 2922 2272 sunt
2939 2226 2989 2271 γ.
3014 2219 3080 2273 Et
3110 2238 3123 2272 :
3159 2220 3350 2274 Emitte
3374 2218 3668 2287 'Spiritum

2082 2313 2253 2371 tuum,
2270 2316 2317 2359 et
2337 2307 2653 2360 creabantur
2671 2316 2716 2360 τ.
2734 2308 2797 2361 Ει
2820 2318 2879 2360 ιιι
2902 2309 3139 2363 breviter
3156 2309 3298 2363 dicat
3318 2310 3464 2377 quis,
3496 2311 3671 2378 ipsum

2081 2396 2320 2450 divinum
2352 2397 2429 2450 ait
2458 2397 2692 2452 Verbum
2726 2416 2739 2451 :
2773 2397 2886 2469 Ego
2934 2408 2981 2452 et
3034 2397 3201 2453 Pater
3245 2415 3411 2452 unum
3464 2415 3672 2451 sumus.

2081 2487 2150 2541 Et
2180 2506 2193 2541 :
2226 2486 2417 2543 Omnia
2464 2506 2805 2561 quaecunque
2854 2491 3006 2544 habet
3037 2489 3202 2544 Pater
3240 2506 3353 2544 mea
3380 2500 3529 2543 sunt.
3556 2489 3627 2544 Ει
3654 2508 3668 2543 :

2083 2576 2273 2633 Omnia
2290 2596 2402 2633 mea
2428 2590 2520 2633 tua
2540 2590 2685 2646 sunt,
2704 2591 2749 2635 et
2774 2592 2883 2643 tua,
2909 2598 3023 2635 mea
3046 2593 3123 2633 ιι.
3151 2581 3220 2635 Et
3244 2582 3439 2636 iterum
3468 2599 3482 2634 :
3510 2597 3672 2651 quae-

2084 2684 2295 2738 cunque
2342 2664 2469 2723 sunt
2509 2669 2687 2725 Patris
2717 2679 2773 2726 et
2824 2671 2991 2740 ipsius
3015 2670 3058 2736 ³,
3096 2671 3279 2726 divino
3308 2669 3540 2741 Spiritui
3578 2686 3671 2726 co.

2081 2758 2319 2813 munitcr
2363 2770 2417 2814 et
2457 2761 2648 2816 nnitim
2702 2770 2972 2832 reponunt
3003 2780 3017 2815 :
3052 2761 3267 2816 divinas
3294 2761 3668 2831 Operationes,

2080 2855 2365 2919 honorem,
2417 2854 2639 2920 fontem,
2686 2865 2743 2915 et
2790 2871 2896 2910 non
2945 2855 3286 2911 deficientem
3328 2870 3577 2919 causam,
3615 2864 3671 2910 et

2080 2945 2513 3000 distributionem
2555 2946 2881 3016 optimarum
2928 2945 3299 3000 donationum.
3341 2943 3412 2998 Et
3460 2945 3667 2999 nullum

2081 3038 2135 3092 in
2168 3037 2366 3093 divinis
2400 3039 2631 3110 eloquiis
2672 3038 3176 3094 inconversibilibus
3225 3038 3542 3093 nationibus
3589 3048 3669 3092 at-

387 3128 560 3197 ipsam
588 3125 825 3191 bonitas,
882 3140 1175 3197 segregans
1212 3133 1269 3179 et
1301 3121 1608 3193 exprimens
1647 3123 1714 3177 ab
1742 3120 1971 3190 eloquiis

2081 3131 2333 3186 tritorum
2380 3133 2610 3187 aestimo
2640 3132 2707 3186 ad
2750 3132 2853 3187 hoc
2884 3131 3277 3193 contradicere,
3311 3129 3445 3199 quia
3481 3129 3666 3184 divina

386 3217 655 3272 laudatur.
708 3216 776 3270 Et
814 3216 945 3286 quid
985 3216 1129 3271 enim
1160 3214 1305 3270 aliud
1332 3216 1647 3270 discendum
1676 3222 1760 3268 est
1789 3228 1857 3268 ex
1887 3228 1976 3267 sa-

395 3321 491 3362 cra
547 3306 840 3377 theologia,
886 3322 1010 3362 cum
1058 3308 1157 3373 ait,
1206 3305 1538 3360 divinitatem
1582 3306 1748 3375 ipsam
1806 3305 1975 3359 intro—

389 3398 609 3453 ductam
636 3398 817 3452 dicere
846 3411 861 3451 :
895 3396 1035 3462 Quid
1065 3414 1145 3451 me
1186 3398 1477 3468 interrogas
1508 3397 1571 3451 de
1599 3396 1773 3450 bono?
1807 3394 1974 3450 Nemo

390 3490 555 3542 bonus
589 3487 690 3541 nisi
719 3486 861 3540 solus
888 3486 1029 3541 Deus
1046 3496 1094 3539 ι).
1127 3485 1240 3541 Hoc
1262 3488 1477 3555 quidem
1502 3495 1556 3540 et
1585 3487 1637 3541 in
1670 3487 1791 3541 aliis
1812 3501 1977 3557 quae-

387 3579 550 3632 situm
603 3578 759 3634 nobis
792 3577 1117 3641 ostenditur,
1157 3593 1349 3632 omnes
1386 3593 1600 3647 semper
1630 3579 1738 3632 Deo
1771 3579 1978 3648 praedi-

389 3679 507 3724 ctas
550 3669 760 3723 divinas
811 3670 1210 3724 nominationes
1250 3685 1354 3723 non
1403 3670 1621 3738 partim,
1655 3670 1748 3725 sed
1782 3671 1833 3723 in
1866 3678 1977 3724 tota

389 3771 448 3816 et.
496 3761 893 3831 perfectissima
944 3770 1002 3817 et
1046 3762 1258 3834 integra
1304 3770 1360 3816 et
1404 3761 1560 3832 plena
1602 3763 1887 3818 divinitate
1908 3764 1975 3818 ab

392 3851 624 3922 eloquiis
664 3849 895 3919 laudari,
940 3859 997 3907 et
1023 3866 1213 3907 omnes
1241 3867 1335 3906 eas
1362 3852 1784 3922 impartibiliter,
1814 3854 1973 3909 abso-

391 3941 520 4017 lute,
549 3941 913 4011 inobservate,
938 3942 1335 4008 universaliter,
1363 3944 1511 3999 omni
1536 3945 1552 3975 ¹
1583 3945 1976 4000 universalitati

389 4033 445 4087 in
482 4042 595 4089 toto
623 4034 883 4104 perfecte,
912 4043 967 4090 et
996 4036 1173 4091 omnis
1194 4035 1491 4090 divinitatis
1527 4035 1732 4107 reponi.
1765 4036 1974 4092 Etenim

388 4127 530 4180 sicut
575 4127 627 4181 in
671 4128 988 4200 theologicis
1022 4130 1430 4185 characterihus
1479 4130 1881 4197 admonuimus,
1930 4132 1977 4187 si

388 4233 495 4271 non
526 4218 592 4273 de
617 4227 725 4274 tota
759 4220 1050 4274 Divinitate
1079 4221 1279 4274 dixerit
1300 4221 1422 4291 quis
1450 4222 1552 4276 hoc
1575 4223 1704 4287 diei,
1730 4222 1976 4292 blasphe-

390 4319 505 4363 mat
531 4319 584 4372 tt,
617 4319 672 4365 et
706 4310 954 4366 scindere
979 4310 1178 4381 injuste
1203 4311 1367 4365 audet
1392 4312 1766 4379 superunitam
1796 4313 1975 4367 unita-

2076 3221 2257 3275 onmia
2291 3222 2386 3275 toti
2418 3220 2685 3275 divinitati
2717 3231 2909 3276 assunt
2935 3221 3228 3299 secundam
3269 3221 3512 3275 divinam
3547 3236 3668 3290 per-

2078 3310 2277 3367 fectam
2300 3312 2587 3367 rationem.
2622 3311 2717 3367 llis
2746 3313 2910 3382 igitur
2935 3328 2965 3366 a
2991 3312 3147 3367 nobis
3176 3313 3417 3367 breviter
3445 3314 3663 3381 quidem

2079 3402 2133 3456 in
2183 3402 2381 3458 talibus
2410 3412 2466 3457 et
2495 3404 2714 3473 partim,
2763 3403 2815 3456 in
2871 3403 2993 3457 aliis
3040 3418 3167 3458 vero
3210 3401 3557 3457 sufficienter
3603 3418 3665 3456 ex

2078 3491 2307 3562 eloquiis
2354 3502 2410 3547 et
2454 3493 2690 3549 ostensis
2718 3503 2772 3549 et
2811 3493 3069 3556 definitis,
3100 3492 3557 3563 qualemcumque
3584 3508 3663 3546 re-

2077 3582 2281 3653 plicare
2316 3582 2553 3637 divinam
2599 3583 3424 3639 nominationemuniversalem
3448 3584 3661 3638 conabi-

2080 3690 2222 3738 mur,
2256 3674 2442 3728 intota
2490 3674 2605 3744 ipsa
2656 3674 2939 3730 divinitate
2991 3675 3385 3745 accipiendum.
3436 3674 3496 3730 Si
3542 3690 3663 3728 vero

2078 3766 2202 3836 quis
2225 3766 2443 3831 dixerit,
2470 3765 2841 3821 confusionem
2870 3783 2970 3821 nos
2997 3768 3050 3820 in
3080 3768 3182 3822 hoc
3205 3774 3393 3821 contra
3429 3766 3662 3821 divinam

2081 3857 2461 3912 discretionem
2491 3858 2852 3924 introducere,
2884 3857 3046 3913 talem
3070 3858 3335 3913 rationem
3366 3871 3472 3913 nos
3498 3872 3664 3926 neque

2081 3946 2258 4017 ipsum
2307 3949 2658 4004 aestimamus
2705 3950 2936 4005 suadere
2974 3948 3346 4012 sullicientem,
3394 3949 3664 4017 quomodo

2080 4049 2165 4095 est
2192 4056 2377 4095 verax.
2425 4039 2702 4109 Siquidem
2742 4043 2887 4096 enim
2915 4050 2999 4096 est
3028 4040 3150 4110 quis
3179 4041 3401 4095 omnino
3438 4040 3665 4109 eloquiis

2081 4131 2350 4186 absistens
2372 4130 2413 4196 ",
2460 4132 2615 4200 longe
2665 4131 2738 4185 ibi
2787 4131 3166 4185 universaliter
3196 4130 3296 4185 erit
3337 4139 3393 4185 et
3421 4146 3454 4183 a
3483 4140 3661 4184 nostra

2082 4224 2443 4294 philosophia.
2500 4224 2568 4279 Et
2616 4223 2662 4278 si
2716 4239 2823 4278 non
2863 4239 2930 4276 ex
2974 4222 3308 4292 eloquiorum
3349 4221 3454 4276 sibi
3486 4220 3663 4275 divina

2082 4317 2350 4385 sapientia
2388 4324 2565 4379 curat,
2614 4316 2887 4385 quomodo
2926 4316 3090 4369 etiam
3118 4329 3147 4368 a
3176 4314 3331 4368 nobis
3369 4312 3581 4367 curabit
3606 4310 3661 4363 in

394 4408 525 4455 tem.
569 4401 861 4457 Dicendum
897 4402 1082 4473 igitur,
1133 4402 1403 4471 quomodo
1427 4402 1482 4456 in
1509 4404 1656 4457 omni
1687 4402 1977 4459 Divinitate
2008 4446 2058 4505 Β
2087 4408 2442 4478 theologicam
2475 4408 2757 4462 scientiam
2786 4422 2918 4461 suae
2955 4404 3424 4460 manuduclionis?
3463 4402 3519 4457 Si
3565 4417 3662 4456 au-

391 4491 495 4547 boc
524 4493 917 4561 accipiendum.
969 4493 1181 4565 Etenim
1224 4493 1399 4563 ipsum
1427 4508 1492 4547 ex
1524 4494 1664 4547 bono
1692 4503 1876 4547 natum
1899 4495 1976 4548 ait

392 4582 627 4637 Verbum
655 4602 669 4637 :
696 4583 805 4654 Ego
831 4586 994 4638 bonus
1030 4602 1146 4640 sum
1173 4584 1302 4638 τ.Ει
1331 4584 1549 4654 quidam
1585 4584 1696 4641 Deo
1724 4593 1971 4654 accepta-

392 4669 579 4724 bilium
608 4674 991 4741 prophetarum
1033 4673 1213 4727 laudat
1243 4672 1503 4743 Spiritum
1535 4674 1757 4728 bonum.
1784 4674 1849 4728 Et
1880 4677 1972 4730 ite-

2090 4508 2195 4554 tem
2247 4500 2299 4552 in
2349 4497 2686 4568 eloquiorum
2735 4498 3022 4552 veritatem
3072 4497 3308 4565 respicit,
3352 4496 3451 4549 hac
3477 4502 3531 4547 et
3561 4506 3663 4546 nos

2083 4590 2263 4662 regula
2305 4601 2360 4645 et
2405 4590 2605 4645 lumine
2658 4597 2871 4643 utentes
2918 4589 2984 4642 ad
3032 4588 3350 4657 apologiam,
3401 4593 3660 4654 quantum

2081 4691 2327 4753 potentes
2377 4699 2583 4748 sumus,
2644 4693 2792 4739 recte
2839 4682 3170 4752 gradiemur,
3224 4682 3479 4745 dicentes,
3516 4691 3657 4747 quo-

1623 4786 1881 4843 VARIAE
1920 4789 2327 4849 LECTIONES.

468 4898 485 4929 ⁸
519 4899 882 4952 universattter
904 4900 1042 4953 omni
1069 4914 1177 4954 om.
1211 4897 1322 4952 BII.

1404 4900 1423 4929 '
1454 4898 1543 4953 Sic
1571 4899 1645 4964 E;
1680 4900 1817 4954 ΑΒΗ
1845 4902 2087 4959 Entittes.

2190 4906 2211 4937 ³
2236 4905 2323 4960 BlI
2353 4907 2473 4974 ipsi.
2602 4911 2623 4937 ⁸
2649 4908 2689 4959 Α
2722 4907 3024 4960 subsistens.

1905 5013 2159 5070 NOTAE.

1584 5122 1610 5162 Ιί
1635 5122 1772 5179 Dan.
1805 5124 1916 5179 VII.

1588 5192 1605 5231 ι
1636 5195 1773 5247 PsaI.
1799 5195 1956 5250 CXV.

1582 5275 1621 5303 ω
1650 5264 1805 5318 Cant.
1840 5265 1946 5320 VII.

1586 5343 1614 5370 ιλ
1645 5335 1830 5389 Matth.
1864 5337 1972 5391 VII.

466 5135 494 5163 ι
525 5120 734 5176 Caulic.
764 5120 827 5174 V.

468 5193 497 5234 δ
520 5191 665 5247 PsaI.
693 5190 926 5245 XXXIII.

472 5275 493 5301 ο
522 5264 663 5317 I’sal.
694 5261 918 5315 CXVIII.

467 5334 494 5373 ά
519 5333 651 5388 Gen.
680 5332 719 5386 Χ
738 5335 815 5384 \‘I.

474 5414 497 5443 ο
529 5404 680 5459 Deut.
712 5402 922 5457 XXXII.

474 5474 491 5511 ¹
522 5474 623 5528 Isa.
658 5473 767 5528 LII.

474 5546 500 5583 ³
533 5546 698 5598 Exod.
737 5542 971 5598 XXXIII.

472 5614 495 5651 ὲ
528 5613 679 5666 Deut.
716 5611 951 5669 XXXIII.

482 5685 494 5720 ί
557 5682 656 5736 Isa.
685 5682 870 5737 XXIV.
1516 5685 1601 5738 10.

1583 5553 1609 5592 «ι
1640 5542 1797 5601 Joan.

1590 5411 1614 5437 °
1645 5403 1788 5458 Psal.
1819 5405 2047 5462 CXVIII.

1587 5483 1614 5522 ρ
1643 5475 1987 5546 uanum,
2008 5480 2093 5545 Η,
2116 5479 2243 5535 Luc.
2262 5479 2444 5546 xvtu,
2472 5482 2551 5536 ιθ.

1590 5623 1610 5651 ι
1641 5615 1827 5669 Matth.
1857 5616 1973 5684 XX,
2018 5620 2116 5685 I5;
2170 5621 2312 5676 Psal.
2352 5621 2553 5685 CXL”,

2699 5144 2720 5170 ιι
2758 5132 2925 5185 Exod.
2956 5132 3043 5197 III,
3080 5130 3159 5184 η.

2700 5205 2719 5239 ⁸
2760 5204 2923 5272 Apoc.
2955 5202 2993 5268 I,
3024 5202 3078 5255 4.

2694 5286 2722 5313 τι
2755 5274 2895 5325 Psal.
2923 5274 3007 5334 Cl,
3038 5274 3127 5326 ‘28.

2697 5353 2722 5379 ν
2752 5342 2907 5397 Jnan.
2947 5340 3062 5405 XV,
3093 5340 3185 5395 ‘26.

2700 5422 2755 5450 τ*
2783 5412 2937 5467 .Ioan.
2976 5411 3038 5476 V,
3061 5413 3152 5466 2i.

2700 5496 2727 5525 ι
2765 5481 2921 5537 Joan.
2961 5481 3046 5545 VI,
3074 5482 3161 5535 64.

2700 5562 2728 5601 1
2759 5552 2916 5606 Ront.
2946 5551 3038 5615 XI,
3064 5552 3150 5605 56.

2706 5635 2726 5661 ι
2757 5622 2899 5677 Psa‘.
2928 5623 3057 5685 CIII,
3083 5621 3153 5674 50

2705 5706 2760 5732 ⁸³
2784 5692 2937 5748 .Ioan.
2966 5691 3034 5759 Χ,
3059 5692 3158 5758 30;
3187 5689 3304 5761 XV,
3340 5691 3420 5757 I5;
3448 5686 3607 5749 XVII,
