3936 6160
267 281 399 339 H21

821 321 824 324 .
906 269 1151 328 VEilSlO
1189 266 1469 324 OPERUM
1511 265 1568 321 S.
1608 259 1923 320 οὶολϊειι.
1967 285 2032 297 --
2071 251 2157 312 DE
2198 250 2441 308 DIVINIS
2479 245 2870 305 NOMINIBUS.

3389 242 3528 296 {1‘22

263 396 426 456 modo
451 391 712 460 theologia
735 389 994 458 quaedam
1019 386 1233 456 quidem
1262 383 1452 438 unitim
1482 383 1663 447 tradit,
1687 395 1851 450 quae-
1877 386 1924 444 Α
1957 376 2194 430 omnium
2235 371 2436 428 omnia‘
2457 370 2691 435 lumina,
2737 379 2794 423 et
2836 382 2996 422 unam
3036 365 3333 420 claritatem
3365 366 3532 420 indis-

263 491 390 546 dam
418 499 548 540 vero
575 483 825 537 discrete.
863 479 928 534 Et
958 493 1129 548 neque
1163 477 1310 531 unita
1349 489 1602 544 separare
1637 472 1842 542 justum

263 589 369 645 est,
401 591 578 645 neque
625 575 856 628 discreta
905 571 1256 632 confundere,
1285 568 1378 624 sed
1410 575 1696 637 sequentes
1724 580 1844 620 eam

257 669 416 740 juxta
444 667 698 719 virtutem
717 663 767 714 in
783 661 992 714 divinos
1013 658 1330 728 Splendores
1352 657 1634 726 respicere,
1652 665 1705 710 et
1722 655 1846 708 inde

265 746 480 814 divinas
510 752 977 809 manifestationes
1007 749 1357 819 accipientes,
1390 748 1532 802 sicut
1557 747 1845 816 quamdam

265 848 512 920 regulam
561 844 1012 902 formosissimam
1050 843 1314 906 veritatis,
1349 841 1420 895 ibi
1454 841 1623 910 posita
1667 849 1848 894 custo-

266 940 388 993 dire
420 939 471 990 in
503 934 812 1002 semetipsis
863 948 966 986 non
1014 931 1392 1000 multiplicata,
1440 938 1494 984 et
1539 944 1644 983 non
1674 929 1848 982 mino-

266 1037 416 1090 rata,
443 1034 500 1081 et
525 1021 963 1079 inconversibilia
994 1019 1331 1083 festinemus,
1373 1019 1426 1073 in
1465 1019 1707 1073 custodia
1737 1019 1848 1073 elo-

265 1119 522 1187 quiorum
568 1111 843 1177 custoditi,
883 1123 937 1168 et.
985 1113 1052 1166 ab
1097 1112 1227 1181 ipsis
1277 1112 1331 1166 in
1377 1112 1744 1167 custodientes
1783 1125 1848 1166 ea

267 1204 684 1262 custodiendum
720 1210 988 1272 potentes.
1022 1197 1181 1256 Unita
1213 1200 1428 1269 quidem
1466 1201 1631 1256 totius
1657 1199 1850 1255 divini-

267 1298 401 1352 tatis
451 1303 598 1359 sunt,
639 1305 698 1349 ut
721 1294 775 1347 in
806 1291 1122 1363 theologieis
1149 1293 1552 1346 characteribus
1581 1307 1676 1362 per
1696 1292 1849 1362 plura

267 1404 340 1444 ex
395 1385 624 1454 eloquiis
671 1383 1029 1446 ostendimus,
1075 1381 1462 1450 superbonum,
1504 1382 1848 1450 superdeum,

267 1463 748 1547 superessentiale,
777 1472 1147 1541 supervivens,
1177 1471 1575 1540 supersapiens,
1605 1481 1660 1526 et
1685 1486 1852 1541 quae-

268 1580 504 1634 cumque
545 1561 998 1632 supereminentis
1039 1570 1166 1616 sunt
1210 1560 1515 1624 ablationis,
1560 1575 1682 1615 cum
1726 1560 1850 1630 qui-

269 1660 378 1715 bus
403 1667 458 1713 et
486 1655 719 1711 causalia
747 1655 946 1718 omnia,
976 1654 1265 1730 optimum,
1299 1651 1522 1716 bonum,
1547 1649 1622 1716 ὅν,
1661 1651 1850 1706 viven—

1950 477 2155 522 cretam
2186 464 2534 526 relucentem,
2574 471 2632 516 et
2663 475 2769 515 non
2799 461 2960 514 etiam
2987 457 3138 528 quis,
3171 466 3229 510 ut
3267 457 3522 522 arbitror,

1949 555 2146 626 poterit
2189 553 2418 622 alicujus
2465 551 2728 622 lampadis
2768 549 2946 604 lumen
2978 550 3044 603 ab
3071 548 3190 602 aliis
3235 563 3298 602 ex
3347 550 3528 604 omnia

1948 646 2151 700 lumina
2182 645 2477 699 continenti
2535 643 2660 697 aere
2692 643 3034 706 discernere,
3081 650 3136 695 et
3181 641 3363 694 videre
3407 643 3528 696 sine

1950 735 2119 789 altera
2149 743 2301 805 parte
2339 733 2562 787 alteram
2591 742 2822 801 partem,
2845 723 2984 784 totis
3011 731 3062 784 in
3099 731 3225 784 totis
3253 729 3528 784 inconfuse

1949 825 2387 894 centemperatis.
2421 821 2524 877 Sed
2565 823 2608 876 si
2659 822 2822 876 etiam
2871 837 3030 874 unam
3063 821 3182 891 quis
3223 821 3528 875 ardentium

1949 915 2270 970 subduxerit
2297 915 2456 970 domo
2479 913 2522 979 ⁸,
2564 914 2726 969 coibit
2747 925 2802 968 et
2825 914 3099 983 proprium
3130 923 3299 967 totum
3325 914 3524 978 lumen,

1951 1005 2156 1060 nullum
2219 1005 2473 1075 quiddam
2525 1005 2752 1059 aliorqu
2803 1004 3064 1058 luminum
3132 1004 3185 1058 in
3239 1006 3529 1074 semetipsa

1950 1098 2333 1170 complectens,
2381 1106 2471 1152 aut
2517 1099 2714 1152 suimet
2776 1098 2962 1151 alteris
3012 1097 3341 1166 relinquens.
3404 1098 3533 1152 Erat

1950 1189 2092 1244 enim
2123 1204 2340 1253 earum,
2383 1189 2523 1258 quod
2550 1188 2768 1258 quidem
2797 1189 2927 1252 dixi,
2970 1189 3210 1241 otnnium
3239 1190 3306 1242 ad
3335 1170 3534 1246 'omuia

1950 1277 2346 1347 perfectissima
2387 1277 2568 1331 unitas
2591 1317 2606 1342 ,
2657 1276 3006 1330 incommixta
3037 1277 3445 1344 universaliter,
3479 1289 3536 1332 et

1951 1369 2094 1424 nulla
2143 1379 2296 1440 parte
2339 1367 2600 1424 confusa:
2629 1377 2684 1422 et
2715 1368 2867 1444 haec,
2903 1368 3169 1422 existente
3204 1368 3257 1420 in
3308 1383 3536 1436 corpore

1951 1463 2111 1527 aére,
2155 1469 2210 1515 et
2256 1475 2324 1515 ex
2374 1460 2641 1514 materiali
2693 1445 2815 1530 igne
2845 1455 3113 1530 pendente
3161 1459 3380 1512 lumine.
3432 1459 3532 1514 Ubi

1951 1568 2084 1608 vero
2118 1552 2625 1622 superessentialem
2662 1553 2928 1606 unitatem
2959 1553 3373 1623 supercollocari
3402 1553 3534 1607 dici-

1953 1658 2092 1709 mus,
2144 1659 2248 1698 non
2278 1644 2332 1698 in
2359 1644 2730 1714 corporalibus
2771 1653 2974 1698 tantmu
3007 1645 3324 1708 unitatibus,
3358 1645 3451 1698 sed
3481 1655 3538 1700 et

271 1751 409 1806 tium
433 1762 644 1818 parens,
673 1745 906 1814 sapiens,
937 1751 991 1797 et
1009 1755 1381 1814 quaecumque
1406 1757 1470 1796 ex
1494 1740 1712 1809 optimis
1739 1741 1852 1795 suis
1881 1742 1926 1800 Β
1954 1735 2060 1800 bis,
2088 1749 2228 1804 quae
2253 1745 2378 1789 sunt.
2406 1736 2458 1788 in
2483 1735 2766 1790 animabus
2793 1735 2944 1805 ipsis,
2975 1744 3030 1790 et
3057 1737 3108 1790 in
3157 1737 3285 1806 ipsis
3332 1737 3540 1792 intelle-

270 1838 650 1895 donationibus
677 1838 693 1865 ¹
745 1833 985 1889 omnium
1036 1833 1298 1886 bonormn
1329 1845 1492 1886 causa
1536 1830 1853 1886 denomina.

269 1939 382 1984 tur.
435 1927 677 1982 Discreta
705 1935 882 1979 autem
923 1923 1101 1978 Patris
1139 1923 1594 1994 superessentiale
1632 1939 1850 1992 nomen,

270 2028 331 2074 et
382 2033 489 2082 res,
535 2025 592 2071 et
635 2015 756 2088 Filii
788 2025 842 2069 et
889 2013 1126 2083 Spiritus
1173 2014 1316 2068 nulla
1347 2014 1399 2068 in
1431 2013 1516 2068 his
1542 2012 1852 2084 reciproca-

273 2112 443 2176 tione,
471 2118 563 2163 aut
604 2109 824 2162 omnino
854 2106 1239 2160 communitate
1277 2105 1578 2160 introducta
1628 2104 1728 2161 Est
1755 2121 1852 2160 au-

273 2209 384 2254 tem
418 2200 612 2252 iterum
636 2197 704 2250 ab
727 2197 808 2250 bis
831 2196 1121 2249 discretum
1148 2195 1258 2265 ipsa
1282 2195 1574 2251 secundum
1602 2210 1700 2250 nos
1735 2194 1856 2251 lesu

273 2289 673 2360 perfectissima
715 2296 770 2341 et
813 2285 1160 2340 immutabilis
1198 2286 1569 2352 subsistentia,
1608 2295 1662 2341 et
1689 2301 1857 2356 quae-

273 2395 508 2448 cumque
553 2377 848 2431 secuudum
891 2375 1060 2443 ipsam
1102 2384 1232 2430 sunt
1273 2374 1626 2430 humanitatis
1674 2389 1857 2430 essen-

277 2471 428 2523 tialia
482 2467 755 2538 mysteria.
803 2464 1255 2535 Oportetautem,
1288 2473 1348 2519 ut
1383 2467 1637 2530 arbitror,
1686 2465 1857 2537 magis

277 2561 604 2630 recipientes
629 2573 724 2612 nos
744 2556 1195 2628 perfectissimum
1219 2557 1433 2611 divinae
1471 2567 1524 2612 et
1557 2557 1780 2612 unitatis
1803 2567 1858 2612 et

277 2651 622 2707 discretionis
653 2663 920 2719 exponere
951 2649 1189 2713 modum,
1225 2656 1513 2717 utcumque
1545 2648 1697 2703 nobis
1722 2648 1858 2704 bene

278 2745 621 2814 conspician
647 2743 824 2797 omnis
849 2741 1086 2810 ingenita
1107 2748 1191 2793 est
1221 2739 1380 2804 ratio,
1407 2739 1614 2793 varium
1637 2739 1854 2810 quidem

278 2853 440 2892 omne
467 2844 522 2888 et
558 2850 661 2888 non
701 2832 1043 2887 manifestum
1073 2831 1380 2903 relinquens
1405 2874 1419 2899 ,
1453 2834 1588 2888 bene
1625 2834 1860 2890 discrete

283 2945 410 2982 vero
431 2936 482 2982 et
514 2925 795 2980 mmsit‘este
810 2935 864 2979 et
888 2925 1022 2978 bene
1047 2926 1292 2979 ordinate
1321 2926 1535 2996 propria
1562 2927 1860 2984 secundum

283 3023 538 3075 virtutem
582 3020 950 3073 considerans.
1002 3005 1208 3072 Vocant
1253 3020 1418 3082 enim,
1470 3021 1611 3089 quod
1642 3021 1857 3090 quidem

281 3122 340 3168 et
381 3114 434 3167 in
481 3112 602 3165 aliis
638 3112 904 3174 dixeram,
938 3118 1155 3166 nostrae
1192 3110 1522 3181 theologicae
1553 3113 1860 3169 traditionis
1885 3092 1932 3154 (ἶ

283 3205 428 3261 sacri
478 3205 730 3257 doctores
775 3204 1010 3256 unitatcs
1041 3204 1254 3272 quidem
1285 3203 1494 3258 divinas
1545 3220 1863 3276 superarca-

287 3309 395 3351 nae
416 3305 469 3348 et
495 3293 963 3364 superine-(ignitae
997 3293 1219 3346 unitatis
1258 3293 1498 3348 occultas
1524 3305 1577 3349 et
1600 3294 1866 3349 inremea-

285 3387 424 3444 biles
466 3384 1013 3455 supercollocationcs
1032 3423 1046 3446 ,
1093 3383 1446 3438 discretiones
1476 3400 1606 3439 vero
1635 3387 1866 3455 Optimas

287 3477 588 3532 divinitatis
647 3485 702 3529 et
762 3475 1173 3544 processiones,
1237 3483 1293 3528 et
1379 3476 1864 3533 manifestationes.

289 3571 358 3625 Et
398 3569 548 3622 aiunt
597 3583 748 3621 sacra
790 3566 1001 3634 eloquia
1044 3575 1368 3635 sequentes,
1423 3578 1477 3620 et
1532 3569 1706 3622 dictae
1754 3569 1871 3622 uni-

294 3659 423 3713 tatis
484 3657 700 3728 propria
746 3673 760 3710 :
811 3665 865 3711 et
897 3656 1116 3719 iterum,
1164 3656 1510 3712 discretionis
1551 3673 1670 3714 esse
1710 3675 1874 3729 quas-

293 3749 419 3804 dam
473 3746 738 3818 speciales
791 3754 847 3800 et
901 3745 1136 3800 unitatcs
1187 3754 1243 3799 et
1293 3745 1688 3811 discretiones,
1748 3757 1803 3803 et
1851 3750 1871 3780 '

293 3843 352 3896 in
423 3841 628 3894 unitate
677 3838 858 3892 divina
922 3836 1040 3892 sine
1110 3839 1677 3908 superessentialitate.
1741 3841 1878 3897 Uni-

297 3941 413 3985 tum
465 3931 680 4000 quidem
731 3936 815 3984 est
859 3929 951 3982 uni
1001 3928 1284 3999 principali
1337 3928 1590 3985 Trinitati
1637 3941 1692 3987 et
1729 3949 1878 3988 com-

297 4036 464 4076 mune
547 4019 1016 4090 superessentialis
1097 4019 1486 4087 subsistentia,
1584 4025 1878 4094 superdeus

296 4113 474 4168 deitas
545 4110 879 4180 superhonus
961 4110 1177 4166 bonitas
1243 4111 1522 4176 omnium,
1597 4115 1880 4170 summitas

297 4205 672 4262 summitatum
699 4202 939 4258 omnium
992 4203 1036 4268 ³,
1067 4205 1230 4259 totius
1258 4204 1604 4275 proprietatis
1631 4205 1881 4260 immuta-

299 4298 507 4361 bilitas,
536 4311 698 4367 super
726 4295 1085 4366 principatum
1118 4297 1314 4362 unitas,
1333 4295 1618 4361 iueﬂ‘abite,
1637 4299 1883 4354 multivo-

297 4404 450 4458 cum,
484 4387 805 4458 ignorantia,
837 4401 996 4442 omne
1024 4387 1311 4450 invisibile,
1357 4389 1599 4443 omnium
1642 4391 1838 4460 positio
1863 4434 1878 4458 ,

301 4479 545 4533 omnium
600 4477 831 4542 ablatio,
879 4492 1041 4547 super
1084 4492 1298 4532 omnem
1349 4489 1404 4534 et
1453 4482 1774 4550 positionem
1829 4495 1885 4539 et

304 4570 628 4625 ablationem
660 4567 800 4622 inter
831 4583 889 4621 se
920 4569 1148 4622 invicem
1174 4609 1186 4629 ,
1233 4568 1276 4623 si
1303 4570 1622 4640 sic-oportet
1671 4573 1883 4638 dicere,

304 4659 688 4733 principalium
746 4657 1172 4713 substantiarum
1220 4661 1429 4714 mansio
1481 4671 1536 4716 et
1581 4663 1883 4730 collocatio,

310 4756 686 4814 universaliter
701 4755 1032 4824 super-unita,
1058 4763 1112 4808 et
1133 4755 1276 4808 nulla
1301 4764 1450 4824 parte
1478 4757 1718 4821 confusa,
1749 4759 1890 4814 sicut

309 4849 517 4905 lumina
559 4847 889 4917 lampadum,
929 4855 985 4899 ut
1023 4846 1368 4901 sensibilibus
1410 4856 1464 4900 et
1505 4849 1740 4916 propriis
1767 4859 1889 4904 utar

311 4942 596 5012 exemplis,
621 4943 746 4995 dum
774 4949 900 4995 sunt
927 4941 978 4994 in
1011 4940 1167 4992 domo
1201 4955 1325 5001 una,
1358 4949 1412 4992 et
1454 4952 1562 4994 tota
1593 4945 1644 4996 in
1669 4959 1726 4996 se
1759 4943 1898 4997 invi-

313 5050 435 5089 cem
465 5031 586 5086 totis
619 5039 762 5090 sunt.
793 5039 847 5082 et
889 5030 1199 5097 diligentem
1232 5048 1260 5083 a
1308 5046 1366 5084 se
1415 5031 1640 5086 invicem
1683 5037 1898 5104 proprie

317 5124 655 5176 substantem
685 5119 887 5173 habent
922 5117 1326 5183 discretionem,
1367 5121 1512 5173 unita
1549 5123 1894 5187 discretione,

317 5223 375 5266 et
405 5215 607 5265 unitate
629 5211 884 5266 discreta.
918 5209 1126 5264 Etenim
1161 5209 1403 5264 videmus
1432 5211 1484 5265 in
1526 5214 1682 5267 domo
1713 5216 1894 5270 multis

323 5303 486 5360 nnitis
542 5303 874 5374 lampadibus
918 5302 982 5356 ad
1034 5317 1195 5356 unum
1245 5302 1458 5374 aliquod
1512 5305 1690 5360 lumen
1746 5309 1936 5386 unita“

1955 1830 2152 1896 ctibus,
2179 1844 2319 1899 quae
2349 1829 2548 1884 habent
2577 1829 2971 1884 incommixtim
3009 1838 3067 1883 et
3102 1830 3538 1898 supermundane

1953 1935 2052 1992 per
2096 1929 2208 1974 tota
2257 1919 2540 1974 deiformia
2586 1931 2640 1974 et
2665 1920 3084 1990 supereaelestia
3130 1921 3330 1974 lumina
3381 1921 3539 1990 juxta

1955 2010 2424 2082 participationem
2449 2009 2922 2065 corrationabilem
2951 2012 3396 2081 partieipantibus
3424 2028 3540 2066 om-

1957 2104 2117 2160 nibus
2145 2115 2520 2174 superremota
2555 2105 2786 2159 unitate.
2839 2104 2933 2158 Est
2985 2114 3246 2158 autemet
3285 2106 3540 2160 discretio
3619 2177 3624 2182 δ

1957 2197 2012 2251 in
2042 2196 2580 2266 superessentialibus
2613 2196 2924 2267 theologiis,
2967 2213 3071 2250 non
3107 2212 3266 2266 quam
3293 2199 3538 2252 dicebam

1957 2289 2323 2350 solummodo,
2377 2289 2503 2358 quia
2540 2296 2596 2343 et
2653 2289 2792 2344 hanc
2840 2289 3100 2342 unitatem
3151 2289 3538 2344 inconunixtim

1959 2380 2209 2446 collocat,
2237 2391 2292 2435 et
2317 2380 2597 2436 inconfuse
2627 2395 2980 2450 unaquaeque
3006 2381 3382 2448 principalimn
3410 2383 3540 2436 sub-

1957 2472 2322 2527 stantiarun»:
2365 2472 2459 2527 sed
2507 2472 2632 2541 quia
2658 2481 2712 2525 et
2750 2486 2890 2540 quae
2919 2480 3047 2525 sunt
3074 2471 3544 2540 superessentialis

1960 2565 2300 2636 theogoniae.
2333 2581 2437 2619 non
2468 2565 2876 2633 reciprocantur
2913 2565 2980 2617 ad
3007 2579 3065 2618 se
3097 2564 3350 2618 invicem.
3385 2564 3545 2619 Solus

1958 2668 2141 2714 autem
2177 2657 2297 2714 fons
2323 2657 2789 2726 superessentialis
2817 2656 3037 2710 deitatis
3061 2655 3250 2722 Pater,
3284 2656 3408 2710 dum
3437 2672 3544 2711 non

1959 2748 2032 2804 sit
2075 2747 2245 2803 Filius
2285 2757 2458 2816 pater,
2489 2762 2665 2816 neque
2707 2745 2870 2800 Pater
2916 2745 3074 2809 tilius,
3121 2746 3549 2802 custodientibus

1958 2841 2177 2910 propria
2205 2839 2450 2894 laudibus
2477 2849 2625 2894 recte
2647 2839 2936 2909 unicuique
2964 2839 3266 2894 divinarum
3295 2839 3546 2894 substan-

1960 2933 2176 2988 tiarum.
2204 2931 2350 2986 llaec
2370 2931 2587 3002 quidem
2615 2931 2908 2986 secundum
2935 2929 3258 2984 inetl‘abilem
3287 2930 3544 2984 unitatem

1961 3032 2018 3080 et
2031 3024 2438 3079 subsistentiam
2461 3024 2640 3077 unitas
2654 3032 2711 3078 et
2732 3023 3006 3077 discretio.
3033 3022 3088 3077 Si
3105 3032 3348 3076 autemet
3365 3023 3547 3077 divina

1965 3117 2224 3173 discretio
2260 3126 2346 3171 est
2386 3116 2587 3186 optima
2627 3115 2902 3186 processio
2945 3114 3167 3168 unitatis
3199 3115 3412 3168 divinae
3461 3129 3548 3169 su-

1964 3210 2216 3281 perunite
2262 3209 2610 3277 semetipsam
2661 3205 2903 3260 bonitate
2967 3214 3022 3260 et
3088 3203 3448 3274 pluriticantis
3495 3214 3553 3259 et

1966 3298 2399 3369 multiplicantis,
2448 3297 2634 3352 unitae
2685 3295 2903 3366 quidem
2948 3303 3074 3350 sunt
3122 3298 3415 3350 secundum
3469 3295 3554 3350 di.

1967 3390 2149 3444 vinam
2213 3389 2596 3444 discretionem
2654 3385 3124 3440 irnmensurabiles
3190 3386 3504 3440 traditiones
3535 3425 3551 3448 ,

1968 3479 2391 3536 essentialitates
2452 3476 2684 3543 vitales,
2748 3475 3277 3547 sapientiﬁcationes,
3312 3475 3556 3543 aliaeque

1971 3571 2314 3635 donationes,
2344 3569 2585 3624 omnium
2614 3581 2811 3623 causae
2833 3565 3110 3629 bonitatis,
3145 3562 3296 3631 juxta
3327 3579 3462 3634 quas
3489 3579 3555 3618 ex

1972 3661 2272 3731 participiis
2323 3667 2379 3714 et
2412 3659 2862 3730 participantibus
2917 3657 3206 3711 laudantur
3259 3655 3558 3726 impartici-

1974 3763 2100 3825 pate
2174 3753 2511 3824 partieipata.
2587 3750 2656 3806 Et
2723 3752 2824 3804 hoc
2883 3750 3046 3804 etiam
3123 3763 3450 3810 commune,
3505 3757 3560 3802 et

1976 3845 2222 3910 unitum,
2271 3852 2326 3898 et
2377 3859 2539 3897 unum
2594 3853 2678 3896 est
2723 3841 2822 3894 toti
2877 3840 3062 3893 deitati
3091 3879 3105 3899 .
3135 3850 3349 3892 omnem
3386 3839 3556 3906 ipsam

1979 3945 2147 3993 totam
2175 3936 2243 3991 ab
2274 3947 2598 4004 unoquoque
2634 3931 3070 4002 participantium
3119 3931 3462 3999 participari,
3503 3942 3558 3983 et

1979 4047 2010 4085 a
2047 4029 2193 4084 nullo
2223 4030 2414 4082 iterum
2443 4025 2585 4078 nulla
2611 4033 2764 4095 parte
2793 4041 2806 4076 :
2831 4023 2974 4078 sicut
2999 4031 3114 4076 rota
3160 4023 3211 4076 in
3255 4022 3432 4075 medio
3455 4022 3560 4074 cir-

1978 4123 2085 4179 culi
2141 4123 2207 4175 ab
2271 4118 2521 4174 omnibus
2578 4118 2631 4172 in
2682 4115 2886 4172 circulo
2939 4115 3335 4184 circumpositis
3400 4116 3562 4169 rectis

1983 4215 2182 4278 lineis,
2212 4221 2269 4267 et
2315 4214 2457 4268 sicut
2502 4211 2656 4282 signo
2686 4209 2970 4265 eilormata
3019 4207 3188 4262 multa
3233 4207 3560 4276 participant

1983 4305 2297 4378 principalis
2323 4301 2552 4374 exempli
2588 4303 2762 4374 signo,
2787 4308 2843 4356 et
2872 4299 2924 4354 in
2955 4313 3277 4368 unoquoque
3311 4297 3562 4352 etl‘orma-

1987 4410 2162 4456 torum
2189 4407 2300 4452 toto
2327 4405 2383 4450 et
2409 4398 2598 4448 eodem
2620 4393 2906 4455 existente,
2930 4398 2985 4444 et
3012 4391 3064 4443 in
3095 4388 3242 4443 nullo
3268 4391 3561 4444 secundum

1991 4488 2190 4549 nullam
2220 4495 2448 4557 partem.
2500 4483 2893 4553 Superponitur
2921 4488 3099 4534 autem
3127 4479 3288 4533 etiam
3321 4479 3404 4534 his
3435 4495 3565 4535 cau-

1994 4581 2290 4636 salissimae
2309 4575 2523 4632 deitatis
2547 4573 2986 4644 imparticipatio,
3002 4587 3108 4642 quo
3127 4587 3300 4642 neque
3327 4582 3566 4630 attactus

1993 4673 2110 4742 ejus
2141 4672 2240 4735 sit,
2288 4683 2462 4739 neque
2491 4669 2595 4720 alia
2625 4665 2885 4736 quaedam
2919 4664 2986 4718 ad
3011 4664 3386 4734 partieipantia
3414 4681 3566 4720 com-

1997 4765 2166 4818 mixta
2209 4759 2458 4815 societas.
2511 4757 2578 4812 Et
2625 4755 2839 4826 quidem
2889 4755 3087 4808 dixerit
3124 4755 3276 4824 quis,
3325 4771 3438 4811 non
3489 4767 3574 4812 est

1998 4855 2208 4926 signum
2241 4853 2293 4906 in
2327 4851 2454 4906 totis
2495 4846 2792 4904 eﬂ‘ormatis
2829 4854 2998 4900 totum
3053 4857 3105 4901 et
3152 4847 3346 4917 ipsum.
3376 4847 3454 4902 Ac
3480 4863 3576 4916 per

1998 4947 2100 5000 hoc
2130 4960 2235 4998 non
2262 4944 2473 5012 signum
2501 4955 2661 4994 causa
2694 4957 2706 4990 :
2739 4953 2952 4991 omnem
2981 4938 3125 4992 enim
3171 4940 3402 5009 seipsam
3444 4939 3530 4992 illa
3555 4978 3569 5000 .

1997 5047 2052 5092 et
2083 5037 2304 5095 eadem,
2353 5040 2408 5084 et
2447 5029 2736 5098 unicuique
2785 5029 2921 5082 indit
2945 5027 2988 5078 ⁵.
3041 5029 3156 5098 Ipsa
3195 5044 3410 5098 quoque
3449 5043 3569 5096 par-

1999 5125 2334 5194 ticipantium
2365 5120 2661 5176 differentia
2691 5120 3069 5175 dissimilitudo
3093 5120 3220 5174 facit
3244 5121 3573 5179 decolorata,

2001 5230 2130 5277 uno,
2153 5222 2207 5267 et
2256 5221 2400 5274 toto,
2434 5218 2486 5266 et
2535 5209 2724 5264 eodem
2775 5210 3056 5281 principali
3098 5209 3364 5278 exemplo.
3401 5207 3489 5270 Ut,
3531 5207 3574 5260 si

2004 5303 2217 5372 quidem
2248 5302 2426 5356 mollia
2449 5312 2502 5356 et
2527 5300 2858 5368 formabilia,
2889 5312 2982 5356 aut
3006 5302 3168 5354 etiam
3195 5300 3353 5368 plana
3377 5309 3430 5354 et
3450 5315 3574 5353 cou-

1627 5433 1880 5510 vaman
1919 5457 2317 5513 LECTIONES.

400 5591 417 5622 ¹
447 5591 486 5644 Α
519 5591 1028 5645 denominationibus
1052 5608 1070 5656 ;
1101 5591 1141 5646 Β
1167 5593 1630 5648 άοηιὶηαιὶοηίἔιιτδ.

327 5662 508 5716 domu.
585 5661 606 5691 '
645 5661 686 5714 ll
727 5661 935 5715 indidit.

731 5751 1000 5812 Ριτιιοι..
1054 5751 1159 5812 CX
1174 5754 1218 5811 Χ
1234 5753 1314 5815 ll.

1711 5595 1730 5625 θ
1765 5593 1849 5648 ΑΒ
1879 5605 1953 5648 ut.

3480 5585 3578 5641 ‘E

2057 5596 2078 5628 ⁸
2117 5595 2408 5650 Summilm
2449 5593 2805 5650 summitntum
2854 5591 3084 5645 carnium
3131 5605 3240 5645 om.
3272 5589 3382 5646 BH.

3029 5750 3189 5814 '36
