3952 6162
399 248 609 309 ,ηιεδ

1791 245 2070 303 JOANNIS
2113 243 2303 300 SCOTI

3588 250 3718 303 πίει

470 365 696 432 figurata
747 360 787 424 ¹.
838 368 892 415 et
941 374 1114 430 neque
1168 368 1356 415 contra
1411 360 1716 432 exemplata
1763 371 1819 416 et
1870 361 2004 415 dura
2032 400 2047 423 ,
2082 370 2123 428 Β
2155 355 2514 420 invisibiliter,
2544 355 2728 410 divino
2773 355 3059 425 principali
3093 356 3286 426 spiritu
3322 371 3485 426 super
3513 372 3721 414 onmem

469 466 645 522 neque
665 448 850 506 dill'usa
875 460 928 505 et
948 450 1238 514 instabilia,
1257 467 1445 521 puram
1469 452 1744 509 habebunt
1766 460 1822 508 et
1843 451 2044 507 claram

436 554 439 555 '
468 554 526 599 et
549 550 967 610 consequentth
987 540 1235 595 formam.
1264 540 1321 598 Si
1343 558 1473 597 vero
1497 542 1625 612 quid
1649 541 1826 598 dictae
1846 557 2039 612 oppor-

472 633 714 689 tunitatis
741 629 1024 695 defecerit,
1054 631 1157 685 hoc
1194 647 1358 686 causa
1390 632 1498 686 erit
1540 630 2047 701 imparticipalionis

468 734 521 780 et
570 723 938 785 obscuritatis,
988 730 1043 777 et
1095 722 1746 792 aliorum-quaecumque
1782 722 2046 790 inoppor-

470 815 682 870 tunitati
749 814 1182 885 participatiouis
1238 812 1392 869 ﬁunt.
1458 812 1794 866 Discernitor
1865 821 2045 864 autem

467 907 603 962 bene
634 909 827 961 decora
861 905 913 959 in
942 921 1039 960 nos
1077 905 1258 959 divina
1288 904 1601 972 operatione
1626 902 1918 957 secundum
1949 916 2046 955 nos

465 1013 532 1053 ex
563 997 717 1052 nobis
753 997 1134 1052 universaliter
1184 1004 1238 1050 et
1280 1010 1405 1050 vere
1433 992 1853 1048 substantilicari
1884 1008 2045 1063 supe-

467 1089 784 1145 ressentialc
813 1087 1073 1153 Verbum,
1103 1096 1158 1142 et
1204 1087 1413 1156 operari
1447 1096 1501 1141 et
1531 1086 1662 1158 pati,
1693 1099 2046 1155 quaecunque

469 1177 873 1232 humanationis
902 1175 1020 1243 ejus
1042 1216 1057 1239 ,
1095 1176 1276 1230 divina
1312 1175 1524 1229 actione
1559 1184 1684 1228 sunt
1727 1175 1958 1228 discreta
1994 1183 2048 1228 et

385 1267 389 1271 ’
465 1282 676 1322 summe
720 1267 982 1321 miranda.
1025 1265 1117 1320 His
1142 1266 1285 1320 enim
1329 1265 1486 1318 Pater
1511 1275 1563 1319 et
1593 1263 1829 1335 Spiritus
1854 1281 2045 1320 secun-

465 1359 591 1413 dum
634 1358 770 1412 nihil
798 1358 1199 1413 communicare
1242 1356 1428 1423 verbo,
1462 1357 1567 1412 nisi
1599 1358 1668 1412 ibi
1700 1357 1821 1427 quis
1850 1358 2047 1412 dixerit

465 1449 760 1504 secundum
788 1447 1052 1516 optimam
1077 1456 1131 1502 et
1172 1448 1462 1502 humanam
1496 1448 1849 1515 voluntatem,
1880 1460 1933 1504 et
1963 1464 2046 1504 se-

464 1541 696 1596 cundum
724 1554 937 1594 amnem
950 1540 1437 1608 supereminentem
1460 1549 1512 1595 et
1536 1556 1789 1595 arcanam
1807 1541 2046 1596 divinam

463 1630 855 1699 operationem,
891 1629 945 1682 in
1000 1630 1021 1660 ³
1061 1643 1165 1698 qua
1202 1639 1454 1699 operatus
1484 1639 1566 1685 est
1607 1630 1899 1685 secundum
1946 1646 2045 1685 nos

2149 447 2479 504 intellectum
2526 447 2938 503 immaterialem
2986 457 3042 503 et
3092 449 3485 505 deilicationem
3536 467 3721 522 super-

2148 538 2454 601 collocato.,
2509 546 2568 590 et
2613 535 2773 590 Patre
2823 537 3056 593 et-Filio
3088 540 3244 594 omni
3296 540 3627 609 patemitate
3670 553 3725 599 et

2148 629 2408 684 filiulitate
2423 628 2604 682 divina
2619 628 3082 696 supereminenter
3096 629 3364 684 eaaltatis.
3380 629 3564 700 Neque
3584 648 3723 687 ett-tn

2147 732 2232 774 est
2270 720 2497 789 diligens
2527 718 2826 772 similitudo
2856 719 3151 774 causativis
3177 729 3233 774 et
3260 721 3588 786 causalibus,
3632 738 3725 779 sed

2148 808 2350 864 habent
2393 809 2608 878 quidem
2646 807 2921 862 causativa
2965 810 3263 863 causalium
3315 821 3559 881 receptas
3598 814 3728 869 ima-

2148 900 2322 969 gines;
2348 916 2410 954 ea
2436 915 2564 954 vero
2589 900 2826 954 causalia
2852 900 3141 954 causativis
3178 911 3525 956 removentur
3556 914 3613 957 et
3642 917 3729 958 su-

2149 993 2580 1063 percollocantur
2595 993 2748 1061 juxta
2772 994 2975 1064 proprii
2999 994 3244 1065 principii
3272 998 3556 1052 tationem.
3585 998 3650 1052 Et
3676 1006 3731 1053 ut

2149 1083 2442 1136 secundum
2492 1098 2591 1137 nos
2636 1093 2758 1137 utar
2796 1084 3082 1152 exemplis,
3116 1085 3252 1141 delic
3277 1101 3341 1141 ae
3390 1098 3444 1141 et
3477 1088 3729 1142 tristitiae

2150 1175 2401 1229 dicuntur
2425 1173 2701 1230 effectivae
2730 1175 3034 1231 delectandi
3063 1186 3116 1231 et
3140 1178 3503 1233 contristandi
3534 1195 3547 1232 :
3588 1179 3731 1250 ipsae

2151 1279 2278 1319 vero
2315 1280 2490 1334 neque
2531 1264 2870 1321 delectantur
2896 1306 2911 1330 ,
2972 1280 3145 1336 neque
3193 1270 3632 1332 contristantur,
3680 1278 3732 1324 et

2150 1355 2291 1425 ignis
2320 1355 2525 1411 calidus
2549 1366 2604 1409 et
2635 1356 2835 1409 ardens
2864 1371 2970 1410 non
3010 1357 3211 1411 dicitur
3257 1360 3336 1411 uri
3364 1367 3420 1411 et
3467 1357 3731 1412 caletieri.

2150 1446 2218 1500 Et
2248 1447 2431 1499 vivere
2477 1445 2523 1500 si
2564 1445 2686 1515 quis
2713 1445 2858 1500 diCat
2889 1461 2987 1516 per
3030 1462 3089 1502 se
3124 1448 3290 1517 ipsam
3321 1449 3511 1512 vitam,
3537 1458 3593 1503 et
3619 1448 3734 1502 illu-

2150 1536 2347 1590 minari
2378 1551 2473 1607 per
2508 1550 2567 1591 se
2606 1536 2779 1606 ipsum
2815 1536 3029 1602 lumen,
3058 1553 3164 1592 non
3204 1548 3349 1592 recte
3376 1539 3508 1593 dicit
3537 1554 3735 1593 secun-

2152 1631 2276 1682 dum
2301 1639 2542 1685 nostram
2578 1629 2866 1692 rationem,
2899 1630 3000 1684 nisi
3044 1630 3130 1683 ubi
3155 1630 3308 1700 juxta
3338 1629 3571 1683 alterum
3603 1631 3737 1685 haec

464 1718 644 1772 factus
688 1716 1144 1772 incommutabilis
1198 1718 1375 1783 Deus,
1424 1726 1478 1771 et
1527 1719 1619 1774 Dei
1660 1718 1915 1774 Verbum.
1955 1719 2045 1775 Sic
2076 1710 2277 1773 Bdicit
2333 1719 2592 1783 modum,
2644 1718 2770 1788 quia
2825 1719 3039 1773 abunde
3086 1727 3141 1773 et
3192 1720 3559 1774 essentialiter
3608 1729 3737 1775 ante

442 1819 522 1864 aet
554 1826 652 1865 nos
691 1810 870 1864 divina
918 1820 973 1863 et
1020 1810 1319 1879 intelligere
1365 1812 1603 1878 ratione,
1643 1821 1698 1867 et
1744 1814 2054 1868 discernere

466 1902 785 1958 festinemus
825 1902 867 1968 ⁸,
924 1904 1193 1972 quomodo
1239 1919 1304 1957 ea
1368 1905 1547 1958 divina
1598 1912 1653 1959 et
1698 1905 1955 1959 uninntur
1998 1912 2052 1959 et

475 1999 875 2052 discernuntur.
933 1994 1039 2050 Sed
1091 1996 1277 2050 harum
1319 1997 1534 2065 quidem
1574 2007 1630 2052 et
1674 1998 1943 2051 unitatum
1996 2006 2053 2053 et

442 2124 446 2129 -
475 2090 861 2144 discretionum
892 2103 1241 2157 quascunque
1284 2089 1335 2142 in
1376 2088 1603 2159 eloquiis
1629 2089 1837 2144 divinas
1863 2105 2054 2146 causas

464 2179 797 2243 invenimus,
826 2178 879 2232 itt
912 2178 1229 2249 liteologicis
1257 2180 1696 2242 characteribus,
1732 2181 1946 2251 propria
1989 2181 2055 2237 de

464 2284 792 2339 unoquoque
823 2268 1203 2339 percipientes,
1226 2278 1484 2337 quantum
1510 2271 1783 2340 possibile,
1807 2272 2055 2341 exposui-

465 2373 588 2413 mus
620 2375 632 2411 :
663 2373 726 2412 ea
769 2358 986 2426 quidem
1033 2358 1331 2427 relegentes
1372 2373 1502 2413 vcra
1551 2360 1761 2414 ratione
1801 2369 1854 2414 et
1895 2360 2057 2428 repli-

464 2453 681 2505 cantes,
715 2453 769 2498 ct
798 2459 1011 2498 sacrum
1057 2454 1112 2500 et
1144 2446 1439 2500 revelatum
1493 2446 1820 2502 intellectum
1850 2449 1900 2502 in
1932 2461 2053 2505 uta-

430 2570 433 2573 -
463 2535 658 2591 nifcsta
691 2534 1026 2605 eloquiorum
1052 2538 1355 2605 spectacula
1386 2538 1717 2593 adducentes
1747 2556 1759 2592 :
1816 2540 1902 2593 his
1927 2554 2054 2593 vero

438 2622 532 2679 ut
584 2627 607 2655 ⁸
654 2625 893 2695 mysticis
943 2632 997 2678 et
1059 2626 1351 2679 secundum
1423 2627 1658 2681 divinam
1708 2627 2051 2682 traditionem

465 2730 628 2787 super
681 2714 1093 2770 intellectualem
1151 2718 1521 2793 operationem
1582 2720 1804 2774 retrusi.
1859 2721 2054 2776 Omnia

2145 1810 2330 1863 insunt
2379 1809 2515 1863 haec
2545 1810 2948 1863 cattsativorum
2998 1810 3325 1865 causalibus.
3371 1812 3480 1866 Sed
3534 1820 3591 1866 et
3636 1813 3736 1867 hoc

2145 1899 2310 1953 totius
2357 1898 2657 1969 theologiae
2735 1898 3235 1953 manifestissimum
3286 1903 3585 1955 secundum
3639 1918 3736 1957 nos

2137 1988 2268 2044 ‘Jesu
2291 1988 2467 2045 divina
2498 1988 2753 2045 formatio
2778 1998 2833 2043 et
2861 2005 3059 2044 arcana
3107 1999 3190 2044 est
3233 1992 3427 2047 rationi
3467 1992 3647 2057 omni,
3676 2001 3733 2047 et

2142 2078 2416 2148 incognita
2448 2079 2743 2133 intellectui
2793 2078 2939 2133 omni
2961 2118 2976 2143 ,
3005 2089 3059 2133 et
3090 2079 3187 2149 ipsi
3229 2081 3533 2147 praestanti
3565 2082 3732 2135 hono-

2144 2170 2587 2225 rabilissimorutn
2622 2168 2954 2238 angelorum.
2997 2168 3063 2222 Et
3102 2169 3318 2237 quidem
3349 2170 3584 2229 viriliter
3602 2186 3724 2225 eum

2118 2261 2633 2317 AsubStantilicatum
2666 2260 2853 2325 fuisse,
2884 2261 3109 2330 mystice
3134 2261 3445 2330 accepimus
3471 2280 3486 2314 :
3520 2263 3733 2332 ignora-

2144 2370 2263 2410 mus
2312 2369 2482 2420 vero,
2536 2353 2804 2422 quomodo
2862 2367 2924 2406 ex
2975 2352 3328 2421 virginalibus
3375 2354 3731 2423 sanguinibns

2141 2444 2311 2503 altera
2343 2444 2481 2498 ultra
2508 2451 2758 2505 naturam
2792 2442 2908 2513 lege
2932 2443 3196 2496 formatus
3224 2454 3304 2497 est
3325 2483 3339 2507 ,
3372 2453 3429 2497 et
3457 2444 3730 2512 quomodo

2143 2537 2304 2591 siccis
2358 2535 2617 2605 pedibus,
2669 2534 3005 2605 corporalem
3056 2534 3252 2589 molem
3302 2535 3632 2589 habentibus
3677 2545 3731 2589 et

2143 2629 2403 2682 materiae
2452 2628 2771 2697 gravitatem
2799 2666 2815 2692 ,
2859 2625 3319 2696 superambulavit
3369 2626 3653 2680 humidam
3679 2636 3731 2681 et

2142 2721 2448 2777 instabilem
2480 2724 2772 2775 essentiam
2802 2735 2847 2785 ι,
2887 2727 2943 2774 et
2991 2719 3117 2781 alia,
3147 2734 3510 2788 quaecunque
3541 2735 3735 2788 super-

426 2840 431 2843 -
463 2806 607 2861 enim
638 2805 839 2869 divina,
875 2811 944 2859 'et
988 2821 1343 2877 quaecunque
1388 2808 1544 2863 nobis
1593 2809 2012 2865 manifestantur
2034 2852 2049 2877 ,
2140 2810 2404 2865 naturalis
2427 2820 2556 2865 sunt
2576 2809 2704 2864 Jesu
2729 2809 3115 2881 physiologiae.
3141 2808 3283 2864 llaec
3309 2821 3492 2864 autent
3522 2827 3552 2862 a
3581 2810 3732 2864 nobis

430 2897 763 2967 participiis
811 2897 941 2952 solis
987 2908 1413 2967 cognoscuntur.
1467 2899 1612 2955 Haec
1647 2911 1826 2955 autem
1872 2902 2050 2971 qualia

463 2989 683 3057 quando
739 2998 865 3044 sunt
923 2989 1220 3045 secundum
1272 2993 1548 3061 preprium
1599 2994 1923 3064 principium
1993 3006 2049 3055 et

2140 2900 2195 2956 in
2228 2900 2348 2957 aliis
2374 2899 2701 2956 sullicienter
2724 2902 2868 2955 dicta
2912 2909 3037 2955 sunt
3059 2939 3074 2965 ,
3105 2908 3161 2954 et
3189 2901 3428 2970 glorioso
3472 2902 3615 2955 duce
3645 2916 3730 2956 se-

2140 2990 2692 3058 cundumtbeologica
2726 3005 2824 3044 sua
2853 2990 3082 3044 obscura
3101 2999 3407 3043 commenta
3441 2989 3733 3044 laudantur

430 3080 868 3135 .fnndamentum
893 3120 908 3144 ,
946 3095 1127 3150 super
1173 3080 1502 3136 intellectum
1538 3093 1665 3137 sunt
1687 3123 1700 3146 ,
1740 3094 1796 3138 et
1826 3100 2041 3138 omnem
2074 3074 2117 3135 C
2148 3082 2303 3137 valde
2317 3082 2817 3152 supernaturaliter.
2836 3081 2985 3148 Quae
3012 3083 3227 3151 quidem
3256 3082 3344 3137 ille
3361 3085 3479 3137 sive
3509 3100 3543 3137 a
3566 3086 3732 3139 sacris

428 3169 753 3224 cessantium
778 3178 833 3224 et
860 3171 1176 3225 scientiam:
1204 3180 1262 3225 ut
1285 3174 1735 3241 superessentiale
1747 3175 2042 3243 occultum,

434 3257 632 3313 r-Deutn
654 3298 668 3323 ,
723 3269 817 3313 aut
855 3260 1021 3315 vitam
1042 3303 1055 3324 ,
1087 3272 1178 3315 aut
1215 3264 1505 3317 essentiam
1531 3304 1546 3328 ,
1578 3275 1671 3319 aut
1703 3265 1880 3319 lumen
1905 3308 1919 3332 ,
1953 3277 2047 3322 aut

440 3347 729 3403 .rationem
781 3351 1092 3415 nominare,
1125 3354 1341 3422 quidem
1376 3355 1508 3410 nihil
1536 3356 1764 3411 alterum
1795 3359 2045 3430 intelligi-

430 3470 447 3485 κ
462 3453 607 3503 mus,
628 3453 788 3509 quam
814 3439 865 3493 in
891 3456 989 3495 nos
1009 3457 1075 3496 ex
1099 3442 1214 3511 ipso
1236 3446 1523 3513 productas
1549 3447 1776 3502 virtutes
1798 3449 2043 3516 deificas,

462 3536 556 3585 aut
573 3531 995 3598 substantilicas,
1023 3543 1114 3588 aut
1138 3530 1613 3606 vitae'genitrices,
1635 3549 1726 3593 aut
1749 3541 2045 3610 sapientiae

462 3619 771 3674 donatrices
788 3638 801 3674 :
821 3620 993 3691 ipsum
1013 3638 1138 3677 vero
1156 3621 1307 3690 juxta
1332 3627 1573 3680 omnium
1597 3627 2043 3686 intellectualium

436 3707 837 3775 -operationum
880 3723 977 3778 per
1011 3709 1247 3765 fructum
1294 3713 1684 3782 desideramus,
1719 3718 1920 3773 nullam
1969 3720 2045 3774 vi-

432 3794 658 3853 :dentes-
693 3797 1129 3867 deiﬁcatiouem,
1178 3814 1273 3858 aut
1320 3805 1522 3873 vitam,
1575 3817 1667 3862 aut
1709 3812 2001 3866 essentiam
2027 3853 2041 3877 ,

436 3899 598 3953 anae
651 3885 938 3958 diligenter
984 3891 1177 3947 similis
1227 3903 1312 3948 est
1336 3897 1577 3951 omnium
1628 3902 2045 3972 remotaejuxta

431 4012 439 4023 ι
461 3994 674 4034 omnem
696 3983 1204 4050 supereminentiam
1217 4001 1431 4041 causae.
1456 3987 1652 4043 lterum
1675 3991 1801 4060 quia
1828 3994 2044 4062 quidem

459 4076 545 4122 est
596 4066 816 4125 fontalis
869 4070 1046 4127 deitas
1085 4071 1265 4140 Pater,
1307 4074 1476 4131 Filius
1505 4086 1686 4134 autem
1715 4088 1769 4133 et
1811 4080 2046 4150 Spiritus

461 4156 557 4212 Dei
586 4160 864 4230 genitricis
890 4161 1129 4231 deitatis,
1158 4165 1205 4219 si
1230 4166 1309 4220 sic
1329 4176 1544 4237 oportet
1581 4170 1788 4237 dicere,
1820 4170 2043 4228 frutices

462 4250 572 4306 Deo
603 4254 921 4322 germinati,
970 4263 1027 4311 et
1072 4256 1233 4312 veluti
1284 4256 1445 4316 ﬂores
1481 4270 1538 4315 et
1565 4266 2043 4332 superessentialia

457 4337 686 4405 lumina,
714 4358 780 4395 ex
803 4344 1138 4402 mirabilibus
1159 4346 1387 4417 eloquiis
1417 4351 1751 4421 accepimus:
1774 4357 2041 4423 quomodo

2150 3174 2417 3243 theologis
2465 3184 2713 3243 accepit,
2747 3174 2860 3227 sive
2897 3190 2960 3228 ex
2995 3173 3339 3242 disciplinata
3390 3174 3728 3243 eloquiorum

2148 3266 2455 3320 inventione
2502 3266 2916 3332 consideravit,
2968 3279 3036 3319 ex
3085 3266 3250 3319 multa
3303 3266 3449 3321 circa
3494 3267 3630 3321 haec
3675 3276 3729 3320 et

2147 3356 2533 3412 exercitatione
2557 3365 2610 3410 et
2636 3356 2860 3424 peritia,
2894 3357 3008 3410 sive
3054 3357 3217 3409 etiam
3250 3373 3319 3412 ex
3347 3357 3584 3425 quadam
3612 3373 3725 3410 ent-

2145 3444 2291 3501 ditus
2331 3445 2402 3499 sit
2431 3445 2700 3498 diviniore
2728 3443 3109 3512 inspiratione,
3141 3458 3248 3497 non
3294 3443 3467 3498 solum
3495 3446 3721 3506 discens,

2146 3535 2240 3589 sed
2261 3543 2315 3587 et
2334 3532 2558 3588 adiectus
2581 3534 2781 3598 divina,
2804 3543 2857 3587 et
2883 3548 2950 3587 ex
2974 3536 3085 3602 ipsa
3104 3534 3176 3586 ad
3200 3535 3335 3587 haec
3357 3532 3722 3597 coaffectione,

2146 3626 2191 3679 si
2236 3626 2312 3680 sic
2342 3634 2558 3694 oportet
2581 3623 2877 3690 dicere,ad
2911 3624 3254 3679 indocibilem
3283 3640 3476 3679 eorum
3507 3634 3563 3680 et
3590 3639 3722 3694 mys-

2147 3717 2308 3771 ticam
2357 3716 2631 3785 perl‘ectus
2659 3716 2921 3769 unitatem
2965 3722 3021 3769 et
3065 3714 3244 3769 fidem.
3268 3714 3339 3769 Et
3370 3725 3431 3768 ut
3480 3714 3642 3768 multa
3668 3723 3726 3767 et

2145 3807 2304 3862 beata
2366 3805 2669 3877 spectacula
2728 3805 2963 3875 potentis
3027 3804 3169 3859 illius
3234 3804 3617 3876 intelligentiae
3668 3805 3722 3858 in

2144 3899 2385 3954 minimis
2411 3899 2671 3952 addamus
2694 3939 2707 3962 ,
2753 3898 2891 3952 haec
2916 3898 2982 3952 de
3011 3894 3138 3951 Jcsu
3181 3897 3259 3951 ait
3298 3897 3351 3952 in
3393 3898 3630 3952 collectis
3656 3898 3725 3951 ab

2144 4002 2210 4042 eo
2239 3986 2552 4057 tlieologicis
2582 3987 2829 4041 obscuris
2852 3986 3195 4041 commentis.

2251 4120 2586 4177 Sanctissimi
2608 4120 2837 4179 lerathei
2862 4137 2928 4177 ea:
2954 4122 3257 4193 theologicis
3295 4126 3615 4183 commentis.

2212 4250 2465 4306 Omnium
2486 4266 2649 4305 causa
2677 4259 2726 4305 et
2754 4250 2999 4321 repletiva
3024 4251 3153 4305 Jesu
3184 4252 3370 4315 deitas,
3399 4264 3571 4321 partes
3606 4255 3733 4306 uns-

2144 4343 2331 4397 versati
2357 4358 2612 4395 camenas
2658 4343 2893 4406 salvans,
2916 4351 2962 4395 et
2989 4358 3151 4411 neque
3172 4359 3320 4409 pars,
3353 4359 3515 4413 neque
3557 4352 3731 4395 totum

460 4438 641 4485 autem
681 4434 814 4488 haec
857 4443 1016 4500 sunt,
1062 4450 1238 4507 neque
1265 4438 1478 4504 dicere,
1524 4457 1698 4512 neque
1741 4421 2042 4516 intelligere

2146 4444 2245 4499 est,
2276 4443 2324 4488 ct
2356 4443 2520 4487 totum
2551 4442 2600 4488 et
2618 4450 2764 4504 pars,
2796 4445 2853 4487 ut
2883 4449 3036 4487 omne
3059 4444 3106 4488 et
3139 4445 3341 4502 partem
3377 4446 3428 4488 et
3481 4444 3642 4487 totum
3672 4437 3730 4487 in

438 4519 715 4588 -possibile
762 4528 864 4576 est.
898 4522 1007 4578 Sed
1034 4539 1205 4594 usque
1233 4527 1301 4580 ad
1342 4527 1446 4585 hoc
1478 4533 1654 4588 omnis
1695 4543 1913 4589 nostrae
1958 4537 2041 4590 in-

464 4608 779 4666 tellcctualis
808 4612 1036 4667 actionis
1068 4616 1263 4680 virtus,
1291 4619 1417 4686 quia
1443 4622 1619 4677 omnis
1648 4623 1824 4677 divina
1851 4636 2035 4694 pater-

464 4698 606 4753 nitas
660 4707 715 4755 et
766 4701 1003 4756 liliolitas
1053 4718 1119 4759 ex
1163 4708 1403 4765 omnium
1457 4721 1665 4765 remota
1714 4714 2036 4782 paternitate

444 4787 747 4858 ,principali
793 4799 849 4845 et
902 4788 1165 4848 ﬁliolitate
1217 4796 1497 4866 principali
1547 4798 1569 4833 ⁵
1617 4800 1814 4854 donata
1863 4812 1947 4857 est
1986 4814 2044 4860 et

448 4880 621 4934 .nobis
647 4889 701 4959 et
728 4881 1215 4951 supercaelestibus
1238 4886 1545 4953 virtutibus,
1574 4903 1643 4943 ex
1670 4904 1773 4958 qua
1799 4900 1854 4945 et
1886 4891 1960 4946 dii
1987 4904 2043 4948 et.

464 4973 687 5025 deorum
710 4981 898 5040 patres.
911 4972 1205 5031 deiformes
1234 4975 1388 5040 fiunt,
1404 4986 1457 5032 et
1484 4979 1830 5041 nominantur
1849 4982 2037 5048 animi,

463 5065 815 5133 spiritualiter
858 5066 1066 5121 scilicet
1110 5067 1202 5122 tali
1260 5068 1584 5137 paternitatc
1632 5080 1686 5124 et
1720 5070 1981 5126 ﬁliolitate
2017 5072 2042 5104 ‘

465 5156 701 5224 perfecta
723 5196 737 5220 ,
782 5158 883 5212 hoc
912 5168 993 5211 est
1015 5197 1030 5223 ,
1081 5158 1514 5226 incorporaliter,
1561 5159 1997 5215 iutmaterialiter
2019 5201 2035 5227 ,

2147 4526 2419 4596 semetipsa
2465 4526 2779 4593 caambiens,
2830 4535 2880 4580 et
2912 4517 3323 4594 supereminens,
3353 4537 3402 4581 et
3449 4525 3729 4579 excellens.

2148 4616 2388 4686 Perfecta
2411 4615 2620 4686 quidem
2649 4616 2801 4670 estin
2826 4615 3161 4685 imperfectis,
3186 4626 3240 4668 ut
3261 4616 3505 4683 perfectio
3526 4616 3724 4686 prince}

2143 4707 2313 4775 palis:
2353 4705 2656 4775 imperfecta
2696 4722 2813 4760 vero
2860 4706 2916 4758 in
2953 4705 3219 4776 perfectis,
3250 4716 3498 4775 tanquam
3542 4721 3732 4775 stipe?-

2141 4797 2370 4868 perfecta
2394 4806 2441 4849 et
2463 4796 2815 4867 anteperfecla
2837 4809 2857 4849 :
2889 4796 3061 4865 forma
3092 4796 3446 4865 formiﬁcans,
3472 4799 3527 4851 in
3552 4799 3731 4867 infor-

2141 4890 2333 4954 mibus,
2364 4897 2614 4958 tanquam
2652 4886 2825 4956 forma
2851 4887 3191 4957 principalis:
3228 4889 3469 4956 informis
3507 4890 3561 4941 in
3588 4889 3733 4956 ipsis

2140 4978 2346 5048 formis,
2370 4989 2617 5047 tanquam
2637 4970 2977 5045 superfortnis
3004 4977 3225 5031 essentia
3254 4979 3413 5031 totius
3441 4978 3732 5041 essentiae,

2140 5067 2580 5143 incontaminatas
2634 5066 3060 5136 supergrediens,
3088 5074 3160 5135 ,ιι
3191 5063 3735 5136 superessentialiter,

2142 5160 2283 5213 omni
2306 5160 2529 5213 essentia
2556 5169 2777 5224 remota,
2821 5167 2930 5212 tota
2953 5156 3211 5229 principia
3238 5169 3286 5212 et
3316 5159 3518 5213 ordines
3550 5158 3737 5213 desti-

1745 5270 2000 5327 VARIAE
2036 5268 2435 5328 LECTIONES.

540 5363 555 5391 ⁸
584 5360 626 5414 ll
645 5360 1042 5429 conﬁguratira.
1120 5361 1141 5390 ³
1172 5362 1226 5414 in
1250 5375 1359 5415 om.
1386 5361 1494 5415 ΔΕ.

466 5430 613 5484 litate
635 5445 742 5484 om.
775 5430 885 5483 till.

1571 5363 1593 5394 ⁸
1613 5363 1703 5417 ΑΕ
1734 5364 2065 5432 festinamus.

2142 5370 2164 5395 δ
2186 5364 2276 5419 AE
2306 5374 2374 5419 et.
2450 5363 2470 5396 ⁸
2490 5376 2536 5417 et
2567 5362 2822 5433 ﬁliolitati
2845 5362 3121 5435 principali
3151 5378 3261 5420 om.
3294 5363 3405 5419 Eli.
3477 5361 3740 5431 θειβιὲο-

1316 5524 1341 5557 ί
1968 5521 2145 5576 ΝΟΤΑ
2157 5522 2214 5576 Ε.

538 5626 567 5653 ι
605 5612 793 5665 Matth.
821 5610 932 5666 XIV
962 5628 975 5678 ;
1010 5610 1172 5667 Marc.
1219 5611 1313 5678 Vl;
1342 5610 1494 5665 Joan.
1533 5611 1614 5664 γι.
