  <div class='ocr_page' id='page_1' title='image "/cluster/home/n/w/nwhite01/storage/ocr_20150623/122/hvd.32044054759840/600.png"; bbox 0 0 3952 6162; ppageno 0'>
   <div class='ocr_carea' id='block_1_1' title="bbox 335 267 477 324">
    <p class='ocr_par' dir='ltr' id='par_1_1' title="bbox 335 267 477 324">
     <span class='ocr_line' id='line_1_1' title="bbox 335 267 477 324; baseline 0.007 -1"><span class='ocrx_word' id='word_1_1' title='bbox 335 267 477 324; x_wconf 73' lang='lat'><strong><em>“£5</em></strong></span> 
     </span>
    </p>
   </div>
   <div class='ocr_carea' id='block_1_2' title="bbox 971 242 2965 328">
    <p class='ocr_par' dir='ltr' id='par_1_2' title="bbox 971 242 2965 328">
     <span class='ocr_line' id='line_1_2' title="bbox 971 242 2965 328; baseline -0.002 -3"><span class='ocrx_word' id='word_1_2' title='bbox 971 242 1220 328; x_wconf 62' lang='lat' dir='ltr'><strong><em>VER§l0</em></strong></span> <span class='ocrx_word' id='word_1_3' title='bbox 1259 270 1543 327; x_wconf 74' lang='lat' dir='ltr'><strong><em>O‘PE‘RUM</em></strong></span> <span class='ocrx_word' id='word_1_4' title='bbox 1587 270 1645 325; x_wconf 85' lang='lat' dir='ltr'><strong><em>S.</em></strong></span> <span class='ocrx_word' id='word_1_5' title='bbox 1683 266 2006 324; x_wconf 67' lang='grc' dir='ltr'><strong><em>ωολῒετι.</em></strong></span> <span class='ocrx_word' id='word_1_6' title='bbox 2054 297 2122 308; x_wconf 80' lang='grc'><strong><em>-</em></strong></span> <span class='ocrx_word' id='word_1_7' title='bbox 2154 266 2246 320; x_wconf 79' lang='lat' dir='ltr'><strong><em>DE</em></strong></span> <span class='ocrx_word' id='word_1_8' title='bbox 2287 266 2532 322; x_wconf 68' lang='lat' dir='ltr'><strong><em>DlYlNlS</em></strong></span> <span class='ocrx_word' id='word_1_9' title='bbox 2573 267 2965 326; x_wconf 67' lang='lat' dir='ltr'><strong><em>NOMINIBUS.</em></strong></span> 
     </span>
    </p>
   </div>
   <div class='ocr_carea' id='block_1_3' title="bbox 3450 268 3584 326">
    <p class='ocr_par' dir='ltr' id='par_1_3' title="bbox 3450 268 3584 326">
     <span class='ocr_line' id='line_1_3' title="bbox 3450 268 3584 326; baseline 0.007 -1"><span class='ocrx_word' id='word_1_10' title='bbox 3450 268 3584 326; x_wconf 62' lang='lat'><strong><em>“25</em></strong></span> 
     </span>
    </p>
   </div>
   <div class='ocr_carea' id='block_1_4' title="bbox 333 380 3586 456">
    <p class='ocr_par' dir='ltr' id='par_1_4' title="bbox 333 380 3586 456">
     <span class='ocr_line' id='line_1_4' title="bbox 333 380 3586 456; baseline 0.002 -21"><span class='ocrx_word' id='word_1_11' title='bbox 333 399 488 447; x_wconf 79' lang='lat' dir='ltr'><strong><em>stans,</em></strong></span> <span class='ocrx_word' id='word_1_12' title='bbox 517 390 566 435; x_wconf 84' lang='lat' dir='ltr'><strong><em>et</em></strong></span> <span class='ocrx_word' id='word_1_13' title='bbox 606 380 745 436; x_wconf 77' lang='lat' dir='ltr'><strong><em>omni</em></strong></span> <span class='ocrx_word' id='word_1_14' title='bbox 788 382 1043 454; x_wconf 83' lang='lat' dir='ltr'><strong><em>principio</em></strong></span> <span class='ocrx_word' id='word_1_15' title='bbox 1067 397 1114 439; x_wconf 91' lang='lat' dir='ltr'><strong><em>et</em></strong></span> <span class='ocrx_word' id='word_1_16' title='bbox 1154 386 1327 441; x_wconf 86' lang='lat' dir='ltr'><strong><em>ordini</em></strong></span> <span class='ocrx_word' id='word_1_17' title='bbox 1355 384 1790 456; x_wconf 81' lang='lat' dir='ltr'><strong><em>supercollocata.</em></strong></span> <span class='ocrx_word' id='word_1_18' title='bbox 1839 382 1906 437; x_wconf 82' lang='lat' dir='ltr'><strong><em>Et</em></strong></span> <span class='ocrx_word' id='word_1_19' title='bbox 1935 387 1982 445; x_wconf 78' lang='grc' dir='ltr'><strong>Α</strong></span> <span class='ocrx_word' id='word_1_20' title='bbox 2012 380 2211 435; x_wconf 81' lang='lat' dir='ltr'><strong><em>mullus</em></strong></span> <span class='ocrx_word' id='word_1_21' title='bbox 2239 382 2292 435; x_wconf 89' lang='lat' dir='ltr'><strong><em>in</em></strong></span> <span class='ocrx_word' id='word_1_22' title='bbox 2321 382 2521 448; x_wconf 82' lang='lat' dir='ltr'><strong><em>divina,</em></strong></span> <span class='ocrx_word' id='word_1_23' title='bbox 2551 383 2729 438; x_wconf 84' lang='lat' dir='ltr'><strong><em>lumen</em></strong></span> <span class='ocrx_word' id='word_1_24' title='bbox 2756 386 2963 449; x_wconf 81' lang='lat' dir='ltr'><strong><em>mundi,</em></strong></span> <span class='ocrx_word' id='word_1_25' title='bbox 2989 387 3119 441; x_wconf 82' lang='lat' dir='ltr'><strong><em>haec</em></strong></span> <span class='ocrx_word' id='word_1_26' title='bbox 3149 385 3223 439; x_wconf 88' lang='lat' dir='ltr'><strong><em>ait</em></strong></span> <span class='ocrx_word' id='word_1_27' title='bbox 3251 385 3506 441; x_wconf 71' lang='lat' dir='ltr'><strong><em>divinitus</em></strong></span> <span class='ocrx_word' id='word_1_28' title='bbox 3534 389 3586 443; x_wconf 91' lang='lat' dir='ltr'><strong><em>in</em></strong></span> 
     </span>
    </p>
   </div>
   <div class='ocr_carea' id='block_1_5' title="bbox 330 477 1908 547">
    <p class='ocr_par' dir='ltr' id='par_1_5' title="bbox 330 477 1908 547">
     <span class='ocr_line' id='line_1_5' title="bbox 330 477 1908 547; baseline 0.001 -20"><span class='ocrx_word' id='word_1_29' title='bbox 330 488 578 527; x_wconf 76' lang='lat' dir='ltr'><strong><em>mensura</em></strong></span> <span class='ocrx_word' id='word_1_30' title='bbox 610 481 688 547; x_wconf 87' lang='lat' dir='ltr'><strong><em>est</em></strong></span> <span class='ocrx_word' id='word_1_31' title='bbox 724 489 905 528; x_wconf 83' lang='lat' dir='ltr'><strong><em>eorum</em></strong></span> <span class='ocrx_word' id='word_1_32' title='bbox 929 490 1063 545; x_wconf 79' lang='lat' dir='ltr'><strong><em>quae</em></strong></span> <span class='ocrx_word' id='word_1_33' title='bbox 1092 487 1229 541; x_wconf 87' lang='lat' dir='ltr'><strong><em>sunt,</em></strong></span> <span class='ocrx_word' id='word_1_34' title='bbox 1257 487 1305 530; x_wconf 91' lang='lat' dir='ltr'><strong><em>et</em></strong></span> <span class='ocrx_word' id='word_1_35' title='bbox 1335 477 1650 538; x_wconf 81' lang='lat' dir='ltr'><strong><em>seculorum,</em></strong></span> <span class='ocrx_word' id='word_1_36' title='bbox 1678 487 1726 530; x_wconf 88' lang='lat' dir='ltr'><strong><em>et</em></strong></span> <span class='ocrx_word' id='word_1_37' title='bbox 1751 491 1908 546; x_wconf 88' lang='lat' dir='ltr'><strong><em>super</em></strong></span> 
     </span>
    </p>
   </div>
   <div class='ocr_carea' id='block_1_6' title="bbox 305 560 1900 636">
    <p class='ocr_par' dir='ltr' id='par_1_6' title="bbox 305 560 1900 636">
     <span class='ocr_line' id='line_1_6' title="bbox 305 560 1900 636; baseline 0.003 -21"><span class='ocrx_word' id='word_1_38' title='bbox 305 560 593 628; x_wconf 51' lang='lat' dir='ltr'><strong><em>&quot;seculum,</em></strong></span> <span class='ocrx_word' id='word_1_39' title='bbox 634 572 681 617; x_wconf 89' lang='lat' dir='ltr'><strong><em>et</em></strong></span> <span class='ocrx_word' id='word_1_40' title='bbox 720 573 851 618; x_wconf 84' lang='lat' dir='ltr'><strong><em>ante</em></strong></span> <span class='ocrx_word' id='word_1_41' title='bbox 917 565 1093 620; x_wconf 84' lang='lat' dir='ltr'><strong><em>secula</em></strong></span> <span class='ocrx_word' id='word_1_42' title='bbox 1120 584 1138 620; x_wconf 91' lang='lat'><em>:</em></span> <span class='ocrx_word' id='word_1_43' title='bbox 1177 567 1331 635; x_wconf 88' lang='lat' dir='ltr'><strong><em>plena</em></strong></span> <span class='ocrx_word' id='word_1_44' title='bbox 1397 568 1453 621; x_wconf 87' lang='lat' dir='ltr'><strong><em>in</em></strong></span> <span class='ocrx_word' id='word_1_45' title='bbox 1515 566 1900 636; x_wconf 71' lang='lat' dir='ltr'><strong><em>indigentibus,</em></strong></span> 
     </span>
    </p>
   </div>
   <div class='ocr_carea' id='block_1_7' title="bbox 326 650 1905 733">
    <p class='ocr_par' dir='ltr' id='par_1_7' title="bbox 326 650 1905 733">
     <span class='ocr_line' id='line_1_7' title="bbox 326 650 1905 733; baseline 0.003 -30"><span class='ocrx_word' id='word_1_46' title='bbox 326 650 638 720; x_wconf 80' lang='lat' dir='ltr'><strong><em>superplena</em></strong></span> <span class='ocrx_word' id='word_1_47' title='bbox 682 652 735 705; x_wconf 87' lang='lat' dir='ltr'><strong><em>in</em></strong></span> <span class='ocrx_word' id='word_1_48' title='bbox 784 652 1231 718; x_wconf 79' lang='lat' dir='ltr'><strong><em>plenitudinibus,</em></strong></span> <span class='ocrx_word' id='word_1_49' title='bbox 1290 671 1524 733; x_wconf 81' lang='lat' dir='ltr'><strong><em>arcana,</em></strong></span> <span class='ocrx_word' id='word_1_50' title='bbox 1577 653 1860 724; x_wconf 74' lang='lat' dir='ltr'><strong><em>ine/rabilis</em></strong></span> <span class='ocrx_word' id='word_1_51' title='bbox 1889 693 1905 718; x_wconf 97' lang='lat'><strong><em>,</em></strong></span> 
     </span>
    </p>
   </div>
   <div class='ocr_carea' id='block_1_8' title="bbox 322 742 1906 815">
    <p class='ocr_par' dir='ltr' id='par_1_8' title="bbox 322 742 1906 815">
     <span class='ocr_line' id='line_1_8' title="bbox 322 742 1906 815; baseline 0.003 -22"><span class='ocrx_word' id='word_1_52' title='bbox 322 757 487 809; x_wconf 76' lang='lat' dir='ltr'><strong><em>super</em></strong></span> <span class='ocrx_word' id='word_1_53' title='bbox 512 742 767 805; x_wconf 79' lang='lat' dir='ltr'><strong><em>animum,</em></strong></span> <span class='ocrx_word' id='word_1_54' title='bbox 810 759 966 812; x_wconf 86' lang='lat' dir='ltr'><strong><em>super</em></strong></span> <span class='ocrx_word' id='word_1_55' title='bbox 990 755 1169 809; x_wconf 73' lang='lat' dir='ltr'><strong><em>vitam,</em></strong></span> <span class='ocrx_word' id='word_1_56' title='bbox 1195 761 1352 813; x_wconf 82' lang='lat' dir='ltr'><strong><em>super</em></strong></span> <span class='ocrx_word' id='word_1_57' title='bbox 1372 746 1650 799; x_wconf 84' lang='lat' dir='ltr'><strong><em>essentiam</em></strong></span> <span class='ocrx_word' id='word_1_58' title='bbox 1677 760 1695 799; x_wconf 92' lang='lat'><strong><em>:</em></strong></span> <span class='ocrx_word' id='word_1_59' title='bbox 1724 761 1906 815; x_wconf 83' lang='lat' dir='ltr'><strong><em>super-</em></strong></span> 
     </span>
    </p>
   </div>
   <div class='ocr_carea' id='block_1_9' title="bbox 328 831 1904 906">
    <p class='ocr_par' dir='ltr' id='par_1_9' title="bbox 328 831 1904 906">
     <span class='ocr_line' id='line_1_9' title="bbox 328 831 1904 906; baseline 0.002 -22"><span class='ocrx_word' id='word_1_60' title='bbox 328 831 647 884; x_wconf 75' lang='lat' dir='ltr'><strong><em>naturaliter</em></strong></span> <span class='ocrx_word' id='word_1_61' title='bbox 689 832 841 885; x_wconf 76' lang='lat' dir='ltr'><strong><em>habet</em></strong></span> <span class='ocrx_word' id='word_1_62' title='bbox 860 835 1261 902; x_wconf 83' lang='lat' dir='ltr'><strong><em>supernaturale</em></strong></span> <span class='ocrx_word' id='word_1_63' title='bbox 1291 839 1331 901; x_wconf 74' lang='lat'><strong><em>‘,</em></strong></span> <span class='ocrx_word' id='word_1_64' title='bbox 1361 836 1864 906; x_wconf 82' lang='lat' dir='ltr'><strong><em>superessentialiter</em></strong></span> <span class='ocrx_word' id='word_1_65' title='bbox 1882 836 1904 866; x_wconf 71' lang='grc' dir='ltr'>ί</span> 
     </span>
    </p>
   </div>
   <div class='ocr_carea' id='block_1_10' title="bbox 322 922 1906 997">
    <p class='ocr_par' dir='ltr' id='par_1_10' title="bbox 322 922 1906 997">
     <span class='ocr_line' id='line_1_10' title="bbox 322 922 1906 997; baseline 0.004 -23"><span class='ocrx_word' id='word_1_66' title='bbox 322 923 776 989; x_wconf 83' lang='lat' dir='ltr'><strong><em>superessentiale.</em></strong></span> <span class='ocrx_word' id='word_1_67' title='bbox 853 922 1005 977; x_wconf 83' lang='lat' dir='ltr'><strong><em>Unde</em></strong></span> <span class='ocrx_word' id='word_1_68' title='bbox 1060 926 1308 995; x_wconf 83' lang='lat' dir='ltr'><strong><em>quoniam</em></strong></span> <span class='ocrx_word' id='word_1_69' title='bbox 1373 927 1578 997; x_wconf 80' lang='lat' dir='ltr'><strong><em>quidem</em></strong></span> <span class='ocrx_word' id='word_1_70' title='bbox 1637 936 1684 981; x_wconf 90' lang='lat' dir='ltr'><strong><em>et</em></strong></span> <span class='ocrx_word' id='word_1_71' title='bbox 1744 942 1906 997; x_wconf 80' lang='lat' dir='ltr'><strong><em>usque</em></strong></span> 
     </span>
    </p>
   </div>
   <div class='ocr_carea' id='block_1_11' title="bbox 323 1016 1904 1082">
    <p class='ocr_par' dir='ltr' id='par_1_11' title="bbox 323 1016 1904 1082">
     <span class='ocr_line' id='line_1_11' title="bbox 323 1016 1904 1082; baseline 0.004 -18"><span class='ocrx_word' id='word_1_72' title='bbox 323 1023 571 1065; x_wconf 76' lang='lat' dir='ltr'><strong><em>naturam</em></strong></span> <span class='ocrx_word' id='word_1_73' title='bbox 600 1028 694 1081; x_wconf 81' lang='lat' dir='ltr'><strong><em>pro</em></strong></span> <span class='ocrx_word' id='word_1_74' title='bbox 728 1028 907 1066; x_wconf 85' lang='lat' dir='ltr'><strong><em>amore</em></strong></span> <span class='ocrx_word' id='word_1_75' title='bbox 930 1016 1199 1069; x_wconf 78' lang='lat' dir='ltr'><strong><em>hominum</em></strong></span> <span class='ocrx_word' id='word_1_76' title='bbox 1226 1016 1247 1047; x_wconf 86' lang='grc'>³</span> <span class='ocrx_word' id='word_1_77' title='bbox 1292 1019 1459 1082; x_wconf 83' lang='lat' dir='ltr'><strong><em>venit,</em></strong></span> <span class='ocrx_word' id='word_1_78' title='bbox 1492 1025 1539 1070; x_wconf 87' lang='lat' dir='ltr'><strong><em>et</em></strong></span> <span class='ocrx_word' id='word_1_79' title='bbox 1577 1033 1693 1071; x_wconf 77' lang='lat' dir='ltr'><strong><em>vere</em></strong></span> <span class='ocrx_word' id='word_1_80' title='bbox 1730 1034 1904 1072; x_wconf 84' lang='lat' dir='ltr'><strong><em>essen-</em></strong></span> 
     </span>
    </p>
   </div>
   <div class='ocr_carea' id='block_1_12' title="bbox 321 1103 1901 1176">
    <p class='ocr_par' dir='ltr' id='par_1_12' title="bbox 321 1103 1901 1176">
     <span class='ocr_line' id='line_1_12' title="bbox 321 1103 1901 1176; baseline 0.003 -21"><span class='ocrx_word' id='word_1_81' title='bbox 321 1103 402 1156; x_wconf 85' lang='lat' dir='ltr'><strong><em>tia</em></strong></span> <span class='ocrx_word' id='word_1_82' title='bbox 460 1111 567 1164; x_wconf 84' lang='lat' dir='ltr'><strong><em>est,</em></strong></span> <span class='ocrx_word' id='word_1_83' title='bbox 625 1111 673 1155; x_wconf 89' lang='lat' dir='ltr'><strong><em>et</em></strong></span> <span class='ocrx_word' id='word_1_84' title='bbox 736 1104 812 1157; x_wconf 79' lang='lat' dir='ltr'><strong><em>vir</em></strong></span> <span class='ocrx_word' id='word_1_85' title='bbox 868 1109 1153 1174; x_wconf 71' lang='lat' dir='ltr'><strong><em>superdeus</em></strong></span> <span class='ocrx_word' id='word_1_86' title='bbox 1205 1118 1414 1161; x_wconf 83' lang='lat' dir='ltr'><strong><em>creatus</em></strong></span> <span class='ocrx_word' id='word_1_87' title='bbox 1485 1119 1579 1160; x_wconf 87' lang='lat' dir='ltr'><strong><em>est.</em></strong></span> <span class='ocrx_word' id='word_1_88' title='bbox 1662 1104 1901 1176; x_wconf 81' lang='lat' dir='ltr'><strong><em>Propitia</em></strong></span> 
     </span>
    </p>
   </div>
   <div class='ocr_carea' id='block_1_13' title="bbox 320 1195 1898 1266">
    <p class='ocr_par' dir='ltr' id='par_1_13' title="bbox 320 1195 1898 1266">
     <span class='ocr_line' id='line_1_13' title="bbox 320 1195 1898 1266; baseline 0.003 -19"><span class='ocrx_word' id='word_1_89' title='bbox 320 1204 500 1248; x_wconf 83' lang='lat' dir='ltr'><strong><em>autem</em></strong></span> <span class='ocrx_word' id='word_1_90' title='bbox 530 1195 630 1247; x_wconf 89' lang='lat' dir='ltr'><strong><em>sint</em></strong></span> <span class='ocrx_word' id='word_1_91' title='bbox 659 1195 803 1247; x_wconf 80' lang='lat' dir='ltr'><strong><em>nobis</em></strong></span> <span class='ocrx_word' id='word_1_92' title='bbox 830 1211 988 1266; x_wconf 86' lang='lat' dir='ltr'><strong><em>super</em></strong></span> <span class='ocrx_word' id='word_1_93' title='bbox 1009 1198 1242 1250; x_wconf 82' lang='lat' dir='ltr'><strong><em>animum</em></strong></span> <span class='ocrx_word' id='word_1_94' title='bbox 1265 1208 1313 1251; x_wconf 91' lang='lat' dir='ltr'><strong><em>et</em></strong></span> <span class='ocrx_word' id='word_1_95' title='bbox 1330 1199 1584 1251; x_wconf 87' lang='lat' dir='ltr'><strong><em>rationem</em></strong></span> <span class='ocrx_word' id='word_1_96' title='bbox 1607 1196 1898 1252; x_wconf 76' lang='lat' dir='ltr'><strong><em>laudanda.</em></strong></span> 
     </span>
    </p>
   </div>
   <div class='ocr_carea' id='block_1_14' title="bbox 317 1277 1900 1353">
    <p class='ocr_par' dir='ltr' id='par_1_14' title="bbox 317 1277 1900 1353">
     <span class='ocr_line' id='line_1_14' title="bbox 317 1277 1900 1353; baseline 0.005 -20"><span class='ocrx_word' id='word_1_97' title='bbox 317 1277 414 1343; x_wconf 69' lang='lat' dir='ltr'><strong><em>Et,</em></strong></span> <span class='ocrx_word' id='word_1_98' title='bbox 447 1281 492 1334; x_wconf 87' lang='lat' dir='ltr'><strong><em>si</em></strong></span> <span class='ocrx_word' id='word_1_99' title='bbox 523 1281 576 1334; x_wconf 85' lang='lat' dir='ltr'><strong><em>in</em></strong></span> <span class='ocrx_word' id='word_1_100' title='bbox 606 1282 688 1335; x_wconf 86' lang='lat' dir='ltr'><strong><em>his</em></strong></span> <span class='ocrx_word' id='word_1_101' title='bbox 712 1281 861 1335; x_wconf 81' lang='lat' dir='ltr'><strong><em>habet</em></strong></span> <span class='ocrx_word' id='word_1_102' title='bbox 896 1285 1296 1353; x_wconf 80' lang='lat' dir='ltr'><strong><em>superuaturale</em></strong></span> <span class='ocrx_word' id='word_1_103' title='bbox 1319 1296 1367 1339; x_wconf 90' lang='lat' dir='ltr'><strong><em>et</em></strong></span> <span class='ocrx_word' id='word_1_104' title='bbox 1395 1286 1824 1352; x_wconf 84' lang='lat' dir='ltr'><strong><em>superessentiale</em></strong></span> <span class='ocrx_word' id='word_1_105' title='bbox 1844 1287 1900 1351; x_wconf 73' lang='grc'><strong><em>⁵,</em></strong></span> 
     </span>
    </p>
   </div>
   <div class='ocr_carea' id='block_1_15' title="bbox 310 1372 1903 1448">
    <p class='ocr_par' dir='ltr' id='par_1_15' title="bbox 310 1372 1903 1448">
     <span class='ocr_line' id='line_1_15' title="bbox 310 1372 1903 1448; baseline 0.004 -23"><span class='ocrx_word' id='word_1_106' title='bbox 310 1387 426 1425; x_wconf 64' lang='lat' dir='ltr'><strong><em>non</em></strong></span> <span class='ocrx_word' id='word_1_107' title='bbox 452 1372 620 1425; x_wconf 78' lang='lat' dir='ltr'><strong><em>solum</em></strong></span> <span class='ocrx_word' id='word_1_108' title='bbox 651 1373 761 1442; x_wconf 86' lang='lat' dir='ltr'><strong><em>ipsa</em></strong></span> <span class='ocrx_word' id='word_1_109' title='bbox 788 1375 1183 1430; x_wconf 83' lang='lat' dir='ltr'><strong><em>immutabiliter</em></strong></span> <span class='ocrx_word' id='word_1_110' title='bbox 1203 1379 1350 1432; x_wconf 73' lang='lat' dir='ltr'><strong><em>nobis</em></strong></span> <span class='ocrx_word' id='word_1_111' title='bbox 1380 1389 1426 1432; x_wconf 88' lang='lat' dir='ltr'><strong><em>et</em></strong></span> <span class='ocrx_word' id='word_1_112' title='bbox 1450 1379 1721 1448; x_wconf 76' lang='lat' dir='ltr'><strong><em>inconfuse</em></strong></span> <span class='ocrx_word' id='word_1_113' title='bbox 1762 1396 1903 1433; x_wconf 82' lang='lat' dir='ltr'><strong><em>cum-</em></strong></span> 
     </span>
    </p>
   </div>
   <div class='ocr_carea' id='block_1_16' title="bbox 310 1465 1899 1540">
    <p class='ocr_par' dir='ltr' id='par_1_16' title="bbox 310 1465 1899 1540">
     <span class='ocr_line' id='line_1_16' title="bbox 310 1465 1899 1540; baseline 0.004 -23"><span class='ocrx_word' id='word_1_114' title='bbox 310 1465 643 1529; x_wconf 68' lang='lat' dir='ltr'><strong><em>.municavit,</em></strong></span> <span class='ocrx_word' id='word_1_115' title='bbox 717 1466 849 1519; x_wconf 85' lang='lat' dir='ltr'><strong><em>nihil</em></strong></span> <span class='ocrx_word' id='word_1_116' title='bbox 938 1484 1182 1536; x_wconf 81' lang='lat' dir='ltr'><strong><em>perpessa</em></strong></span> <span class='ocrx_word' id='word_1_117' title='bbox 1256 1472 1309 1524; x_wconf 91' lang='lat' dir='ltr'><strong><em>in</em></strong></span> <span class='ocrx_word' id='word_1_118' title='bbox 1369 1470 1899 1540; x_wconf 78' lang='lat' dir='ltr'><strong><em>superplcnitudinem</em></strong></span> 
     </span>
    </p>
   </div>
   <div class='ocr_carea' id='block_1_17' title="bbox 318 1556 1900 1630">
    <p class='ocr_par' dir='ltr' id='par_1_17' title="bbox 318 1556 1900 1630">
     <span class='ocr_line' id='line_1_17' title="bbox 318 1556 1900 1630; baseline 0.004 -23"><span class='ocrx_word' id='word_1_119' title='bbox 318 1569 471 1608; x_wconf 78' lang='lat' dir='ltr'><strong><em>suam</em></strong></span> <span class='ocrx_word' id='word_1_120' title='bbox 498 1557 565 1608; x_wconf 82' lang='lat' dir='ltr'><strong><em>ab</em></strong></span> <span class='ocrx_word' id='word_1_121' title='bbox 593 1556 853 1625; x_wconf 72' lang='lat' dir='ltr'><strong><em>ineffabili</em></strong></span> <span class='ocrx_word' id='word_1_122' title='bbox 884 1560 1116 1612; x_wconf 82' lang='lat' dir='ltr'><strong><em>novitate</em></strong></span> <span class='ocrx_word' id='word_1_123' title='bbox 1143 1571 1162 1611; x_wconf 88' lang='lat'><em>:</em></span> <span class='ocrx_word' id='word_1_124' title='bbox 1185 1560 1276 1613; x_wconf 88' lang='lat' dir='ltr'><strong><em>sed</em></strong></span> <span class='ocrx_word' id='word_1_125' title='bbox 1304 1561 1428 1630; x_wconf 87' lang='lat' dir='ltr'><strong><em>quia</em></strong></span> <span class='ocrx_word' id='word_1_126' title='bbox 1458 1572 1503 1613; x_wconf 89' lang='lat' dir='ltr'><strong><em>et</em></strong></span> <span class='ocrx_word' id='word_1_127' title='bbox 1534 1561 1631 1614; x_wconf 84' lang='lat' dir='ltr'><strong><em>hoc</em></strong></span> <span class='ocrx_word' id='word_1_128' title='bbox 1667 1563 1900 1614; x_wconf 81' lang='lat' dir='ltr'><strong><em>omnium</em></strong></span> 
     </span>
    </p>
   </div>
   <div class='ocr_carea' id='block_1_18' title="bbox 314 1647 1900 1715">
    <p class='ocr_par' dir='ltr' id='par_1_18' title="bbox 314 1647 1900 1715">
     <span class='ocr_line' id='line_1_18' title="bbox 314 1647 1900 1715; baseline 0.005 -18"><span class='ocrx_word' id='word_1_129' title='bbox 314 1657 573 1699; x_wconf 72' lang='lat' dir='ltr'><strong><em>notorum</em></strong></span> <span class='ocrx_word' id='word_1_130' title='bbox 629 1647 916 1700; x_wconf 68' lang='lat' dir='ltr'><strong><em>niaximum</em></strong></span> <span class='ocrx_word' id='word_1_131' title='bbox 967 1665 1156 1703; x_wconf 79' lang='lat' dir='ltr'><strong><em>novum</em></strong></span> <span class='ocrx_word' id='word_1_132' title='bbox 1182 1690 1197 1715; x_wconf 91' lang='lat'><strong><em>,</em></strong></span> <span class='ocrx_word' id='word_1_133' title='bbox 1248 1652 1301 1704; x_wconf 92' lang='lat' dir='ltr'><strong><em>in</em></strong></span> <span class='ocrx_word' id='word_1_134' title='bbox 1341 1651 1671 1705; x_wconf 81' lang='lat' dir='ltr'><strong><em>naturalibus</em></strong></span> <span class='ocrx_word' id='word_1_135' title='bbox 1709 1654 1900 1706; x_wconf 71' lang='lat' dir='ltr'><strong><em>nostris</em></strong></span> 
     </span>
    </p>
   </div>
   <div class='ocr_carea' id='block_1_19' title="bbox 2007 474 3581 549">
    <p class='ocr_par' dir='ltr' id='par_1_19' title="bbox 2007 474 3581 549">
     <span class='ocr_line' id='line_1_19' title="bbox 2007 474 3581 549; baseline 0.004 -22"><span class='ocrx_word' id='word_1_136' title='bbox 2007 474 2181 528; x_wconf 85' lang='lat' dir='ltr'><strong><em>sacris</em></strong></span> <span class='ocrx_word' id='word_1_137' title='bbox 2231 474 2345 528; x_wconf 83' lang='lat' dir='ltr'><strong><em>suis</em></strong></span> <span class='ocrx_word' id='word_1_138' title='bbox 2388 475 2597 531; x_wconf 91' lang='lat' dir='ltr'><strong><em>literis:</em></strong></span> <span class='ocrx_word' id='word_1_139' title='bbox 2629 474 2772 531; x_wconf 83' lang='lat' dir='ltr'><strong><em>Nam</em></strong></span> <span class='ocrx_word' id='word_1_140' title='bbox 2798 479 2893 531; x_wconf 83' lang='lat' dir='ltr'><strong><em>etsi</em></strong></span> <span class='ocrx_word' id='word_1_141' title='bbox 2929 487 3050 531; x_wconf 85' lang='lat' dir='ltr'><strong><em>sunt</em></strong></span> <span class='ocrx_word' id='word_1_142' title='bbox 3084 478 3174 549; x_wconf 81' lang='lat' dir='ltr'><strong><em>qui</em></strong></span> <span class='ocrx_word' id='word_1_143' title='bbox 3207 479 3456 533; x_wconf 86' lang='lat' dir='ltr'><strong><em>dicuntur</em></strong></span> <span class='ocrx_word' id='word_1_144' title='bbox 3484 481 3581 544; x_wconf 85' lang='lat' dir='ltr'><strong><em>dii.</em></strong></span> 
     </span>
    </p>
   </div>
   <div class='ocr_carea' id='block_1_20' title="bbox 2004 561 3587 638">
    <p class='ocr_par' dir='ltr' id='par_1_20' title="bbox 2004 561 3587 638">
     <span class='ocr_line' id='line_1_20' title="bbox 2004 561 3587 638; baseline 0.006 -23"><span class='ocrx_word' id='word_1_145' title='bbox 2004 561 2113 615; x_wconf 77' lang='lat' dir='ltr'><strong><em>sive</em></strong></span> <span class='ocrx_word' id='word_1_146' title='bbox 2146 562 2201 615; x_wconf 90' lang='lat' dir='ltr'><strong><em>in</em></strong></span> <span class='ocrx_word' id='word_1_147' title='bbox 2230 562 2395 629; x_wconf 86' lang='lat' dir='ltr'><strong><em>caelo,</em></strong></span> <span class='ocrx_word' id='word_1_148' title='bbox 2428 565 2533 618; x_wconf 74' lang='lat' dir='ltr'><strong><em>sive</em></strong></span> <span class='ocrx_word' id='word_1_149' title='bbox 2574 567 2640 620; x_wconf 73' lang='lat' dir='ltr'><strong><em>in</em></strong></span> <span class='ocrx_word' id='word_1_150' title='bbox 2682 576 2843 631; x_wconf 87' lang='lat' dir='ltr'><strong><em>terra,</em></strong></span> <span class='ocrx_word' id='word_1_151' title='bbox 2868 568 3124 638; x_wconf 83' lang='lat' dir='ltr'><strong><em>siquidem</em></strong></span> <span class='ocrx_word' id='word_1_152' title='bbox 3168 577 3290 622; x_wconf 85' lang='lat' dir='ltr'><strong><em>sunt</em></strong></span> <span class='ocrx_word' id='word_1_153' title='bbox 3329 570 3405 622; x_wconf 91' lang='lat' dir='ltr'><strong><em>dii</em></strong></span> <span class='ocrx_word' id='word_1_154' title='bbox 3434 570 3587 625; x_wconf 83' lang='lat' dir='ltr'><strong><em>multi</em></strong></span> 
     </span>
    </p>
   </div>
   <div class='ocr_carea' id='block_1_21' title="bbox 2004 653 3579 731">
    <p class='ocr_par' dir='ltr' id='par_1_21' title="bbox 2004 653 3579 731">
     <span class='ocr_line' id='line_1_21' title="bbox 2004 653 3579 731; baseline 0.007 -27"><span class='ocrx_word' id='word_1_155' title='bbox 2004 660 2056 705; x_wconf 91' lang='lat' dir='ltr'><strong><em>et</em></strong></span> <span class='ocrx_word' id='word_1_156' title='bbox 2092 653 2292 707; x_wconf 84' lang='lat' dir='ltr'><strong><em>domini</em></strong></span> <span class='ocrx_word' id='word_1_157' title='bbox 2321 653 2491 716; x_wconf 83' lang='lat' dir='ltr'><strong><em>multi,</em></strong></span> <span class='ocrx_word' id='word_1_158' title='bbox 2530 656 2622 708; x_wconf 88' lang='lat' dir='ltr'><strong><em>sed</em></strong></span> <span class='ocrx_word' id='word_1_159' title='bbox 2657 656 2804 710; x_wconf 85' lang='lat' dir='ltr'><strong><em>nobis</em></strong></span> <span class='ocrx_word' id='word_1_160' title='bbox 2832 673 2966 711; x_wconf 86' lang='lat' dir='ltr'><strong><em>unus</em></strong></span> <span class='ocrx_word' id='word_1_161' title='bbox 3004 657 3144 712; x_wconf 84' lang='lat' dir='ltr'><strong><em>Deus</em></strong></span> <span class='ocrx_word' id='word_1_162' title='bbox 3182 657 3364 724; x_wconf 87' lang='lat' dir='ltr'><strong><em>Pater,</em></strong></span> <span class='ocrx_word' id='word_1_163' title='bbox 3391 678 3456 714; x_wconf 77' lang='lat' dir='ltr'><strong><em>ex</em></strong></span> <span class='ocrx_word' id='word_1_164' title='bbox 3477 678 3579 731; x_wconf 85' lang='lat' dir='ltr'><strong><em>quo</em></strong></span> 
     </span>
    </p>
   </div>
   <div class='ocr_carea' id='block_1_22' title="bbox 2007 744 3582 820">
    <p class='ocr_par' dir='ltr' id='par_1_22' title="bbox 2007 744 3582 820">
     <span class='ocr_line' id='line_1_22' title="bbox 2007 744 3582 820; baseline 0.006 -23"><span class='ocrx_word' id='word_1_165' title='bbox 2007 744 2206 808; x_wconf 82' lang='lat' dir='ltr'><strong><em>omnia,</em></strong></span> <span class='ocrx_word' id='word_1_166' title='bbox 2219 754 2265 797; x_wconf 89' lang='lat' dir='ltr'><strong><em>et</em></strong></span> <span class='ocrx_word' id='word_1_167' title='bbox 2283 760 2374 798; x_wconf 90' lang='lat' dir='ltr'><strong><em>nos</em></strong></span> <span class='ocrx_word' id='word_1_168' title='bbox 2390 745 2442 797; x_wconf 90' lang='lat' dir='ltr'><strong><em>in</em></strong></span> <span class='ocrx_word' id='word_1_169' title='bbox 2458 745 2568 815; x_wconf 81' lang='lat' dir='ltr'><strong><em>ipso</em></strong></span> <span class='ocrx_word' id='word_1_170' title='bbox 2582 746 2629 810; x_wconf 81' lang='lat'><strong><em>’;</em></strong></span> <span class='ocrx_word' id='word_1_171' title='bbox 2642 756 2690 800; x_wconf 92' lang='lat' dir='ltr'><strong><em>et</em></strong></span> <span class='ocrx_word' id='word_1_172' title='bbox 2713 765 2847 803; x_wconf 88' lang='lat' dir='ltr'><strong><em>unus</em></strong></span> <span class='ocrx_word' id='word_1_173' title='bbox 2864 749 3118 803; x_wconf 77' lang='lat' dir='ltr'><strong><em>Dominus</em></strong></span> <span class='ocrx_word' id='word_1_174' title='bbox 3139 750 3177 804; x_wconf 79' lang='lat' dir='ltr'><strong><em>J</em></strong></span> <span class='ocrx_word' id='word_1_175' title='bbox 3180 768 3296 805; x_wconf 89' lang='lat' dir='ltr'><strong><em>esus</em></strong></span> <span class='ocrx_word' id='word_1_176' title='bbox 3320 751 3582 820; x_wconf 82' lang='lat' dir='ltr'><strong><em>Christus,</em></strong></span> 
     </span>
    </p>
   </div>
   <div class='ocr_carea' id='block_1_23' title="bbox 2003 838 3583 910">
    <p class='ocr_par' dir='ltr' id='par_1_23' title="bbox 2003 838 3583 910">
     <span class='ocr_line' id='line_1_23' title="bbox 2003 838 3583 910; baseline 0.008 -23"><span class='ocrx_word' id='word_1_177' title='bbox 2003 850 2097 903; x_wconf 84' lang='lat' dir='ltr'><strong><em>per</em></strong></span> <span class='ocrx_word' id='word_1_178' title='bbox 2121 851 2273 904; x_wconf 87' lang='lat' dir='ltr'><strong><em>quem</em></strong></span> <span class='ocrx_word' id='word_1_179' title='bbox 2300 838 2500 903; x_wconf 76' lang='lat' dir='ltr'><strong><em>omnia,</em></strong></span> <span class='ocrx_word' id='word_1_180' title='bbox 2550 847 2598 890; x_wconf 81' lang='lat' dir='ltr'><strong><em>et</em></strong></span> <span class='ocrx_word' id='word_1_181' title='bbox 2630 854 2723 892; x_wconf 82' lang='lat' dir='ltr'><strong><em>nos</em></strong></span> <span class='ocrx_word' id='word_1_182' title='bbox 2752 857 2846 908; x_wconf 81' lang='lat' dir='ltr'><strong><em>per</em></strong></span> <span class='ocrx_word' id='word_1_183' title='bbox 2878 843 3045 910; x_wconf 78' lang='lat' dir='ltr'><strong><em>ipsum</em></strong></span> <span class='ocrx_word' id='word_1_184' title='bbox 3079 853 3127 895; x_wconf 81' lang='grc' dir='ltr'><strong><em>ι.</em></strong></span> <span class='ocrx_word' id='word_1_185' title='bbox 3160 843 3371 897; x_wconf 86' lang='lat' dir='ltr'><strong><em>Etenim</em></strong></span> <span class='ocrx_word' id='word_1_186' title='bbox 3406 845 3457 898; x_wconf 92' lang='lat' dir='ltr'><strong><em>in</em></strong></span> <span class='ocrx_word' id='word_1_187' title='bbox 3499 846 3583 900; x_wconf 90' lang='lat' dir='ltr'><strong><em>di-</em></strong></span> 
     </span>
    </p>
   </div>
   <div class='ocr_carea' id='block_1_24' title="bbox 2004 924 3586 1003">
    <p class='ocr_par' dir='ltr' id='par_1_24' title="bbox 2004 924 3586 1003">
     <span class='ocr_line' id='line_1_24' title="bbox 2004 924 3586 1003; baseline 0.008 -26"><span class='ocrx_word' id='word_1_188' title='bbox 2004 924 2147 979; x_wconf 88' lang='lat' dir='ltr'><strong><em>vinis</em></strong></span> <span class='ocrx_word' id='word_1_189' title='bbox 2174 927 2404 981; x_wconf 84' lang='lat' dir='ltr'><strong><em>nnitates</em></strong></span> <span class='ocrx_word' id='word_1_190' title='bbox 2431 928 2819 983; x_wconf 89' lang='lat' dir='ltr'><strong><em>discretionum</em></strong></span> <span class='ocrx_word' id='word_1_191' title='bbox 2841 940 3199 1000; x_wconf 84' lang='lat' dir='ltr'><strong><em>potentantnr</em></strong></span> <span class='ocrx_word' id='word_1_192' title='bbox 3223 942 3280 989; x_wconf 88' lang='lat' dir='ltr'><strong><em>et</em></strong></span> <span class='ocrx_word' id='word_1_193' title='bbox 3309 936 3586 1003; x_wconf 89' lang='lat' dir='ltr'><strong><em>antcprin-</em></strong></span> 
     </span>
    </p>
   </div>
   <div class='ocr_carea' id='block_1_25' title="bbox 2003 1017 3587 1096">
    <p class='ocr_par' dir='ltr' id='par_1_25' title="bbox 2003 1017 3587 1096">
     <span class='ocr_line' id='line_1_25' title="bbox 2003 1017 3587 1096; baseline 0.008 -25"><span class='ocrx_word' id='word_1_194' title='bbox 2003 1017 2271 1086; x_wconf 88' lang='lat' dir='ltr'><strong><em>cipantur.</em></strong></span> <span class='ocrx_word' id='word_1_195' title='bbox 2299 1027 2352 1072; x_wconf 90' lang='lat' dir='ltr'><strong><em>et</em></strong></span> <span class='ocrx_word' id='word_1_196' title='bbox 2377 1020 2724 1075; x_wconf 77' lang='lat' dir='ltr'><strong><em>nihilominus</em></strong></span> <span class='ocrx_word' id='word_1_197' title='bbox 2750 1034 2873 1077; x_wconf 91' lang='lat' dir='ltr'><strong><em>sunt</em></strong></span> <span class='ocrx_word' id='word_1_198' title='bbox 2905 1026 3054 1077; x_wconf 92' lang='lat' dir='ltr'><strong><em>unita</em></strong></span> <span class='ocrx_word' id='word_1_199' title='bbox 3086 1025 3248 1079; x_wconf 89' lang='lat' dir='ltr'><strong><em>etiam</em></strong></span> <span class='ocrx_word' id='word_1_200' title='bbox 3282 1035 3403 1096; x_wconf 88' lang='lat' dir='ltr'><strong><em>post</em></strong></span> <span class='ocrx_word' id='word_1_201' title='bbox 3424 1028 3587 1083; x_wconf 89' lang='lat' dir='ltr'><strong><em>unius</em></strong></span> 
     </span>
    </p>
   </div>
   <div class='ocr_carea' id='block_1_26' title="bbox 2004 1106 3587 1176">
    <p class='ocr_par' dir='ltr' id='par_1_26' title="bbox 2004 1106 3587 1176">
     <span class='ocr_line' id='line_1_26' title="bbox 2004 1106 3587 1176; baseline 0.009 -16"><span class='ocrx_word' id='word_1_202' title='bbox 2004 1106 2400 1164; x_wconf 87' lang='lat' dir='ltr'><strong><em>irremeabilem</em></strong></span> <span class='ocrx_word' id='word_1_203' title='bbox 2449 1119 2505 1165; x_wconf 90' lang='lat' dir='ltr'><strong><em>et</em></strong></span> <span class='ocrx_word' id='word_1_204' title='bbox 2549 1112 2864 1167; x_wconf 84' lang='lat' dir='ltr'><strong><em>clementem</em></strong></span> <span class='ocrx_word' id='word_1_205' title='bbox 2913 1115 3309 1171; x_wconf 80' lang='lat' dir='ltr'><strong><em>discretionem.</em></strong></span> <span class='ocrx_word' id='word_1_206' title='bbox 3351 1117 3461 1173; x_wconf 84' lang='lat' dir='ltr'><strong><em>Has</em></strong></span> <span class='ocrx_word' id='word_1_207' title='bbox 3489 1135 3587 1176; x_wconf 91' lang='lat' dir='ltr'><strong><em>nos</em></strong></span> 
     </span>
    </p>
   </div>
   <div class='ocr_carea' id='block_1_27' title="bbox 2002 1196 3585 1271">
    <p class='ocr_par' dir='ltr' id='par_1_27' title="bbox 2002 1196 3585 1271">
     <span class='ocr_line' id='line_1_27' title="bbox 2002 1196 3585 1271; baseline 0.009 -22"><span class='ocrx_word' id='word_1_208' title='bbox 2002 1196 2178 1251; x_wconf 89' lang='lat' dir='ltr'><strong><em>socias</em></strong></span> <span class='ocrx_word' id='word_1_209' title='bbox 2207 1204 2262 1252; x_wconf 83' lang='lat' dir='ltr'><strong><em>et.</em></strong></span> <span class='ocrx_word' id='word_1_210' title='bbox 2298 1197 2481 1253; x_wconf 73' lang='lat' dir='ltr'><strong><em>unitas</em></strong></span> <span class='ocrx_word' id='word_1_211' title='bbox 2524 1200 2690 1255; x_wconf 93' lang='lat' dir='ltr'><strong><em>totius</em></strong></span> <span class='ocrx_word' id='word_1_212' title='bbox 2724 1202 2940 1257; x_wconf 88' lang='lat' dir='ltr'><strong><em>deitatis</em></strong></span> <span class='ocrx_word' id='word_1_213' title='bbox 2984 1204 3360 1271; x_wconf 87' lang='lat' dir='ltr'><strong><em>discretiones,</em></strong></span> <span class='ocrx_word' id='word_1_214' title='bbox 3416 1208 3468 1262; x_wconf 87' lang='lat' dir='ltr'><strong><em>id</em></strong></span> <span class='ocrx_word' id='word_1_215' title='bbox 3501 1217 3585 1264; x_wconf 91' lang='lat' dir='ltr'><strong><em>est</em></strong></span> 
     </span>
    </p>
   </div>
   <div class='ocr_carea' id='block_1_28' title="bbox 2001 1286 3583 1359">
    <p class='ocr_par' dir='ltr' id='par_1_28' title="bbox 2001 1286 3583 1359">
     <span class='ocr_line' id='line_1_28' title="bbox 2001 1286 3583 1359; baseline 0.009 -19"><span class='ocrx_word' id='word_1_216' title='bbox 2001 1286 2228 1342; x_wconf 87' lang='lat' dir='ltr'><strong><em>decoras</em></strong></span> <span class='ocrx_word' id='word_1_217' title='bbox 2279 1291 2655 1359; x_wconf 85' lang='lat' dir='ltr'><strong><em>processiones</em></strong></span> <span class='ocrx_word' id='word_1_218' title='bbox 2684 1333 2699 1356; x_wconf 91' lang='lat'><strong><em>,</em></strong></span> <span class='ocrx_word' id='word_1_219' title='bbox 2755 1309 2821 1347; x_wconf 84' lang='lat' dir='ltr'><strong><em>ex</em></strong></span> <span class='ocrx_word' id='word_1_220' title='bbox 2870 1295 3339 1353; x_wconf 82' lang='lat' dir='ltr'><strong><em>manifestantibus</em></strong></span> <span class='ocrx_word' id='word_1_221' title='bbox 3385 1313 3480 1353; x_wconf 90' lang='lat' dir='ltr'><strong><em>cas</em></strong></span> <span class='ocrx_word' id='word_1_222' title='bbox 3530 1299 3583 1354; x_wconf 92' lang='lat' dir='ltr'><strong><em>in</em></strong></span> 
     </span>
    </p>
   </div>
   <div class='ocr_carea' id='block_1_29' title="bbox 2001 1377 3582 1462">
    <p class='ocr_par' dir='ltr' id='par_1_29' title="bbox 2001 1377 3582 1462">
     <span class='ocr_line' id='line_1_29' title="bbox 2001 1377 3582 1462; baseline 0.009 -29"><span class='ocrx_word' id='word_1_223' title='bbox 2001 1377 2230 1448; x_wconf 78' lang='lat' dir='ltr'><strong><em>eloquiis</em></strong></span> <span class='ocrx_word' id='word_1_224' title='bbox 2255 1382 2451 1437; x_wconf 83' lang='lat' dir='ltr'><strong><em>divinis</em></strong></span> <span class='ocrx_word' id='word_1_225' title='bbox 2488 1384 2794 1440; x_wconf 86' lang='lat' dir='ltr'><strong><em>nominibus</em></strong></span> <span class='ocrx_word' id='word_1_226' title='bbox 2820 1385 3043 1442; x_wconf 85' lang='lat' dir='ltr'><strong><em>laudare</em></strong></span> <span class='ocrx_word' id='word_1_227' title='bbox 3067 1430 3080 1451; x_wconf 87' lang='lat'><strong><em>,</em></strong></span> <span class='ocrx_word' id='word_1_228' title='bbox 3114 1393 3406 1446; x_wconf 88' lang='lat' dir='ltr'><strong><em>secundum</em></strong></span> <span class='ocrx_word' id='word_1_229' title='bbox 3439 1394 3582 1462; x_wconf 91' lang='lat' dir='ltr'><strong><em>quod</em></strong></span> 
     </span>
    </p>
   </div>
   <div class='ocr_carea' id='block_1_30' title="bbox 2000 1470 3582 1552">
    <p class='ocr_par' dir='ltr' id='par_1_30' title="bbox 2000 1470 3582 1552">
     <span class='ocr_line' id='line_1_30' title="bbox 2000 1470 3582 1552; baseline 0.011 -30"><span class='ocrx_word' id='word_1_230' title='bbox 2000 1470 2257 1539; x_wconf 84' lang='lat' dir='ltr'><strong><em>possibile</em></strong></span> <span class='ocrx_word' id='word_1_231' title='bbox 2281 1482 2387 1538; x_wconf 88' lang='lat' dir='ltr'><strong><em>est,</em></strong></span> <span class='ocrx_word' id='word_1_232' title='bbox 2417 1475 2780 1530; x_wconf 77' lang='lat' dir='ltr'><strong><em>tentabimus:</em></strong></span> <span class='ocrx_word' id='word_1_233' title='bbox 2811 1476 2932 1541; x_wconf 88' lang='lat' dir='ltr'><strong><em>hoc,</em></strong></span> <span class='ocrx_word' id='word_1_234' title='bbox 2961 1488 3019 1532; x_wconf 93' lang='lat' dir='ltr'><strong><em>ut</em></strong></span> <span class='ocrx_word' id='word_1_235' title='bbox 3044 1479 3246 1534; x_wconf 91' lang='lat' dir='ltr'><strong><em>dictum</em></strong></span> <span class='ocrx_word' id='word_1_236' title='bbox 3292 1490 3397 1547; x_wconf 90' lang='lat' dir='ltr'><strong><em>est,</em></strong></span> <span class='ocrx_word' id='word_1_237' title='bbox 3426 1499 3582 1552; x_wconf 86' lang='lat' dir='ltr'><strong><em>prae-</em></strong></span> 
     </span>
    </p>
   </div>
   <div class='ocr_carea' id='block_1_31' title="bbox 2001 1562 3579 1641">
    <p class='ocr_par' dir='ltr' id='par_1_31' title="bbox 2001 1562 3579 1641">
     <span class='ocr_line' id='line_1_31' title="bbox 2001 1562 3579 1641; baseline 0.01 -27"><span class='ocrx_word' id='word_1_238' title='bbox 2001 1562 2236 1630; x_wconf 77' lang='lat' dir='ltr'><strong><em>cognito,</em></strong></span> <span class='ocrx_word' id='word_1_239' title='bbox 2268 1577 2481 1619; x_wconf 88' lang='lat' dir='ltr'><strong><em>omnem</em></strong></span> <span class='ocrx_word' id='word_1_240' title='bbox 2511 1565 2808 1622; x_wconf 75' lang='lat' dir='ltr'><strong><em>beneﬁcam</em></strong></span> <span class='ocrx_word' id='word_1_241' title='bbox 2854 1568 3089 1625; x_wconf 77' lang='lat' dir='ltr'><strong><em>divinam</em></strong></span> <span class='ocrx_word' id='word_1_242' title='bbox 3134 1573 3579 1641; x_wconf 77' lang='lat' dir='ltr'><strong><em>nominationem,</em></strong></span> 
     </span>
    </p>
   </div>
   <div class='ocr_carea' id='block_1_32' title="bbox 2003 1652 3583 1728">
    <p class='ocr_par' dir='ltr' id='par_1_32' title="bbox 2003 1652 3583 1728">
     <span class='ocr_line' id='line_1_32' title="bbox 2003 1652 3583 1728; baseline 0.009 -23"><span class='ocrx_word' id='word_1_243' title='bbox 2003 1652 2056 1705; x_wconf 91' lang='lat' dir='ltr'><strong><em>in</em></strong></span> <span class='ocrx_word' id='word_1_244' title='bbox 2083 1666 2402 1724; x_wconf 87' lang='lat' dir='ltr'><strong><em>quacunque</em></strong></span> <span class='ocrx_word' id='word_1_245' title='bbox 2424 1657 2642 1727; x_wconf 86' lang='lat' dir='ltr'><strong><em>ponitur</em></strong></span> <span class='ocrx_word' id='word_1_246' title='bbox 2686 1659 2989 1715; x_wconf 78' lang='lat' dir='ltr'><strong><em>divinarum</em></strong></span> <span class='ocrx_word' id='word_1_247' title='bbox 3020 1663 3476 1728; x_wconf 87' lang='lat' dir='ltr'><strong><em>substantiarum,</em></strong></span> <span class='ocrx_word' id='word_1_248' title='bbox 3527 1665 3583 1720; x_wconf 89' lang='lat' dir='ltr'><strong><em>in</em></strong></span> 
     </span>
    </p>
   </div>
   <div class='ocr_carea' id='block_1_33' title="bbox 314 1738 3546 1825">
    <p class='ocr_par' dir='ltr' id='par_1_33' title="bbox 314 1738 3546 1825">
     <span class='ocr_line' id='line_1_33' title="bbox 314 1738 3546 1825; baseline 0.007 -38"><span class='ocrx_word' id='word_1_249' title='bbox 314 1738 738 1802; x_wconf 61' lang='lat' dir='ltr'><strong><em>supernaturalis</em></strong></span> <span class='ocrx_word' id='word_1_250' title='bbox 777 1749 908 1801; x_wconf 87' lang='lat' dir='ltr'><strong><em>erat,</em></strong></span> <span class='ocrx_word' id='word_1_251' title='bbox 941 1740 995 1793; x_wconf 87' lang='lat' dir='ltr'><strong><em>in</em></strong></span> <span class='ocrx_word' id='word_1_252' title='bbox 1023 1740 1104 1793; x_wconf 84' lang='lat' dir='ltr'><strong><em>his</em></strong></span> <span class='ocrx_word' id='word_1_253' title='bbox 1140 1757 1273 1810; x_wconf 85' lang='lat' dir='ltr'><strong><em>quae</em></strong></span> <span class='ocrx_word' id='word_1_254' title='bbox 1295 1741 1453 1810; x_wconf 72' lang='lat' dir='ltr'><strong><em>juxta</em></strong></span> <span class='ocrx_word' id='word_1_255' title='bbox 1494 1744 1771 1797; x_wconf 80' lang='lat' dir='ltr'><strong><em>essentiam</em></strong></span> <span class='ocrx_word' id='word_1_256' title='bbox 1808 1760 1896 1797; x_wconf 89' lang='lat' dir='ltr'><strong><em>su-</em></strong></span> <span class='ocrx_word' id='word_1_257' title='bbox 1929 1765 1973 1825; x_wconf 65' lang='grc' dir='ltr'><strong>Β</strong></span> <span class='ocrx_word' id='word_1_258' title='bbox 2003 1753 2115 1799; x_wconf 87' lang='lat' dir='ltr'><strong><em>tota</em></strong></span> <span class='ocrx_word' id='word_1_259' title='bbox 2161 1759 2280 1801; x_wconf 88' lang='lat' dir='ltr'><strong><em>eam</em></strong></span> <span class='ocrx_word' id='word_1_260' title='bbox 2311 1748 2551 1819; x_wconf 83' lang='lat' dir='ltr'><strong><em>recipere</em></strong></span> <span class='ocrx_word' id='word_1_261' title='bbox 2577 1750 2756 1806; x_wconf 87' lang='lat' dir='ltr'><strong><em>divina</em></strong></span> <span class='ocrx_word' id='word_1_262' title='bbox 2801 1754 3153 1810; x_wconf 81' lang='lat' dir='ltr'><strong><em>universitate</em></strong></span> <span class='ocrx_word' id='word_1_263' title='bbox 3184 1757 3546 1811; x_wconf 81' lang='lat' dir='ltr'><strong><em>mobservate.</em></strong></span> 
     </span>
    </p>
   </div>
   <div class='ocr_carea' id='block_1_34' title="bbox 314 1826 1897 1905">
    <p class='ocr_par' dir='ltr' id='par_1_34' title="bbox 314 1826 1897 1905">
     <span class='ocr_line' id='line_1_34' title="bbox 314 1826 1897 1905; baseline 0.006 -27"><span class='ocrx_word' id='word_1_264' title='bbox 314 1826 700 1894; x_wconf 84' lang='lat' dir='ltr'><strong><em>peressentialis</em></strong></span> <span class='ocrx_word' id='word_1_265' title='bbox 741 1828 783 1894; x_wconf 84' lang='grc'><strong><em>⁸,</em></strong></span> <span class='ocrx_word' id='word_1_266' title='bbox 815 1830 991 1883; x_wconf 81' lang='lat' dir='ltr'><strong><em>omnia</em></strong></span> <span class='ocrx_word' id='word_1_267' title='bbox 1032 1844 1212 1886; x_wconf 87' lang='lat' dir='ltr'><strong><em>nostra</em></strong></span> <span class='ocrx_word' id='word_1_268' title='bbox 1264 1848 1331 1887; x_wconf 76' lang='lat' dir='ltr'><strong><em>ex</em></strong></span> <span class='ocrx_word' id='word_1_269' title='bbox 1380 1833 1526 1887; x_wconf 82' lang='lat' dir='ltr'><strong><em>nobis</em></strong></span> <span class='ocrx_word' id='word_1_270' title='bbox 1566 1844 1776 1905; x_wconf 86' lang='lat' dir='ltr'><strong><em>propter</em></strong></span> <span class='ocrx_word' id='word_1_271' title='bbox 1804 1850 1897 1888; x_wconf 90' lang='lat' dir='ltr'><strong><em>nos</em></strong></span> 
     </span>
    </p>
   </div>
   <div class='ocr_carea' id='block_1_35' title="bbox 317 1918 718 1985">
    <p class='ocr_par' dir='ltr' id='par_1_35' title="bbox 317 1918 718 1985">
     <span class='ocr_line' id='line_1_35' title="bbox 317 1918 718 1985; baseline 0.007 -16"><span class='ocrx_word' id='word_1_272' title='bbox 317 1918 718 1985; x_wconf 72' lang='lat' dir='ltr'><strong><em>superhabehat.</em></strong></span> 
     </span>
    </p>
   </div>
   <div class='ocr_carea' id='block_1_36' title="bbox 392 2009 1899 2084">
    <p class='ocr_par' dir='ltr' id='par_1_36' title="bbox 392 2009 1899 2084">
     <span class='ocr_line' id='line_1_36' title="bbox 392 2009 1899 2084; baseline 0.005 -22"><span class='ocrx_word' id='word_1_273' title='bbox 392 2009 503 2063; x_wconf 91' lang='lat' dir='ltr'><strong><em>lloc</em></strong></span> <span class='ocrx_word' id='word_1_274' title='bbox 534 2011 750 2080; x_wconf 82' lang='lat' dir='ltr'><strong><em>quidem</em></strong></span> <span class='ocrx_word' id='word_1_275' title='bbox 781 2012 1131 2068; x_wconf 76' lang='lat' dir='ltr'><strong><em>sntiicicnter.</em></strong></span> <span class='ocrx_word' id='word_1_276' title='bbox 1163 2013 1219 2067; x_wconf 84' lang='lat' dir='ltr'><strong><em>In</em></strong></span> <span class='ocrx_word' id='word_1_277' title='bbox 1249 2021 1431 2070; x_wconf 88' lang='lat' dir='ltr'><strong><em>autem</em></strong></span> <span class='ocrx_word' id='word_1_278' title='bbox 1454 2014 1684 2071; x_wconf 79' lang='lat' dir='ltr'><strong><em>rationis</em></strong></span> <span class='ocrx_word' id='word_1_279' title='bbox 1709 2029 1899 2084; x_wconf 79' lang='lat' dir='ltr'><strong><em>specu-</em></strong></span> 
     </span>
    </p>
   </div>
   <div class='ocr_carea' id='block_1_37' title="bbox 312 2099 1896 2169">
    <p class='ocr_par' dir='ltr' id='par_1_37' title="bbox 312 2099 1896 2169">
     <span class='ocr_line' id='line_1_37' title="bbox 312 2099 1896 2169; baseline 0.006 -16"><span class='ocrx_word' id='word_1_280' title='bbox 312 2099 577 2154; x_wconf 74' lang='lat' dir='ltr'><strong><em>lationem</em></strong></span> <span class='ocrx_word' id='word_1_281' title='bbox 623 2103 1034 2169; x_wconf 79' lang='lat' dir='ltr'><strong><em>perveniamus,</em></strong></span> <span class='ocrx_word' id='word_1_282' title='bbox 1067 2106 1373 2160; x_wconf 85' lang='lat' dir='ltr'><strong><em>communia</em></strong></span> <span class='ocrx_word' id='word_1_283' title='bbox 1415 2112 1471 2161; x_wconf 89' lang='lat' dir='ltr'><strong><em>et</em></strong></span> <span class='ocrx_word' id='word_1_284' title='bbox 1498 2109 1648 2161; x_wconf 84' lang='lat' dir='ltr'><strong><em>unita</em></strong></span> <span class='ocrx_word' id='word_1_285' title='bbox 1693 2106 1896 2161; x_wconf 86' lang='lat' dir='ltr'><strong><em>discre-</em></strong></span> 
     </span>
    </p>
   </div>
   <div class='ocr_carea' id='block_1_38' title="bbox 317 2192 1898 2268">
    <p class='ocr_par' dir='ltr' id='par_1_38' title="bbox 317 2192 1898 2268">
     <span class='ocr_line' id='line_1_38' title="bbox 317 2192 1898 2268; baseline 0.004 -23"><span class='ocrx_word' id='word_1_286' title='bbox 317 2192 481 2245; x_wconf 87' lang='lat' dir='ltr'><strong><em>tionis</em></strong></span> <span class='ocrx_word' id='word_1_287' title='bbox 498 2192 709 2247; x_wconf 81' lang='lat' dir='ltr'><strong><em>divinae</em></strong></span> <span class='ocrx_word' id='word_1_288' title='bbox 731 2196 965 2254; x_wconf 87' lang='lat' dir='ltr'><strong><em>nomiua.</em></strong></span> <span class='ocrx_word' id='word_1_289' title='bbox 985 2197 1278 2251; x_wconf 89' lang='lat' dir='ltr'><strong><em>secundum</em></strong></span> <span class='ocrx_word' id='word_1_290' title='bbox 1294 2197 1437 2266; x_wconf 73' lang='lat' dir='ltr'><strong><em>qrtod</em></strong></span> <span class='ocrx_word' id='word_1_291' title='bbox 1453 2198 1608 2252; x_wconf 88' lang='lat' dir='ltr'><strong><em>nobis</em></strong></span> <span class='ocrx_word' id='word_1_292' title='bbox 1622 2197 1898 2268; x_wconf 87' lang='lat' dir='ltr'><strong><em>possibile,</em></strong></span> 
     </span>
    </p>
   </div>
   <div class='ocr_carea' id='block_1_39' title="bbox 319 2283 1898 2357">
    <p class='ocr_par' dir='ltr' id='par_1_39' title="bbox 319 2283 1898 2357">
     <span class='ocr_line' id='line_1_39' title="bbox 319 2283 1898 2357; baseline 0.005 -23"><span class='ocrx_word' id='word_1_293' title='bbox 319 2283 662 2351; x_wconf 90' lang='lat' dir='ltr'><strong><em>replicantes.</em></strong></span> <span class='ocrx_word' id='word_1_294' title='bbox 694 2283 757 2338; x_wconf 82' lang='lat' dir='ltr'><strong><em>Et</em></strong></span> <span class='ocrx_word' id='word_1_295' title='bbox 779 2294 838 2338; x_wconf 80' lang='lat' dir='ltr'><strong><em>ut</em></strong></span> <span class='ocrx_word' id='word_1_296' title='bbox 866 2296 1053 2355; x_wconf 88' lang='lat' dir='ltr'><strong><em>aperte</em></strong></span> <span class='ocrx_word' id='word_1_297' title='bbox 1079 2288 1145 2340; x_wconf 90' lang='lat' dir='ltr'><strong><em>de</em></strong></span> <span class='ocrx_word' id='word_1_298' title='bbox 1164 2286 1425 2341; x_wconf 79' lang='lat' dir='ltr'><strong><em>omnibus</em></strong></span> <span class='ocrx_word' id='word_1_299' title='bbox 1452 2286 1708 2356; x_wconf 85' lang='lat' dir='ltr'><strong><em>deinceps</em></strong></span> <span class='ocrx_word' id='word_1_300' title='bbox 1737 2301 1898 2357; x_wconf 88' lang='lat' dir='ltr'><strong><em>prae-</em></strong></span> 
     </span>
    </p>
   </div>
   <div class='ocr_carea' id='block_1_40' title="bbox 316 2368 1900 2442">
    <p class='ocr_par' dir='ltr' id='par_1_40' title="bbox 316 2368 1900 2442">
     <span class='ocr_line' id='line_1_40' title="bbox 316 2368 1900 2442; baseline 0.006 -19"><span class='ocrx_word' id='word_1_301' title='bbox 316 2368 658 2435; x_wconf 77' lang='lat' dir='ltr'><strong><em>deiiniamus,</em></strong></span> <span class='ocrx_word' id='word_1_302' title='bbox 677 2375 1057 2430; x_wconf 82' lang='lat' dir='ltr'><strong><em>discretionem</em></strong></span> <span class='ocrx_word' id='word_1_303' title='bbox 1082 2377 1316 2431; x_wconf 76' lang='lat' dir='ltr'><strong><em>divinam</em></strong></span> <span class='ocrx_word' id='word_1_304' title='bbox 1343 2376 1590 2442; x_wconf 88' lang='lat' dir='ltr'><strong><em>dicimus,</em></strong></span> <span class='ocrx_word' id='word_1_305' title='bbox 1615 2387 1674 2431; x_wconf 92' lang='lat' dir='ltr'><strong><em>ut</em></strong></span> <span class='ocrx_word' id='word_1_306' title='bbox 1698 2378 1900 2432; x_wconf 89' lang='lat' dir='ltr'><strong><em>dictum</em></strong></span> 
     </span>
    </p>
   </div>
   <div class='ocr_carea' id='block_1_41' title="bbox 318 2462 1897 2537">
    <p class='ocr_par' dir='ltr' id='par_1_41' title="bbox 318 2462 1897 2537">
     <span class='ocr_line' id='line_1_41' title="bbox 318 2462 1897 2537; baseline 0.004 -21"><span class='ocrx_word' id='word_1_307' title='bbox 318 2471 424 2525; x_wconf 82' lang='lat' dir='ltr'><strong><em>est,</em></strong></span> <span class='ocrx_word' id='word_1_308' title='bbox 452 2462 709 2531; x_wconf 86' lang='lat' dir='ltr'><strong><em>pulchras</em></strong></span> <span class='ocrx_word' id='word_1_309' title='bbox 737 2466 1034 2521; x_wconf 74' lang='lat' dir='ltr'><strong><em>divinitatis</em></strong></span> <span class='ocrx_word' id='word_1_310' title='bbox 1065 2469 1462 2537; x_wconf 84' lang='lat' dir='ltr'><strong><em>processiones.</em></strong></span> <span class='ocrx_word' id='word_1_311' title='bbox 1501 2467 1719 2523; x_wconf 87' lang='lat' dir='ltr'><strong><em>Donans</em></strong></span> <span class='ocrx_word' id='word_1_312' title='bbox 1749 2468 1897 2523; x_wconf 88' lang='lat' dir='ltr'><strong><em>enim</em></strong></span> 
     </span>
    </p>
   </div>
   <div class='ocr_carea' id='block_1_42' title="bbox 316 2555 1899 2628">
    <p class='ocr_par' dir='ltr' id='par_1_42' title="bbox 316 2555 1899 2628">
     <span class='ocr_line' id='line_1_42' title="bbox 316 2555 1899 2628; baseline 0.005 -21"><span class='ocrx_word' id='word_1_313' title='bbox 316 2555 571 2609; x_wconf 80' lang='lat' dir='ltr'><strong><em>Omnibus</em></strong></span> <span class='ocrx_word' id='word_1_314' title='bbox 601 2570 739 2623; x_wconf 79' lang='lat' dir='ltr'><strong><em>qtnie</em></strong></span> <span class='ocrx_word' id='word_1_315' title='bbox 767 2565 914 2622; x_wconf 85' lang='lat' dir='ltr'><strong><em>sunt,</em></strong></span> <span class='ocrx_word' id='word_1_316' title='bbox 948 2569 1002 2612; x_wconf 89' lang='lat' dir='ltr'><strong><em>et</em></strong></span> <span class='ocrx_word' id='word_1_317' title='bbox 1027 2557 1425 2628; x_wconf 80' lang='lat' dir='ltr'><strong><em>superfundens</em></strong></span> <span class='ocrx_word' id='word_1_318' title='bbox 1451 2559 1693 2615; x_wconf 86' lang='lat' dir='ltr'><strong><em>omnium</em></strong></span> <span class='ocrx_word' id='word_1_319' title='bbox 1725 2559 1899 2615; x_wconf 86' lang='lat' dir='ltr'><strong><em>bono-</em></strong></span> 
     </span>
    </p>
   </div>
   <div class='ocr_carea' id='block_1_43' title="bbox 316 2646 1905 2720">
    <p class='ocr_par' dir='ltr' id='par_1_43' title="bbox 316 2646 1905 2720">
     <span class='ocr_line' id='line_1_43' title="bbox 316 2646 1905 2720; baseline 0.004 -23"><span class='ocrx_word' id='word_1_320' title='bbox 316 2658 438 2698; x_wconf 85' lang='lat' dir='ltr'><strong><em>rum</em></strong></span> <span class='ocrx_word' id='word_1_321' title='bbox 467 2646 930 2717; x_wconf 78' lang='lat' dir='ltr'><strong><em>participationss,</em></strong></span> <span class='ocrx_word' id='word_1_322' title='bbox 972 2650 1121 2703; x_wconf 88' lang='lat' dir='ltr'><strong><em>unite</em></strong></span> <span class='ocrx_word' id='word_1_323' title='bbox 1150 2649 1365 2718; x_wconf 87' lang='lat' dir='ltr'><strong><em>quidem</em></strong></span> <span class='ocrx_word' id='word_1_324' title='bbox 1402 2651 1748 2714; x_wconf 84' lang='lat' dir='ltr'><strong><em>discernitur,</em></strong></span> <span class='ocrx_word' id='word_1_325' title='bbox 1782 2649 1905 2720; x_wconf 88' lang='lat' dir='ltr'><strong><em>plu-</em></strong></span> 
     </span>
    </p>
   </div>
   <div class='ocr_carea' id='block_1_44' title="bbox 317 2737 1901 2815">
    <p class='ocr_par' dir='ltr' id='par_1_44' title="bbox 317 2737 1901 2815">
     <span class='ocr_line' id='line_1_44' title="bbox 317 2737 1901 2815; baseline 0.006 -25"><span class='ocrx_word' id='word_1_326' title='bbox 317 2737 565 2792; x_wconf 83' lang='lat' dir='ltr'><strong><em>rillcatur</em></strong></span> <span class='ocrx_word' id='word_1_327' title='bbox 598 2754 728 2794; x_wconf 79' lang='lat' dir='ltr'><strong><em>Vct‘o</em></strong></span> <span class='ocrx_word' id='word_1_328' title='bbox 774 2741 1145 2810; x_wconf 70' lang='lat' dir='ltr'><strong><em>singulariter,</em></strong></span> <span class='ocrx_word' id='word_1_329' title='bbox 1185 2752 1239 2797; x_wconf 90' lang='lat' dir='ltr'><strong><em>et</em></strong></span> <span class='ocrx_word' id='word_1_330' title='bbox 1284 2744 1677 2815; x_wconf 87' lang='lat' dir='ltr'><strong><em>multiplicatur</em></strong></span> <span class='ocrx_word' id='word_1_331' title='bbox 1699 2761 1768 2800; x_wconf 72' lang='lat' dir='ltr'><strong><em>ex</em></strong></span> <span class='ocrx_word' id='word_1_332' title='bbox 1793 2760 1901 2800; x_wconf 83' lang='lat' dir='ltr'><strong><em>uno</em></strong></span> 
     </span>
    </p>
   </div>
   <div class='ocr_carea' id='block_1_45' title="bbox 317 2827 1899 2905">
    <p class='ocr_par' dir='ltr' id='par_1_45' title="bbox 317 2827 1899 2905">
     <span class='ocr_line' id='line_1_45' title="bbox 317 2827 1899 2905; baseline 0.007 -24"><span class='ocrx_word' id='word_1_333' title='bbox 317 2827 753 2886; x_wconf 72' lang='lat' dir='ltr'><strong><em>irremealtiliter.</em></strong></span> <span class='ocrx_word' id='word_1_334' title='bbox 808 2833 875 2889; x_wconf 87' lang='lat' dir='ltr'><strong><em>Ut</em></strong></span> <span class='ocrx_word' id='word_1_335' title='bbox 927 2841 1053 2903; x_wconf 87' lang='lat' dir='ltr'><strong><em>puta</em></strong></span> <span class='ocrx_word' id='word_1_336' title='bbox 1104 2835 1359 2905; x_wconf 87' lang='lat' dir='ltr'><strong><em>quoniam</em></strong></span> <span class='ocrx_word' id='word_1_337' title='bbox 1412 2837 1483 2891; x_wconf 80' lang='grc' dir='ltr'><strong><em>ὧν</em></strong></span> <span class='ocrx_word' id='word_1_338' title='bbox 1531 2845 1618 2891; x_wconf 85' lang='lat' dir='ltr'><strong><em>est</em></strong></span> <span class='ocrx_word' id='word_1_339' title='bbox 1645 2835 1785 2892; x_wconf 86' lang='lat' dir='ltr'><strong><em>Deus</em></strong></span> <span class='ocrx_word' id='word_1_340' title='bbox 1812 2851 1899 2891; x_wconf 90' lang='lat' dir='ltr'><strong><em>su-</em></strong></span> 
     </span>
    </p>
   </div>
   <div class='ocr_carea' id='block_1_46' title="bbox 317 2921 1895 2997">
    <p class='ocr_par' dir='ltr' id='par_1_46' title="bbox 317 2921 1895 2997">
     <span class='ocr_line' id='line_1_46' title="bbox 317 2921 1895 2997; baseline 0.005 -25"><span class='ocrx_word' id='word_1_341' title='bbox 317 2921 806 2989; x_wconf 83' lang='lat' dir='ltr'><strong><em>peressentialiter,</em></strong></span> <span class='ocrx_word' id='word_1_342' title='bbox 858 2924 1023 2978; x_wconf 89' lang='lat' dir='ltr'><strong><em>donat</em></strong></span> <span class='ocrx_word' id='word_1_343' title='bbox 1065 2935 1244 2992; x_wconf 81' lang='lat' dir='ltr'><strong><em>autem</em></strong></span> <span class='ocrx_word' id='word_1_344' title='bbox 1284 2940 1405 2986; x_wconf 82' lang='lat' dir='ltr'><strong><em>esse</em></strong></span> <span class='ocrx_word' id='word_1_345' title='bbox 1436 2927 1519 2981; x_wconf 88' lang='lat' dir='ltr'><strong><em>bis</em></strong></span> <span class='ocrx_word' id='word_1_346' title='bbox 1556 2939 1699 2997; x_wconf 79' lang='lat' dir='ltr'><strong><em>quae</em></strong></span> <span class='ocrx_word' id='word_1_347' title='bbox 1751 2933 1895 2987; x_wconf 82' lang='lat' dir='ltr'><strong><em>sunt,</em></strong></span> 
     </span>
    </p>
   </div>
   <div class='ocr_carea' id='block_1_47' title="bbox 316 3010 1898 3084">
    <p class='ocr_par' dir='ltr' id='par_1_47' title="bbox 316 3010 1898 3084">
     <span class='ocr_line' id='line_1_47' title="bbox 316 3010 1898 3084; baseline 0.006 -22"><span class='ocrx_word' id='word_1_348' title='bbox 316 3014 371 3062; x_wconf 88' lang='lat' dir='ltr'><strong><em>et</em></strong></span> <span class='ocrx_word' id='word_1_349' title='bbox 396 3010 613 3064; x_wconf 86' lang='lat' dir='ltr'><strong><em>adducit</em></strong></span> <span class='ocrx_word' id='word_1_350' title='bbox 639 3021 780 3066; x_wconf 90' lang='lat' dir='ltr'><strong><em>totas</em></strong></span> <span class='ocrx_word' id='word_1_351' title='bbox 809 3014 1095 3077; x_wconf 81' lang='lat' dir='ltr'><strong><em>essentias.</em></strong></span> <span class='ocrx_word' id='word_1_352' title='bbox 1132 3014 1478 3084; x_wconf 85' lang='lat' dir='ltr'><strong><em>multiplicari</em></strong></span> <span class='ocrx_word' id='word_1_353' title='bbox 1506 3015 1706 3071; x_wconf 93' lang='lat' dir='ltr'><strong><em>dicitur</em></strong></span> <span class='ocrx_word' id='word_1_354' title='bbox 1733 3028 1898 3071; x_wconf 89' lang='lat' dir='ltr'><strong><em>unum</em></strong></span> 
     </span>
    </p>
   </div>
   <div class='ocr_carea' id='block_1_48' title="bbox 2525 1881 3049 1943">
    <p class='ocr_par' dir='ltr' id='par_1_48' title="bbox 2525 1881 3049 1943">
     <span class='ocr_line' id='line_1_48' title="bbox 2525 1881 3049 1943; baseline 0.01 -5"><span class='ocrx_word' id='word_1_355' title='bbox 2525 1881 2924 1942; x_wconf 76' lang='lat' dir='ltr'><strong><em>CAPITULUM</em></strong></span> <span class='ocrx_word' id='word_1_356' title='bbox 2963 1887 3049 1943; x_wconf 92' lang='lat' dir='ltr'><strong><em>Ill.</em></strong></span> 
     </span>
    </p>
   </div>
   <div class='ocr_carea' id='block_1_49' title="bbox 2002 1990 3584 2068">
    <p class='ocr_par' dir='ltr' id='par_1_49' title="bbox 2002 1990 3584 2068">
     <span class='ocr_line' id='line_1_49' title="bbox 2002 1990 3584 2068; baseline 0.01 -24"><span class='ocrx_word' id='word_1_357' title='bbox 2002 1990 2152 2055; x_wconf 72' lang='lat' dir='ltr'><strong><em>Quae</em></strong></span> <span class='ocrx_word' id='word_1_358' title='bbox 2179 1990 2203 2024; x_wconf 84' lang='grc'><strong>⁸</strong></span> <span class='ocrx_word' id='word_1_359' title='bbox 2237 1993 2489 2048; x_wconf 84' lang='lat' dir='ltr'><strong><em>orationis</em></strong></span> <span class='ocrx_word' id='word_1_360' title='bbox 2519 1995 2711 2068; x_wconf 78' lang='lat' dir='ltr'><strong><em>virtus,</em></strong></span> <span class='ocrx_word' id='word_1_361' title='bbox 2751 2006 2801 2050; x_wconf 86' lang='lat' dir='ltr'><strong><em>et</em></strong></span> <span class='ocrx_word' id='word_1_362' title='bbox 2846 1999 2909 2053; x_wconf 86' lang='lat' dir='ltr'><strong><em>de</em></strong></span> <span class='ocrx_word' id='word_1_363' title='bbox 2949 2000 3098 2054; x_wconf 83' lang='lat' dir='ltr'><strong><em>beato</em></strong></span> <span class='ocrx_word' id='word_1_364' title='bbox 3138 2000 3495 2068; x_wconf 81' lang='lat' dir='ltr'><strong><em>lerotheo,&#39;et</em></strong></span> <span class='ocrx_word' id='word_1_365' title='bbox 3519 2007 3584 2060; x_wconf 88' lang='lat' dir='ltr'><strong><em>tle</em></strong></span> 
     </span>
    </p>
   </div>
   <div class='ocr_carea' id='block_1_50' title="bbox 2310 2066 3280 2141">
    <p class='ocr_par' dir='ltr' id='par_1_50' title="bbox 2310 2066 3280 2141">
     <span class='ocr_line' id='line_1_50' title="bbox 2310 2066 3280 2141; baseline 0.01 -25"><span class='ocrx_word' id='word_1_366' title='bbox 2310 2066 2559 2119; x_wconf 79' lang='lat' dir='ltr'><strong><em>reverenti</em></strong></span> <span class='ocrx_word' id='word_1_367' title='bbox 2585 2077 2634 2120; x_wconf 87' lang='lat' dir='ltr'><strong><em>et</em></strong></span> <span class='ocrx_word' id='word_1_368' title='bbox 2671 2070 2966 2138; x_wconf 83' lang='lat' dir='ltr'><strong><em>conscripta</em></strong></span> <span class='ocrx_word' id='word_1_369' title='bbox 2999 2070 3280 2141; x_wconf 80' lang='lat' dir='ltr'><strong><em>theologia.</em></strong></span> 
     </span>
    </p>
   </div>
   <div class='ocr_carea' id='block_1_51' title="bbox 2070 2190 3586 2266">
    <p class='ocr_par' dir='ltr' id='par_1_51' title="bbox 2070 2190 3586 2266">
     <span class='ocr_line' id='line_1_51' title="bbox 2070 2190 3586 2266; baseline 0.011 -20"><span class='ocrx_word' id='word_1_370' title='bbox 2070 2190 2139 2247; x_wconf 83' lang='lat' dir='ltr'><strong><em>Et</em></strong></span> <span class='ocrx_word' id='word_1_371' title='bbox 2170 2192 2420 2263; x_wconf 86' lang='lat' dir='ltr'><strong><em>primam,</em></strong></span> <span class='ocrx_word' id='word_1_372' title='bbox 2444 2193 2489 2249; x_wconf 91' lang='lat' dir='ltr'><strong><em>si</em></strong></span> <span class='ocrx_word' id='word_1_373' title='bbox 2516 2194 2750 2262; x_wconf 81' lang='lat' dir='ltr'><strong><em>videtur,</em></strong></span> <span class='ocrx_word' id='word_1_374' title='bbox 2778 2196 3243 2266; x_wconf 78' lang='lat' dir='ltr'><strong><em>perfectissimam,</em></strong></span> <span class='ocrx_word' id='word_1_375' title='bbox 3272 2210 3326 2260; x_wconf 89' lang='lat' dir='ltr'><strong><em>et</em></strong></span> <span class='ocrx_word' id='word_1_376' title='bbox 3344 2206 3586 2262; x_wconf 87' lang='lat' dir='ltr'><strong><em>omnium</em></strong></span> 
     </span>
    </p>
   </div>
   <div class='ocr_carea' id='block_1_52' title="bbox 2002 2280 3583 2362">
    <p class='ocr_par' dir='ltr' id='par_1_52' title="bbox 2002 2280 3583 2362">
     <span class='ocr_line' id='line_1_52' title="bbox 2002 2280 3583 2362; baseline 0.011 -26"><span class='ocrx_word' id='word_1_377' title='bbox 2002 2280 2097 2337; x_wconf 83' lang='lat' dir='ltr'><strong><em>Dei</em></strong></span> <span class='ocrx_word' id='word_1_378' title='bbox 2126 2284 2536 2352; x_wconf 86' lang='lat' dir='ltr'><strong><em>processionum</em></strong></span> <span class='ocrx_word' id='word_1_379' title='bbox 2573 2285 3080 2356; x_wconf 81' lang='lat' dir='ltr'><strong><em>manifestatoriam,</em></strong></span> <span class='ocrx_word' id='word_1_380' title='bbox 3114 2293 3372 2362; x_wconf 85' lang='lat' dir='ltr'><strong><em>optimam</em></strong></span> <span class='ocrx_word' id='word_1_381' title='bbox 3406 2298 3583 2353; x_wconf 90' lang='lat' dir='ltr'><strong><em>nomi-</em></strong></span> 
     </span>
    </p>
   </div>
   <div class='ocr_carea' id='block_1_53' title="bbox 2001 2375 3586 2455">
    <p class='ocr_par' dir='ltr' id='par_1_53' title="bbox 2001 2375 3586 2455">
     <span class='ocr_line' id='line_1_53' title="bbox 2001 2375 3586 2455; baseline 0.009 -27"><span class='ocrx_word' id='word_1_382' title='bbox 2001 2375 2277 2429; x_wconf 82' lang='lat' dir='ltr'><strong><em>nationem</em></strong></span> <span class='ocrx_word' id='word_1_383' title='bbox 2303 2376 2747 2444; x_wconf 86' lang='lat' dir='ltr'><strong><em>pronunciemus,</em></strong></span> <span class='ocrx_word' id='word_1_384' title='bbox 2779 2380 3105 2449; x_wconf 83' lang='lat' dir='ltr'><strong><em>Optimarum</em></strong></span> <span class='ocrx_word' id='word_1_385' title='bbox 3147 2384 3500 2455; x_wconf 83' lang='lat' dir='ltr'><strong><em>principalem</em></strong></span> <span class='ocrx_word' id='word_1_386' title='bbox 3529 2400 3586 2444; x_wconf 88' lang='lat' dir='ltr'><strong><em>et</em></strong></span> 
     </span>
    </p>
   </div>
   <div class='ocr_carea' id='block_1_54' title="bbox 2000 2465 3584 2537">
    <p class='ocr_par' dir='ltr' id='par_1_54' title="bbox 2000 2465 3584 2537">
     <span class='ocr_line' id='line_1_54' title="bbox 2000 2465 3584 2537; baseline 0.009 -19"><span class='ocrx_word' id='word_1_387' title='bbox 2000 2466 2421 2535; x_wconf 86' lang='lat' dir='ltr'><strong><em>superoptimam</em></strong></span> <span class='ocrx_word' id='word_1_388' title='bbox 2450 2465 2764 2523; x_wconf 83' lang='lat' dir='ltr'><strong><em>invocantes</em></strong></span> <span class='ocrx_word' id='word_1_389' title='bbox 2803 2468 2933 2524; x_wconf 84' lang='lat' dir='ltr'><strong><em>Trin</em></strong></span> <span class='ocrx_word' id='word_1_390' title='bbox 2962 2479 3151 2537; x_wconf 84' lang='lat' dir='ltr'><strong><em>tatem,</em></strong></span> <span class='ocrx_word' id='word_1_391' title='bbox 3196 2475 3584 2533; x_wconf 84' lang='lat' dir='ltr'><strong><em>declarativam</em></strong></span> 
     </span>
    </p>
   </div>
   <div class='ocr_carea' id='block_1_55' title="bbox 2003 2556 3590 2636">
    <p class='ocr_par' dir='ltr' id='par_1_55' title="bbox 2003 2556 3590 2636">
     <span class='ocr_line' id='line_1_55' title="bbox 2003 2556 3590 2636; baseline 0.009 -28"><span class='ocrx_word' id='word_1_392' title='bbox 2003 2556 2242 2610; x_wconf 88' lang='lat' dir='ltr'><strong><em>omnium</em></strong></span> <span class='ocrx_word' id='word_1_393' title='bbox 2287 2557 2370 2611; x_wconf 91' lang='lat' dir='ltr'><strong><em>sui</em></strong></span> <span class='ocrx_word' id='word_1_394' title='bbox 2424 2557 2752 2627; x_wconf 87' lang='lat' dir='ltr'><strong><em>optimarum</em></strong></span> <span class='ocrx_word' id='word_1_395' title='bbox 2810 2561 3296 2631; x_wconf 77' lang='lat' dir='ltr'><strong><em>providentiarum.</em></strong></span> <span class='ocrx_word' id='word_1_396' title='bbox 3356 2564 3590 2636; x_wconf 88' lang='lat' dir='ltr'><strong><em>Oportet</em></strong></span> 
     </span>
    </p>
   </div>
   <div class='ocr_carea' id='block_1_56' title="bbox 1992 2641 3662 2719">
    <p class='ocr_par' dir='ltr' id='par_1_56' title="bbox 1992 2641 3662 2719">
     <span class='ocr_line' id='line_1_56' title="bbox 1992 2641 3662 2719; baseline 0.008 -19"><span class='ocrx_word' id='word_1_397' title='bbox 1992 2645 2147 2700; x_wconf 80' lang='lat' dir='ltr'><strong><em>enim</em></strong></span> <span class='ocrx_word' id='word_1_398' title='bbox 2177 2658 2277 2699; x_wconf 90' lang='lat' dir='ltr'><strong><em>nos</em></strong></span> <span class='ocrx_word' id='word_1_399' title='bbox 2305 2647 2645 2703; x_wconf 87' lang='lat' dir='ltr'><strong><em>orationibus</em></strong></span> <span class='ocrx_word' id='word_1_400' title='bbox 2674 2649 2911 2718; x_wconf 89' lang='lat' dir='ltr'><strong><em>primum</em></strong></span> <span class='ocrx_word' id='word_1_401' title='bbox 2944 2651 2997 2705; x_wconf 91' lang='lat' dir='ltr'><strong><em>in</em></strong></span> <span class='ocrx_word' id='word_1_402' title='bbox 3044 2667 3188 2719; x_wconf 87' lang='lat' dir='ltr'><strong><em>eam,</em></strong></span> <span class='ocrx_word' id='word_1_403' title='bbox 3217 2666 3275 2710; x_wconf 79' lang='lat' dir='ltr'><strong><em>ut</em></strong></span> <span class='ocrx_word' id='word_1_404' title='bbox 3318 2655 3585 2713; x_wconf 90' lang='lat' dir='ltr'><strong><em>bonorum</em></strong></span> <span class='ocrx_word' id='word_1_405' title='bbox 3652 2641 3662 2649; x_wconf 62' lang='grc'><strong>’</strong></span> 
     </span>
    </p>
   </div>
   <div class='ocr_carea' id='block_1_57' title="bbox 2002 2735 3586 2814">
    <p class='ocr_par' dir='ltr' id='par_1_57' title="bbox 2002 2735 3586 2814">
     <span class='ocr_line' id='line_1_57' title="bbox 2002 2735 3586 2814; baseline 0.011 -26"><span class='ocrx_word' id='word_1_406' title='bbox 2002 2735 2342 2806; x_wconf 82' lang='lat' dir='ltr'><strong><em>principium,</em></strong></span> <span class='ocrx_word' id='word_1_407' title='bbox 2370 2738 2580 2804; x_wconf 82' lang='lat' dir='ltr'><strong><em>reduci,</em></strong></span> <span class='ocrx_word' id='word_1_408' title='bbox 2602 2748 2656 2795; x_wconf 91' lang='lat' dir='ltr'><strong><em>et</em></strong></span> <span class='ocrx_word' id='word_1_409' title='bbox 2673 2741 2843 2812; x_wconf 76' lang='lat' dir='ltr'><strong><em>magis</em></strong></span> <span class='ocrx_word' id='word_1_410' title='bbox 2858 2743 2906 2796; x_wconf 92' lang='lat' dir='ltr'><strong><em>ei</em></strong></span> <span class='ocrx_word' id='word_1_411' title='bbox 2932 2746 3388 2814; x_wconf 83' lang='lat' dir='ltr'><strong><em>appmximantes,</em></strong></span> <span class='ocrx_word' id='word_1_412' title='bbox 3414 2748 3465 2803; x_wconf 91' lang='lat' dir='ltr'><strong><em>in</em></strong></span> <span class='ocrx_word' id='word_1_413' title='bbox 3482 2750 3586 2805; x_wconf 89' lang='lat' dir='ltr'><strong><em>hoc</em></strong></span> 
     </span>
    </p>
   </div>
   <div class='ocr_carea' id='block_1_58' title="bbox 2004 2826 3588 2909">
    <p class='ocr_par' dir='ltr' id='par_1_58' title="bbox 2004 2826 3588 2909">
     <span class='ocr_line' id='line_1_58' title="bbox 2004 2826 3588 2909; baseline 0.008 -27"><span class='ocrx_word' id='word_1_414' title='bbox 2004 2826 2182 2882; x_wconf 88' lang='lat' dir='ltr'><strong><em>doceri</em></strong></span> <span class='ocrx_word' id='word_1_415' title='bbox 2209 2826 2413 2896; x_wconf 87' lang='lat' dir='ltr'><strong><em>optima</em></strong></span> <span class='ocrx_word' id='word_1_416' title='bbox 2437 2828 2576 2884; x_wconf 87' lang='lat' dir='ltr'><strong><em>dona</em></strong></span> <span class='ocrx_word' id='word_1_417' title='bbox 2608 2831 2753 2887; x_wconf 85' lang='lat' dir='ltr'><strong><em>circa</em></strong></span> <span class='ocrx_word' id='word_1_418' title='bbox 2776 2847 2896 2888; x_wconf 90' lang='lat' dir='ltr'><strong><em>eam</em></strong></span> <span class='ocrx_word' id='word_1_419' title='bbox 2914 2834 3198 2890; x_wconf 90' lang='lat' dir='ltr'><strong><em>collocata.</em></strong></span> <span class='ocrx_word' id='word_1_420' title='bbox 3230 2834 3442 2893; x_wconf 85' lang='lat' dir='ltr'><strong><em>Etenim</em></strong></span> <span class='ocrx_word' id='word_1_421' title='bbox 3472 2839 3588 2909; x_wconf 90' lang='lat' dir='ltr'><strong><em>ipsa</em></strong></span> 
     </span>
    </p>
   </div>
   <div class='ocr_carea' id='block_1_59' title="bbox 2000 2918 3586 2988">
    <p class='ocr_par' dir='ltr' id='par_1_59' title="bbox 2000 2918 3586 2988">
     <span class='ocr_line' id='line_1_59' title="bbox 2000 2918 3586 2988; baseline 0.009 -17"><span class='ocrx_word' id='word_1_422' title='bbox 2000 2918 2219 2988; x_wconf 79' lang='lat' dir='ltr'><strong><em>quidem</em></strong></span> <span class='ocrx_word' id='word_1_423' title='bbox 2251 2920 2503 2975; x_wconf 88' lang='lat' dir='ltr'><strong><em>omnibus</em></strong></span> <span class='ocrx_word' id='word_1_424' title='bbox 2531 2922 2703 2987; x_wconf 83' lang='lat' dir='ltr'><strong><em>adest,</em></strong></span> <span class='ocrx_word' id='word_1_425' title='bbox 2750 2939 2855 2979; x_wconf 83' lang='lat' dir='ltr'><strong><em>non</em></strong></span> <span class='ocrx_word' id='word_1_426' title='bbox 2886 2925 3065 2980; x_wconf 84' lang='lat' dir='ltr'><strong><em>omnia</em></strong></span> <span class='ocrx_word' id='word_1_427' title='bbox 3093 2941 3221 2982; x_wconf 85' lang='lat' dir='ltr'><strong><em>vero</em></strong></span> <span class='ocrx_word' id='word_1_428' title='bbox 3268 2927 3316 2983; x_wconf 90' lang='lat' dir='ltr'><strong><em>ei</em></strong></span> <span class='ocrx_word' id='word_1_429' title='bbox 3366 2929 3586 2987; x_wconf 72' lang='lat' dir='ltr'><strong><em>adsunt.</em></strong></span> 
     </span>
    </p>
   </div>
   <div class='ocr_carea' id='block_1_60' title="bbox 2004 3008 3585 3090">
    <p class='ocr_par' dir='ltr' id='par_1_60' title="bbox 2004 3008 3585 3090">
     <span class='ocr_line' id='line_1_60' title="bbox 2004 3008 3585 3090; baseline 0.009 -28"><span class='ocrx_word' id='word_1_430' title='bbox 2004 3008 2158 3064; x_wconf 85' lang='lat' dir='ltr'><strong><em>Tunc</em></strong></span> <span class='ocrx_word' id='word_1_431' title='bbox 2178 3016 2380 3075; x_wconf 87' lang='lat' dir='ltr'><strong><em>autem,</em></strong></span> <span class='ocrx_word' id='word_1_432' title='bbox 2397 3024 2519 3064; x_wconf 90' lang='lat' dir='ltr'><strong><em>cum</em></strong></span> <span class='ocrx_word' id='word_1_433' title='bbox 2547 3025 2666 3065; x_wconf 86' lang='lat' dir='ltr'><strong><em>eam</em></strong></span> <span class='ocrx_word' id='word_1_434' title='bbox 2695 3011 3345 3074; x_wconf 82' lang='lat' dir='ltr'><strong><em>invocamuscastissimis</em></strong></span> <span class='ocrx_word' id='word_1_435' title='bbox 3367 3021 3585 3090; x_wconf 84' lang='lat' dir='ltr'><strong><em>quidem</em></strong></span> 
     </span>
    </p>
   </div>
   <div class='ocr_carea' id='block_1_61' title="bbox 312 3095 3584 3175">
    <p class='ocr_par' dir='ltr' id='par_1_61' title="bbox 312 3095 3584 3175">
     <span class='ocr_line' id='line_1_61' title="bbox 312 3095 3584 3175; baseline 0.005 -20"><span class='ocrx_word' id='word_1_436' title='bbox 312 3095 373 3155; x_wconf 73' lang='grc' dir='ltr'><strong><em>ὃν</em></strong></span> <span class='ocrx_word' id='word_1_437' title='bbox 424 3099 551 3153; x_wconf 88' lang='lat' dir='ltr'><strong><em>illud</em></strong></span> <span class='ocrx_word' id='word_1_438' title='bbox 598 3117 666 3156; x_wconf 83' lang='lat' dir='ltr'><strong><em>ex</em></strong></span> <span class='ocrx_word' id='word_1_439' title='bbox 716 3118 774 3157; x_wconf 90' lang='lat' dir='ltr'><strong><em>se</em></strong></span> <span class='ocrx_word' id='word_1_440' title='bbox 836 3104 1158 3159; x_wconf 89' lang='lat' dir='ltr'><strong><em>adductione</em></strong></span> <span class='ocrx_word' id='word_1_441' title='bbox 1197 3104 1487 3159; x_wconf 88' lang='lat' dir='ltr'><strong><em>multorum</em></strong></span> <span class='ocrx_word' id='word_1_442' title='bbox 1548 3105 1897 3161; x_wconf 73' lang='lat' dir='ltr'><strong><em>existentiutn</em></strong></span> <span class='ocrx_word' id='word_1_443' title='bbox 1925 3104 1970 3167; x_wconf 86' lang='lat' dir='ltr'>C</span> <span class='ocrx_word' id='word_1_444' title='bbox 2000 3101 2362 3167; x_wconf 78' lang='lat' dir='ltr'><strong><em>orationibus,</em></strong></span> <span class='ocrx_word' id='word_1_445' title='bbox 2388 3102 2633 3158; x_wconf 79' lang='lat' dir='ltr'><strong><em>revoluto</em></strong></span> <span class='ocrx_word' id='word_1_446' title='bbox 2654 3120 2867 3175; x_wconf 86' lang='lat' dir='ltr'><strong><em>quoque</em></strong></span> <span class='ocrx_word' id='word_1_447' title='bbox 2907 3108 3107 3173; x_wconf 86' lang='lat' dir='ltr'><strong><em>animo,</em></strong></span> <span class='ocrx_word' id='word_1_448' title='bbox 3135 3119 3190 3164; x_wconf 90' lang='lat' dir='ltr'><strong><em>et</em></strong></span> <span class='ocrx_word' id='word_1_449' title='bbox 3233 3110 3299 3165; x_wconf 87' lang='lat' dir='ltr'><strong><em>ad</em></strong></span> <span class='ocrx_word' id='word_1_450' title='bbox 3346 3112 3584 3171; x_wconf 83' lang='lat' dir='ltr'><strong><em>divinam</em></strong></span> 
     </span>
    </p>
   </div>
   <div class='ocr_carea' id='block_1_62' title="bbox 316 3191 1901 3260">
    <p class='ocr_par' dir='ltr' id='par_1_62' title="bbox 316 3191 1901 3260">
     <span class='ocr_line' id='line_1_62' title="bbox 316 3191 1901 3260; baseline 0.008 -19"><span class='ocrx_word' id='word_1_451' title='bbox 316 3191 536 3258; x_wconf 84' lang='lat' dir='ltr'><strong><em>quidem</em></strong></span> <span class='ocrx_word' id='word_1_452' title='bbox 581 3193 650 3247; x_wconf 89' lang='lat' dir='ltr'><strong><em>ab</em></strong></span> <span class='ocrx_word' id='word_1_453' title='bbox 689 3203 846 3260; x_wconf 87' lang='lat' dir='ltr'><strong><em>ante,</em></strong></span> <span class='ocrx_word' id='word_1_454' title='bbox 879 3195 1013 3250; x_wconf 85' lang='lat' dir='ltr'><strong><em>nihil</em></strong></span> <span class='ocrx_word' id='word_1_455' title='bbox 1062 3197 1242 3253; x_wconf 88' lang='lat' dir='ltr'><strong><em>minus</em></strong></span> <span class='ocrx_word' id='word_1_456' title='bbox 1285 3196 1376 3252; x_wconf 90' lang='lat' dir='ltr'><strong><em>illo</em></strong></span> <span class='ocrx_word' id='word_1_457' title='bbox 1403 3205 1458 3253; x_wconf 89' lang='lat' dir='ltr'><strong><em>et</em></strong></span> <span class='ocrx_word' id='word_1_458' title='bbox 1501 3213 1609 3254; x_wconf 91' lang='lat' dir='ltr'><strong><em>uno</em></strong></span> <span class='ocrx_word' id='word_1_459' title='bbox 1636 3199 1691 3253; x_wconf 92' lang='lat' dir='ltr'><strong><em>in</em></strong></span> <span class='ocrx_word' id='word_1_460' title='bbox 1720 3198 1901 3253; x_wconf 88' lang='lat' dir='ltr'><strong><em>multi-</em></strong></span> 
     </span>
    </p>
   </div>
   <div class='ocr_carea' id='block_1_63' title="bbox 315 3281 1902 3362">
    <p class='ocr_par' dir='ltr' id='par_1_63' title="bbox 315 3281 1902 3362">
     <span class='ocr_line' id='line_1_63' title="bbox 315 3281 1902 3362; baseline 0.009 -30"><span class='ocrx_word' id='word_1_461' title='bbox 315 3281 629 3350; x_wconf 87' lang='lat' dir='ltr'><strong><em>plicatione,</em></strong></span> <span class='ocrx_word' id='word_1_462' title='bbox 656 3292 712 3339; x_wconf 94' lang='lat' dir='ltr'><strong><em>et</em></strong></span> <span class='ocrx_word' id='word_1_463' title='bbox 741 3287 978 3342; x_wconf 88' lang='lat' dir='ltr'><strong><em>adunato</em></strong></span> <span class='ocrx_word' id='word_1_464' title='bbox 1011 3288 1168 3359; x_wconf 79' lang='lat' dir='ltr'><strong><em>juxta</em></strong></span> <span class='ocrx_word' id='word_1_465' title='bbox 1200 3290 1597 3359; x_wconf 88' lang='lat' dir='ltr'><strong><em>processionem</em></strong></span> <span class='ocrx_word' id='word_1_466' title='bbox 1618 3330 1633 3355; x_wconf 90' lang='lat'><strong><em>,</em></strong></span> <span class='ocrx_word' id='word_1_467' title='bbox 1663 3302 1718 3346; x_wconf 85' lang='lat' dir='ltr'><strong><em>et</em></strong></span> <span class='ocrx_word' id='word_1_468' title='bbox 1742 3291 1902 3362; x_wconf 84' lang='lat' dir='ltr'><strong><em>pleno</em></strong></span> 
     </span>
    </p>
   </div>
   <div class='ocr_carea' id='block_1_64' title="bbox 318 3372 1903 3453">
    <p class='ocr_par' dir='ltr' id='par_1_64' title="bbox 318 3372 1903 3453">
     <span class='ocr_line' id='line_1_64' title="bbox 318 3372 1903 3453; baseline 0.008 -28"><span class='ocrx_word' id='word_1_469' title='bbox 318 3372 376 3426; x_wconf 88' lang='lat' dir='ltr'><strong><em>in</em></strong></span> <span class='ocrx_word' id='word_1_470' title='bbox 426 3375 793 3443; x_wconf 86' lang='lat' dir='ltr'><strong><em>discretione,</em></strong></span> <span class='ocrx_word' id='word_1_471' title='bbox 831 3380 1084 3435; x_wconf 89' lang='lat' dir='ltr'><strong><em>omnibus</em></strong></span> <span class='ocrx_word' id='word_1_472' title='bbox 1116 3381 1382 3447; x_wconf 88' lang='lat' dir='ltr'><strong><em>essendo,</em></strong></span> <span class='ocrx_word' id='word_1_473' title='bbox 1434 3397 1575 3453; x_wconf 86' lang='lat' dir='ltr'><strong><em>quae</em></strong></span> <span class='ocrx_word' id='word_1_474' title='bbox 1620 3390 1744 3438; x_wconf 88' lang='lat' dir='ltr'><strong><em>sunt</em></strong></span> <span class='ocrx_word' id='word_1_475' title='bbox 1769 3423 1783 3448; x_wconf 98' lang='lat'><strong><em>,</em></strong></span> <span class='ocrx_word' id='word_1_476' title='bbox 1812 3397 1903 3437; x_wconf 87' lang='lat' dir='ltr'><strong><em>su-</em></strong></span> 
     </span>
    </p>
   </div>
   <div class='ocr_carea' id='block_1_65' title="bbox 315 3469 1899 3538">
    <p class='ocr_par' dir='ltr' id='par_1_65' title="bbox 315 3469 1899 3538">
     <span class='ocr_line' id='line_1_65' title="bbox 315 3469 1899 3538; baseline 0.004 -18"><span class='ocrx_word' id='word_1_477' title='bbox 315 3469 783 3537; x_wconf 83' lang='lat' dir='ltr'><strong><em>peressentialiter</em></strong></span> <span class='ocrx_word' id='word_1_478' title='bbox 838 3480 1148 3538; x_wconf 83' lang='lat' dir='ltr'><strong><em>remotum,</em></strong></span> <span class='ocrx_word' id='word_1_479' title='bbox 1220 3482 1276 3528; x_wconf 89' lang='lat' dir='ltr'><strong><em>et</em></strong></span> <span class='ocrx_word' id='word_1_480' title='bbox 1348 3474 1598 3529; x_wconf 88' lang='lat' dir='ltr'><strong><em>clementi</em></strong></span> <span class='ocrx_word' id='word_1_481' title='bbox 1666 3482 1899 3528; x_wconf 78' lang='lat' dir='ltr'><strong><em>tutorum</em></strong></span> 
     </span>
    </p>
   </div>
   <div class='ocr_carea' id='block_1_66' title="bbox 314 3559 1901 3627">
    <p class='ocr_par' dir='ltr' id='par_1_66' title="bbox 314 3559 1901 3627">
     <span class='ocr_line' id='line_1_66' title="bbox 314 3559 1901 3627; baseline 0.004 -17"><span class='ocrx_word' id='word_1_482' title='bbox 314 3559 683 3627; x_wconf 86' lang='lat' dir='ltr'><strong><em>processione,</em></strong></span> <span class='ocrx_word' id='word_1_483' title='bbox 708 3570 890 3616; x_wconf 87' lang='lat' dir='ltr'><strong><em>etnon</em></strong></span> <span class='ocrx_word' id='word_1_484' title='bbox 922 3563 1189 3617; x_wconf 88' lang='lat' dir='ltr'><strong><em>minorata</em></strong></span> <span class='ocrx_word' id='word_1_485' title='bbox 1219 3561 1431 3620; x_wconf 81' lang='lat' dir='ltr'><strong><em>fusione</em></strong></span> <span class='ocrx_word' id='word_1_486' title='bbox 1460 3564 1901 3619; x_wconf 87' lang='lat' dir='ltr'><strong><em>indiminutarum</em></strong></span> 
     </span>
    </p>
   </div>
   <div class='ocr_carea' id='block_1_67' title="bbox 272 3651 1902 3726">
    <p class='ocr_par' dir='ltr' id='par_1_67' title="bbox 272 3651 1902 3726">
     <span class='ocr_line' id='line_1_67' title="bbox 272 3651 1902 3726; baseline 0.002 -20"><span class='ocrx_word' id='word_1_487' title='bbox 272 3656 279 3659; x_wconf 78' lang='lat'>&#39;</span> <span class='ocrx_word' id='word_1_488' title='bbox 314 3651 402 3706; x_wconf 82' lang='lat' dir='ltr'><strong><em>sui</em></strong></span> <span class='ocrx_word' id='word_1_489' title='bbox 442 3652 808 3708; x_wconf 87' lang='lat' dir='ltr'><strong><em>traditionum.</em></strong></span> <span class='ocrx_word' id='word_1_490' title='bbox 858 3652 966 3709; x_wconf 87' lang='lat' dir='ltr'><strong><em>Sed</em></strong></span> <span class='ocrx_word' id='word_1_491' title='bbox 996 3665 1051 3709; x_wconf 91' lang='lat' dir='ltr'><strong><em>et</em></strong></span> <span class='ocrx_word' id='word_1_492' title='bbox 1080 3671 1245 3710; x_wconf 89' lang='lat' dir='ltr'><strong><em>unum</em></strong></span> <span class='ocrx_word' id='word_1_493' title='bbox 1291 3662 1380 3721; x_wconf 79' lang='grc' dir='ltr'><strong><em>ὧν,</em></strong></span> <span class='ocrx_word' id='word_1_494' title='bbox 1422 3664 1477 3711; x_wconf 90' lang='lat' dir='ltr'><strong><em>ct</em></strong></span> <span class='ocrx_word' id='word_1_495' title='bbox 1501 3656 1648 3710; x_wconf 88' lang='lat' dir='ltr'><strong><em>omni</em></strong></span> <span class='ocrx_word' id='word_1_496' title='bbox 1680 3655 1820 3726; x_wconf 89' lang='lat' dir='ltr'><strong><em>parti</em></strong></span> <span class='ocrx_word' id='word_1_497' title='bbox 1848 3664 1902 3710; x_wconf 91' lang='lat' dir='ltr'><strong><em>et</em></strong></span> 
     </span>
    </p>
   </div>
   <div class='ocr_carea' id='block_1_68' title="bbox 309 3740 1905 3810">
    <p class='ocr_par' dir='ltr' id='par_1_68' title="bbox 309 3740 1905 3810">
     <span class='ocr_line' id='line_1_68' title="bbox 309 3740 1905 3810; baseline 0.004 -15"><span class='ocrx_word' id='word_1_498' title='bbox 309 3741 437 3805; x_wconf 73' lang='lat' dir='ltr'><strong><em>toti,</em></strong></span> <span class='ocrx_word' id='word_1_499' title='bbox 474 3754 529 3794; x_wconf 87' lang='lat' dir='ltr'><strong><em>et</em></strong></span> <span class='ocrx_word' id='word_1_500' title='bbox 556 3746 647 3796; x_wconf 92' lang='lat' dir='ltr'><strong><em>uni</em></strong></span> <span class='ocrx_word' id='word_1_501' title='bbox 678 3754 731 3797; x_wconf 91' lang='lat' dir='ltr'><strong><em>et</em></strong></span> <span class='ocrx_word' id='word_1_502' title='bbox 760 3740 1110 3810; x_wconf 89' lang='lat' dir='ltr'><strong><em>multitudini,</em></strong></span> <span class='ocrx_word' id='word_1_503' title='bbox 1138 3744 1207 3800; x_wconf 87' lang='lat' dir='ltr'><strong><em>ab</em></strong></span> <span class='ocrx_word' id='word_1_504' title='bbox 1232 3760 1340 3799; x_wconf 89' lang='lat' dir='ltr'><strong><em>uno</em></strong></span> <span class='ocrx_word' id='word_1_505' title='bbox 1365 3746 1601 3809; x_wconf 89' lang='lat' dir='ltr'><strong><em>tradens,</em></strong></span> <span class='ocrx_word' id='word_1_506' title='bbox 1632 3761 1797 3800; x_wconf 89' lang='lat' dir='ltr'><strong><em>unum</em></strong></span> <span class='ocrx_word' id='word_1_507' title='bbox 1818 3756 1905 3801; x_wconf 84' lang='lat' dir='ltr'><strong><em>est</em></strong></span> 
     </span>
    </p>
   </div>
   <div class='ocr_carea' id='block_1_69' title="bbox 308 3832 1898 3907">
    <p class='ocr_par' dir='ltr' id='par_1_69' title="bbox 308 3832 1898 3907">
     <span class='ocr_line' id='line_1_69' title="bbox 308 3832 1898 3907; baseline 0.003 -22"><span class='ocrx_word' id='word_1_508' title='bbox 308 3832 509 3886; x_wconf 78' lang='lat' dir='ltr'><strong><em>eodem</em></strong></span> <span class='ocrx_word' id='word_1_509' title='bbox 540 3832 699 3887; x_wconf 89' lang='lat' dir='ltr'><strong><em>modo</em></strong></span> <span class='ocrx_word' id='word_1_510' title='bbox 734 3836 1293 3905; x_wconf 87' lang='lat' dir='ltr'><strong><em>superesseutiatiter,</em></strong></span> <span class='ocrx_word' id='word_1_511' title='bbox 1323 3848 1496 3907; x_wconf 89' lang='lat' dir='ltr'><strong><em>neque</em></strong></span> <span class='ocrx_word' id='word_1_512' title='bbox 1523 3851 1649 3907; x_wconf 89' lang='lat' dir='ltr'><strong><em>pars</em></strong></span> <span class='ocrx_word' id='word_1_513' title='bbox 1671 3833 1729 3892; x_wconf 77' lang='grc' dir='ltr'><strong><em>ὅν</em></strong></span> <span class='ocrx_word' id='word_1_514' title='bbox 1760 3836 1898 3890; x_wconf 86' lang='lat' dir='ltr'><strong><em>mul-</em></strong></span> 
     </span>
    </p>
   </div>
   <div class='ocr_carea' id='block_1_70' title="bbox 312 3924 1901 3996">
    <p class='ocr_par' dir='ltr' id='par_1_70' title="bbox 312 3924 1901 3996">
     <span class='ocr_line' id='line_1_70' title="bbox 312 3924 1901 3996; baseline 0.003 -17"><span class='ocrx_word' id='word_1_515' title='bbox 312 3924 600 3986; x_wconf 83' lang='lat' dir='ltr'><strong><em>titudinis,</em></strong></span> <span class='ocrx_word' id='word_1_516' title='bbox 646 3940 822 3995; x_wconf 87' lang='lat' dir='ltr'><strong><em>neque</em></strong></span> <span class='ocrx_word' id='word_1_517' title='bbox 855 3941 922 3981; x_wconf 86' lang='lat' dir='ltr'><strong><em>ex</em></strong></span> <span class='ocrx_word' id='word_1_518' title='bbox 975 3926 1218 3996; x_wconf 87' lang='lat' dir='ltr'><strong><em>partibus</em></strong></span> <span class='ocrx_word' id='word_1_519' title='bbox 1259 3936 1428 3981; x_wconf 91' lang='lat' dir='ltr'><strong><em>totum</em></strong></span> <span class='ocrx_word' id='word_1_520' title='bbox 1454 3967 1469 3991; x_wconf 92' lang='lat'><strong><em>,</em></strong></span> <span class='ocrx_word' id='word_1_521' title='bbox 1507 3934 1561 3981; x_wconf 90' lang='lat' dir='ltr'><strong><em>et</em></strong></span> <span class='ocrx_word' id='word_1_522' title='bbox 1602 3926 1682 3983; x_wconf 91' lang='lat' dir='ltr'><strong><em>sic</em></strong></span> <span class='ocrx_word' id='word_1_523' title='bbox 1726 3941 1901 3996; x_wconf 89' lang='lat' dir='ltr'><strong><em>neque</em></strong></span> 
     </span>
    </p>
   </div>
   <div class='ocr_carea' id='block_1_71' title="bbox 319 4015 1902 4088">
    <p class='ocr_par' dir='ltr' id='par_1_71' title="bbox 319 4015 1902 4088">
     <span class='ocr_line' id='line_1_71' title="bbox 319 4015 1902 4088; baseline 0.004 -22"><span class='ocrx_word' id='word_1_524' title='bbox 319 4029 487 4067; x_wconf 90' lang='lat' dir='ltr'><strong><em>unum</em></strong></span> <span class='ocrx_word' id='word_1_525' title='bbox 525 4023 626 4079; x_wconf 90' lang='lat' dir='ltr'><strong><em>est,</em></strong></span> <span class='ocrx_word' id='word_1_526' title='bbox 653 4029 828 4084; x_wconf 90' lang='lat' dir='ltr'><strong><em>neque</em></strong></span> <span class='ocrx_word' id='word_1_527' title='bbox 854 4030 1018 4070; x_wconf 92' lang='lat' dir='ltr'><strong><em>unum</em></strong></span> <span class='ocrx_word' id='word_1_528' title='bbox 1061 4017 1241 4072; x_wconf 87' lang='lat' dir='ltr'><strong><em>habet.</em></strong></span> <span class='ocrx_word' id='word_1_529' title='bbox 1272 4015 1456 4088; x_wconf 80' lang='lat' dir='ltr'><strong><em>Longe</em></strong></span> <span class='ocrx_word' id='word_1_530' title='bbox 1485 4017 1629 4073; x_wconf 90' lang='lat' dir='ltr'><strong><em>enim</em></strong></span> <span class='ocrx_word' id='word_1_531' title='bbox 1658 4018 1680 4049; x_wconf 83' lang='grc'><strong><em>⁸</em></strong></span> <span class='ocrx_word' id='word_1_532' title='bbox 1708 4018 1792 4073; x_wconf 89' lang='lat' dir='ltr'><strong><em>his</em></strong></span> <span class='ocrx_word' id='word_1_533' title='bbox 1821 4027 1902 4073; x_wconf 88' lang='lat' dir='ltr'><strong><em>est</em></strong></span> 
     </span>
    </p>
   </div>
   <div class='ocr_carea' id='block_1_72' title="bbox 317 4108 1901 4179">
    <p class='ocr_par' dir='ltr' id='par_1_72' title="bbox 317 4108 1901 4179">
     <span class='ocr_line' id='line_1_72' title="bbox 317 4108 1901 4179; baseline 0.006 -20"><span class='ocrx_word' id='word_1_534' title='bbox 317 4119 483 4174; x_wconf 87' lang='lat' dir='ltr'><strong><em>super</em></strong></span> <span class='ocrx_word' id='word_1_535' title='bbox 509 4121 697 4173; x_wconf 90' lang='lat' dir='ltr'><strong><em>unum,</em></strong></span> <span class='ocrx_word' id='word_1_536' title='bbox 730 4108 798 4161; x_wconf 85' lang='lat' dir='ltr'><strong><em>ab</em></strong></span> <span class='ocrx_word' id='word_1_537' title='bbox 843 4108 928 4163; x_wconf 92' lang='lat' dir='ltr'><strong><em>his</em></strong></span> <span class='ocrx_word' id='word_1_538' title='bbox 961 4124 1099 4179; x_wconf 86' lang='lat' dir='ltr'><strong><em>quae</em></strong></span> <span class='ocrx_word' id='word_1_539' title='bbox 1142 4118 1267 4166; x_wconf 90' lang='lat' dir='ltr'><strong><em>sunt</em></strong></span> <span class='ocrx_word' id='word_1_540' title='bbox 1305 4126 1503 4174; x_wconf 91' lang='lat' dir='ltr'><strong><em>unum,</em></strong></span> <span class='ocrx_word' id='word_1_541' title='bbox 1534 4120 1588 4166; x_wconf 90' lang='lat' dir='ltr'><strong><em>et</em></strong></span> <span class='ocrx_word' id='word_1_542' title='bbox 1617 4111 1901 4167; x_wconf 88' lang='lat' dir='ltr'><strong><em>multitudo</em></strong></span> 
     </span>
    </p>
   </div>
   <div class='ocr_carea' id='block_1_73' title="bbox 316 4196 1900 4274">
    <p class='ocr_par' dir='ltr' id='par_1_73' title="bbox 316 4196 1900 4274">
     <span class='ocr_line' id='line_1_73' title="bbox 316 4196 1900 4274; baseline 0.006 -25"><span class='ocrx_word' id='word_1_543' title='bbox 316 4196 669 4265; x_wconf 85' lang='lat' dir='ltr'><strong><em>impartibilc,</em></strong></span> <span class='ocrx_word' id='word_1_544' title='bbox 702 4199 822 4255; x_wconf 83' lang='lat' dir='ltr'><strong><em>sine</em></strong></span> <span class='ocrx_word' id='word_1_545' title='bbox 862 4201 1198 4268; x_wconf 85' lang='lat' dir='ltr'><strong><em>plenitudine</em></strong></span> <span class='ocrx_word' id='word_1_546' title='bbox 1234 4203 1710 4274; x_wconf 88' lang='lat' dir='ltr'><strong><em>superpleuitudo,</em></strong></span> <span class='ocrx_word' id='word_1_547' title='bbox 1738 4219 1900 4259; x_wconf 87' lang='lat' dir='ltr'><strong><em>omne</em></strong></span> 
     </span>
    </p>
   </div>
   <div class='ocr_carea' id='block_1_74' title="bbox 315 4288 1900 4364">
    <p class='ocr_par' dir='ltr' id='par_1_74' title="bbox 315 4288 1900 4364">
     <span class='ocr_line' id='line_1_74' title="bbox 315 4288 1900 4364; baseline 0.007 -25"><span class='ocrx_word' id='word_1_548' title='bbox 315 4302 483 4340; x_wconf 86' lang='lat' dir='ltr'><strong><em>unum</em></strong></span> <span class='ocrx_word' id='word_1_549' title='bbox 531 4297 587 4342; x_wconf 89' lang='lat' dir='ltr'><strong><em>et</em></strong></span> <span class='ocrx_word' id='word_1_550' title='bbox 636 4288 1031 4347; x_wconf 89' lang='lat' dir='ltr'><strong><em>multitudinem</em></strong></span> <span class='ocrx_word' id='word_1_551' title='bbox 1090 4294 1363 4349; x_wconf 85' lang='lat' dir='ltr'><strong><em>adducens</em></strong></span> <span class='ocrx_word' id='word_1_552' title='bbox 1409 4302 1462 4348; x_wconf 90' lang='lat' dir='ltr'><strong><em>et</em></strong></span> <span class='ocrx_word' id='word_1_553' title='bbox 1513 4294 1799 4364; x_wconf 82' lang='lat' dir='ltr'><strong><em>perliciens</em></strong></span> <span class='ocrx_word' id='word_1_554' title='bbox 1846 4303 1900 4350; x_wconf 87' lang='lat' dir='ltr'><strong><em>et</em></strong></span> 
     </span>
    </p>
   </div>
   <div class='ocr_carea' id='block_1_75' title="bbox 315 4378 1896 4439">
    <p class='ocr_par' dir='ltr' id='par_1_75' title="bbox 315 4378 1896 4439">
     <span class='ocr_line' id='line_1_75' title="bbox 315 4378 1896 4439; baseline 0.006 -9"><span class='ocrx_word' id='word_1_555' title='bbox 315 4380 626 4433; x_wconf 86' lang='lat' dir='ltr'><strong><em>continens.</em></strong></span> <span class='ocrx_word' id='word_1_556' title='bbox 672 4378 873 4434; x_wconf 87' lang='lat' dir='ltr'><strong><em>lterqu</em></strong></span> <span class='ocrx_word' id='word_1_557' title='bbox 905 4397 970 4436; x_wconf 83' lang='lat' dir='ltr'><strong><em>ex</em></strong></span> <span class='ocrx_word' id='word_1_558' title='bbox 1011 4397 1068 4437; x_wconf 90' lang='lat' dir='ltr'><strong><em>se</em></strong></span> <span class='ocrx_word' id='word_1_559' title='bbox 1095 4383 1434 4439; x_wconf 82' lang='lat' dir='ltr'><strong><em>deiﬁcatione</em></strong></span> <span class='ocrx_word' id='word_1_560' title='bbox 1463 4384 1757 4439; x_wconf 87' lang='lat' dir='ltr'><strong><em>secundum</em></strong></span> <span class='ocrx_word' id='word_1_561' title='bbox 1788 4384 1896 4439; x_wconf 80' lang='lat' dir='ltr'><strong><em>vir-</em></strong></span> 
     </span>
    </p>
   </div>
   <div class='ocr_carea' id='block_1_76' title="bbox 2002 3191 3575 3262">
    <p class='ocr_par' dir='ltr' id='par_1_76' title="bbox 2002 3191 3575 3262">
     <span class='ocr_line' id='line_1_76' title="bbox 2002 3191 3575 3262; baseline 0.009 -18"><span class='ocrx_word' id='word_1_562' title='bbox 2002 3191 2266 3247; x_wconf 69' lang='lat' dir='ltr'><strong><em>uuitatetl</em></strong></span> <span class='ocrx_word' id='word_1_563' title='bbox 2312 3194 2736 3262; x_wconf 67' lang='lat' dir='ltr'><strong><em>Opportunitate,</em></strong></span> <span class='ocrx_word' id='word_1_564' title='bbox 2771 3204 2897 3251; x_wconf 80' lang='lat' dir='ltr'><strong><em>tunc</em></strong></span> <span class='ocrx_word' id='word_1_565' title='bbox 2944 3205 2999 3252; x_wconf 92' lang='lat' dir='ltr'><strong><em>et</em></strong></span> <span class='ocrx_word' id='word_1_566' title='bbox 3051 3214 3150 3255; x_wconf 80' lang='lat' dir='ltr'><strong><em>nos</em></strong></span> <span class='ocrx_word' id='word_1_567' title='bbox 3193 3202 3240 3256; x_wconf 87' lang='lat' dir='ltr'><strong><em>ei</em></strong></span> <span class='ocrx_word' id='word_1_568' title='bbox 3298 3202 3575 3259; x_wconf 88' lang='lat' dir='ltr'><strong><em>adsumus.</em></strong></span> 
     </span>
    </p>
   </div>
   <div class='ocr_carea' id='block_1_77' title="bbox 2000 3282 3582 3360">
    <p class='ocr_par' dir='ltr' id='par_1_77' title="bbox 2000 3282 3582 3360">
     <span class='ocr_line' id='line_1_77' title="bbox 2000 3282 3582 3360; baseline 0.007 -22"><span class='ocrx_word' id='word_1_569' title='bbox 2000 3282 2119 3353; x_wconf 84' lang='lat' dir='ltr'><strong><em>Ipsa</em></strong></span> <span class='ocrx_word' id='word_1_570' title='bbox 2148 3284 2290 3338; x_wconf 91' lang='lat' dir='ltr'><strong><em>enim</em></strong></span> <span class='ocrx_word' id='word_1_571' title='bbox 2320 3300 2493 3355; x_wconf 89' lang='lat' dir='ltr'><strong><em>neque</em></strong></span> <span class='ocrx_word' id='word_1_572' title='bbox 2526 3285 2578 3339; x_wconf 92' lang='lat' dir='ltr'><strong><em>in</em></strong></span> <span class='ocrx_word' id='word_1_573' title='bbox 2605 3284 2724 3341; x_wconf 88' lang='lat' dir='ltr'><strong><em>loco</em></strong></span> <span class='ocrx_word' id='word_1_574' title='bbox 2754 3296 2855 3349; x_wconf 80' lang='lat' dir='ltr'><strong><em>est,</em></strong></span> <span class='ocrx_word' id='word_1_575' title='bbox 2888 3295 2945 3341; x_wconf 91' lang='lat' dir='ltr'><strong><em>ut</em></strong></span> <span class='ocrx_word' id='word_1_576' title='bbox 2964 3297 3020 3343; x_wconf 87' lang='lat' dir='ltr'><strong><em>et</em></strong></span> <span class='ocrx_word' id='word_1_577' title='bbox 3048 3306 3077 3343; x_wconf 92' lang='lat' dir='ltr'><strong><em>a</em></strong></span> <span class='ocrx_word' id='word_1_578' title='bbox 3105 3290 3361 3360; x_wconf 88' lang='lat' dir='ltr'><strong><em>quodam,</em></strong></span> <span class='ocrx_word' id='word_1_579' title='bbox 3391 3303 3483 3347; x_wconf 87' lang='lat' dir='ltr'><strong><em>aut</em></strong></span> <span class='ocrx_word' id='word_1_580' title='bbox 3517 3310 3582 3349; x_wconf 78' lang='lat' dir='ltr'><strong><em>ex</em></strong></span> 
     </span>
    </p>
   </div>
   <div class='ocr_carea' id='block_1_78' title="bbox 2001 3374 3591 3442">
    <p class='ocr_par' dir='ltr' id='par_1_78' title="bbox 2001 3374 3591 3442">
     <span class='ocr_line' id='line_1_78' title="bbox 2001 3374 3591 3442; baseline 0.008 -14"><span class='ocrx_word' id='word_1_581' title='bbox 2001 3375 2120 3430; x_wconf 82' lang='lat' dir='ltr'><strong><em>aliis</em></strong></span> <span class='ocrx_word' id='word_1_582' title='bbox 2149 3375 2202 3429; x_wconf 93' lang='lat' dir='ltr'><strong><em>in</em></strong></span> <span class='ocrx_word' id='word_1_583' title='bbox 2230 3374 2333 3430; x_wconf 89' lang='lat' dir='ltr'><strong><em>alia</em></strong></span> <span class='ocrx_word' id='word_1_584' title='bbox 2364 3377 2740 3442; x_wconf 89' lang='lat' dir='ltr'><strong><em>transcendat;</em></strong></span> <span class='ocrx_word' id='word_1_585' title='bbox 2768 3377 2862 3432; x_wconf 91' lang='lat' dir='ltr'><strong><em>sed</em></strong></span> <span class='ocrx_word' id='word_1_586' title='bbox 2891 3387 2943 3433; x_wconf 88' lang='lat' dir='ltr'><strong><em>et</em></strong></span> <span class='ocrx_word' id='word_1_587' title='bbox 2970 3379 3022 3433; x_wconf 92' lang='lat' dir='ltr'><strong><em>in</em></strong></span> <span class='ocrx_word' id='word_1_588' title='bbox 3057 3380 3308 3438; x_wconf 84' lang='lat' dir='ltr'><strong><em>omnibus</em></strong></span> <span class='ocrx_word' id='word_1_589' title='bbox 3350 3384 3591 3440; x_wconf 82' lang='lat' dir='ltr'><strong><em>existen-</em></strong></span> 
     </span>
    </p>
   </div>
   <div class='ocr_carea' id='block_1_79' title="bbox 2003 3465 3584 3546">
    <p class='ocr_par' dir='ltr' id='par_1_79' title="bbox 2003 3465 3584 3546">
     <span class='ocr_line' id='line_1_79' title="bbox 2003 3465 3584 3546; baseline 0.008 -28"><span class='ocrx_word' id='word_1_590' title='bbox 2003 3465 2143 3519; x_wconf 86' lang='lat' dir='ltr'><strong><em>tibus</em></strong></span> <span class='ocrx_word' id='word_1_591' title='bbox 2193 3479 2313 3520; x_wconf 86' lang='lat' dir='ltr'><strong><em>eam</em></strong></span> <span class='ocrx_word' id='word_1_592' title='bbox 2356 3478 2502 3531; x_wconf 85' lang='lat' dir='ltr'><strong><em>esse,</em></strong></span> <span class='ocrx_word' id='word_1_593' title='bbox 2546 3466 2727 3523; x_wconf 89' lang='lat' dir='ltr'><strong><em>dicere</em></strong></span> <span class='ocrx_word' id='word_1_594' title='bbox 2772 3468 3116 3540; x_wconf 77' lang='lat' dir='ltr'><strong><em>relinquitur,</em></strong></span> <span class='ocrx_word' id='word_1_595' title='bbox 3158 3489 3320 3546; x_wconf 89' lang='lat' dir='ltr'><strong><em>super</em></strong></span> <span class='ocrx_word' id='word_1_596' title='bbox 3367 3477 3584 3541; x_wconf 84' lang='lat' dir='ltr'><strong><em>omnia,</em></strong></span> 
     </span>
    </p>
   </div>
   <div class='ocr_carea' id='block_1_80' title="bbox 2002 3547 3587 3640">
    <p class='ocr_par' dir='ltr' id='par_1_80' title="bbox 2002 3547 3587 3640">
     <span class='ocr_line' id='line_1_80' title="bbox 2002 3547 3587 3640; baseline 0.009 -29"><span class='ocrx_word' id='word_1_597' title='bbox 2002 3563 2057 3611; x_wconf 88' lang='lat' dir='ltr'><strong><em>et</em></strong></span> <span class='ocrx_word' id='word_1_598' title='bbox 2093 3559 2332 3612; x_wconf 90' lang='lat' dir='ltr'><strong><em>omnium</em></strong></span> <span class='ocrx_word' id='word_1_599' title='bbox 2372 3547 2818 3627; x_wconf 75' lang='lat' dir='ltr'><strong><em>comprehensiira</em></strong></span> <span class='ocrx_word' id='word_1_600' title='bbox 2858 3563 3237 3621; x_wconf 86' lang='lat' dir='ltr'><strong><em>multitudinis.</em></strong></span> <span class='ocrx_word' id='word_1_601' title='bbox 3281 3566 3388 3623; x_wconf 86' lang='lat' dir='ltr'><strong><em>Nos</em></strong></span> <span class='ocrx_word' id='word_1_602' title='bbox 3424 3570 3587 3640; x_wconf 82' lang='lat' dir='ltr'><strong><em>igitur</em></strong></span> 
     </span>
    </p>
   </div>
   <div class='ocr_carea' id='block_1_81' title="bbox 1998 3644 3589 3734">
    <p class='ocr_par' dir='ltr' id='par_1_81' title="bbox 1998 3644 3589 3734">
     <span class='ocr_line' id='line_1_81' title="bbox 1998 3644 3589 3734; baseline 0.011 -31"><span class='ocrx_word' id='word_1_603' title='bbox 1998 3644 2159 3719; x_wconf 66' lang='lat' dir='ltr'><strong><em>ipsos‘</em></strong></span> <span class='ocrx_word' id='word_1_604' title='bbox 2186 3650 2524 3707; x_wconf 86' lang='lat' dir='ltr'><strong><em>orationibus</em></strong></span> <span class='ocrx_word' id='word_1_605' title='bbox 2553 3654 2895 3711; x_wconf 80' lang='lat' dir='ltr'><strong><em>extendimus</em></strong></span> <span class='ocrx_word' id='word_1_606' title='bbox 2939 3657 2991 3711; x_wconf 89' lang='lat' dir='ltr'><strong><em>in</em></strong></span> <span class='ocrx_word' id='word_1_607' title='bbox 3032 3648 3337 3715; x_wconf 72' lang='lat' dir='ltr'><strong><em>divinoium</em></strong></span> <span class='ocrx_word' id='word_1_608' title='bbox 3368 3671 3421 3715; x_wconf 88' lang='lat' dir='ltr'><strong><em>et</em></strong></span> <span class='ocrx_word' id='word_1_609' title='bbox 3448 3665 3589 3734; x_wconf 84' lang='lat' dir='ltr'><strong><em>opti-</em></strong></span> 
     </span>
    </p>
   </div>
   <div class='ocr_carea' id='block_1_82' title="bbox 2004 3740 3584 3818">
    <p class='ocr_par' dir='ltr' id='par_1_82' title="bbox 2004 3740 3584 3818">
     <span class='ocr_line' id='line_1_82' title="bbox 2004 3740 3584 3818; baseline 0.011 -28"><span class='ocrx_word' id='word_1_610' title='bbox 2004 3752 2215 3792; x_wconf 82' lang='lat' dir='ltr'><strong><em>morum</em></strong></span> <span class='ocrx_word' id='word_1_611' title='bbox 2279 3740 2553 3795; x_wconf 87' lang='lat' dir='ltr'><strong><em>radiorum</em></strong></span> <span class='ocrx_word' id='word_1_612' title='bbox 2610 3742 2962 3800; x_wconf 80' lang='lat' dir='ltr'><strong><em>excelsiorem</em></strong></span> <span class='ocrx_word' id='word_1_613' title='bbox 3021 3757 3369 3818; x_wconf 80' lang='lat' dir='ltr'><strong><em>reSpectum;</em></strong></span> <span class='ocrx_word' id='word_1_614' title='bbox 3420 3754 3584 3808; x_wconf 73' lang='lat' dir='ltr'><strong><em>veluti</em></strong></span> 
     </span>
    </p>
   </div>
   <div class='ocr_carea' id='block_1_83' title="bbox 2002 3827 3587 3902">
    <p class='ocr_par' dir='ltr' id='par_1_83' title="bbox 2002 3827 3587 3902">
     <span class='ocr_line' id='line_1_83' title="bbox 2002 3827 3587 3902; baseline 0.011 -21"><span class='ocrx_word' id='word_1_615' title='bbox 2002 3827 2155 3883; x_wconf 91' lang='lat' dir='ltr'><strong><em>multi</em></strong></span> <span class='ocrx_word' id='word_1_616' title='bbox 2198 3828 2416 3886; x_wconf 92' lang='lat' dir='ltr'><strong><em>luminis</em></strong></span> <span class='ocrx_word' id='word_1_617' title='bbox 2483 3831 2844 3902; x_wconf 85' lang='lat' dir='ltr'><strong><em>splendorem,</em></strong></span> <span class='ocrx_word' id='word_1_618' title='bbox 2881 3851 2948 3891; x_wconf 82' lang='lat' dir='ltr'><strong><em>ex</em></strong></span> <span class='ocrx_word' id='word_1_619' title='bbox 2997 3839 3216 3894; x_wconf 87' lang='lat' dir='ltr'><strong><em>caelesti</em></strong></span> <span class='ocrx_word' id='word_1_620' title='bbox 3278 3845 3587 3899; x_wconf 88' lang='lat' dir='ltr'><strong><em>summitate</em></strong></span> 
     </span>
    </p>
   </div>
   <div class='ocr_carea' id='block_1_84' title="bbox 2003 3924 3588 4000">
    <p class='ocr_par' dir='ltr' id='par_1_84' title="bbox 2003 3924 3588 4000">
     <span class='ocr_line' id='line_1_84' title="bbox 2003 3924 3588 4000; baseline 0.009 -25"><span class='ocrx_word' id='word_1_621' title='bbox 2003 3935 2342 3991; x_wconf 90' lang='lat' dir='ltr'><strong><em>suspensum,</em></strong></span> <span class='ocrx_word' id='word_1_622' title='bbox 2372 3924 2425 3978; x_wconf 91' lang='lat' dir='ltr'><strong><em>in</em></strong></span> <span class='ocrx_word' id='word_1_623' title='bbox 2456 3940 2539 3988; x_wconf 89' lang='lat' dir='ltr'><strong><em>ea,</em></strong></span> <span class='ocrx_word' id='word_1_624' title='bbox 2574 3939 2714 3994; x_wconf 85' lang='lat' dir='ltr'><strong><em>quae</em></strong></span> <span class='ocrx_word' id='word_1_625' title='bbox 2747 3925 2834 3981; x_wconf 88' lang='lat' dir='ltr'><strong><em>hic</em></strong></span> <span class='ocrx_word' id='word_1_626' title='bbox 2880 3935 3029 3993; x_wconf 90' lang='lat' dir='ltr'><strong><em>sunt,</em></strong></span> <span class='ocrx_word' id='word_1_627' title='bbox 3067 3931 3501 4000; x_wconf 86' lang='lat' dir='ltr'><strong><em>pervenientem,</em></strong></span> <span class='ocrx_word' id='word_1_628' title='bbox 3532 3944 3588 3990; x_wconf 89' lang='lat' dir='ltr'><strong><em>et</em></strong></span> 
     </span>
    </p>
   </div>
   <div class='ocr_carea' id='block_1_85' title="bbox 2002 4014 3587 4094">
    <p class='ocr_par' dir='ltr' id='par_1_85' title="bbox 2002 4014 3587 4094">
     <span class='ocr_line' id='line_1_85' title="bbox 2002 4014 3587 4094; baseline 0.006 -25"><span class='ocrx_word' id='word_1_629' title='bbox 2002 4028 2216 4084; x_wconf 88' lang='lat' dir='ltr'><strong><em>semper</em></strong></span> <span class='ocrx_word' id='word_1_630' title='bbox 2235 4014 2354 4083; x_wconf 84' lang='lat' dir='ltr'><strong><em>ejus</em></strong></span> <span class='ocrx_word' id='word_1_631' title='bbox 2381 4015 2434 4069; x_wconf 93' lang='lat' dir='ltr'><strong><em>in</em></strong></span> <span class='ocrx_word' id='word_1_632' title='bbox 2462 4023 2811 4084; x_wconf 88' lang='lat' dir='ltr'><strong><em>conspectum</em></strong></span> <span class='ocrx_word' id='word_1_633' title='bbox 2842 4018 3092 4073; x_wconf 88' lang='lat' dir='ltr'><strong><em>manibus</em></strong></span> <span class='ocrx_word' id='word_1_634' title='bbox 3121 4021 3395 4077; x_wconf 90' lang='lat' dir='ltr'><strong><em>attributis</em></strong></span> <span class='ocrx_word' id='word_1_635' title='bbox 3424 4038 3587 4094; x_wconf 82' lang='lat' dir='ltr'><strong><em>agen-</em></strong></span> 
     </span>
    </p>
   </div>
   <div class='ocr_carea' id='block_1_86' title="bbox 2003 4107 3584 4181">
    <p class='ocr_par' dir='ltr' id='par_1_86' title="bbox 2003 4107 3584 4181">
     <span class='ocr_line' id='line_1_86' title="bbox 2003 4107 3584 4181; baseline 0.006 -19"><span class='ocrx_word' id='word_1_636' title='bbox 2003 4119 2106 4173; x_wconf 87' lang='lat' dir='ltr'><strong><em>tes,</em></strong></span> <span class='ocrx_word' id='word_1_637' title='bbox 2143 4107 2362 4162; x_wconf 89' lang='lat' dir='ltr'><strong><em>trahere</em></strong></span> <span class='ocrx_word' id='word_1_638' title='bbox 2414 4123 2531 4162; x_wconf 90' lang='lat' dir='ltr'><strong><em>eam</em></strong></span> <span class='ocrx_word' id='word_1_639' title='bbox 2576 4108 2793 4179; x_wconf 88' lang='lat' dir='ltr'><strong><em>quidem</em></strong></span> <span class='ocrx_word' id='word_1_640' title='bbox 2840 4117 3113 4181; x_wconf 89' lang='lat' dir='ltr'><strong><em>putamus,</em></strong></span> <span class='ocrx_word' id='word_1_641' title='bbox 3149 4114 3375 4169; x_wconf 88' lang='lat' dir='ltr'><strong><em>veritate</em></strong></span> <span class='ocrx_word' id='word_1_642' title='bbox 3405 4125 3584 4172; x_wconf 85' lang='lat' dir='ltr'><strong><em>autem</em></strong></span> 
     </span>
    </p>
   </div>
   <div class='ocr_carea' id='block_1_87' title="bbox 2002 4196 3584 4276">
    <p class='ocr_par' dir='ltr' id='par_1_87' title="bbox 2002 4196 3584 4276">
     <span class='ocr_line' id='line_1_87' title="bbox 2002 4196 3584 4276; baseline 0.005 -23"><span class='ocrx_word' id='word_1_643' title='bbox 2002 4214 2108 4253; x_wconf 86' lang='lat' dir='ltr'><strong><em>non</em></strong></span> <span class='ocrx_word' id='word_1_644' title='bbox 2149 4196 2464 4253; x_wconf 89' lang='lat' dir='ltr'><strong><em>deducimus</em></strong></span> <span class='ocrx_word' id='word_1_645' title='bbox 2497 4197 2664 4265; x_wconf 88' lang='lat' dir='ltr'><strong><em>illam,</em></strong></span> <span class='ocrx_word' id='word_1_646' title='bbox 2704 4208 2762 4255; x_wconf 90' lang='lat' dir='ltr'><strong><em>et</em></strong></span> <span class='ocrx_word' id='word_1_647' title='bbox 2788 4215 3002 4256; x_wconf 91' lang='lat' dir='ltr'><strong><em>sursum</em></strong></span> <span class='ocrx_word' id='word_1_648' title='bbox 3047 4210 3101 4257; x_wconf 91' lang='lat' dir='ltr'><strong><em>et</em></strong></span> <span class='ocrx_word' id='word_1_649' title='bbox 3146 4203 3396 4259; x_wconf 91' lang='lat' dir='ltr'><strong><em>deorsum</em></strong></span> <span class='ocrx_word' id='word_1_650' title='bbox 3428 4221 3584 4276; x_wconf 79' lang='lat' dir='ltr'><strong><em>prae-</em></strong></span> 
     </span>
    </p>
   </div>
   <div class='ocr_carea' id='block_1_88' title="bbox 2001 4287 3585 4359">
    <p class='ocr_par' dir='ltr' id='par_1_88' title="bbox 2001 4287 3585 4359">
     <span class='ocr_line' id='line_1_88' title="bbox 2001 4287 3585 4359; baseline 0.004 -15"><span class='ocrx_word' id='word_1_651' title='bbox 2001 4296 2234 4353; x_wconf 89' lang='lat' dir='ltr'><strong><em>sentem,</em></strong></span> <span class='ocrx_word' id='word_1_652' title='bbox 2270 4287 2363 4344; x_wconf 90' lang='lat' dir='ltr'><strong><em>sed</em></strong></span> <span class='ocrx_word' id='word_1_653' title='bbox 2396 4304 2493 4344; x_wconf 88' lang='lat' dir='ltr'><strong><em>nos</em></strong></span> <span class='ocrx_word' id='word_1_654' title='bbox 2529 4289 2630 4359; x_wconf 87' lang='lat' dir='ltr'><strong><em>ipsi</em></strong></span> <span class='ocrx_word' id='word_1_655' title='bbox 2661 4290 2965 4345; x_wconf 91' lang='lat' dir='ltr'><strong><em>reducimur</em></strong></span> <span class='ocrx_word' id='word_1_656' title='bbox 2990 4292 3057 4347; x_wconf 91' lang='lat' dir='ltr'><strong><em>ad</em></strong></span> <span class='ocrx_word' id='word_1_657' title='bbox 3078 4292 3404 4350; x_wconf 83' lang='lat' dir='ltr'><strong><em>excelsiores</em></strong></span> <span class='ocrx_word' id='word_1_658' title='bbox 3452 4295 3585 4351; x_wconf 49' lang='lat' dir='ltr'><strong><em>luci-</em></strong></span> 
     </span>
    </p>
   </div>
   <div class='ocr_carea' id='block_1_89' title="bbox 1998 4378 3581 4439">
    <p class='ocr_par' dir='ltr' id='par_1_89' title="bbox 1998 4378 3581 4439">
     <span class='ocr_line' id='line_1_89' title="bbox 1998 4378 3581 4439; baseline 0.004 -6"><span class='ocrx_word' id='word_1_659' title='bbox 1998 4379 2340 4434; x_wconf 88' lang='lat' dir='ltr'><strong><em>dissimorum</em></strong></span> <span class='ocrx_word' id='word_1_660' title='bbox 2384 4378 2656 4433; x_wconf 86' lang='lat' dir='ltr'><strong><em>radiorum</em></strong></span> <span class='ocrx_word' id='word_1_661' title='bbox 2691 4378 2985 4436; x_wconf 86' lang='lat' dir='ltr'><strong><em>claritates.</em></strong></span> <span class='ocrx_word' id='word_1_662' title='bbox 3012 4380 3119 4435; x_wconf 81' lang='lat' dir='ltr'><strong><em>Aut</em></strong></span> <span class='ocrx_word' id='word_1_663' title='bbox 3147 4382 3293 4436; x_wconf 88' lang='lat' dir='ltr'><strong><em>velut</em></strong></span> <span class='ocrx_word' id='word_1_664' title='bbox 3317 4382 3368 4436; x_wconf 91' lang='lat' dir='ltr'><strong><em>in</em></strong></span> <span class='ocrx_word' id='word_1_665' title='bbox 3399 4384 3581 4439; x_wconf 84' lang='lat' dir='ltr'><strong><em>navim</em></strong></span> 
     </span>
    </p>
   </div>
   <div class='ocr_carea' id='block_1_90' title="bbox 318 4449 3583 4546">
    <p class='ocr_par' dir='ltr' id='par_1_90' title="bbox 318 4449 3583 4546">
     <span class='ocr_line' id='line_1_90' title="bbox 318 4449 3583 4546; baseline 0.003 -25"><span class='ocrx_word' id='word_1_666' title='bbox 318 4477 492 4523; x_wconf 88' lang='lat' dir='ltr'><strong><em>tutem</em></strong></span> <span class='ocrx_word' id='word_1_667' title='bbox 560 4470 951 4543; x_wconf 85' lang='lat' dir='ltr'><strong><em>uniusquisque</em></strong></span> <span class='ocrx_word' id='word_1_668' title='bbox 1008 4473 1260 4529; x_wconf 82' lang='lat' dir='ltr'><strong><em>deiformi</em></strong></span> <span class='ocrx_word' id='word_1_669' title='bbox 1325 4474 1549 4529; x_wconf 87' lang='lat' dir='ltr'><strong><em>deorum</em></strong></span> <span class='ocrx_word' id='word_1_670' title='bbox 1603 4475 1895 4530; x_wconf 90' lang='lat' dir='ltr'><strong><em>multorum</em></strong></span> <span class='ocrx_word' id='word_1_671' title='bbox 1927 4449 1976 4507; x_wconf 77' lang='lat' dir='ltr'><strong>D</strong></span> <span class='ocrx_word' id='word_1_672' title='bbox 2002 4470 2370 4535; x_wconf 85' lang='lat' dir='ltr'><strong><em>ascendentes,</em></strong></span> <span class='ocrx_word' id='word_1_673' title='bbox 2402 4478 2457 4524; x_wconf 90' lang='lat' dir='ltr'><strong><em>et</em></strong></span> <span class='ocrx_word' id='word_1_674' title='bbox 2492 4470 2815 4541; x_wconf 84' lang='lat' dir='ltr'><strong><em>recipientes</em></strong></span> <span class='ocrx_word' id='word_1_675' title='bbox 2857 4488 2923 4528; x_wconf 80' lang='lat' dir='ltr'><strong><em>ex</em></strong></span> <span class='ocrx_word' id='word_1_676' title='bbox 2951 4473 3181 4543; x_wconf 86' lang='lat' dir='ltr'><strong><em>quadam</em></strong></span> <span class='ocrx_word' id='word_1_677' title='bbox 3210 4482 3365 4546; x_wconf 89' lang='lat' dir='ltr'><strong><em>petra</em></strong></span> <span class='ocrx_word' id='word_1_678' title='bbox 3393 4484 3583 4532; x_wconf 79' lang='lat' dir='ltr'><strong><em>exten-</em></strong></span> 
     </span>
    </p>
   </div>
   <div class='ocr_carea' id='block_1_91' title="bbox 316 4556 1898 4631">
    <p class='ocr_par' dir='ltr' id='par_1_91' title="bbox 316 4556 1898 4631">
     <span class='ocr_line' id='line_1_91' title="bbox 316 4556 1898 4631; baseline 0.005 -20"><span class='ocrx_word' id='word_1_679' title='bbox 316 4556 587 4612; x_wconf 81' lang='lat' dir='ltr'><strong><em>factorum</em></strong></span> <span class='ocrx_word' id='word_1_680' title='bbox 632 4560 849 4615; x_wconf 88' lang='lat' dir='ltr'><strong><em>videtur</em></strong></span> <span class='ocrx_word' id='word_1_681' title='bbox 889 4561 1106 4631; x_wconf 89' lang='lat' dir='ltr'><strong><em>quidem</em></strong></span> <span class='ocrx_word' id='word_1_682' title='bbox 1132 4577 1253 4617; x_wconf 92' lang='lat' dir='ltr'><strong><em>esse</em></strong></span> <span class='ocrx_word' id='word_1_683' title='bbox 1283 4572 1337 4617; x_wconf 87' lang='lat' dir='ltr'><strong><em>et</em></strong></span> <span class='ocrx_word' id='word_1_684' title='bbox 1379 4563 1580 4618; x_wconf 90' lang='lat' dir='ltr'><strong><em>dicitur</em></strong></span> <span class='ocrx_word' id='word_1_685' title='bbox 1618 4564 1777 4618; x_wconf 90' lang='lat' dir='ltr'><strong><em>unius</em></strong></span> <span class='ocrx_word' id='word_1_686' title='bbox 1802 4564 1898 4620; x_wconf 88' lang='lat' dir='ltr'><strong><em>Dei</em></strong></span> 
     </span>
    </p>
   </div>
   <div class='ocr_carea' id='block_1_92' title="bbox 316 4649 1901 4731">
    <p class='ocr_par' dir='ltr' id='par_1_92' title="bbox 316 4649 1901 4731">
     <span class='ocr_line' id='line_1_92' title="bbox 316 4649 1901 4731; baseline 0.006 -29"><span class='ocrx_word' id='word_1_687' title='bbox 316 4649 574 4703; x_wconf 86' lang='lat' dir='ltr'><strong><em>discretio</em></strong></span> <span class='ocrx_word' id='word_1_688' title='bbox 598 4659 653 4704; x_wconf 91' lang='lat' dir='ltr'><strong><em>et</em></strong></span> <span class='ocrx_word' id='word_1_689' title='bbox 676 4651 1050 4721; x_wconf 85' lang='lat' dir='ltr'><strong><em>multiplicatio</em></strong></span> <span class='ocrx_word' id='word_1_690' title='bbox 1074 4670 1088 4706; x_wconf 91' lang='lat'><strong>:</strong></span> <span class='ocrx_word' id='word_1_691' title='bbox 1114 4661 1203 4709; x_wconf 87' lang='lat' dir='ltr'><strong><em>est</em></strong></span> <span class='ocrx_word' id='word_1_692' title='bbox 1230 4669 1358 4709; x_wconf 91' lang='lat' dir='ltr'><strong><em>vero</em></strong></span> <span class='ocrx_word' id='word_1_693' title='bbox 1384 4654 1517 4709; x_wconf 89' lang='lat' dir='ltr'><strong><em>nihil</em></strong></span> <span class='ocrx_word' id='word_1_694' title='bbox 1548 4654 1725 4731; x_wconf 72' lang='lat' dir='ltr'><strong><em>mimis</em></strong></span> <span class='ocrx_word' id='word_1_695' title='bbox 1753 4656 1901 4725; x_wconf 81' lang='lat' dir='ltr'><strong><em>prin-</em></strong></span> 
     </span>
    </p>
   </div>
   <div class='ocr_carea' id='block_1_93' title="bbox 319 4739 1896 4816">
    <p class='ocr_par' dir='ltr' id='par_1_93' title="bbox 319 4739 1896 4816">
     <span class='ocr_line' id='line_1_93' title="bbox 319 4739 1896 4816; baseline 0.008 -26"><span class='ocrx_word' id='word_1_696' title='bbox 319 4739 510 4807; x_wconf 86' lang='lat' dir='ltr'><strong><em>cipalis</em></strong></span> <span class='ocrx_word' id='word_1_697' title='bbox 537 4740 697 4807; x_wconf 89' lang='lat' dir='ltr'><strong><em>Deus,</em></strong></span> <span class='ocrx_word' id='word_1_698' title='bbox 728 4752 783 4797; x_wconf 87' lang='lat' dir='ltr'><strong><em>et</em></strong></span> <span class='ocrx_word' id='word_1_699' title='bbox 817 4746 1148 4813; x_wconf 89' lang='lat' dir='ltr'><strong><em>superdeus,</em></strong></span> <span class='ocrx_word' id='word_1_700' title='bbox 1181 4747 1706 4816; x_wconf 86' lang='lat' dir='ltr'><strong><em>superessentialiter</em></strong></span> <span class='ocrx_word' id='word_1_701' title='bbox 1735 4763 1896 4813; x_wconf 90' lang='lat' dir='ltr'><strong><em>unus,</em></strong></span> 
     </span>
    </p>
   </div>
   <div class='ocr_carea' id='block_1_94' title="bbox 320 4825 1895 4906">
    <p class='ocr_par' dir='ltr' id='par_1_94' title="bbox 320 4825 1895 4906">
     <span class='ocr_line' id='line_1_94' title="bbox 320 4825 1895 4906; baseline 0.007 -25"><span class='ocrx_word' id='word_1_702' title='bbox 320 4825 465 4881; x_wconf 87' lang='lat' dir='ltr'><strong><em>Deus</em></strong></span> <span class='ocrx_word' id='word_1_703' title='bbox 499 4828 862 4896; x_wconf 87' lang='lat' dir='ltr'><strong><em>impartibilis,</em></strong></span> <span class='ocrx_word' id='word_1_704' title='bbox 899 4833 1315 4904; x_wconf 87' lang='lat' dir='ltr'><strong><em>impartibilibus</em></strong></span> <span class='ocrx_word' id='word_1_705' title='bbox 1341 4836 1543 4899; x_wconf 84' lang='lat' dir='ltr'><strong><em>unitus,</em></strong></span> <span class='ocrx_word' id='word_1_706' title='bbox 1574 4830 1895 4906; x_wconf 86' lang='lat' dir='ltr'><strong><em>sibimetipsi</em></strong></span> 
     </span>
    </p>
   </div>
   <div class='ocr_carea' id='block_1_95' title="bbox 321 4918 1896 4995">
    <p class='ocr_par' dir='ltr' id='par_1_95' title="bbox 321 4918 1896 4995">
     <span class='ocr_line' id='line_1_95' title="bbox 321 4918 1896 4995; baseline 0.007 -23"><span class='ocrx_word' id='word_1_707' title='bbox 321 4926 377 4972; x_wconf 90' lang='lat' dir='ltr'><strong><em>ct</em></strong></span> <span class='ocrx_word' id='word_1_708' title='bbox 400 4918 586 4974; x_wconf 89' lang='lat' dir='ltr'><strong><em>multis</em></strong></span> <span class='ocrx_word' id='word_1_709' title='bbox 616 4920 1020 4989; x_wconf 79' lang='lat' dir='ltr'><strong><em>incommixtus,</em></strong></span> <span class='ocrx_word' id='word_1_710' title='bbox 1061 4933 1116 4979; x_wconf 90' lang='lat' dir='ltr'><strong><em>et</em></strong></span> <span class='ocrx_word' id='word_1_711' title='bbox 1136 4940 1239 4979; x_wconf 90' lang='lat' dir='ltr'><strong><em>non</em></strong></span> <span class='ocrx_word' id='word_1_712' title='bbox 1271 4924 1675 4995; x_wconf 87' lang='lat' dir='ltr'><strong><em>multiplicatus.</em></strong></span> <span class='ocrx_word' id='word_1_713' title='bbox 1703 4926 1769 4980; x_wconf 85' lang='lat' dir='ltr'><strong><em>Et</em></strong></span> <span class='ocrx_word' id='word_1_714' title='bbox 1793 4927 1896 4983; x_wconf 84' lang='lat' dir='ltr'><strong><em>hoc</em></strong></span> 
     </span>
    </p>
   </div>
   <div class='ocr_carea' id='block_1_96' title="bbox 319 5012 1900 5085">
    <p class='ocr_par' dir='ltr' id='par_1_96' title="bbox 319 5012 1900 5085">
     <span class='ocr_line' id='line_1_96' title="bbox 319 5012 1900 5085; baseline 0.006 -22"><span class='ocrx_word' id='word_1_715' title='bbox 319 5012 802 5081; x_wconf 87' lang='lat' dir='ltr'><strong><em>supernaturaliter</em></strong></span> <span class='ocrx_word' id='word_1_716' title='bbox 869 5016 1173 5085; x_wconf 81' lang='lat' dir='ltr'><strong><em>intelligens</em></strong></span> <span class='ocrx_word' id='word_1_717' title='bbox 1240 5017 1543 5071; x_wconf 90' lang='lat' dir='ltr'><strong><em>communis</em></strong></span> <span class='ocrx_word' id='word_1_718' title='bbox 1603 5027 1789 5072; x_wconf 90' lang='lat' dir='ltr'><strong><em>noster</em></strong></span> <span class='ocrx_word' id='word_1_719' title='bbox 1845 5027 1900 5072; x_wconf 89' lang='lat' dir='ltr'><strong><em>et</em></strong></span> 
     </span>
    </p>
   </div>
   <div class='ocr_carea' id='block_1_97' title="bbox 323 5103 1894 5172">
    <p class='ocr_par' dir='ltr' id='par_1_97' title="bbox 323 5103 1894 5172">
     <span class='ocr_line' id='line_1_97' title="bbox 323 5103 1894 5172; baseline 0.004 -17"><span class='ocrx_word' id='word_1_720' title='bbox 323 5103 569 5171; x_wconf 77' lang='lat' dir='ltr'><strong><em>magistri</em></strong></span> <span class='ocrx_word' id='word_1_721' title='bbox 619 5104 675 5160; x_wconf 89' lang='lat' dir='ltr'><strong><em>in</em></strong></span> <span class='ocrx_word' id='word_1_722' title='bbox 722 5105 958 5161; x_wconf 73' lang='lat' dir='ltr'><strong><em>divinam</em></strong></span> <span class='ocrx_word' id='word_1_723' title='bbox 1004 5106 1452 5164; x_wconf 88' lang='lat' dir='ltr'><strong><em>illuminationem</em></strong></span> <span class='ocrx_word' id='word_1_724' title='bbox 1495 5110 1894 5172; x_wconf 86' lang='lat' dir='ltr'><strong><em>manuductor,</em></strong></span> 
     </span>
    </p>
   </div>
   <div class='ocr_carea' id='block_1_98' title="bbox 2002 4560 3580 4633">
    <p class='ocr_par' dir='ltr' id='par_1_98' title="bbox 2002 4560 3580 4633">
     <span class='ocr_line' id='line_1_98' title="bbox 2002 4560 3580 4633; baseline 0.001 -14"><span class='ocrx_word' id='word_1_725' title='bbox 2002 4577 2092 4619; x_wconf 90' lang='lat' dir='ltr'><strong><em>sos</em></strong></span> <span class='ocrx_word' id='word_1_726' title='bbox 2118 4562 2295 4628; x_wconf 80' lang='lat' dir='ltr'><strong><em>funes,</em></strong></span> <span class='ocrx_word' id='word_1_727' title='bbox 2338 4570 2393 4617; x_wconf 90' lang='lat' dir='ltr'><strong><em>et</em></strong></span> <span class='ocrx_word' id='word_1_728' title='bbox 2415 4560 2565 4617; x_wconf 87' lang='lat' dir='ltr'><strong><em>velut</em></strong></span> <span class='ocrx_word' id='word_1_729' title='bbox 2589 4561 2744 4617; x_wconf 88' lang='lat' dir='ltr'><strong><em>nobis</em></strong></span> <span class='ocrx_word' id='word_1_730' title='bbox 2773 4561 2824 4616; x_wconf 92' lang='lat' dir='ltr'><strong><em>in</em></strong></span> <span class='ocrx_word' id='word_1_731' title='bbox 2861 4564 3223 4633; x_wconf 88' lang='lat' dir='ltr'><strong><em>receptionem</em></strong></span> <span class='ocrx_word' id='word_1_732' title='bbox 3253 4564 3427 4633; x_wconf 86' lang='lat' dir='ltr'><strong><em>datos,</em></strong></span> <span class='ocrx_word' id='word_1_733' title='bbox 3472 4582 3580 4622; x_wconf 90' lang='lat' dir='ltr'><strong><em>non</em></strong></span> 
     </span>
    </p>
   </div>
   <div class='ocr_carea' id='block_1_99' title="bbox 2003 4652 3584 4723">
    <p class='ocr_par' dir='ltr' id='par_1_99' title="bbox 2003 4652 3584 4723">
     <span class='ocr_line' id='line_1_99' title="bbox 2003 4652 3584 4723; baseline 0.003 -16"><span class='ocrx_word' id='word_1_734' title='bbox 2003 4653 2069 4707; x_wconf 88' lang='lat' dir='ltr'><strong><em>ad</em></strong></span> <span class='ocrx_word' id='word_1_735' title='bbox 2096 4668 2197 4707; x_wconf 90' lang='lat' dir='ltr'><strong><em>nos</em></strong></span> <span class='ocrx_word' id='word_1_736' title='bbox 2238 4661 2470 4723; x_wconf 86' lang='lat' dir='ltr'><strong><em>petram,</em></strong></span> <span class='ocrx_word' id='word_1_737' title='bbox 2506 4652 2602 4707; x_wconf 87' lang='lat' dir='ltr'><strong><em>sed</em></strong></span> <span class='ocrx_word' id='word_1_738' title='bbox 2640 4652 2998 4722; x_wconf 89' lang='lat' dir='ltr'><strong><em>nosmetipsos</em></strong></span> <span class='ocrx_word' id='word_1_739' title='bbox 3024 4655 3253 4710; x_wconf 84' lang='lat' dir='ltr'><strong><em>veritate</em></strong></span> <span class='ocrx_word' id='word_1_740' title='bbox 3301 4663 3357 4710; x_wconf 91' lang='lat' dir='ltr'><strong><em>et</em></strong></span> <span class='ocrx_word' id='word_1_741' title='bbox 3401 4658 3584 4712; x_wconf 87' lang='lat' dir='ltr'><strong><em>navim</em></strong></span> 
     </span>
    </p>
   </div>
   <div class='ocr_carea' id='block_1_100' title="bbox 2001 4739 3579 4814">
    <p class='ocr_par' dir='ltr' id='par_1_100' title="bbox 2001 4739 3579 4814">
     <span class='ocr_line' id='line_1_100' title="bbox 2001 4739 3579 4814; baseline 0.004 -16"><span class='ocrx_word' id='word_1_742' title='bbox 2001 4744 2069 4799; x_wconf 87' lang='lat' dir='ltr'><strong><em>ad</em></strong></span> <span class='ocrx_word' id='word_1_743' title='bbox 2101 4753 2307 4814; x_wconf 87' lang='lat' dir='ltr'><strong><em>petram</em></strong></span> <span class='ocrx_word' id='word_1_744' title='bbox 2335 4743 2673 4799; x_wconf 87' lang='lat' dir='ltr'><strong><em>adducimus.</em></strong></span> <span class='ocrx_word' id='word_1_745' title='bbox 2712 4739 2864 4798; x_wconf 87' lang='lat' dir='ltr'><strong><em>Sicut</em></strong></span> <span class='ocrx_word' id='word_1_746' title='bbox 2882 4752 2937 4799; x_wconf 87' lang='lat' dir='ltr'><strong><em>et</em></strong></span> <span class='ocrx_word' id='word_1_747' title='bbox 2973 4744 3076 4801; x_wconf 89' lang='lat' dir='ltr'><strong><em>hoc</em></strong></span> <span class='ocrx_word' id='word_1_748' title='bbox 3118 4745 3173 4800; x_wconf 91' lang='lat' dir='ltr'><strong><em>in</em></strong></span> <span class='ocrx_word' id='word_1_749' title='bbox 3221 4750 3579 4814; x_wconf 90' lang='lat' dir='ltr'><strong><em>contrarium,</em></strong></span> 
     </span>
    </p>
   </div>
   <div class='ocr_carea' id='block_1_101' title="bbox 2005 4831 3579 4910">
    <p class='ocr_par' dir='ltr' id='par_1_101' title="bbox 2005 4831 3579 4910">
     <span class='ocr_line' id='line_1_101' title="bbox 2005 4831 3579 4910; baseline 0.003 -19"><span class='ocrx_word' id='word_1_750' title='bbox 2005 4835 2048 4891; x_wconf 91' lang='lat' dir='ltr'><strong><em>si</em></strong></span> <span class='ocrx_word' id='word_1_751' title='bbox 2075 4831 2358 4905; x_wconf 76' lang='lat' dir='ltr'><strong><em>quisjuxta</em></strong></span> <span class='ocrx_word' id='word_1_752' title='bbox 2386 4832 2618 4889; x_wconf 84' lang='lat' dir='ltr'><strong><em>validam</em></strong></span> <span class='ocrx_word' id='word_1_753' title='bbox 2646 4841 2856 4906; x_wconf 89' lang='lat' dir='ltr'><strong><em>petram</em></strong></span> <span class='ocrx_word' id='word_1_754' title='bbox 2879 4843 3027 4891; x_wconf 88' lang='lat' dir='ltr'><strong><em>stans</em></strong></span> <span class='ocrx_word' id='word_1_755' title='bbox 3048 4836 3101 4891; x_wconf 91' lang='lat' dir='ltr'><strong><em>in</em></strong></span> <span class='ocrx_word' id='word_1_756' title='bbox 3124 4838 3246 4894; x_wconf 85' lang='lat' dir='ltr'><strong><em>navi</em></strong></span> <span class='ocrx_word' id='word_1_757' title='bbox 3267 4839 3579 4910; x_wconf 87' lang='lat' dir='ltr'><strong><em>repellatur.</em></strong></span> 
     </span>
    </p>
   </div>
   <div class='ocr_carea' id='block_1_102' title="bbox 1998 4925 3578 5001">
    <p class='ocr_par' dir='ltr' id='par_1_102' title="bbox 1998 4925 3578 5001">
     <span class='ocr_line' id='line_1_102' title="bbox 1998 4925 3578 5001; baseline 0.003 -19"><span class='ocrx_word' id='word_1_758' title='bbox 1998 4936 2122 5000; x_wconf 82' lang='lat' dir='ltr'><strong><em>aget</em></strong></span> <span class='ocrx_word' id='word_1_759' title='bbox 2147 4925 2360 4997; x_wconf 88' lang='lat' dir='ltr'><strong><em>quidem</em></strong></span> <span class='ocrx_word' id='word_1_760' title='bbox 2384 4925 2518 4980; x_wconf 90' lang='lat' dir='ltr'><strong><em>nihil</em></strong></span> <span class='ocrx_word' id='word_1_761' title='bbox 2536 4926 2587 4980; x_wconf 91' lang='lat' dir='ltr'><strong><em>in</em></strong></span> <span class='ocrx_word' id='word_1_762' title='bbox 2611 4934 2843 4981; x_wconf 84' lang='lat' dir='ltr'><strong><em>stantem</em></strong></span> <span class='ocrx_word' id='word_1_763' title='bbox 2860 4934 2914 4980; x_wconf 92' lang='lat' dir='ltr'><strong><em>et</em></strong></span> <span class='ocrx_word' id='word_1_764' title='bbox 2935 4927 3321 4985; x_wconf 85' lang='lat' dir='ltr'><strong><em>immutabilem</em></strong></span> <span class='ocrx_word' id='word_1_765' title='bbox 3345 4939 3578 5001; x_wconf 91' lang='lat' dir='ltr'><strong><em>petram,</em></strong></span> 
     </span>
    </p>
   </div>
   <div class='ocr_carea' id='block_1_103' title="bbox 1997 5018 3580 5093">
    <p class='ocr_par' dir='ltr' id='par_1_103' title="bbox 1997 5018 3580 5093">
     <span class='ocr_line' id='line_1_103' title="bbox 1997 5018 3580 5093; baseline 0.001 -20"><span class='ocrx_word' id='word_1_766' title='bbox 1997 5032 2056 5073; x_wconf 88' lang='lat' dir='ltr'><strong><em>se</em></strong></span> <span class='ocrx_word' id='word_1_767' title='bbox 2079 5034 2205 5075; x_wconf 84' lang='lat' dir='ltr'><strong><em>vero</em></strong></span> <span class='ocrx_word' id='word_1_768' title='bbox 2226 5019 2397 5088; x_wconf 91' lang='lat' dir='ltr'><strong><em>ipsum</em></strong></span> <span class='ocrx_word' id='word_1_769' title='bbox 2421 5018 2487 5072; x_wconf 89' lang='lat' dir='ltr'><strong><em>ab</em></strong></span> <span class='ocrx_word' id='word_1_770' title='bbox 2509 5018 2594 5071; x_wconf 87' lang='lat' dir='ltr'><strong><em>illa</em></strong></span> <span class='ocrx_word' id='word_1_771' title='bbox 2620 5018 2943 5089; x_wconf 73' lang='lat' dir='ltr'><strong><em>segnegabit,</em></strong></span> <span class='ocrx_word' id='word_1_772' title='bbox 2960 5027 3014 5075; x_wconf 92' lang='lat' dir='ltr'><strong><em>et</em></strong></span> <span class='ocrx_word' id='word_1_773' title='bbox 3036 5032 3238 5092; x_wconf 90' lang='lat' dir='ltr'><strong><em>quanto</em></strong></span> <span class='ocrx_word' id='word_1_774' title='bbox 3265 5023 3436 5093; x_wconf 80' lang='lat' dir='ltr'><strong><em>magis</em></strong></span> <span class='ocrx_word' id='word_1_775' title='bbox 3460 5036 3580 5076; x_wconf 89' lang='lat' dir='ltr'><strong><em>eam</em></strong></span> 
     </span>
    </p>
   </div>
   <div class='ocr_carea' id='block_1_104' title="bbox 1998 5108 3582 5179">
    <p class='ocr_par' dir='ltr' id='par_1_104' title="bbox 1998 5108 3582 5179">
     <span class='ocr_line' id='line_1_104' title="bbox 1998 5108 3582 5179; baseline 0.001 -16"><span class='ocrx_word' id='word_1_776' title='bbox 1998 5109 2276 5179; x_wconf 88' lang='lat' dir='ltr'><strong><em>repulerit,</em></strong></span> <span class='ocrx_word' id='word_1_777' title='bbox 2307 5116 2456 5163; x_wconf 78' lang='lat' dir='ltr'><strong><em>tanto</em></strong></span> <span class='ocrx_word' id='word_1_778' title='bbox 2491 5108 2663 5178; x_wconf 78' lang='lat' dir='ltr'><strong><em>magis</em></strong></span> <span class='ocrx_word' id='word_1_779' title='bbox 2703 5111 2771 5165; x_wconf 88' lang='lat' dir='ltr'><strong><em>ab</em></strong></span> <span class='ocrx_word' id='word_1_780' title='bbox 2806 5124 2869 5164; x_wconf 90' lang='lat' dir='ltr'><strong><em>ea</em></strong></span> <span class='ocrx_word' id='word_1_781' title='bbox 2901 5121 3222 5168; x_wconf 87' lang='lat' dir='ltr'><strong><em>revertetur.</em></strong></span> <span class='ocrx_word' id='word_1_782' title='bbox 3254 5110 3485 5167; x_wconf 84' lang='lat' dir='ltr'><strong><em>Proinde</em></strong></span> <span class='ocrx_word' id='word_1_783' title='bbox 3528 5122 3582 5165; x_wconf 89' lang='lat' dir='ltr'><strong><em>et</em></strong></span> 
     </span>
    </p>
   </div>
   <div class='ocr_carea' id='block_1_105' title="bbox 1585 5216 2277 5277">
    <p class='ocr_par' dir='ltr' id='par_1_105' title="bbox 1585 5216 2277 5277">
     <span class='ocr_line' id='line_1_105' title="bbox 1585 5216 2277 5277; baseline -0.001 -2"><span class='ocrx_word' id='word_1_784' title='bbox 1585 5220 1840 5276; x_wconf 81' lang='lat' dir='ltr'><strong><em>VARIAE</em></strong></span> <span class='ocrx_word' id='word_1_785' title='bbox 1877 5216 2277 5277; x_wconf 79' lang='lat' dir='ltr'><strong><em>LECTlONES.</em></strong></span> 
     </span>
    </p>
   </div>
   <div class='ocr_carea' id='block_1_106' title="bbox 396 5333 1900 5462">
    <p class='ocr_par' dir='ltr' id='par_1_106' title="bbox 396 5333 1900 5462">
     <span class='ocr_line' id='line_1_106' title="bbox 396 5333 1896 5408; baseline 0 -19"><span class='ocrx_word' id='word_1_786' title='bbox 396 5334 412 5365; x_wconf 87' lang='grc'>¹</span> <span class='ocrx_word' id='word_1_787' title='bbox 445 5333 538 5390; x_wconf 84' lang='grc' dir='ltr'>ΑΕ</span> <span class='ocrx_word' id='word_1_788' title='bbox 560 5343 609 5388; x_wconf 91' lang='lat' dir='ltr'><strong><em>et</em></strong></span> <span class='ocrx_word' id='word_1_789' title='bbox 635 5335 1075 5405; x_wconf 88' lang='lat' dir='ltr'><strong><em>supernaturale;</em></strong></span> <span class='ocrx_word' id='word_1_790' title='bbox 1115 5335 1515 5408; x_wconf 83' lang='lat' dir='ltr'><strong><em>supernaturale</em></strong></span> <span class='ocrx_word' id='word_1_791' title='bbox 1540 5351 1651 5391; x_wconf 91' lang='lat' dir='ltr'><strong><em>om.</em></strong></span> <span class='ocrx_word' id='word_1_792' title='bbox 1686 5335 1798 5390; x_wconf 77' lang='lat' dir='ltr'><strong><em>BH.</em></strong></span> <span class='ocrx_word' id='word_1_793' title='bbox 1866 5340 1896 5370; x_wconf 76' lang='grc'><strong><em>⁸</em></strong></span> 
     </span>
     <span class='ocr_line' id='line_1_107' title="bbox 396 5404 1900 5462; baseline 0.003 -4"><span class='ocrx_word' id='word_1_794' title='bbox 396 5406 709 5460; x_wconf 88' lang='lat' dir='ltr'><strong><em>ressentiale</em></strong></span> <span class='ocrx_word' id='word_1_795' title='bbox 737 5404 865 5461; x_wconf 79' lang='lat' dir='ltr'><strong><em>Iesu</em></strong></span> <span class='ocrx_word' id='word_1_796' title='bbox 894 5406 1085 5462; x_wconf 82' lang='lat' dir='ltr'><strong><em>deitas.</em></strong></span> <span class='ocrx_word' id='word_1_797' title='bbox 1111 5424 1238 5462; x_wconf 91' lang='lat' dir='ltr'><strong><em>non.</em></strong></span> <span class='ocrx_word' id='word_1_798' title='bbox 1340 5406 1363 5439; x_wconf 85' lang='lat'><strong>&#39;</strong></span> <span class='ocrx_word' id='word_1_799' title='bbox 1395 5408 1669 5462; x_wconf 73' lang='lat' dir='ltr'><strong><em>essentiam</em></strong></span> <span class='ocrx_word' id='word_1_800' title='bbox 1693 5423 1849 5462; x_wconf 77' lang='lat' dir='ltr'><strong><em>super</em></strong></span> <span class='ocrx_word' id='word_1_801' title='bbox 1868 5422 1900 5462; x_wconf 88' lang='grc' dir='ltr'><strong>ο</strong></span> 
     </span>
    </p>
   </div>
   <div class='ocr_carea' id='block_1_107' title="bbox 2003 5333 3580 5462">
    <p class='ocr_par' dir='ltr' id='par_1_107' title="bbox 2005 5333 3580 5462">
     <span class='ocr_line' id='line_1_108' title="bbox 2005 5333 3580 5460; baseline 0.001 -70"><span class='ocrx_word' id='word_1_802' title='bbox 2005 5333 2499 5404; x_wconf 83' lang='lat' dir='ltr'><strong><em>supernaturaliter.</em></strong></span> <span class='ocrx_word' id='word_1_803' title='bbox 2578 5335 2599 5367; x_wconf 88' lang='grc'><strong><em>³</em></strong></span> <span class='ocrx_word' id='word_1_804' title='bbox 2628 5335 2717 5392; x_wconf 79' lang='grc' dir='ltr'><strong>ΑΕ</strong></span> <span class='ocrx_word' id='word_1_805' title='bbox 2750 5352 2851 5460; x_wconf 54' lang='grc' dir='ltr'><strong><em>Ἦᾳ</em></strong></span> <span class='ocrx_word' id='word_1_806' title='bbox 2878 5336 3227 5418; x_wconf 72' lang='lat' dir='ltr'><strong><em>humanitate.</em></strong></span> <span class='ocrx_word' id='word_1_807' title='bbox 3360 5334 3450 5390; x_wconf 74' lang='lat' dir='ltr'><strong><em>illi</em></strong></span> <span class='ocrx_word' id='word_1_808' title='bbox 3496 5352 3580 5393; x_wconf 84' lang='lat' dir='ltr'><strong><em>su-</em></strong></span> 
     </span>
     <span class='ocr_line' id='line_1_109' title="bbox 2008 5401 3577 5462; baseline 0 -1"><span class='ocrx_word' id='word_1_809' title='bbox 2008 5404 2118 5462; x_wconf 76' lang='grc' dir='ltr'><strong><em>ΒΗ.</em></strong></span> <span class='ocrx_word' id='word_1_810' title='bbox 2208 5405 2229 5436; x_wconf 82' lang='grc'>⁸</span> <span class='ocrx_word' id='word_1_811' title='bbox 2263 5404 2354 5459; x_wconf 83' lang='grc' dir='ltr'><strong>ΑΕ</strong></span> <span class='ocrx_word' id='word_1_812' title='bbox 2382 5414 2577 5461; x_wconf 78' lang='lat' dir='ltr'><strong><em>autem.</em></strong></span> <span class='ocrx_word' id='word_1_813' title='bbox 2654 5407 2674 5438; x_wconf 88' lang='grc'><strong><em>“’</em></strong></span> <span class='ocrx_word' id='word_1_814' title='bbox 2710 5407 2752 5462; x_wconf 79' lang='grc' dir='ltr'>Α</span> <span class='ocrx_word' id='word_1_815' title='bbox 2828 5421 2880 5460; x_wconf 89' lang='lat' dir='ltr'><strong><em>tn</em></strong></span> <span class='ocrx_word' id='word_1_816' title='bbox 2908 5422 3096 5462; x_wconf 71' lang='lat' dir='ltr'><strong><em>ipsum.</em></strong></span> <span class='ocrx_word' id='word_1_817' title='bbox 3207 5404 3231 5438; x_wconf 86' lang='grc'><strong><em>⁸</em></strong></span> <span class='ocrx_word' id='word_1_818' title='bbox 3268 5401 3358 5459; x_wconf 85' lang='lat' dir='ltr'><strong><em>Stc</em></strong></span> <span class='ocrx_word' id='word_1_819' title='bbox 3385 5406 3577 5462; x_wconf 86' lang='lat' dir='ltr'><strong><em>codd..</em></strong></span> 
     </span>
    </p>
   </div>
   <div class='ocr_carea' id='block_1_108' title="bbox 324 5404 1238 5489">
    <p class='ocr_par' dir='ltr' id='par_1_108' title="bbox 324 5404 1238 5489">
     <span class='ocr_line' id='line_1_110' title="bbox 324 5404 1238 5489; baseline 0.003 -30"><span class='ocrx_word' id='word_1_820' title='bbox 324 5404 714 5489; x_wconf 65' lang='lat' dir='ltr'><strong><em>peressentiale</em></strong></span> <span class='ocrx_word' id='word_1_821' title='bbox 737 5404 865 5461; x_wconf 79' lang='lat' dir='ltr'><strong><em>Iesu</em></strong></span> <span class='ocrx_word' id='word_1_822' title='bbox 894 5404 1238 5489; x_wconf 35' lang='lat' dir='ltr'><strong><em>deitasnno&#39;n.</em></strong></span> 
     </span>
    </p>
   </div>
   <div class='ocr_carea' id='block_1_109' title="bbox 326 5475 1143 5547">
    <p class='ocr_par' dir='ltr' id='par_1_109' title="bbox 326 5475 1143 5547">
     <span class='ocr_line' id='line_1_111' title="bbox 326 5475 1143 5547; baseline 0.005 -18"><span class='ocrx_word' id='word_1_823' title='bbox 326 5475 488 5529; x_wconf 79' lang='lat' dir='ltr'><strong><em>index</em></strong></span> <span class='ocrx_word' id='word_1_824' title='bbox 516 5475 874 5545; x_wconf 89' lang='lat' dir='ltr'><strong><em>capitulorum</em></strong></span> <span class='ocrx_word' id='word_1_825' title='bbox 899 5493 1033 5547; x_wconf 80' lang='lat' dir='ltr'><strong><em>quae</em></strong></span> <span class='ocrx_word' id='word_1_826' title='bbox 1057 5477 1143 5533; x_wconf 80' lang='lat' dir='ltr'><strong><em>sit.</em></strong></span> 
     </span>
    </p>
   </div>
   <div class='ocr_carea' id='block_1_110' title="bbox 1340 5404 2118 5477">
    <p class='ocr_par' dir='ltr' id='par_1_110' title="bbox 1340 5404 2118 5477">
     <span class='ocr_line' id='line_1_112' title="bbox 1340 5404 2118 5477; baseline -0.003 -15"><span class='ocrx_word' id='word_1_827' title='bbox 1340 5406 1363 5439; x_wconf 85' lang='lat'><strong>&#39;</strong></span> <span class='ocrx_word' id='word_1_828' title='bbox 1395 5408 1669 5462; x_wconf 73' lang='lat' dir='ltr'><strong><em>essentiam</em></strong></span> <span class='ocrx_word' id='word_1_829' title='bbox 1693 5423 1849 5477; x_wconf 77' lang='lat' dir='ltr'><strong><em>super</em></strong></span> <span class='ocrx_word' id='word_1_830' title='bbox 1868 5422 1978 5463; x_wconf 90' lang='lat' dir='ltr'><strong><em>om.</em></strong></span> <span class='ocrx_word' id='word_1_831' title='bbox 2008 5404 2118 5463; x_wconf 81' lang='lat' dir='ltr'><strong><em>BH.</em></strong></span> 
     </span>
    </p>
   </div>
   <div class='ocr_carea' id='block_1_111' title="bbox 2208 5401 3577 5476">
    <p class='ocr_par' dir='ltr' id='par_1_111' title="bbox 2208 5401 3577 5476">
     <span class='ocr_line' id='line_1_113' title="bbox 2208 5401 3577 5476; baseline 0.001 -17"><span class='ocrx_word' id='word_1_832' title='bbox 2208 5405 2229 5436; x_wconf 83' lang='grc'>⁸</span> <span class='ocrx_word' id='word_1_833' title='bbox 2263 5404 2354 5459; x_wconf 81' lang='grc' dir='ltr'>ΑΕ</span> <span class='ocrx_word' id='word_1_834' title='bbox 2382 5414 2577 5461; x_wconf 80' lang='lat' dir='ltr'><strong><em>autem.</em></strong></span> <span class='ocrx_word' id='word_1_835' title='bbox 2654 5407 2674 5438; x_wconf 83' lang='lat'><strong>&#39;</strong></span> <span class='ocrx_word' id='word_1_836' title='bbox 2710 5401 2802 5462; x_wconf 80' lang='grc' dir='ltr'>ΑΕ</span> <span class='ocrx_word' id='word_1_837' title='bbox 2828 5408 2880 5460; x_wconf 90' lang='lat' dir='ltr'><strong><em>in</em></strong></span> <span class='ocrx_word' id='word_1_838' title='bbox 2908 5408 3096 5476; x_wconf 82' lang='lat' dir='ltr'><strong><em>ipsum.</em></strong></span> <span class='ocrx_word' id='word_1_839' title='bbox 3207 5404 3231 5438; x_wconf 85' lang='grc'><strong><em>⁸</em></strong></span> <span class='ocrx_word' id='word_1_840' title='bbox 3268 5401 3358 5459; x_wconf 85' lang='lat' dir='ltr'><strong><em>Sic</em></strong></span> <span class='ocrx_word' id='word_1_841' title='bbox 3385 5406 3540 5460; x_wconf 86' lang='lat' dir='ltr'><strong><em>codd.</em></strong></span> <span class='ocrx_word' id='word_1_842' title='bbox 3561 5446 3577 5476; x_wconf 91' lang='lat'><strong><em>,</em></strong></span> 
     </span>
    </p>
   </div>
   <div class='ocr_carea' id='block_1_112' title="bbox 2828 5408 3096 5477">
    <p class='ocr_par' dir='ltr' id='par_1_112' title="bbox 2828 5408 3096 5477">
     <span class='ocr_line' id='line_1_114' title="bbox 2828 5408 3096 5477; baseline -0.004 -17"><span class='ocrx_word' id='word_1_843' title='bbox 2828 5408 2880 5460; x_wconf 86' lang='lat' dir='ltr'><strong><em>in</em></strong></span> <span class='ocrx_word' id='word_1_844' title='bbox 2908 5408 3096 5477; x_wconf 80' lang='lat' dir='ltr'><strong><em>ipsum.</em></strong></span> 
     </span>
    </p>
   </div>
   <div class='ocr_carea' id='block_1_113' title="bbox 1819 5562 2066 5623">
    <p class='ocr_par' dir='ltr' id='par_1_113' title="bbox 1819 5562 2066 5623">
     <span class='ocr_line' id='line_1_115' title="bbox 1819 5562 2066 5623; baseline 0 -3"><span class='ocrx_word' id='word_1_845' title='bbox 1819 5562 2066 5623; x_wconf 79' lang='lat' dir='ltr'><strong><em>NOTAE.</em></strong></span> 
     </span>
    </p>
   </div>
   <div class='ocr_carea' id='block_1_114' title="bbox 391 5651 882 5719">
    <p class='ocr_par' dir='ltr' id='par_1_114' title="bbox 391 5651 882 5719">
     <span class='ocr_line' id='line_1_116' title="bbox 391 5651 882 5719; baseline -0.002 -10"><span class='ocrx_word' id='word_1_846' title='bbox 391 5665 427 5694; x_wconf 69' lang='grc'><strong><em>³</em></strong></span> <span class='ocrx_word' id='word_1_847' title='bbox 460 5653 483 5709; x_wconf 91' lang='lat' dir='ltr'><strong><em>l</em></strong></span> <span class='ocrx_word' id='word_1_848' title='bbox 514 5651 640 5709; x_wconf 74' lang='lat' dir='ltr'><strong><em>Cur.</em></strong></span> <span class='ocrx_word' id='word_1_849' title='bbox 671 5652 800 5719; x_wconf 79' lang='lat' dir='ltr'>VIII,</span> <span class='ocrx_word' id='word_1_850' title='bbox 830 5655 882 5708; x_wconf 78' lang='lat' dir='ltr'><strong><em>ti.</em></strong></span> 
     </span>
    </p>
   </div>
  </div>
