3952 6162
405 251 561 305 "4927

1765 257 2044 316 JOANNIS
2084 261 2274 318 SCOTI

3541 257 3670 314 “28

422 379 552 424 ante
594 384 751 425 omne
777 378 825 426 et
859 372 1030 443 magis
1061 388 1123 427 ex
1159 373 1452 442 theologica
1484 374 1730 430 oratione
1761 375 2000 430 inchoari
2033 380 2075 438 Α
2106 385 2378 444 potentem
2425 373 2717 429 bonitatem
2763 371 2976 427 divinae
3010 368 3672 424 inﬁrmitatis—-omnium

424 469 658 528 oportet,
687 477 788 514 non
819 472 875 514 ut
905 465 1178 518 trahentes
1213 465 1409 531 ubique
1440 474 1774 534 praesentem
1797 475 1851 521 et
1873 483 2000 522 nus-

2103 465 2480 519 domiuabatur
2514 471 2632 533 post
2683 463 2975 531 theologos,
3009 469 3068 513 ut
3115 459 3417 529 cognoscis,
3447 459 3673 512 aliorum

425 566 584 618 quam
616 552 882 612 virtutem,
915 553 1006 604 sed
1055 562 1113 604 ut
1150 553 1344 607 divinis
1377 554 1650 608 memoriis
1686 562 1738 608 et
1780 555 1996 609 invoca-
2057 565 2411 610 .sanctorum
2459 554 2738 607 doctorum
2786 560 2931 605 totus
2976 566 3042 605 ex
3089 549 3320 619 populis,
3379 558 3521 602 totus
3559 546 3674 600 exi-

428 641 659 692 tionibus
703 642 1060 708 nosmetipsos
1110 642 1446 712 injungcntes
1493 644 1542 698 ei
1591 654 1646 699 et
1680 647 1997 701 adunautes.

427 731 489 782 Et
528 731 626 783 hoc
672 739 848 784 autem
897 749 1066 800 aeque
1111 733 1421 788 defensione
1453 735 1696 805 dignum,
1736 735 1860 802 quia
1889 737 2000 807 glo-

430 821 570 872 rioso
597 821 732 874 duce
764 830 949 874 nostro
986 822 1229 876 lerotlteo
1255 823 1550 891 theologica
1587 823 1997 894 diligentissima

422 910 680 963 elementa
703 911 1158 964 excellentissime
1193 922 1571 982 congregante,
1605 929 1700 968 nos
1742 923 1996 983 tanquam

424 1016 526 1053 non
558 1001 946 1061 suﬂieientilms
972 1002 1099 1063 illis,
1127 1002 1368 1070 aliasque
1393 1013 1447 1057 et
1475 1013 1815 1073 praesentem
1841 1006 1994 1059 theo-

423 1090 614 1159 logiam
653 1091 1092 1159 conscripsimus.
1125 1090 1338 1144 Etenim
1385 1093 1428 1146 si
1466 1094 1682 1162 quidem
1714 1095 1803 1149 ille
1846 1095 2000 1150 dein-

421 1197 545 1248 teps
601 1181 824 1235 actitare
876 1196 1062 1235 onmes
1116 1181 1440 1248 theologicas
1485 1184 1723 1238 actiones
1777 1186 1995 1256 dignum

421 1271 679 1333 duxisset,
709 1280 761 1324 et
789 1270 1004 1338 partitis
1061 1270 1350 1323 ambitibus
1396 1273 1782 1340 pertransisset
1835 1274 1999 1329 totius

425 1362 722 1431 Iticologiae
758 1362 1070 1431 capitulum,
1117 1377 1221 1415 non
1275 1363 1525 1418 fortassis
1567 1380 1662 1418 nos
1699 1365 1753 1420 in
1792 1374 1996 1420 tantam

421 1463 514 1505 aut
541 1453 824 1512 insaniam,
878 1462 969 1505 aut
1017 1453 1300 1506 stultitiam
1326 1459 1340 1487 ¹
1383 1455 1708 1519 veniremus,
1743 1466 1995 1525 tanquam

421 1541 784 1610 perspicacius
842 1540 930 1591 illo
966 1550 1018 1592 et
1073 1540 1303 1594 divinius
1353 1543 1665 1596 arhitrando
1715 1543 1997 1613 tbi-elogiis

421 1632 618 1686 addere
648 1630 1043 1685 delectabiliora
1063 1671 1076 1694 ,
1110 1630 1242 1685 haec
1273 1631 1538 1701 superfluo
1567 1634 1826 1698 dicentes,
1856 1649 1918 1688 ac
1949 1635 1996 1689 si

2102 655 2250 714 sti-ns
2273 645 2584 713 semetipso,
2608 653 2661 697 et
2679 643 3082 696 adlaudandum
3111 641 3420 694 societatem
3441 639 3672 706 patiens,

2100 744 2154 788 et
2204 735 2272 786 ab
2322 733 2593 796 omnibus,
2618 731 2812 800 quibus
2863 728 3078 782 auditus
3121 736 3233 789 est.
3286 737 3343 780 et
3402 727 3572 787 visus,
3619 733 3675 778 et

2099 824 2348 894 cognitus
2373 834 2474 886 est,
2503 833 2557 877 et
2594 837 2696 876 non
2739 819 2990 891 cognitus
3033 827 3138 882 est,
3188 817 3298 872 Deo
3331 815 3679 885 aeceptabills

2099 928 2219 968 esse
2248 921 2300 968 et
2330 912 2542 966 divinus
2584 910 2833 964 laudator
2872 908 3163 979 judicatus.
3208 906 3276 960 Et
3306 906 3436 975 quid
3469 905 3564 959 tibi
3611 906 3679 959 de

2099 1002 2201 1062 his,
2232 1017 2372 1071 quae
2409 1000 2480 1054 ibi
2515 998 2811 1067 theologice
2836 998 3012 1067 posita
3036 1005 3180 1060 sunt,
3211 994 3423 1049 dicam?
3462 993 3678 1048 Etenim

2097 1093 2142 1146 si
2167 1107 2271 1144 non
2291 1102 2344 1144 et
2368 1106 2397 1143 a
2421 1090 2622 1157 meipso
2646 1089 2951 1157 eloquerer,
2974 1100 3133 1156 saepe
3154 1085 3268 1141 scio
3294 1101 3323 1138 a
3354 1093 3474 1140 teet
3493 1092 3680 1153 partes

2097 1182 2357 1250 quasdam
2389 1179 2690 1233 divinarum
2732 1179 2940 1232 illarum
2971 1176 3382 1248 hymnodiarum
3422 1177 3671 1229 audiens.

2099 1273 2189 1327 Sic
2229 1271 2323 1326 tibi
2355 1271 2550 1326 festino
2576 1286 2643 1325 ex
2672 1279 2860 1340 parato
2889 1269 3066 1323 divina
3091 1267 3357 1336 persequi.
3392 1266 3461 1320 Et
3490 1277 3550 1319 ut
3596 1265 3670 1318 ibi

2097 1362 2346 1432 mystica,
2372 1369 2427 1415 et
2455 1369 2512 1413 ιιι
2543 1359 2721 1413 multis
2759 1355 3067 1422 ineﬂ‘abilia,
3099 1363 3153 1411 et
3184 1365 3243 1409 ut
3274 1355 3544 1425 incognita
3580 1355 3677 1410 tibi

2099 1451 2488 1518 relinquamus,
2521 1449 2636 1518 ipse
2663 1447 2846 1502 multis
2873 1461 3002 1502 usus
3028 1455 3145 1501 erat
3177 1446 3602 1507 communicare,
3625 1456 3680 1500 et

2095 1549 2563 1611 quantosvpoterat
2590 1541 2640 1594 in
2665 1555 2807 1602 eam,
2829 1553 2969 1608 quae
2997 1538 3288 1592 secundum
3333 1552 3430 1592 nos
3455 1547 3562 1601 est,
3588 1553 3680 1591 sa-

2097 1648 2244 1687 cram
2286 1632 2566 1686 scientiam
2612 1631 2880 1684 adducere
2901 1671 2917 1695 ,
2947 1630 3216 1698 quomodo
3244 1629 3681 1698 supereminebat

424 1721 856 1789 parvipeudendo
906 1721 1102 1784 adhuc,
1146 1730 1200 1774 et
1243 1720 1491 1789 injuriam
1546 1723 1808 1788 faciendo,
1840 1733 1895 1778 et
1942 1725 1995 1778 in
2025 1727 2072 1785 B
2099 1721 2294 1778 multos
2337 1731 2646 1776 sanctorum
2678 1719 3059 1791 magistrorum
3091 1729 3148 1774 et
3196 1721 3452 1789 temporis
3500 1735 3676 1783 mora,

424 1813 738 1880 magistrum
765 1819 818 1865 et
847 1812 1080 1865 anticum
1123 1813 1460 1875 existentem,
1495 1821 1545 1866 et
1579 1830 1674 1867 nos
1703 1824 1820 1882 post
1862 1815 2000 1869 Pau-

424 1902 529 1954 lum
561 1901 801 1954 divinum
849 1901 900 1953 in
952 1900 1093 1953 illius
1145 1901 1374 1970 eloquiis
1409 1899 1648 1966 formati,
1679 1902 2004 1972 gloriosissiq

424 2008 563 2044 niam
624 1990 740 2059 ejus
793 1999 846 2044 et
901 1990 1406 2059 contemplationem
1457 2001 1510 2045 et
1567 1992 2001 2062 explanationem

423 2081 821 2150 nobismetipsis
869 2080 1252 2151 subripientes.
1297 2080 1401 2136 Sed
1453 2085 1705 2152 quoniam
1753 2087 2000 2152 veritate,

421 2185 559 2238 quae
583 2171 760 2224 divina
807 2179 951 2233 sunt,
991 2171 1223 2238 pretiose
1261 2171 1606 2228 introducens
1649 2174 1760 2239 ille,
1790 2177 2004 2246 conspi-

421 2275 552 2313 t-uas
589 2259 744 2313 nobis
793 2259 1131 2316 definitiones
1171 2262 1442 2332 exposuit,
1482 2271 1538 2318 et
1579 2262 1631 2316 in
1680 2279 1786 2318 uno
1833 2265 2002 2319 multa

421 2371 447 2402 ει
477 2351 684 2412 obiens,
729 2359 887 2421 prout
929 2351 1183 2422 possibile
1230 2353 1410 2418 nobis,
1458 2361 1512 2407 et
1560 2353 1667 2418 his,
1697 2354 2005 2424 quicunque

421 2450 544 2494 sunt
575 2442 867 2496 secundum
892 2457 988 2496 nos
1012 2442 1274 2513 magistri,
1305 2459 1472 2513 nuper
1499 2443 1860 2514 perfectarum
1885 2445 2002 2498 aui-

425 2548 632 2586 marum
653 2531 850 2600 jubens
881 2533 1113 2602 aperire,
1136 2541 1190 2587 et
1221 2533 1529 2589 discernere
1557 2535 1708 2590 nobis
1728 2550 2004 2591 commen-

424 2623 646 2677 Sttrilbili
723 2638 973 2679 sermone
1037 2626 1358 2694 conspicuos
1432 2634 1485 2680 et
1544 2633 1790 2694 potentes
1848 2625 2006 2680 intel-

389 2752 392 2756 η
429 2716 841 2770 ιυςιιιιιιίεείιιιειθ
881 2717 982 2770 viri
1028 2716 1169 2771 illius
1201 2717 1413 2772 virtutis
1450 2717 1724 2772 ambitus:
1754 2725 1808 2772 et
1847 2732 2007 2787 saepe

391 2851 394 2854 .
426 2823 524 2862 nos
551 2817 604 2862 et
633 2816 686 2860 tu
704 2809 832 2876 ,ipse
862 2808 913 2860 iu
943 2807 1044 2862 hoc
1071 2807 1388 2862 exhortatus
1417 2822 1497 2873 es,
1519 2816 1574 2863 et
1597 2807 1790 2862 librum
1809 2808 2004 2876 ipsum,

429 2898 965 2968 itsnperexaltatunt
1005 2899 1281 2953 remisisti.
1330 2897 1622 2968 Propterea
1661 2907 1716 2952 et
1759 2913 1858 2954 nos
1883 2913 2008 2953 eum

427 2993 663 3058 quidem,
711 2999 768 3045 ut
815 2991 1173 3060 perfectorum
1218 3000 1272 3046 et
1315 2990 1709 3045 honorabilium
1753 3006 2007 3046 sensuum

2099 1823 2154 1868 et
2201 1814 2398 1868 mentis
2453 1813 2709 1884 puritate,
2763 1822 2817 1866 et
2865 1813 3238 1866 ostensionum
3287 1812 3584 1882 diligentia,
3625 1825 3685 1868 et

2102 1905 2304 1959 ceteris
2349 1904 2521 1959 sacris
2563 1903 2919 1958 orationibus.
2969 1902 3154 1971 Itaque
3199 1917 3535 1971 nequaquam
3589 1902 3685 1955 ali-

2101 1995 2317 2067 quando
2345 1995 2410 2050 ad
2455 1995 2535 2049 sic
2571 2009 2828 2064 maguum
2879 1993 3046 2062 solem
3088 1993 3466 2048 contradicere
3499 1995 3679 2047 conati

2101 2100 2364 2141 essemus.
2419 2084 2510 2140 Sic
2563 2084 2708 2138 enim
2762 2085 3116 2152 nosmetipsos
3190 2083 3567 2138 constituimus
3629 2092 3682 2138 et

2103 2178 2476 2248 cognovimus,
2510 2184 2570 2230 ut
2598 2191 2772 2245 neque
2817 2173 3140 2230 sufﬁcienter
3167 2173 3466 2243 intelligere
3499 2173 3681 2226 invisi-

2103 2268 2227 2323 bilia
2277 2267 2456 2320 divina
2486 2265 2784 2334 capiamus,
2830 2279 3003 2332 neque
3049 2272 3108 2316 ut
3154 2261 3442 2316 inrﬂ‘abilia
3473 2261 3680 2315 divinae

2104 2357 2425 2428 cognitionis
2465 2355 2624 2410 liceat
2655 2355 2834 2409 dicere
2862 2361 2918 2407 et
2957 2364 3249 2422 exponere.
3289 2351 3476 2420 Longe
3504 2359 3677 2404 autem

2104 2448 2416 2512 existentes,
2441 2447 2738 2502 deserimur
2764 2445 3067 2499 divinorum
3093 2443 3327 2497 virorum
3353 2443 3405 2496 iu
3423 2442 3678 2512 theologi.

2105 2557 2224 2596 cam
2249 2540 2528 2594 veritatem
2551 2539 2802 2602 scientia,
2823 2537 2946 2607 quia
2961 2536 3182 2591 omnino
3200 2535 3365 2590 etiam
3391 2535 3444 2588 in
3464 2536 3566 2588 hoc
3589 2549 3681 2604 per

2106 2631 2468 2686 abundantem
2495 2629 2739 2684 timerem
2760 2627 3026 2690 venimus,
3058 2639 3230 2694 neque
3252 2621 3477 2678 omnino
3497 2623 3681 2676 audire

2106 2734 2198 2778 aut
2229 2725 2409 2778 dicere
2437 2722 2564 2793 quid
2596 2725 2661 2776 de
2686 2720 2862 2775 divina
2886 2717 3242 2788 philomphia,
3267 2715 3312 2770 si
3340 2730 3445 2770 non
3489 2729 3680 2768 secun-

2107 2817 2233 2871 dum
2284 2814 2615 2871 intellectum
2667 2812 3028 2883 percepimus.
3059 2807 3149 2863 Sic
3175 2823 3281 2863 non
3308 2815 3522 2877 oportet
3567 2820 3683 2859 sus-

2107 2909 2405 2978 ceptionem
2462 2907 2766 2962 divinarum
2837 2902 3200 2973 cognitionum
3272 2899 3568 2970 negligere.
3621 2896 3686 2950 Et

2111 2999 2214 3054 hoc
2240 3013 2337 3052 nos
2362 2998 2664 3052 docuerunt
2691 3011 2795 3049 non
2837 2993 3009 3048 solum
3047 2991 3198 3060 juxta
3231 3000 3482 3044 naturam
3521 3002 3682 3057 appe-

430 3085 763 3152 ιιιειςὶειηιιη,
800 3083 902 3147 his,
937 3083 1025 3152 qui
1059 3098 1219 3152 super
1250 3083 1448 3138 mullos
1475 3091 2002 3152 sunl.segregams.
2033 3081 2078 3145 C
2109 3090 2238 3144 titus
2276 3089 2579 3143 animorum
2624 3086 2930 3141 amabiliter
2955 3099 3170 3154 semper
3203 3083 3407 3144 dulces,
3437 3079 3684 3148 adjuncta

427 3175 586 3226 v-,~lnti
619 3174 880 3243 quaedam
904 3174 1138 3228 secunda
1164 3173 1397 3242 eloquia,
1428 3182 1481 3228 et
1512 3173 1620 3228 Deo
1647 3182 1836 3227 unctos
1876 3188 2006 3227 con-

425 3273 758 3333 scquentem.
793 3264 884 3317 llis
923 3274 1101 3318 autem
1120 3305 1135 3329 ,
1163 3265 1253 3334 qui
1281 3265 1572 3318 secundum
1597 3278 1694 3318 nos
1719 3272 1856 3325 sunt,
1883 3277 2008 3332 pro-

389 3357 803 3427 ,portionaliter
850 3357 1002 3410 nobis
1047 3373 1144 3410 nos
1195 3356 1371 3410 divina
1420 3356 1712 3410 trademus.
1760 3353 1816 3408 Si
1860 3355 2004 3408 enim

427 3448 790 3517 perfectorum
818 3455 901 3502 est
927 3447 1094 3501 solida
1122 3463 1245 3502 esca
1273 3459 1321 3512 ο,
1347 3447 1437 3501 tali
1471 3462 1564 3501 esu
1593 3446 1731 3499 alius
1768 3455 2005 3515 quantae

431 3540 588 3593 fuerit
616 3539 998 3609 perfectionis?
1045 3539 1211 3594 Recte
1259 3539 1420 3606 igitur
1445 3555 1478 3594 a
1513 3539 1666 3593 nobis
1708 3549 1764 3592 et
1809 3552 2006 3592 conve-

432 3629 766 3682 nientissiiue
823 3629 922 3682 hoc
965 3629 1166 3682 dictum
1217 3637 1318 3688 est.
1352 3643 1463 3696 per
1515 3627 1746 3697 seipsam
1792 3627 2008 3696 quidem

427 3718 900 3785 contemplativam
950 3717 1296 3772 invisibilium
1344 3717 1680 3788 cloquiorum
1722 3717 2006 3783 visionem,

405 3818 484 3862 et
513 3809 913 3878 conspectivatn
945 3825 1129 3863 eorum
1155 3810 1474 3876 doctrinam,
1503 3810 1832 3866 honorabilis
1865 3810 2008 3864 indi-

430 3912 559 3970 gere
593 3899 842 3965 virtutis;
892 3900 944 3954 in
1009 3901 1112 3956 hoc
1161 3909 1341 3955 autem
1387 3899 1671 3961 ferentium
1723 3902 2011 3956 verborum

432 3989 710 4044 se’entiam
744 4000 800 4046 et
833 3991 1168 4062 disciplinam
1203 3993 1500 4047 minoribus
1525 3992 1731 4047 devotis
1751 4001 1808 4047 et
1829 4006 2013 4046 sacra-

438 4081 506 4134 tis
548 4081 858 4136 convenire.
901 4081 1064 4151 Atqui
1112 4081 1302 4137 ethoc
1355 4083 1510 4137 nobis
1539 4083 1880 4137 observatum
1931 4089 2015 4136 est

435 4174 590 4228 valde
619 4173 910 4229 modulose.
961 4173 1144 4244 Itaque
1193 4174 1310 4243 ipso
1361 4174 1543 4228 divino
1579 4174 1712 4228 duce
1733 4172 1892 4241 juxta
1922 4187 2018 4227 ex-

406 4266 764 4336 _pressionem
823 4264 1053 4320 lucidam
1113 4264 1249 4318 bene
1305 4263 1573 4327 discretis,
1623 4263 1754 4317 nihil
1794 4261 2015 4316 omnino

436 4353 819 4424 iujnugendum
857 4369 1089 4424 unquam
1121 4354 1186 4408 ad
1213 4354 1554 4424 tautologiam
1581 4355 1634 4407 in
1669 4353 1926 4422 pr0positi
1949 4351 2018 4406 ab

435 4462 500 4498 eo
527 4445 721 4513 eloquii
752 4445 1200 4516 explanationem.
1236 4442 1497 4510 Quoniam
1524 4452 1578 4498 et
1599 4459 1722 4498 eum
1745 4443 1877 4513 ipsis
1904 4443 2014 4498 Deo
2047 4441 2095 4500 ι)

438 4535 856 4604 aceeptabilibus
879 4537 1076 4591 nostris
1097 4534 1320 4589 summis
1333 4533 1704 4588 sacerdotibus
1716 4564 1785 4573 —
1799 4534 2014 4603 quando

439 4633 493 4677 et
524 4641 642 4688 nos,
674 4636 730 4679 ut
759 4628 1095 4690 aestimatur,
1127 4636 1181 4680 et
1211 4635 1286 4689 tu,
1320 4635 1376 4681 et
1399 4625 1550 4681 multi
1585 4635 1894 4681 sanctorum
1919 4640 2017 4680 no-

439 4723 678 4768 strorum
733 4714 957 4769 fratrum
1009 4717 1063 4769 in
1110 4717 1370 4772 visionem
1412 4716 1574 4770 vitam
1621 4715 1924 4771 incboantis
1955 4723 2019 4769 et

443 4811 612 4863 Deum
657 4811 961 4880 recipientis
999 4812 1243 4880 corporis
1285 4811 1672 4874 convenimus;
1705 4811 1890 4865 aderat
1925 4824 2020 4862 au-

355 4928 358 4932 π
427 4909 552 4953 .teni
583 4909 637 4954 et
684 4899 772 4952 Dei
821 4901 986 4955 frater
1012 4901 1264 4967 Jacobus,
1300 4911 1352 4957 et
1383 4901 1570 4955 Petrus
1598 4910 1781 4954 vertex
1824 4909 1878 4955 et
1918 4901 2018 4954 lto-

445 4993 838 5046 norabilissinta
872 4994 1234 5064 theologorum
1267 4994 1580 5048 summitas:
1611 4992 1800 5047 deinde
1822 4991 2021 5061 placuit

439 5091 567 5154 post
616 5083 877 5136 visionem
941 5084 1158 5137 laudare
1205 5097 1445 5137 summos
1493 5081 1802 5135 sacerdotes
1863 5077 2025 5132 simul

445 5192 652 5240 omnes,
680 5176 946 5244 quomodo
979 5175 1343 5244 unusquisque
1375 5183 1493 5229 erat
1522 5173 1764 5233 idoneus,
1795 5169 2020 5223 multum

2107 3179 2593 3250 supernaturalium
2622 3175 3091 3246 contemplatione,
3117 3174 3210 3229 sed
3239 3181 3294 3227 et
3330 3174 3444 3242 ipsa
3478 3170 3683 3224 divina-

2108 3286 2226 3325 rum
2274 3269 2450 3342 legum
2498 3269 2709 3341 egregia
2765 3267 3042 3337 dispositio
3083 3283 3096 3319 :
3141 3279 3203 3318 ea
3257 3263 3493 3332 quidem,
3552 3274 3682 3331 quae

2108 3376 2269 3431 super
2303 3375 2400 3414 nos
2427 3367 2573 3423 sunt,
2606 3356 2878 3426 depellens
2902 3354 3126 3410 multum
3153 3352 3402 3418 actitare.
3432 3359 3490 3404 et
3521 3360 3577 3403 ut
3600 3365 3682 3403 su-

2109 3466 2206 3520 per
2250 3450 2586 3518 dignitatem,
2629 3456 2678 3502 et
2715 3455 2775 3501 ut
2822 3444 3169 3516 impossibilia
3211 3441 3438 3495 :omnia
3488 3447 3678 3500 autem,

2108 3553 2459 3608 quaecunque
2483 3553 2514 3591 a
2543 3537 2699 3593 nobis
2719 3544 3048 3606 appetuntur
3078 3542 3132 3587 et
3159 3534 3264 3586 don
3284 3540 3454 3592 mtur,
3485 3530 3681 3584 discere

2109 3641 2316 3686 attente
2347 3630 2638 3700 imperans,
2670 3635 2725 3680 et
2753 3626 2874 3680 aliis
2901 3625 3158 3680 divinitus
3193 3622 3427 3678 tradere.
3467 3619 3681 3688 11ίεὶεῆ-

2113 3732 2200 3776 tur
2225 3730 2280 3776 et
2308 3736 2404 3775 nos
2425 3719 2596 3786 suasi,
2623 3726 2678 3773 et
2705 3716 2772 3771 ad
2808 3715 3114 3786 possibilem
3156 3713 3462 3767 divinorum
3507 3711 3683 3764 inveuo

2115 3810 2312 3866 tionem
2343 3809 2648 3864 laborantes
2667 3817 2760 3860 aut
2783 3805 3152 3864 formidantes,
3184 3802 3278 3856 sed
3300 3809 3353 3854 et
3378 3815 3487 3852 non
3513 3800 3681 3851 valen-

2114 3910 2194 3956 tes
2247 3900 2299 3954 in
2353 3910 2596 3954 nostrum
2640 3897 2860 3952 meliora
2893 3896 3156 3964 aspicere,
3208 3890 3486 3960 iuadjutos
3534 3889 3688 3944 relin-

2113 4007 2280 4061 quere
2318 4005 2423 4045 non
2453 3990 2803 4055 sustinentes,
2852 3988 2905 4042 in
2959 3981 3410 4044 conscribendum
3464 3988 3686 4035 nosmet-

2115 4085 2259 4156 ipsos
2297 4069 2664 4155 perduximus,
2696 4097 2894 4137 novum
2933 4079 3152 4149 quidem
3188 4078 3319 4132 nihil
3353 4077 3688 4131 introducere

2114 4177 2395 4242 audentes,
2440 4173 2809 4230 subtilioribus
2855 4181 3038 4227 autem
3078 4180 3133 4226 et
3175 4171 3472 4225 secundum
3516 4177 3690 4238 partes

2116 4267 2355 4339 singulas
2421 4266 2969 4336 interrogationibus,
3025 4278 3164 4334 quae
3215 4260 3500 4332 praeclare
3550 4261 3687 4314 dicta

2117 4370 2244 4416 sunt
2276 4375 2399 4414 vere
2427 4359 2495 4414 ab
2527 4358 2794 4422 lerotlieo,
2827 4357 3194 4411 discernentes
3217 4362 3270 4409 et
3307 4353 3688 4424 exprimentes.

2623 4485 3039 4543 CAPITULUM
3082 4485 3163 4540 Ν.

2120 4621 2194 4675 De
2216 4638 2255 4686 ο,
2282 4622 2429 4683 timo,
2454 4620 2671 4691 lumine,
2703 4621 2854 4682 bono,
2882 4635 3080 4682 amore,
3105 4616 3325 4691 exstasi,
3349 4613 3482 4675 zelo,
3508 4610 3690 4691 etquid

2191 4685 2387 4771 meum
2420 4687 2682 4814 Tque‘avt
2725 4705 2888 4759 neque
2913 4704 2978 4740 ex
3005 4705 3096 4753 eo,
3141 4685 3280 4757 quod
3317 4695 3418 4747 est,
3458 4685 3691 4749 atquein

2191 4771 2432 4814 existant:
2471 4778 2551 4814 us.

2191 4771 2551 4814 existentibus.

2197 4889 2254 4944 Si
2283 4889 2619 4944 commodum
2643 4903 2792 4960 ergo,
2820 4889 2872 4942 in
2900 4902 3019 4941 eam
3043 4885 3152 4956 jam
3181 4896 3431 4939 sermone
3463 4878 3686 4935 divinam

2126 4983 2549 5040 nominationem
2585 4980 2897 5043 redeamus,
2927 4992 3088 5048 quam
3118 4982 3324 5029 remote
3354 4968 3572 5038 theologi
3597 4981 3692 5019 su-

2112 5075 2438 5146 .perdivinae
2465 5068 2655 5126 deitati
2698 5069 2765 5123 ab
2791 5069 3042 5122 omnibus
3077 5072 3382 5140 segregant,
3416 5061 3597 5130 ipsam,
3632 5062 3696 5107 ut

2131 5167 2384 5228 arbitror,
2416 5164 2654 5219 divinam
2696 5160 3101 5217 subsistentiam
3127 5160 3148 5188 '
3180 5157 3473 5213 bonitatem
3511 5149 3685 5204 dicen-

1727 5304 1981 5362 VARIAE
2019 5297 2414 5357 LECTlONES.

528 5430 542 5460 ⁸
583 5430 669 5482 AE
705 5433 756 5482 in
793 5443 995 5484 tan'um
1029 5437 1119 5483 aut
1150 5428 1354 5481 insania
1388 5435 1477 5479 attt
1512 5425 1753 5478 stultitia.

1829 5423 1852 5454 ³
1891 5419 1984 5472 Bll
2025 5415 2392 5470 substantiam.

1963 5525 2209 5584 NOTAE.

517 5653 555 5678 αι
592 5638 752 5692 Hebr,
803 5638 863 5691 ι’,
