  <div class='ocr_page' id='page_1' title='image "/cluster/home/n/w/nwhite01/storage/ocr_20150623/122/hvd.32044054759840/602.png"; bbox 0 0 3952 6162; ppageno 0'>
   <div class='ocr_carea' id='block_1_1' title="bbox 260 299 389 365">
    <p class='ocr_par' dir='ltr' id='par_1_1' title="bbox 260 299 389 365">
     <span class='ocr_line' id='line_1_1' title="bbox 260 299 389 365; baseline -0.023 -1"><span class='ocrx_word' id='word_1_1' title='bbox 260 299 389 365; x_wconf 63' lang='grc' dir='ltr'><em>ιιθο</em></span> 
     </span>
    </p>
   </div>
   <div class='ocr_carea' id='block_1_2' title="bbox 897 310 2869 389">
    <p class='ocr_par' dir='ltr' id='par_1_2' title="bbox 897 310 2869 389">
     <span class='ocr_line' id='line_1_2' title="bbox 897 310 2869 389; baseline 0.008 -18"><span class='ocrx_word' id='word_1_2' title='bbox 897 310 1140 376; x_wconf 72' lang='grc' dir='ltr'><em>νειιειο</em></span> <span class='ocrx_word' id='word_1_3' title='bbox 1180 318 1465 379; x_wconf 80' lang='lat' dir='ltr'><strong>OPERUM</strong></span> <span class='ocrx_word' id='word_1_4' title='bbox 1506 323 1564 378; x_wconf 91' lang='lat' dir='ltr'><strong>S.</strong></span> <span class='ocrx_word' id='word_1_5' title='bbox 1605 325 1921 384; x_wconf 70' lang='lat' dir='ltr'><strong>DIONYSII.</strong></span> <span class='ocrx_word' id='word_1_6' title='bbox 1946 327 2035 370; x_wconf 84' lang='grc'><strong>’-</strong></span> <span class='ocrx_word' id='word_1_7' title='bbox 2071 330 2160 387; x_wconf 84' lang='lat' dir='ltr'><strong>DE</strong></span> <span class='ocrx_word' id='word_1_8' title='bbox 2200 332 2443 388; x_wconf 69' lang='lat' dir='ltr'><strong>DIVINIS</strong></span> <span class='ocrx_word' id='word_1_9' title='bbox 2480 332 2869 389; x_wconf 64' lang='lat' dir='ltr'><strong>N03il-NIBUS.</strong></span> 
     </span>
    </p>
   </div>
   <div class='ocr_carea' id='block_1_3' title="bbox 3376 335 3540 389">
    <p class='ocr_par' dir='ltr' id='par_1_3' title="bbox 3376 335 3540 389">
     <span class='ocr_line' id='line_1_3' title="bbox 3376 335 3540 389; baseline -0.006 -1"><span class='ocrx_word' id='word_1_10' title='bbox 3376 335 3540 389; x_wconf 66' lang='lat' dir='ltr'><strong>H50“-</strong></span> 
     </span>
    </p>
   </div>
   <div class='ocr_carea' id='block_1_4' title="bbox 255 419 3548 515">
    <p class='ocr_par' dir='ltr' id='par_1_4' title="bbox 255 419 3548 515">
     <span class='ocr_line' id='line_1_4' title="bbox 255 419 3548 515; baseline 0.008 -39"><span class='ocrx_word' id='word_1_11' title='bbox 255 431 357 484; x_wconf 77' lang='lat' dir='ltr'><strong>tes,</strong></span> <span class='ocrx_word' id='word_1_12' title='bbox 381 428 435 474; x_wconf 86' lang='lat' dir='ltr'><strong>et</strong></span> <span class='ocrx_word' id='word_1_13' title='bbox 461 420 587 490; x_wconf 80' lang='lat' dir='ltr'><strong>quia</strong></span> <span class='ocrx_word' id='word_1_14' title='bbox 621 419 902 482; x_wconf 83' lang='lat' dir='ltr'><strong>existendo</strong></span> <span class='ocrx_word' id='word_1_15' title='bbox 927 429 1191 499; x_wconf 90' lang='lat' dir='ltr'><strong>optimum</strong></span> <span class='ocrx_word' id='word_1_16' title='bbox 1217 472 1232 496; x_wconf 95' lang='lat'><strong>,</strong></span> <span class='ocrx_word' id='word_1_17' title='bbox 1282 443 1343 487; x_wconf 88' lang='lat' dir='ltr'><strong>ut</strong></span> <span class='ocrx_word' id='word_1_18' title='bbox 1366 434 1654 490; x_wconf 89' lang='lat' dir='ltr'><strong>essentiale</strong></span> <span class='ocrx_word' id='word_1_19' title='bbox 1689 438 1834 507; x_wconf 89' lang='lat' dir='ltr'><strong>opti-</strong></span> <span class='ocrx_word' id='word_1_20' title='bbox 1865 443 1910 500; x_wconf 82' lang='lat' dir='ltr'><strong>A</strong></span> <span class='ocrx_word' id='word_1_21' title='bbox 1940 451 2192 512; x_wconf 89' lang='lat' dir='ltr'><strong>cooperta</strong></span> <span class='ocrx_word' id='word_1_22' title='bbox 2217 444 2405 498; x_wconf 86' lang='lat' dir='ltr'><strong>vivunt</strong></span> <span class='ocrx_word' id='word_1_23' title='bbox 2424 453 2478 499; x_wconf 89' lang='lat' dir='ltr'><strong>et</strong></span> <span class='ocrx_word' id='word_1_24' title='bbox 2505 445 2720 510; x_wconf 85' lang='lat' dir='ltr'><strong>obruta,</strong></span> <span class='ocrx_word' id='word_1_25' title='bbox 2742 453 2796 499; x_wconf 91' lang='lat' dir='ltr'><strong>et</strong></span> <span class='ocrx_word' id='word_1_26' title='bbox 2826 444 3142 514; x_wconf 71' lang='lat' dir='ltr'><strong>simpliciter</strong></span> <span class='ocrx_word' id='word_1_27' title='bbox 3161 459 3548 515; x_wconf 50' lang='lat' dir='ltr'><strong>quaecunque»</strong></span> 
     </span>
    </p>
   </div>
   <div class='ocr_carea' id='block_1_5' title="bbox 254 517 1824 591">
    <p class='ocr_par' dir='ltr' id='par_1_5' title="bbox 254 517 1824 591">
     <span class='ocr_line' id='line_1_5' title="bbox 254 517 1824 591; baseline 0.01 -23"><span class='ocrx_word' id='word_1_28' title='bbox 254 527 433 578; x_wconf 86' lang='lat' dir='ltr'><strong>mum,</strong></span> <span class='ocrx_word' id='word_1_29' title='bbox 488 517 541 571; x_wconf 92' lang='lat' dir='ltr'><strong>in</strong></span> <span class='ocrx_word' id='word_1_30' title='bbox 585 519 793 586; x_wconf 84' lang='lat' dir='ltr'><strong>omnia,</strong></span> <span class='ocrx_word' id='word_1_31' title='bbox 823 537 962 591; x_wconf 88' lang='lat' dir='ltr'><strong>quae</strong></span> <span class='ocrx_word' id='word_1_32' title='bbox 1007 534 1164 591; x_wconf 89' lang='lat' dir='ltr'><strong>sunt,</strong></span> <span class='ocrx_word' id='word_1_33' title='bbox 1215 528 1459 582; x_wconf 85' lang='lat' dir='ltr'><strong>extendit</strong></span> <span class='ocrx_word' id='word_1_34' title='bbox 1509 529 1824 584; x_wconf 75' lang='lat' dir='ltr'><strong>bonitatem.</strong></span> 
     </span>
    </p>
   </div>
   <div class='ocr_carea' id='block_1_6' title="bbox 252 605 1829 686">
    <p class='ocr_par' dir='ltr' id='par_1_6' title="bbox 252 605 1829 686">
     <span class='ocr_line' id='line_1_6' title="bbox 252 605 1829 686; baseline 0.011 -27"><span class='ocrx_word' id='word_1_35' title='bbox 252 605 459 661; x_wconf 83' lang='lat' dir='ltr'><strong>Etenim</strong></span> <span class='ocrx_word' id='word_1_36' title='bbox 485 609 627 665; x_wconf 83' lang='lat' dir='ltr'><strong>sicut</strong></span> <span class='ocrx_word' id='word_1_37' title='bbox 648 612 862 681; x_wconf 84' lang='lat' dir='ltr'><strong>quidem</strong></span> <span class='ocrx_word' id='word_1_38' title='bbox 892 615 985 685; x_wconf 90' lang='lat' dir='ltr'><strong>qui</strong></span> <span class='ocrx_word' id='word_1_39' title='bbox 1015 619 1312 673; x_wconf 90' lang='lat' dir='ltr'><strong>secundum</strong></span> <span class='ocrx_word' id='word_1_40' title='bbox 1339 635 1440 674; x_wconf 82' lang='lat' dir='ltr'><strong>nos</strong></span> <span class='ocrx_word' id='word_1_41' title='bbox 1468 630 1556 675; x_wconf 90' lang='lat' dir='ltr'><strong>est</strong></span> <span class='ocrx_word' id='word_1_42' title='bbox 1590 622 1694 686; x_wconf 91' lang='lat' dir='ltr'><strong>sol,</strong></span> <span class='ocrx_word' id='word_1_43' title='bbox 1724 638 1829 677; x_wconf 93' lang='lat' dir='ltr'><strong>non</strong></span> 
     </span>
    </p>
   </div>
   <div class='ocr_carea' id='block_1_7' title="bbox 250 696 1832 772">
    <p class='ocr_par' dir='ltr' id='par_1_7' title="bbox 250 696 1832 772">
     <span class='ocr_line' id='line_1_7' title="bbox 250 696 1832 772; baseline 0.009 -24"><span class='ocrx_word' id='word_1_44' title='bbox 250 696 494 765; x_wconf 87' lang='lat' dir='ltr'><strong>cogitans</strong></span> <span class='ocrx_word' id='word_1_45' title='bbox 540 707 635 752; x_wconf 89' lang='lat' dir='ltr'><strong>aut</strong></span> <span class='ocrx_word' id='word_1_46' title='bbox 691 702 1059 772; x_wconf 80' lang='lat' dir='ltr'><strong>praeeligens,</strong></span> <span class='ocrx_word' id='word_1_47' title='bbox 1114 706 1210 760; x_wconf 90' lang='lat' dir='ltr'><strong>sed</strong></span> <span class='ocrx_word' id='word_1_48' title='bbox 1266 721 1333 761; x_wconf 93' lang='lat' dir='ltr'><strong>eo</strong></span> <span class='ocrx_word' id='word_1_49' title='bbox 1384 722 1505 763; x_wconf 87' lang='lat' dir='ltr'><strong>esse</strong></span> <span class='ocrx_word' id='word_1_50' title='bbox 1563 709 1832 763; x_wconf 78' lang='lat' dir='ltr'><strong>illuminat.</strong></span> 
     </span>
    </p>
   </div>
   <div class='ocr_carea' id='block_1_8' title="bbox 249 787 1831 870">
    <p class='ocr_par' dir='ltr' id='par_1_8' title="bbox 249 787 1831 870">
     <span class='ocr_line' id='line_1_8' title="bbox 249 787 1831 870; baseline 0.009 -30"><span class='ocrx_word' id='word_1_51' title='bbox 249 787 449 850; x_wconf 86' lang='lat' dir='ltr'><strong>omnia,</strong></span> <span class='ocrx_word' id='word_1_52' title='bbox 491 804 629 858; x_wconf 91' lang='lat' dir='ltr'><strong>quae</strong></span> <span class='ocrx_word' id='word_1_53' title='bbox 654 794 979 863; x_wconf 90' lang='lat' dir='ltr'><strong>participare</strong></span> <span class='ocrx_word' id='word_1_54' title='bbox 1014 796 1195 851; x_wconf 89' lang='lat' dir='ltr'><strong>lumen</strong></span> <span class='ocrx_word' id='word_1_55' title='bbox 1225 796 1342 865; x_wconf 84' lang='lat' dir='ltr'><strong>ejus</strong></span> <span class='ocrx_word' id='word_1_56' title='bbox 1375 802 1672 854; x_wconf 87' lang='lat' dir='ltr'><strong>secundum</strong></span> <span class='ocrx_word' id='word_1_57' title='bbox 1704 815 1831 870; x_wconf 81' lang='lat' dir='ltr'><strong>pro-</strong></span> 
     </span>
    </p>
   </div>
   <div class='ocr_carea' id='block_1_9' title="bbox 248 876 1836 961">
    <p class='ocr_par' dir='ltr' id='par_1_9' title="bbox 248 876 1836 961">
     <span class='ocr_line' id='line_1_9' title="bbox 248 876 1836 961; baseline 0.012 -34"><span class='ocrx_word' id='word_1_58' title='bbox 248 876 425 945; x_wconf 90' lang='lat' dir='ltr'><strong>priam</strong></span> <span class='ocrx_word' id='word_1_59' title='bbox 452 881 690 947; x_wconf 79' lang='lat' dir='ltr'><strong>potentia</strong></span> <span class='ocrx_word' id='word_1_60' title='bbox 720 891 845 936; x_wconf 92' lang='lat' dir='ltr'><strong>sunt</strong></span> <span class='ocrx_word' id='word_1_61' title='bbox 878 885 1166 951; x_wconf 89' lang='lat' dir='ltr'><strong>rationem,</strong></span> <span class='ocrx_word' id='word_1_62' title='bbox 1189 888 1270 942; x_wconf 89' lang='lat' dir='ltr'><strong>sic</strong></span> <span class='ocrx_word' id='word_1_63' title='bbox 1295 897 1351 942; x_wconf 91' lang='lat' dir='ltr'><strong>et</strong></span> <span class='ocrx_word' id='word_1_64' title='bbox 1379 890 1644 959; x_wconf 90' lang='lat' dir='ltr'><strong>optimum</strong></span> <span class='ocrx_word' id='word_1_65' title='bbox 1671 906 1836 961; x_wconf 82' lang='lat' dir='ltr'><strong>super</strong></span> 
     </span>
    </p>
   </div>
   <div class='ocr_carea' id='block_1_10' title="bbox 248 965 1861 1048">
    <p class='ocr_par' dir='ltr' id='par_1_10' title="bbox 248 965 1861 1048">
     <span class='ocr_line' id='line_1_10' title="bbox 248 965 1861 1048; baseline 0.009 -30"><span class='ocrx_word' id='word_1_66' title='bbox 248 965 417 1020; x_wconf 88' lang='lat' dir='ltr'><strong>solem</strong></span> <span class='ocrx_word' id='word_1_67' title='bbox 443 1008 460 1030; x_wconf 90' lang='lat'><strong>,</strong></span> <span class='ocrx_word' id='word_1_68' title='bbox 510 978 569 1022; x_wconf 91' lang='lat' dir='ltr'><strong>ut</strong></span> <span class='ocrx_word' id='word_1_69' title='bbox 599 986 761 1040; x_wconf 85' lang='lat' dir='ltr'><strong>super</strong></span> <span class='ocrx_word' id='word_1_70' title='bbox 810 974 1126 1030; x_wconf 58' lang='lat' dir='ltr'><strong>obscuram~</strong></span> <span class='ocrx_word' id='word_1_71' title='bbox 1149 978 1471 1048; x_wconf 28' lang='lat' dir='ltr'><strong>imaginem.</strong></span> <span class='ocrx_word' id='word_1_72' title='bbox 1506 980 1861 1037; x_wconf 74' lang='lat' dir='ltr'><strong>excellenter.</strong></span> 
     </span>
    </p>
   </div>
   <div class='ocr_carea' id='block_1_11' title="bbox 249 1056 1839 1134">
    <p class='ocr_par' dir='ltr' id='par_1_11' title="bbox 249 1056 1839 1134">
     <span class='ocr_line' id='line_1_11' title="bbox 249 1056 1839 1134; baseline 0.011 -26"><span class='ocrx_word' id='word_1_73' title='bbox 249 1056 547 1126; x_wconf 83' lang='lat' dir='ltr'><strong>principate</strong></span> <span class='ocrx_word' id='word_1_74' title='bbox 599 1063 947 1132; x_wconf 85' lang='lat' dir='ltr'><strong>exemplum,</strong></span> <span class='ocrx_word' id='word_1_75' title='bbox 1002 1065 1104 1134; x_wconf 86' lang='lat' dir='ltr'><strong>ipsi</strong></span> <span class='ocrx_word' id='word_1_76' title='bbox 1148 1068 1537 1124; x_wconf 87' lang='lat' dir='ltr'><strong>subsistentiae</strong></span> <span class='ocrx_word' id='word_1_77' title='bbox 1584 1071 1839 1126; x_wconf 89' lang='lat' dir='ltr'><strong>omnibus</strong></span> 
     </span>
    </p>
   </div>
   <div class='ocr_carea' id='block_1_12' title="bbox 250 1155 1863 1232">
    <p class='ocr_par' dir='ltr' id='par_1_12' title="bbox 250 1155 1863 1232">
     <span class='ocr_line' id='line_1_12' title="bbox 250 1155 1863 1232; baseline 0.009 -27"><span class='ocrx_word' id='word_1_78' title='bbox 250 1155 611 1211; x_wconf 84' lang='lat' dir='ltr'><strong>existentibus</strong></span> <span class='ocrx_word' id='word_1_79' title='bbox 631 1161 1108 1228; x_wconf 79' lang='lat' dir='ltr'><strong>propertiuualiter</strong></span> <span class='ocrx_word' id='word_1_80' title='bbox 1127 1164 1430 1232; x_wconf 90' lang='lat' dir='ltr'><strong>supermitti</strong></span> <span class='ocrx_word' id='word_1_81' title='bbox 1442 1172 1477 1218; x_wconf 73' lang='grc' dir='ltr'><em>ι.</em></span> <span class='ocrx_word' id='word_1_82' title='bbox 1491 1166 1661 1221; x_wconf 80' lang='lat' dir='ltr'><strong>totius</strong></span> <span class='ocrx_word' id='word_1_83' title='bbox 1682 1167 1863 1221; x_wconf 68' lang='lat' dir='ltr'><strong>hbui--</strong></span> 
     </span>
    </p>
   </div>
   <div class='ocr_carea' id='block_1_13' title="bbox 252 1240 1841 1317">
    <p class='ocr_par' dir='ltr' id='par_1_13' title="bbox 252 1240 1841 1317">
     <span class='ocr_line' id='line_1_13' title="bbox 252 1240 1841 1317; baseline 0.009 -22"><span class='ocrx_word' id='word_1_84' title='bbox 252 1243 388 1297; x_wconf 89' lang='lat' dir='ltr'><strong>tatis</strong></span> <span class='ocrx_word' id='word_1_85' title='bbox 412 1245 620 1299; x_wconf 83' lang='lat' dir='ltr'><strong>radios.</strong></span> <span class='ocrx_word' id='word_1_86' title='bbox 651 1240 908 1317; x_wconf 77' lang='lat' dir='ltr'><strong>Perqsos</strong></span> <span class='ocrx_word' id='word_1_87' title='bbox 923 1250 1220 1306; x_wconf 86' lang='lat' dir='ltr'><strong>subsistere</strong></span> <span class='ocrx_word' id='word_1_88' title='bbox 1236 1253 1536 1309; x_wconf 88' lang='lat' dir='ltr'><strong>invisibiles</strong></span> <span class='ocrx_word' id='word_1_89' title='bbox 1558 1264 1615 1309; x_wconf 92' lang='lat' dir='ltr'><strong>et</strong></span> <span class='ocrx_word' id='word_1_90' title='bbox 1630 1255 1841 1310; x_wconf 89' lang='lat' dir='ltr'><strong>intelle-</strong></span> 
     </span>
    </p>
   </div>
   <div class='ocr_carea' id='block_1_14' title="bbox 251 1333 1841 1414">
    <p class='ocr_par' dir='ltr' id='par_1_14' title="bbox 251 1333 1841 1414">
     <span class='ocr_line' id='line_1_14' title="bbox 251 1333 1841 1414; baseline 0.009 -29"><span class='ocrx_word' id='word_1_91' title='bbox 251 1333 461 1389; x_wconf 88' lang='lat' dir='ltr'><strong>ctuales</strong></span> <span class='ocrx_word' id='word_1_92' title='bbox 482 1350 694 1402; x_wconf 83' lang='lat' dir='ltr'><strong>omnes,</strong></span> <span class='ocrx_word' id='word_1_93' title='bbox 711 1341 1067 1405; x_wconf 87' lang='lat' dir='ltr'><strong>etessentiae,</strong></span> <span class='ocrx_word' id='word_1_94' title='bbox 1089 1353 1146 1397; x_wconf 91' lang='lat' dir='ltr'><strong>et</strong></span> <span class='ocrx_word' id='word_1_95' title='bbox 1160 1343 1407 1408; x_wconf 87' lang='lat' dir='ltr'><strong>virtutes,</strong></span> <span class='ocrx_word' id='word_1_96' title='bbox 1423 1353 1479 1399; x_wconf 93' lang='lat' dir='ltr'><strong>et</strong></span> <span class='ocrx_word' id='word_1_97' title='bbox 1497 1346 1841 1414; x_wconf 88' lang='lat' dir='ltr'><strong>operationes</strong></span> 
     </span>
    </p>
   </div>
   <div class='ocr_carea' id='block_1_15' title="bbox 249 1429 1844 1495">
    <p class='ocr_par' dir='ltr' id='par_1_15' title="bbox 249 1429 1844 1495">
     <span class='ocr_line' id='line_1_15' title="bbox 249 1429 1844 1495; baseline 0.008 -17"><span class='ocrx_word' id='word_1_98' title='bbox 249 1440 472 1495; x_wconf 78' lang='lat' dir='ltr'><strong>pereas</strong></span> <span class='ocrx_word' id='word_1_99' title='bbox 518 1436 666 1492; x_wconf 84' lang='lat' dir='ltr'><strong>sunt,</strong></span> <span class='ocrx_word' id='word_1_100' title='bbox 710 1436 767 1481; x_wconf 92' lang='lat' dir='ltr'><strong>et</strong></span> <span class='ocrx_word' id='word_1_101' title='bbox 809 1429 976 1483; x_wconf 89' lang='lat' dir='ltr'><strong>vitam</strong></span> <span class='ocrx_word' id='word_1_102' title='bbox 1019 1430 1219 1486; x_wconf 80' lang='lat' dir='ltr'><strong>habent</strong></span> <span class='ocrx_word' id='word_1_103' title='bbox 1263 1447 1370 1487; x_wconf 91' lang='lat' dir='ltr'><strong>non</strong></span> <span class='ocrx_word' id='word_1_104' title='bbox 1418 1434 1757 1495; x_wconf 79' lang='lat' dir='ltr'><strong>deiicientem</strong></span> <span class='ocrx_word' id='word_1_105' title='bbox 1786 1446 1844 1491; x_wconf 93' lang='lat' dir='ltr'><strong>et</strong></span> 
     </span>
    </p>
   </div>
   <div class='ocr_carea' id='block_1_16' title="bbox 250 1517 1845 1592">
    <p class='ocr_par' dir='ltr' id='par_1_16' title="bbox 250 1517 1845 1592">
     <span class='ocr_line' id='line_1_16' title="bbox 250 1517 1845 1592; baseline 0.01 -25"><span class='ocrx_word' id='word_1_106' title='bbox 250 1529 359 1568; x_wconf 86' lang='lat' dir='ltr'><strong>non</strong></span> <span class='ocrx_word' id='word_1_107' title='bbox 409 1517 767 1583; x_wconf 87' lang='lat' dir='ltr'><strong>minoratam,</strong></span> <span class='ocrx_word' id='word_1_108' title='bbox 818 1521 975 1576; x_wconf 82' lang='lat' dir='ltr'><strong>omni</strong></span> <span class='ocrx_word' id='word_1_109' title='bbox 1023 1525 1375 1592; x_wconf 85' lang='lat' dir='ltr'><strong>corruptione</strong></span> <span class='ocrx_word' id='word_1_110' title='bbox 1446 1533 1504 1581; x_wconf 92' lang='lat' dir='ltr'><strong>et</strong></span> <span class='ocrx_word' id='word_1_111' title='bbox 1550 1538 1725 1582; x_wconf 89' lang='lat' dir='ltr'><strong>morte</strong></span> <span class='ocrx_word' id='word_1_112' title='bbox 1788 1536 1845 1582; x_wconf 91' lang='lat' dir='ltr'><strong>et</strong></span> 
     </span>
    </p>
   </div>
   <div class='ocr_carea' id='block_1_17' title="bbox 252 1606 1843 1681">
    <p class='ocr_par' dir='ltr' id='par_1_17' title="bbox 252 1606 1843 1681">
     <span class='ocr_line' id='line_1_17' title="bbox 252 1606 1843 1681; baseline 0.008 -23"><span class='ocrx_word' id='word_1_113' title='bbox 252 1606 478 1659; x_wconf 71' lang='lat' dir='ltr'><strong>mateﬁa</strong></span> <span class='ocrx_word' id='word_1_114' title='bbox 511 1614 568 1660; x_wconf 89' lang='lat' dir='ltr'><strong>et</strong></span> <span class='ocrx_word' id='word_1_115' title='bbox 618 1610 965 1677; x_wconf 88' lang='lat' dir='ltr'><strong>generatione</strong></span> <span class='ocrx_word' id='word_1_116' title='bbox 1024 1621 1316 1681; x_wconf 75' lang='lat' dir='ltr'><strong>purgatae,</strong></span> <span class='ocrx_word' id='word_1_117' title='bbox 1382 1622 1438 1668; x_wconf 93' lang='lat' dir='ltr'><strong>et</strong></span> <span class='ocrx_word' id='word_1_118' title='bbox 1497 1614 1752 1670; x_wconf 83' lang='lat' dir='ltr'><strong>instantia</strong></span> <span class='ocrx_word' id='word_1_119' title='bbox 1790 1625 1843 1671; x_wconf 91' lang='lat' dir='ltr'><strong>et</strong></span> 
     </span>
    </p>
   </div>
   <div class='ocr_carea' id='block_1_18' title="bbox 252 1691 1842 1760">
    <p class='ocr_par' dir='ltr' id='par_1_18' title="bbox 252 1691 1842 1760">
     <span class='ocr_line' id='line_1_18' title="bbox 252 1691 1842 1760; baseline 0.008 -13"><span class='ocrx_word' id='word_1_120' title='bbox 252 1691 398 1748; x_wconf 77' lang='lat' dir='ltr'><strong>ﬂuxu</strong></span> <span class='ocrx_word' id='word_1_121' title='bbox 464 1705 522 1750; x_wconf 86' lang='lat' dir='ltr'><strong>et</strong></span> <span class='ocrx_word' id='word_1_122' title='bbox 560 1696 706 1751; x_wconf 84' lang='lat' dir='ltr'><strong>aliud</strong></span> <span class='ocrx_word' id='word_1_123' title='bbox 762 1698 924 1753; x_wconf 84' lang='lat' dir='ltr'><strong>aliter</strong></span> <span class='ocrx_word' id='word_1_124' title='bbox 967 1698 1175 1756; x_wconf 84' lang='lat' dir='ltr'><strong>ferente</strong></span> <span class='ocrx_word' id='word_1_125' title='bbox 1224 1702 1587 1760; x_wconf 84' lang='lat' dir='ltr'><strong>mutabilitate</strong></span> <span class='ocrx_word' id='word_1_126' title='bbox 1628 1720 1842 1760; x_wconf 88' lang='lat' dir='ltr'><strong>sursum</strong></span> 
     </span>
    </p>
   </div>
   <div class='ocr_carea' id='block_1_19' title="bbox 1933 532 3545 599">
    <p class='ocr_par' dir='ltr' id='par_1_19' title="bbox 1933 532 3545 599">
     <span class='ocr_line' id='line_1_19' title="bbox 1933 532 3545 599; baseline 0.002 -15"><span class='ocrx_word' id='word_1_127' title='bbox 1933 532 2246 587; x_wconf 86' lang='lat' dir='ltr'><strong>sensibilem</strong></span> <span class='ocrx_word' id='word_1_128' title='bbox 2275 535 2474 589; x_wconf 86' lang='lat' dir='ltr'><strong>habent</strong></span> <span class='ocrx_word' id='word_1_129' title='bbox 2501 535 2737 589; x_wconf 85' lang='lat' dir='ltr'><strong>animam</strong></span> <span class='ocrx_word' id='word_1_130' title='bbox 2763 544 2867 590; x_wconf 81' lang='lat' dir='ltr'><strong>aut</strong></span> <span class='ocrx_word' id='word_1_131' title='bbox 2888 535 3069 599; x_wconf 81' lang='lat' dir='ltr'><strong>vitam,</strong></span> <span class='ocrx_word' id='word_1_132' title='bbox 3099 545 3153 589; x_wconf 89' lang='lat' dir='ltr'><strong>et</strong></span> <span class='ocrx_word' id='word_1_133' title='bbox 3174 537 3308 590; x_wconf 86' lang='lat' dir='ltr'><strong>haec</strong></span> <span class='ocrx_word' id='word_1_134' title='bbox 3335 538 3545 590; x_wconf 67' lang='lat' dir='ltr'><strong>(uiittia-</strong></span> 
     </span>
    </p>
   </div>
   <div class='ocr_carea' id='block_1_20' title="bbox 1932 626 3530 698">
    <p class='ocr_par' dir='ltr' id='par_1_20' title="bbox 1932 626 3530 698">
     <span class='ocr_line' id='line_1_20' title="bbox 1932 626 3530 698; baseline 0.001 -20"><span class='ocrx_word' id='word_1_135' title='bbox 1932 639 2032 695; x_wconf 90' lang='lat' dir='ltr'><strong>per</strong></span> <span class='ocrx_word' id='word_1_136' title='bbox 2058 626 2324 695; x_wconf 79' lang='lat' dir='ltr'><strong>optimum</strong></span> <span class='ocrx_word' id='word_1_137' title='bbox 2354 627 2666 681; x_wconf 83' lang='lat' dir='ltr'><strong>animantur</strong></span> <span class='ocrx_word' id='word_1_138' title='bbox 2694 636 2755 682; x_wconf 30' lang='lat' dir='ltr'><strong>et.</strong></span> <span class='ocrx_word' id='word_1_139' title='bbox 2782 627 3146 683; x_wconf 87' lang='lat' dir='ltr'><strong>vivificantur.</strong></span> <span class='ocrx_word' id='word_1_140' title='bbox 3178 627 3243 681; x_wconf 88' lang='lat' dir='ltr'><strong>Et</strong></span> <span class='ocrx_word' id='word_1_141' title='bbox 3273 629 3530 698; x_wconf 72' lang='lat' dir='ltr'><strong>germina</strong></span> 
     </span>
    </p>
   </div>
   <div class='ocr_carea' id='block_1_21' title="bbox 1933 714 3629 788">
    <p class='ocr_par' dir='ltr' id='par_1_21' title="bbox 1933 714 3629 788">
     <span class='ocr_line' id='line_1_21' title="bbox 1933 714 3629 788; baseline 0.001 -21"><span class='ocrx_word' id='word_1_142' title='bbox 1933 714 2490 768; x_wconf 17' lang='lat' dir='ltr'><strong>omnia‘nutritivam</strong></span> <span class='ocrx_word' id='word_1_143' title='bbox 2539 717 2903 770; x_wconf 86' lang='lat' dir='ltr'><strong>etmotivam</strong></span> <span class='ocrx_word' id='word_1_144' title='bbox 2962 716 3159 770; x_wconf 71' lang='lat' dir='ltr'><strong>habent</strong></span> <span class='ocrx_word' id='word_1_145' title='bbox 3220 716 3386 769; x_wconf 84' lang='lat' dir='ltr'><strong>vitam</strong></span> <span class='ocrx_word' id='word_1_146' title='bbox 3448 731 3547 769; x_wconf 77' lang='lat' dir='ltr'><strong>ex-</strong></span> <span class='ocrx_word' id='word_1_147' title='bbox 3612 766 3629 788; x_wconf 29' lang='grc' dir='ltr'><em>,π</em></span> 
     </span>
    </p>
   </div>
   <div class='ocr_carea' id='block_1_22' title="bbox 1934 804 3536 873">
    <p class='ocr_par' dir='ltr' id='par_1_22' title="bbox 1934 804 3536 873">
     <span class='ocr_line' id='line_1_22' title="bbox 1934 804 3536 873; baseline 0.003 -17"><span class='ocrx_word' id='word_1_148' title='bbox 1934 804 2159 872; x_wconf 89' lang='lat' dir='ltr'><strong>optimo,</strong></span> <span class='ocrx_word' id='word_1_149' title='bbox 2199 812 2255 859; x_wconf 88' lang='lat' dir='ltr'><strong>et</strong></span> <span class='ocrx_word' id='word_1_150' title='bbox 2282 819 2651 873; x_wconf 81' lang='lat' dir='ltr'><strong>quaecunque</strong></span> <span class='ocrx_word' id='word_1_151' title='bbox 2679 806 2748 859; x_wconf 88' lang='lat' dir='ltr'><strong>sit</strong></span> <span class='ocrx_word' id='word_1_152' title='bbox 2776 805 3086 860; x_wconf 86' lang='lat' dir='ltr'><strong>inanimalis</strong></span> <span class='ocrx_word' id='word_1_153' title='bbox 3112 814 3166 859; x_wconf 92' lang='lat' dir='ltr'><strong>et</strong></span> <span class='ocrx_word' id='word_1_154' title='bbox 3203 821 3308 860; x_wconf 78' lang='lat' dir='ltr'><strong>non</strong></span> <span class='ocrx_word' id='word_1_155' title='bbox 3336 805 3536 861; x_wconf 84' lang='lat' dir='ltr'><strong>vitalis-</strong></span> 
     </span>
    </p>
   </div>
   <div class='ocr_carea' id='block_1_23' title="bbox 1935 893 3519 966">
    <p class='ocr_par' dir='ltr' id='par_1_23' title="bbox 1935 893 3519 966">
     <span class='ocr_line' id='line_1_23' title="bbox 1935 893 3519 966; baseline 0.001 -19"><span class='ocrx_word' id='word_1_156' title='bbox 1935 893 2193 959; x_wconf 85' lang='lat' dir='ltr'><strong>essentia,</strong></span> <span class='ocrx_word' id='word_1_157' title='bbox 2221 908 2319 963; x_wconf 88' lang='lat' dir='ltr'><strong>per</strong></span> <span class='ocrx_word' id='word_1_158' title='bbox 2346 896 2608 963; x_wconf 89' lang='lat' dir='ltr'><strong>optimum</strong></span> <span class='ocrx_word' id='word_1_159' title='bbox 2627 904 2729 959; x_wconf 85' lang='lat' dir='ltr'><strong>est,</strong></span> <span class='ocrx_word' id='word_1_160' title='bbox 2756 905 2811 950; x_wconf 90' lang='lat' dir='ltr'><strong>et</strong></span> <span class='ocrx_word' id='word_1_161' title='bbox 2853 911 2949 966; x_wconf 87' lang='lat' dir='ltr'><strong>per</strong></span> <span class='ocrx_word' id='word_1_162' title='bbox 2975 896 3148 965; x_wconf 88' lang='lat' dir='ltr'><strong>ipsum</strong></span> <span class='ocrx_word' id='word_1_163' title='bbox 3174 895 3519 951; x_wconf 84' lang='lat' dir='ltr'><strong>essentialem</strong></span> 
     </span>
    </p>
   </div>
   <div class='ocr_carea' id='block_1_24' title="bbox 1935 984 3522 1058">
    <p class='ocr_par' dir='ltr' id='par_1_24' title="bbox 1935 984 3522 1058">
     <span class='ocr_line' id='line_1_24' title="bbox 1935 984 3522 1058; baseline 0.004 -19"><span class='ocrx_word' id='word_1_164' title='bbox 1935 984 2179 1040; x_wconf 79' lang='lat' dir='ltr'><strong>habitum</strong></span> <span class='ocrx_word' id='word_1_165' title='bbox 2206 988 2415 1041; x_wconf 84' lang='lat' dir='ltr'><strong>sortita.</strong></span> <span class='ocrx_word' id='word_1_166' title='bbox 2441 986 2501 1041; x_wconf 90' lang='lat' dir='ltr'><strong>Si</strong></span> <span class='ocrx_word' id='word_1_167' title='bbox 2526 996 2708 1042; x_wconf 89' lang='lat' dir='ltr'><strong>autem</strong></span> <span class='ocrx_word' id='word_1_168' title='bbox 2736 998 2791 1044; x_wconf 90' lang='lat' dir='ltr'><strong>et</strong></span> <span class='ocrx_word' id='word_1_169' title='bbox 2820 1004 2986 1058; x_wconf 80' lang='lat' dir='ltr'><strong>super</strong></span> <span class='ocrx_word' id='word_1_170' title='bbox 3022 989 3206 1043; x_wconf 85' lang='lat' dir='ltr'><strong>omnia</strong></span> <span class='ocrx_word' id='word_1_171' title='bbox 3232 989 3522 1045; x_wconf 86' lang='lat' dir='ltr'><strong>existentia</strong></span> 
     </span>
    </p>
   </div>
   <div class='ocr_carea' id='block_1_25' title="bbox 1937 1077 3541 1147">
    <p class='ocr_par' dir='ltr' id='par_1_25' title="bbox 1937 1077 3541 1147">
     <span class='ocr_line' id='line_1_25' title="bbox 1937 1077 3541 1147; baseline 0.002 -19"><span class='ocrx_word' id='word_1_172' title='bbox 1937 1083 2044 1138; x_wconf 90' lang='lat' dir='ltr'><strong>est,</strong></span> <span class='ocrx_word' id='word_1_173' title='bbox 2072 1077 2347 1146; x_wconf 88' lang='lat' dir='ltr'><strong>quomodo</strong></span> <span class='ocrx_word' id='word_1_174' title='bbox 2364 1077 2527 1147; x_wconf 78' lang='lat' dir='ltr'><strong>igitur</strong></span> <span class='ocrx_word' id='word_1_175' title='bbox 2545 1085 2627 1132; x_wconf 89' lang='lat' dir='ltr'><strong>est</strong></span> <span class='ocrx_word' id='word_1_176' title='bbox 2648 1078 2945 1147; x_wconf 81' lang='lat' dir='ltr'><strong>optimum?</strong></span> <span class='ocrx_word' id='word_1_177' title='bbox 2964 1078 3040 1132; x_wconf 76' lang='lat' dir='ltr'><strong>Et</strong></span> <span class='ocrx_word' id='word_1_178' title='bbox 3069 1078 3298 1133; x_wconf 79' lang='lat' dir='ltr'><strong>informe</strong></span> <span class='ocrx_word' id='word_1_179' title='bbox 3326 1077 3541 1132; x_wconf 84' lang='lat' dir='ltr'><strong>formi-.</strong></span> 
     </span>
    </p>
   </div>
   <div class='ocr_carea' id='block_1_26' title="bbox 1941 1164 3545 1229">
    <p class='ocr_par' dir='ltr' id='par_1_26' title="bbox 1941 1164 3545 1229">
     <span class='ocr_line' id='line_1_26' title="bbox 1941 1164 3545 1229; baseline 0.003 -12"><span class='ocrx_word' id='word_1_180' title='bbox 1941 1164 2107 1229; x_wconf 87' lang='lat' dir='ltr'><strong>ficat,</strong></span> <span class='ocrx_word' id='word_1_181' title='bbox 2172 1174 2228 1219; x_wconf 90' lang='lat' dir='ltr'><strong>et</strong></span> <span class='ocrx_word' id='word_1_182' title='bbox 2287 1165 2343 1220; x_wconf 87' lang='lat' dir='ltr'><strong>in</strong></span> <span class='ocrx_word' id='word_1_183' title='bbox 2411 1180 2474 1220; x_wconf 85' lang='lat' dir='ltr'><strong>se</strong></span> <span class='ocrx_word' id='word_1_184' title='bbox 2531 1167 2673 1222; x_wconf 87' lang='lat' dir='ltr'><strong>solo-</strong></span> <span class='ocrx_word' id='word_1_185' title='bbox 2721 1183 2826 1221; x_wconf 85' lang='lat' dir='ltr'><strong>non</strong></span> <span class='ocrx_word' id='word_1_186' title='bbox 2888 1167 3213 1222; x_wconf 31' lang='lat' dir='ltr'><strong>essentiale‘</strong></span> <span class='ocrx_word' id='word_1_187' title='bbox 3250 1169 3545 1222; x_wconf 54' lang='lat' dir='ltr'><strong>essentiae:</strong></span> 
     </span>
    </p>
   </div>
   <div class='ocr_carea' id='block_1_27' title="bbox 1940 1256 3525 1328">
    <p class='ocr_par' dir='ltr' id='par_1_27' title="bbox 1940 1256 3525 1328">
     <span class='ocr_line' id='line_1_27' title="bbox 1940 1256 3525 1328; baseline 0.003 -19"><span class='ocrx_word' id='word_1_188' title='bbox 1940 1256 2294 1320; x_wconf 76' lang='lat' dir='ltr'><strong>excellentia,</strong></span> <span class='ocrx_word' id='word_1_189' title='bbox 2343 1266 2535 1311; x_wconf 91' lang='lat' dir='ltr'><strong>etnon</strong></span> <span class='ocrx_word' id='word_1_190' title='bbox 2582 1258 2772 1313; x_wconf 87' lang='lat' dir='ltr'><strong>vivens</strong></span> <span class='ocrx_word' id='word_1_191' title='bbox 2824 1274 3110 1328; x_wconf 79' lang='lat' dir='ltr'><strong>superans.</strong></span> <span class='ocrx_word' id='word_1_192' title='bbox 3140 1259 3269 1324; x_wconf 87' lang='lat' dir='ltr'><strong>vita,</strong></span> <span class='ocrx_word' id='word_1_193' title='bbox 3318 1267 3374 1314; x_wconf 89' lang='lat' dir='ltr'><strong>ct</strong></span> <span class='ocrx_word' id='word_1_194' title='bbox 3417 1275 3525 1313; x_wconf 88' lang='lat' dir='ltr'><strong>non</strong></span> 
     </span>
    </p>
   </div>
   <div class='ocr_carea' id='block_1_28' title="bbox 1942 1344 3542 1417">
    <p class='ocr_par' dir='ltr' id='par_1_28' title="bbox 1942 1344 3542 1417">
     <span class='ocr_line' id='line_1_28' title="bbox 1942 1344 3542 1417; baseline 0.001 -19"><span class='ocrx_word' id='word_1_195' title='bbox 1942 1344 2250 1415; x_wconf 80' lang='lat' dir='ltr'><strong>intelligens</strong></span> <span class='ocrx_word' id='word_1_196' title='bbox 2302 1360 2570 1416; x_wconf 84' lang='lat' dir='ltr'><strong>superans</strong></span> <span class='ocrx_word' id='word_1_197' title='bbox 2625 1347 2931 1416; x_wconf 76' lang='lat' dir='ltr'><strong>sapientia;</strong></span> <span class='ocrx_word' id='word_1_198' title='bbox 2964 1357 3019 1401; x_wconf 92' lang='lat' dir='ltr'><strong>et</strong></span> <span class='ocrx_word' id='word_1_199' title='bbox 3068 1362 3425 1417; x_wconf 83' lang='lat' dir='ltr'><strong>quaecunque</strong></span> <span class='ocrx_word' id='word_1_200' title='bbox 3474 1348 3542 1411; x_wconf 33' lang='lat' dir='ltr'><strong>in,</strong></span> 
     </span>
    </p>
   </div>
   <div class='ocr_carea' id='block_1_29' title="bbox 1942 1434 3529 1506">
    <p class='ocr_par' dir='ltr' id='par_1_29' title="bbox 1942 1434 3529 1506">
     <span class='ocr_line' id='line_1_29' title="bbox 1942 1434 3529 1506; baseline -0.001 -17"><span class='ocrx_word' id='word_1_201' title='bbox 1942 1436 2149 1504; x_wconf 87' lang='lat' dir='ltr'><strong>optimo</strong></span> <span class='ocrx_word' id='word_1_202' title='bbox 2194 1435 2506 1491; x_wconf 89' lang='lat' dir='ltr'><strong>informium</strong></span> <span class='ocrx_word' id='word_1_203' title='bbox 2561 1445 2689 1491; x_wconf 90' lang='lat' dir='ltr'><strong>sunt</strong></span> <span class='ocrx_word' id='word_1_204' title='bbox 2741 1436 3192 1506; x_wconf 85' lang='lat' dir='ltr'><strong>supereminentis</strong></span> <span class='ocrx_word' id='word_1_205' title='bbox 3249 1434 3529 1505; x_wconf 79' lang='lat' dir='ltr'><strong>spccifiea-</strong></span> 
     </span>
    </p>
   </div>
   <div class='ocr_carea' id='block_1_30' title="bbox 1946 1525 3528 1597">
    <p class='ocr_par' dir='ltr' id='par_1_30' title="bbox 1946 1525 3528 1597">
     <span class='ocr_line' id='line_1_30' title="bbox 1946 1525 3528 1597; baseline -0.001 -16"><span class='ocrx_word' id='word_1_206' title='bbox 1946 1526 2128 1581; x_wconf 81' lang='lat' dir='ltr'><strong>tionis.</strong></span> <span class='ocrx_word' id='word_1_207' title='bbox 2161 1526 2228 1581; x_wconf 87' lang='lat' dir='ltr'><strong>Et</strong></span> <span class='ocrx_word' id='word_1_208' title='bbox 2250 1527 2292 1581; x_wconf 90' lang='lat' dir='ltr'><strong>si</strong></span> <span class='ocrx_word' id='word_1_209' title='bbox 2310 1525 2515 1596; x_wconf 89' lang='lat' dir='ltr'><strong>justum</strong></span> <span class='ocrx_word' id='word_1_210' title='bbox 2542 1528 2744 1591; x_wconf 89' lang='lat' dir='ltr'><strong>dicere,</strong></span> <span class='ocrx_word' id='word_1_211' title='bbox 2772 1526 3036 1597; x_wconf 89' lang='lat' dir='ltr'><strong>optimum</strong></span> <span class='ocrx_word' id='word_1_212' title='bbox 3064 1525 3206 1595; x_wconf 91' lang='lat' dir='ltr'><strong>quod</strong></span> <span class='ocrx_word' id='word_1_213' title='bbox 3231 1533 3336 1590; x_wconf 86' lang='lat' dir='ltr'><strong>est,</strong></span> <span class='ocrx_word' id='word_1_214' title='bbox 3361 1540 3528 1594; x_wconf 86' lang='lat' dir='ltr'><strong>super</strong></span> 
     </span>
    </p>
   </div>
   <div class='ocr_carea' id='block_1_31' title="bbox 1943 1614 3526 1687">
    <p class='ocr_par' dir='ltr' id='par_1_31' title="bbox 1943 1614 3526 1687">
     <span class='ocr_line' id='line_1_31' title="bbox 1943 1614 3526 1687; baseline -0.002 -15"><span class='ocrx_word' id='word_1_215' title='bbox 1943 1617 2129 1672; x_wconf 87' lang='lat' dir='ltr'><strong>omnia</strong></span> <span class='ocrx_word' id='word_1_216' title='bbox 2161 1618 2446 1673; x_wconf 76' lang='lat' dir='ltr'><strong>existentia</strong></span> <span class='ocrx_word' id='word_1_217' title='bbox 2472 1625 2528 1673; x_wconf 88' lang='lat' dir='ltr'><strong>et</strong></span> <span class='ocrx_word' id='word_1_218' title='bbox 2558 1619 2611 1678; x_wconf 88' lang='lat' dir='ltr'><strong>id</strong></span> <span class='ocrx_word' id='word_1_219' title='bbox 2639 1618 2781 1687; x_wconf 91' lang='lat' dir='ltr'><strong>quod</strong></span> <span class='ocrx_word' id='word_1_220' title='bbox 2811 1632 2916 1672; x_wconf 90' lang='lat' dir='ltr'><strong>non</strong></span> <span class='ocrx_word' id='word_1_221' title='bbox 2954 1614 3034 1680; x_wconf 79' lang='grc' dir='ltr'><strong>ὅν,</strong></span> <span class='ocrx_word' id='word_1_222' title='bbox 3064 1617 3291 1686; x_wconf 87' lang='lat' dir='ltr'><strong>appetit,</strong></span> <span class='ocrx_word' id='word_1_223' title='bbox 3317 1625 3370 1669; x_wconf 91' lang='lat' dir='ltr'><strong>et</strong></span> <span class='ocrx_word' id='word_1_224' title='bbox 3392 1629 3526 1669; x_wconf 86' lang='lat' dir='ltr'><strong>con-</strong></span> 
     </span>
    </p>
   </div>
   <div class='ocr_carea' id='block_1_32' title="bbox 1948 1706 3533 1778">
    <p class='ocr_par' dir='ltr' id='par_1_32' title="bbox 1948 1706 3533 1778">
     <span class='ocr_line' id='line_1_32' title="bbox 1948 1706 3533 1778; baseline -0.001 -18"><span class='ocrx_word' id='word_1_225' title='bbox 1948 1706 2117 1762; x_wconf 90' lang='lat' dir='ltr'><strong>tendit</strong></span> <span class='ocrx_word' id='word_1_226' title='bbox 2171 1707 2442 1776; x_wconf 90' lang='lat' dir='ltr'><strong>quomodo</strong></span> <span class='ocrx_word' id='word_1_227' title='bbox 2489 1707 2544 1761; x_wconf 92' lang='lat' dir='ltr'><strong>in</strong></span> <span class='ocrx_word' id='word_1_228' title='bbox 2602 1708 2809 1778; x_wconf 87' lang='lat' dir='ltr'><strong>optimo</strong></span> <span class='ocrx_word' id='word_1_229' title='bbox 2839 1717 2896 1763; x_wconf 89' lang='lat' dir='ltr'><strong>et</strong></span> <span class='ocrx_word' id='word_1_230' title='bbox 2946 1708 3063 1762; x_wconf 85' lang='lat' dir='ltr'><strong>hoc.</strong></span> <span class='ocrx_word' id='word_1_231' title='bbox 3101 1721 3220 1762; x_wconf 88' lang='lat' dir='ltr'><strong>csse</strong></span> <span class='ocrx_word' id='word_1_232' title='bbox 3276 1714 3401 1761; x_wconf 90' lang='lat' dir='ltr'><strong>eute</strong></span> <span class='ocrx_word' id='word_1_233' title='bbox 3439 1721 3533 1760; x_wconf 84' lang='lat' dir='ltr'><strong>sn-</strong></span> 
     </span>
    </p>
   </div>
   <div class='ocr_carea' id='block_1_33' title="bbox 249 1786 3544 1866">
    <p class='ocr_par' dir='ltr' id='par_1_33' title="bbox 249 1786 3544 1866">
     <span class='ocr_line' id='line_1_33' title="bbox 249 1786 3544 1866; baseline 0.003 -26"><span class='ocrx_word' id='word_1_234' title='bbox 249 1786 485 1855; x_wconf 87' lang='lat' dir='ltr'><strong>positae,</strong></span> <span class='ocrx_word' id='word_1_235' title='bbox 537 1795 607 1842; x_wconf 46' lang='lat' dir='ltr'><strong>et:</strong></span> <span class='ocrx_word' id='word_1_236' title='bbox 644 1788 1051 1859; x_wconf 81' lang='lat' dir='ltr'><strong>incorporales,</strong></span> <span class='ocrx_word' id='word_1_237' title='bbox 1102 1800 1158 1845; x_wconf 90' lang='lat' dir='ltr'><strong>et</strong></span> <span class='ocrx_word' id='word_1_238' title='bbox 1208 1792 1596 1849; x_wconf 88' lang='lat' dir='ltr'><strong>immateriales</strong></span> <span class='ocrx_word' id='word_1_239' title='bbox 1650 1795 1846 1850; x_wconf 79' lang='lat' dir='ltr'><strong>intelli-</strong></span> <span class='ocrx_word' id='word_1_240' title='bbox 1875 1795 1922 1855; x_wconf 83' lang='grc' dir='ltr'><strong>Β</strong></span> <span class='ocrx_word' id='word_1_241' title='bbox 1950 1795 2320 1866; x_wconf 86' lang='lat' dir='ltr'><strong>pcressentiali</strong></span> <span class='ocrx_word' id='word_1_242' title='bbox 2350 1796 2506 1866; x_wconf 87' lang='lat' dir='ltr'><strong>juxta</strong></span> <span class='ocrx_word' id='word_1_243' title='bbox 2545 1797 2789 1851; x_wconf 89' lang='lat' dir='ltr'><strong>omnium</strong></span> <span class='ocrx_word' id='word_1_244' title='bbox 2836 1796 3187 1851; x_wconf 89' lang='lat' dir='ltr'><strong>ahlationem.</strong></span> <span class='ocrx_word' id='word_1_245' title='bbox 3231 1794 3341 1857; x_wconf 96' lang='lat' dir='ltr'><strong>Sed</strong></span> <span class='ocrx_word' id='word_1_246' title='bbox 3386 1796 3544 1865; x_wconf 61' lang='lat' dir='ltr'><strong>quod</strong></span> 
     </span>
    </p>
   </div>
   <div class='ocr_carea' id='block_1_34' title="bbox 259 1878 1848 1965">
    <p class='ocr_par' dir='ltr' id='par_1_34' title="bbox 259 1878 1848 1965">
     <span class='ocr_line' id='line_1_34' title="bbox 259 1878 1848 1965; baseline 0.008 -36"><span class='ocrx_word' id='word_1_247' title='bbox 259 1885 572 1945; x_wconf 87' lang='lat' dir='ltr'><strong>guntur,.et</strong></span> <span class='ocrx_word' id='word_1_248' title='bbox 615 1888 676 1932; x_wconf 91' lang='lat' dir='ltr'><strong>ut</strong></span> <span class='ocrx_word' id='word_1_249' title='bbox 707 1878 1012 1936; x_wconf 88' lang='lat' dir='ltr'><strong>intellectus</strong></span> <span class='ocrx_word' id='word_1_250' title='bbox 1042 1885 1482 1950; x_wconf 84' lang='lat' dir='ltr'><strong>supermundane</strong></span> <span class='ocrx_word' id='word_1_251' title='bbox 1513 1885 1848 1965; x_wconf 64' lang='lat' dir='ltr'><strong>intelligunt,</strong></span> 
     </span>
    </p>
   </div>
   <div class='ocr_carea' id='block_1_35' title="bbox 251 1969 1855 2044">
    <p class='ocr_par' dir='ltr' id='par_1_35' title="bbox 251 1969 1855 2044">
     <span class='ocr_line' id='line_1_35' title="bbox 251 1969 1855 2044; baseline 0.008 -24"><span class='ocrx_word' id='word_1_252' title='bbox 251 1980 307 2021; x_wconf 92' lang='lat' dir='ltr'><strong>et</strong></span> <span class='ocrx_word' id='word_1_253' title='bbox 353 1969 705 2025; x_wconf 80' lang='lat' dir='ltr'><strong>existentium</strong></span> <span class='ocrx_word' id='word_1_254' title='bbox 769 1971 987 2041; x_wconf 90' lang='lat' dir='ltr'><strong>proprie</strong></span> <span class='ocrx_word' id='word_1_255' title='bbox 1053 1971 1430 2030; x_wconf 85' lang='lat' dir='ltr'><strong>illuminantur</strong></span> <span class='ocrx_word' id='word_1_256' title='bbox 1483 1977 1754 2044; x_wconf 87' lang='lat' dir='ltr'><strong>rationes,</strong></span> <span class='ocrx_word' id='word_1_257' title='bbox 1797 1987 1855 2035; x_wconf 90' lang='lat' dir='ltr'><strong>et</strong></span> 
     </span>
    </p>
   </div>
   <div class='ocr_carea' id='block_1_36' title="bbox 252 2058 1863 2134">
    <p class='ocr_par' dir='ltr' id='par_1_36' title="bbox 252 2058 1863 2134">
     <span class='ocr_line' id='line_1_36' title="bbox 252 2058 1863 2134; baseline 0.009 -22"><span class='ocrx_word' id='word_1_258' title='bbox 252 2058 452 2113; x_wconf 85' lang='lat' dir='ltr'><strong>iterum</strong></span> <span class='ocrx_word' id='word_1_259' title='bbox 479 2061 534 2114; x_wconf 91' lang='lat' dir='ltr'><strong>in</strong></span> <span class='ocrx_word' id='word_1_260' title='bbox 562 2075 812 2131; x_wconf 85' lang='lat' dir='ltr'><strong>cognata,</strong></span> <span class='ocrx_word' id='word_1_261' title='bbox 842 2076 983 2132; x_wconf 91' lang='lat' dir='ltr'><strong>quae</strong></span> <span class='ocrx_word' id='word_1_262' title='bbox 1014 2066 1231 2134; x_wconf 87' lang='lat' dir='ltr'><strong>propria</strong></span> <span class='ocrx_word' id='word_1_263' title='bbox 1279 2074 1426 2131; x_wconf 87' lang='lat' dir='ltr'><strong>sunt,</strong></span> <span class='ocrx_word' id='word_1_264' title='bbox 1479 2067 1752 2125; x_wconf 87' lang='lat' dir='ltr'><strong>deferunt.</strong></span> <span class='ocrx_word' id='word_1_265' title='bbox 1787 2072 1863 2126; x_wconf 79' lang='lat' dir='ltr'><strong>Et</strong></span> 
     </span>
    </p>
   </div>
   <div class='ocr_carea' id='block_1_37' title="bbox 254 2151 1849 2224">
    <p class='ocr_par' dir='ltr' id='par_1_37' title="bbox 254 2151 1849 2224">
     <span class='ocr_line' id='line_1_37' title="bbox 254 2151 1849 2224; baseline 0.006 -18"><span class='ocrx_word' id='word_1_266' title='bbox 254 2151 647 2207; x_wconf 82' lang='lat' dir='ltr'><strong>habitationem</strong></span> <span class='ocrx_word' id='word_1_267' title='bbox 675 2168 741 2208; x_wconf 87' lang='lat' dir='ltr'><strong>ex</strong></span> <span class='ocrx_word' id='word_1_268' title='bbox 786 2154 1032 2211; x_wconf 85' lang='lat' dir='ltr'><strong>bonitate</strong></span> <span class='ocrx_word' id='word_1_269' title='bbox 1062 2157 1263 2213; x_wconf 89' lang='lat' dir='ltr'><strong>habent</strong></span> <span class='ocrx_word' id='word_1_270' title='bbox 1285 2199 1300 2224; x_wconf 87' lang='lat'><strong>,</strong></span> <span class='ocrx_word' id='word_1_271' title='bbox 1349 2168 1405 2216; x_wconf 85' lang='lat' dir='ltr'><strong>et</strong></span> <span class='ocrx_word' id='word_1_272' title='bbox 1436 2159 1849 2217; x_wconf 81' lang='lat' dir='ltr'><strong>fundamentum</strong></span> 
     </span>
    </p>
   </div>
   <div class='ocr_carea' id='block_1_38' title="bbox 251 2244 1848 2319">
    <p class='ocr_par' dir='ltr' id='par_1_38' title="bbox 251 2244 1848 2319">
     <span class='ocr_line' id='line_1_38' title="bbox 251 2244 1848 2319; baseline 0.008 -21"><span class='ocrx_word' id='word_1_273' title='bbox 251 2244 336 2299; x_wconf 88' lang='lat' dir='ltr'><strong>eis</strong></span> <span class='ocrx_word' id='word_1_274' title='bbox 364 2245 490 2298; x_wconf 92' lang='lat' dir='ltr'><strong>inde</strong></span> <span class='ocrx_word' id='word_1_275' title='bbox 535 2254 638 2309; x_wconf 87' lang='lat' dir='ltr'><strong>est,</strong></span> <span class='ocrx_word' id='word_1_276' title='bbox 666 2254 721 2300; x_wconf 91' lang='lat' dir='ltr'><strong>et</strong></span> <span class='ocrx_word' id='word_1_277' title='bbox 748 2247 1107 2315; x_wconf 90' lang='lat' dir='ltr'><strong>continentia,</strong></span> <span class='ocrx_word' id='word_1_278' title='bbox 1138 2257 1196 2305; x_wconf 87' lang='lat' dir='ltr'><strong>et</strong></span> <span class='ocrx_word' id='word_1_279' title='bbox 1232 2252 1473 2307; x_wconf 89' lang='lat' dir='ltr'><strong>custodia</strong></span> <span class='ocrx_word' id='word_1_280' title='bbox 1493 2292 1509 2319; x_wconf 94' lang='lat'><strong>,</strong></span> <span class='ocrx_word' id='word_1_281' title='bbox 1539 2262 1595 2308; x_wconf 91' lang='lat' dir='ltr'><strong>et</strong></span> <span class='ocrx_word' id='word_1_282' title='bbox 1622 2253 1848 2310; x_wconf 87' lang='lat' dir='ltr'><strong>refectio</strong></span> 
     </span>
    </p>
   </div>
   <div class='ocr_carea' id='block_1_39' title="bbox 253 2332 1853 2407">
    <p class='ocr_par' dir='ltr' id='par_1_39' title="bbox 253 2332 1853 2407">
     <span class='ocr_line' id='line_1_39' title="bbox 253 2332 1853 2407; baseline 0.008 -19"><span class='ocrx_word' id='word_1_283' title='bbox 253 2332 547 2399; x_wconf 87' lang='lat' dir='ltr'><strong>bonorum,</strong></span> <span class='ocrx_word' id='word_1_284' title='bbox 587 2343 643 2389; x_wconf 91' lang='lat' dir='ltr'><strong>et</strong></span> <span class='ocrx_word' id='word_1_285' title='bbox 664 2335 780 2405; x_wconf 88' lang='lat' dir='ltr'><strong>ejus</strong></span> <span class='ocrx_word' id='word_1_286' title='bbox 805 2347 1163 2406; x_wconf 85' lang='lat' dir='ltr'><strong>appetentes,</strong></span> <span class='ocrx_word' id='word_1_287' title='bbox 1189 2347 1244 2393; x_wconf 91' lang='lat' dir='ltr'><strong>et</strong></span> <span class='ocrx_word' id='word_1_288' title='bbox 1272 2354 1420 2407; x_wconf 89' lang='lat' dir='ltr'><strong>esse,</strong></span> <span class='ocrx_word' id='word_1_289' title='bbox 1462 2351 1521 2397; x_wconf 91' lang='lat' dir='ltr'><strong>et</strong></span> <span class='ocrx_word' id='word_1_290' title='bbox 1547 2343 1686 2399; x_wconf 90' lang='lat' dir='ltr'><strong>bene</strong></span> <span class='ocrx_word' id='word_1_291' title='bbox 1727 2358 1853 2400; x_wconf 89' lang='lat' dir='ltr'><strong>esse</strong></span> 
     </span>
    </p>
   </div>
   <div class='ocr_carea' id='block_1_40' title="bbox 257 2425 1853 2499">
    <p class='ocr_par' dir='ltr' id='par_1_40' title="bbox 257 2425 1853 2499">
     <span class='ocr_line' id='line_1_40' title="bbox 257 2425 1853 2499; baseline 0.007 -19"><span class='ocrx_word' id='word_1_292' title='bbox 257 2425 482 2491; x_wconf 85' lang='lat' dir='ltr'><strong>habent,</strong></span> <span class='ocrx_word' id='word_1_293' title='bbox 510 2435 566 2478; x_wconf 85' lang='lat' dir='ltr'><strong>et</strong></span> <span class='ocrx_word' id='word_1_294' title='bbox 587 2427 653 2481; x_wconf 90' lang='lat' dir='ltr'><strong>ad</strong></span> <span class='ocrx_word' id='word_1_295' title='bbox 679 2442 831 2492; x_wconf 87' lang='lat' dir='ltr'><strong>eam,</strong></span> <span class='ocrx_word' id='word_1_296' title='bbox 859 2436 918 2485; x_wconf 86' lang='lat' dir='ltr'><strong>ut</strong></span> <span class='ocrx_word' id='word_1_297' title='bbox 943 2430 1225 2498; x_wconf 87' lang='lat' dir='ltr'><strong>possibile,</strong></span> <span class='ocrx_word' id='word_1_298' title='bbox 1257 2432 1610 2499; x_wconf 88' lang='lat' dir='ltr'><strong>reformatae,</strong></span> <span class='ocrx_word' id='word_1_299' title='bbox 1636 2444 1691 2489; x_wconf 93' lang='lat' dir='ltr'><strong>et</strong></span> <span class='ocrx_word' id='word_1_300' title='bbox 1714 2436 1853 2491; x_wconf 90' lang='lat' dir='ltr'><strong>bene</strong></span> 
     </span>
    </p>
   </div>
   <div class='ocr_carea' id='block_1_41' title="bbox 255 2516 1856 2592">
    <p class='ocr_par' dir='ltr' id='par_1_41' title="bbox 255 2516 1856 2592">
     <span class='ocr_line' id='line_1_41' title="bbox 255 2516 1856 2592; baseline 0.006 -21"><span class='ocrx_word' id='word_1_301' title='bbox 255 2516 604 2587; x_wconf 77' lang='lat' dir='ltr'><strong>speeiticatae</strong></span> <span class='ocrx_word' id='word_1_302' title='bbox 632 2529 789 2582; x_wconf 87' lang='lat' dir='ltr'><strong>sunt,</strong></span> <span class='ocrx_word' id='word_1_303' title='bbox 829 2527 884 2573; x_wconf 91' lang='lat' dir='ltr'><strong>et</strong></span> <span class='ocrx_word' id='word_1_304' title='bbox 912 2519 1029 2584; x_wconf 88' lang='lat' dir='ltr'><strong>bis,</strong></span> <span class='ocrx_word' id='word_1_305' title='bbox 1061 2535 1201 2589; x_wconf 90' lang='lat' dir='ltr'><strong>quae</strong></span> <span class='ocrx_word' id='word_1_306' title='bbox 1227 2530 1351 2592; x_wconf 89' lang='lat' dir='ltr'><strong>post</strong></span> <span class='ocrx_word' id='word_1_307' title='bbox 1386 2539 1449 2578; x_wconf 89' lang='lat' dir='ltr'><strong>se</strong></span> <span class='ocrx_word' id='word_1_308' title='bbox 1495 2535 1623 2579; x_wconf 84' lang='lat' dir='ltr'><strong>sunt</strong></span> <span class='ocrx_word' id='word_1_309' title='bbox 1647 2564 1662 2591; x_wconf 88' lang='lat'><strong>,</strong></span> <span class='ocrx_word' id='word_1_310' title='bbox 1704 2540 1856 2580; x_wconf 81' lang='lat' dir='ltr'><strong>com-</strong></span> 
     </span>
    </p>
   </div>
   <div class='ocr_carea' id='block_1_42' title="bbox 258 2610 1852 2685">
    <p class='ocr_par' dir='ltr' id='par_1_42' title="bbox 258 2610 1852 2685">
     <span class='ocr_line' id='line_1_42' title="bbox 258 2610 1852 2685; baseline 0.006 -21"><span class='ocrx_word' id='word_1_311' title='bbox 258 2610 576 2674; x_wconf 84' lang='lat' dir='ltr'><strong>municant,</strong></span> <span class='ocrx_word' id='word_1_312' title='bbox 629 2621 689 2664; x_wconf 89' lang='lat' dir='ltr'><strong>ut</strong></span> <span class='ocrx_word' id='word_1_313' title='bbox 719 2611 901 2666; x_wconf 90' lang='lat' dir='ltr'><strong>divina</strong></span> <span class='ocrx_word' id='word_1_314' title='bbox 941 2612 1029 2667; x_wconf 88' lang='lat' dir='ltr'><strong>lex</strong></span> <span class='ocrx_word' id='word_1_315' title='bbox 1067 2614 1345 2685; x_wconf 75' lang='lat' dir='ltr'><strong>suggerit,</strong></span> <span class='ocrx_word' id='word_1_316' title='bbox 1376 2615 1431 2671; x_wconf 86' lang='lat' dir='ltr'><strong>in</strong></span> <span class='ocrx_word' id='word_1_317' title='bbox 1464 2631 1557 2673; x_wconf 89' lang='lat' dir='ltr'><strong>eas</strong></span> <span class='ocrx_word' id='word_1_318' title='bbox 1601 2632 1669 2672; x_wconf 82' lang='lat' dir='ltr'><strong>ex</strong></span> <span class='ocrx_word' id='word_1_319' title='bbox 1708 2619 1852 2675; x_wconf 88' lang='lat' dir='ltr'><strong>bono</strong></span> 
     </span>
    </p>
   </div>
   <div class='ocr_carea' id='block_1_43' title="bbox 257 2701 1851 2777">
    <p class='ocr_par' dir='ltr' id='par_1_43' title="bbox 257 2701 1851 2777">
     <span class='ocr_line' id='line_1_43' title="bbox 257 2701 1851 2777; baseline 0.009 -24"><span class='ocrx_word' id='word_1_320' title='bbox 257 2701 653 2771; x_wconf 88' lang='lat' dir='ltr'><strong>prodeuntibus</strong></span> <span class='ocrx_word' id='word_1_321' title='bbox 689 2705 865 2757; x_wconf 90' lang='lat' dir='ltr'><strong>donis.</strong></span> <span class='ocrx_word' id='word_1_322' title='bbox 917 2703 1047 2760; x_wconf 87' lang='lat' dir='ltr'><strong>Inde</strong></span> <span class='ocrx_word' id='word_1_323' title='bbox 1087 2705 1168 2761; x_wconf 91' lang='lat' dir='ltr'><strong>eis</strong></span> <span class='ocrx_word' id='word_1_324' title='bbox 1216 2709 1560 2776; x_wconf 87' lang='lat' dir='ltr'><strong>superornati</strong></span> <span class='ocrx_word' id='word_1_325' title='bbox 1590 2711 1809 2767; x_wconf 77' lang='lat' dir='ltr'><strong>ordines</strong></span> <span class='ocrx_word' id='word_1_326' title='bbox 1835 2752 1851 2777; x_wconf 94' lang='lat'><strong>,</strong></span> 
     </span>
    </p>
   </div>
   <div class='ocr_carea' id='block_1_44' title="bbox 258 2794 1852 2869">
    <p class='ocr_par' dir='ltr' id='par_1_44' title="bbox 258 2794 1852 2869">
     <span class='ocr_line' id='line_1_44' title="bbox 258 2794 1852 2869; baseline 0.008 -23"><span class='ocrx_word' id='word_1_327' title='bbox 258 2794 327 2847; x_wconf 88' lang='lat' dir='ltr'><strong>ad</strong></span> <span class='ocrx_word' id='word_1_328' title='bbox 353 2809 415 2847; x_wconf 92' lang='lat' dir='ltr'><strong>se</strong></span> <span class='ocrx_word' id='word_1_329' title='bbox 449 2794 596 2863; x_wconf 89' lang='lat' dir='ltr'><strong>ipsas</strong></span> <span class='ocrx_word' id='word_1_330' title='bbox 619 2796 874 2861; x_wconf 86' lang='lat' dir='ltr'><strong>unitates,</strong></span> <span class='ocrx_word' id='word_1_331' title='bbox 901 2796 1044 2853; x_wconf 91' lang='lat' dir='ltr'><strong>inter</strong></span> <span class='ocrx_word' id='word_1_332' title='bbox 1072 2814 1131 2854; x_wconf 90' lang='lat' dir='ltr'><strong>se</strong></span> <span class='ocrx_word' id='word_1_333' title='bbox 1160 2798 1390 2855; x_wconf 86' lang='lat' dir='ltr'><strong>invicem</strong></span> <span class='ocrx_word' id='word_1_334' title='bbox 1419 2799 1742 2869; x_wconf 86' lang='lat' dir='ltr'><strong>locationes,</strong></span> <span class='ocrx_word' id='word_1_335' title='bbox 1771 2804 1852 2858; x_wconf 87' lang='lat' dir='ltr'><strong>in-</strong></span> 
     </span>
    </p>
   </div>
   <div class='ocr_carea' id='block_1_45' title="bbox 258 2883 1853 2952">
    <p class='ocr_par' dir='ltr' id='par_1_45' title="bbox 258 2883 1853 2952">
     <span class='ocr_line' id='line_1_45' title="bbox 258 2883 1853 2952; baseline 0.006 -13"><span class='ocrx_word' id='word_1_336' title='bbox 258 2883 521 2940; x_wconf 81' lang='lat' dir='ltr'><strong>confusae</strong></span> <span class='ocrx_word' id='word_1_337' title='bbox 571 2887 946 2952; x_wconf 87' lang='lat' dir='ltr'><strong>discretiones,</strong></span> <span class='ocrx_word' id='word_1_338' title='bbox 1003 2890 1070 2944; x_wconf 89' lang='lat' dir='ltr'><strong>ad</strong></span> <span class='ocrx_word' id='word_1_339' title='bbox 1118 2889 1374 2947; x_wconf 86' lang='lat' dir='ltr'><strong>meliores</strong></span> <span class='ocrx_word' id='word_1_340' title='bbox 1411 2892 1720 2948; x_wconf 86' lang='lat' dir='ltr'><strong>reductivae</strong></span> <span class='ocrx_word' id='word_1_341' title='bbox 1752 2896 1853 2949; x_wconf 87' lang='lat' dir='ltr'><strong>mi-</strong></span> 
     </span>
    </p>
   </div>
   <div class='ocr_carea' id='block_1_46' title="bbox 260 2975 1853 3053">
    <p class='ocr_par' dir='ltr' id='par_1_46' title="bbox 260 2975 1853 3053">
     <span class='ocr_line' id='line_1_46' title="bbox 260 2975 1853 3053; baseline 0.006 -25"><span class='ocrx_word' id='word_1_342' title='bbox 260 2989 456 3029; x_wconf 89' lang='lat' dir='ltr'><strong>norum</strong></span> <span class='ocrx_word' id='word_1_343' title='bbox 478 2975 726 3041; x_wconf 80' lang='lat' dir='ltr'><strong>virtutes,</strong></span> <span class='ocrx_word' id='word_1_344' title='bbox 746 2979 892 3034; x_wconf 82' lang='lat' dir='ltr'><strong>circa</strong></span> <span class='ocrx_word' id='word_1_345' title='bbox 915 2981 1148 3034; x_wconf 88' lang='lat' dir='ltr'><strong>secunda</strong></span> <span class='ocrx_word' id='word_1_346' title='bbox 1167 2980 1541 3053; x_wconf 80' lang='lat' dir='ltr'><strong>providentiae</strong></span> <span class='ocrx_word' id='word_1_347' title='bbox 1564 2981 1853 3051; x_wconf 78' lang='lat' dir='ltr'><strong>majorum,</strong></span> 
     </span>
    </p>
   </div>
   <div class='ocr_carea' id='block_1_47' title="bbox 259 3067 1851 3139">
    <p class='ocr_par' dir='ltr' id='par_1_47' title="bbox 259 3067 1851 3139">
     <span class='ocr_line' id='line_1_47' title="bbox 259 3067 1851 3139; baseline 0.006 -20"><span class='ocrx_word' id='word_1_348' title='bbox 259 3067 609 3136; x_wconf 87' lang='lat' dir='ltr'><strong>propriarum</strong></span> <span class='ocrx_word' id='word_1_349' title='bbox 659 3069 1084 3139; x_wconf 87' lang='lat' dir='ltr'><strong>uniuscujusque</strong></span> <span class='ocrx_word' id='word_1_350' title='bbox 1132 3071 1396 3126; x_wconf 88' lang='lat' dir='ltr'><strong>virtutum</strong></span> <span class='ocrx_word' id='word_1_351' title='bbox 1446 3073 1752 3134; x_wconf 86' lang='lat' dir='ltr'><strong>custodiae.</strong></span> <span class='ocrx_word' id='word_1_352' title='bbox 1794 3082 1851 3128; x_wconf 90' lang='lat' dir='ltr'><strong>et</strong></span> 
     </span>
    </p>
   </div>
   <div class='ocr_carea' id='block_1_48' title="bbox 261 3139 1924 3232">
    <p class='ocr_par' dir='ltr' id='par_1_48' title="bbox 261 3139 1924 3232">
     <span class='ocr_line' id='line_1_48' title="bbox 261 3139 1924 3232; baseline 0.004 -21"><span class='ocrx_word' id='word_1_353' title='bbox 261 3157 409 3212; x_wconf 85' lang='lat' dir='ltr'><strong>circa</strong></span> <span class='ocrx_word' id='word_1_354' title='bbox 460 3172 553 3213; x_wconf 89' lang='lat' dir='ltr'><strong>eas</strong></span> <span class='ocrx_word' id='word_1_355' title='bbox 596 3174 703 3213; x_wconf 91' lang='lat' dir='ltr'><strong>non</strong></span> <span class='ocrx_word' id='word_1_356' title='bbox 755 3159 998 3215; x_wconf 87' lang='lat' dir='ltr'><strong>labentes</strong></span> <span class='ocrx_word' id='word_1_357' title='bbox 1052 3161 1321 3224; x_wconf 84' lang='lat' dir='ltr'><strong>ambitus,</strong></span> <span class='ocrx_word' id='word_1_358' title='bbox 1354 3160 1502 3216; x_wconf 80' lang='lat' dir='ltr'><strong>eirea</strong></span> <span class='ocrx_word' id='word_1_359' title='bbox 1547 3163 1847 3232; x_wconf 89' lang='lat' dir='ltr'><strong>appetitum</strong></span> <span class='ocrx_word' id='word_1_360' title='bbox 1879 3139 1924 3199; x_wconf 57' lang='grc' dir='ltr'><strong>(ἶ</strong></span> 
     </span>
    </p>
   </div>
   <div class='ocr_carea' id='block_1_49' title="bbox 262 3247 1853 3320">
    <p class='ocr_par' dir='ltr' id='par_1_49' title="bbox 262 3247 1853 3320">
     <span class='ocr_line' id='line_1_49' title="bbox 262 3247 1853 3320; baseline 0.004 -19"><span class='ocrx_word' id='word_1_361' title='bbox 262 3247 455 3315; x_wconf 89' lang='lat' dir='ltr'><strong>optimi</strong></span> <span class='ocrx_word' id='word_1_362' title='bbox 488 3248 961 3304; x_wconf 84' lang='lat' dir='ltr'><strong>immutabilitates</strong></span> <span class='ocrx_word' id='word_1_363' title='bbox 988 3257 1046 3304; x_wconf 91' lang='lat' dir='ltr'><strong>et</strong></span> <span class='ocrx_word' id='word_1_364' title='bbox 1074 3250 1459 3316; x_wconf 86' lang='lat' dir='ltr'><strong>sublimitates,</strong></span> <span class='ocrx_word' id='word_1_365' title='bbox 1498 3258 1555 3305; x_wconf 92' lang='lat' dir='ltr'><strong>et</strong></span> <span class='ocrx_word' id='word_1_366' title='bbox 1580 3266 1853 3320; x_wconf 85' lang='lat' dir='ltr'><strong>quaecun-</strong></span> 
     </span>
    </p>
   </div>
   <div class='ocr_carea' id='block_1_50' title="bbox 264 3339 1855 3413">
    <p class='ocr_par' dir='ltr' id='par_1_50' title="bbox 264 3339 1855 3413">
     <span class='ocr_line' id='line_1_50' title="bbox 264 3339 1855 3413; baseline 0.005 -22"><span class='ocrx_word' id='word_1_367' title='bbox 264 3352 373 3408; x_wconf 88' lang='lat' dir='ltr'><strong>que</strong></span> <span class='ocrx_word' id='word_1_368' title='bbox 412 3339 517 3394; x_wconf 89' lang='lat' dir='ltr'><strong>alia</strong></span> <span class='ocrx_word' id='word_1_369' title='bbox 558 3340 702 3396; x_wconf 92' lang='lat' dir='ltr'><strong>dicta</strong></span> <span class='ocrx_word' id='word_1_370' title='bbox 733 3350 857 3396; x_wconf 87' lang='lat' dir='ltr'><strong>sunt</strong></span> <span class='ocrx_word' id='word_1_371' title='bbox 889 3356 919 3396; x_wconf 90' lang='lat' dir='ltr'><strong>a</strong></span> <span class='ocrx_word' id='word_1_372' title='bbox 950 3342 1105 3397; x_wconf 89' lang='lat' dir='ltr'><strong>nobis</strong></span> <span class='ocrx_word' id='word_1_373' title='bbox 1139 3342 1191 3397; x_wconf 92' lang='lat' dir='ltr'><strong>in</strong></span> <span class='ocrx_word' id='word_1_374' title='bbox 1237 3357 1303 3398; x_wconf 90' lang='lat' dir='ltr'><strong>eo</strong></span> <span class='ocrx_word' id='word_1_375' title='bbox 1347 3344 1414 3398; x_wconf 90' lang='lat' dir='ltr'><strong>de</strong></span> <span class='ocrx_word' id='word_1_376' title='bbox 1444 3343 1703 3412; x_wconf 88' lang='lat' dir='ltr'><strong>angelicis</strong></span> <span class='ocrx_word' id='word_1_377' title='bbox 1729 3359 1855 3413; x_wconf 61' lang='lat' dir='ltr'><strong>pro.</strong></span> 
     </span>
    </p>
   </div>
   <div class='ocr_carea' id='block_1_51' title="bbox 267 3430 1856 3505">
    <p class='ocr_par' dir='ltr' id='par_1_51' title="bbox 267 3430 1856 3505">
     <span class='ocr_line' id='line_1_51' title="bbox 267 3430 1856 3505; baseline 0.004 -21"><span class='ocrx_word' id='word_1_378' title='bbox 267 3430 594 3501; x_wconf 88' lang='lat' dir='ltr'><strong>prietatibus</strong></span> <span class='ocrx_word' id='word_1_379' title='bbox 642 3445 696 3487; x_wconf 91' lang='lat' dir='ltr'><strong>et</strong></span> <span class='ocrx_word' id='word_1_380' title='bbox 745 3433 1204 3489; x_wconf 85' lang='lat' dir='ltr'><strong>ordinationibus.</strong></span> <span class='ocrx_word' id='word_1_381' title='bbox 1233 3434 1339 3489; x_wconf 89' lang='lat' dir='ltr'><strong>Sed</strong></span> <span class='ocrx_word' id='word_1_382' title='bbox 1371 3445 1427 3489; x_wconf 91' lang='lat' dir='ltr'><strong>et</strong></span> <span class='ocrx_word' id='word_1_383' title='bbox 1454 3435 1471 3466; x_wconf 76' lang='grc' dir='ltr'>ί</span> <span class='ocrx_word' id='word_1_384' title='bbox 1498 3448 1856 3505; x_wconf 82' lang='lat' dir='ltr'><strong>quaecunque</strong></span> 
     </span>
    </p>
   </div>
   <div class='ocr_carea' id='block_1_52' title="bbox 268 3522 1852 3596">
    <p class='ocr_par' dir='ltr' id='par_1_52' title="bbox 268 3522 1852 3596">
     <span class='ocr_line' id='line_1_52' title="bbox 268 3522 1852 3596; baseline 0.004 -18"><span class='ocrx_word' id='word_1_385' title='bbox 268 3522 439 3591; x_wconf 84' lang='lat' dir='ltr'><strong>ipsius</strong></span> <span class='ocrx_word' id='word_1_386' title='bbox 451 3523 699 3578; x_wconf 84' lang='lat' dir='ltr'><strong>caelestis</strong></span> <span class='ocrx_word' id='word_1_387' title='bbox 713 3524 822 3579; x_wconf 89' lang='lat' dir='ltr'><strong>iera</strong></span> <span class='ocrx_word' id='word_1_388' title='bbox 830 3524 1010 3580; x_wconf 80' lang='lat' dir='ltr'><strong>rohiae</strong></span> <span class='ocrx_word' id='word_1_389' title='bbox 1024 3532 1151 3581; x_wconf 87' lang='lat' dir='ltr'><strong>sunt</strong></span> <span class='ocrx_word' id='word_1_390' title='bbox 1164 3525 1439 3596; x_wconf 77' lang='lat' dir='ltr'><strong>angelicae</strong></span> <span class='ocrx_word' id='word_1_391' title='bbox 1455 3528 1852 3596; x_wconf 88' lang='lat' dir='ltr'><strong>mundationes,</strong></span> 
     </span>
    </p>
   </div>
   <div class='ocr_carea' id='block_1_53' title="bbox 266 3613 1855 3682">
    <p class='ocr_par' dir='ltr' id='par_1_53' title="bbox 266 3613 1855 3682">
     <span class='ocr_line' id='line_1_53' title="bbox 266 3613 1855 3682; baseline 0.004 -14"><span class='ocrx_word' id='word_1_392' title='bbox 266 3620 328 3668; x_wconf 91' lang='lat' dir='ltr'><strong>et</strong></span> <span class='ocrx_word' id='word_1_393' title='bbox 374 3614 795 3682; x_wconf 80' lang='lat' dir='ltr'><strong>supermundani</strong></span> <span class='ocrx_word' id='word_1_394' title='bbox 841 3613 1214 3682; x_wconf 80' lang='lat' dir='ltr'><strong>luciducatus,</strong></span> <span class='ocrx_word' id='word_1_395' title='bbox 1267 3624 1323 3671; x_wconf 90' lang='lat' dir='ltr'><strong>et</strong></span> <span class='ocrx_word' id='word_1_396' title='bbox 1360 3617 1855 3674; x_wconf 90' lang='lat' dir='ltr'><strong>consummationes</strong></span> 
     </span>
    </p>
   </div>
   <div class='ocr_carea' id='block_1_54' title="bbox 274 3702 1859 3775">
    <p class='ocr_par' dir='ltr' id='par_1_54' title="bbox 274 3702 1859 3775">
     <span class='ocr_line' id='line_1_54' title="bbox 274 3702 1859 3775; baseline 0.004 -21"><span class='ocrx_word' id='word_1_397' title='bbox 274 3702 442 3757; x_wconf 82' lang='lat' dir='ltr'><strong>tutius</strong></span> <span class='ocrx_word' id='word_1_398' title='bbox 472 3702 749 3775; x_wconf 86' lang='lat' dir='ltr'><strong>angelicae</strong></span> <span class='ocrx_word' id='word_1_399' title='bbox 778 3704 1150 3775; x_wconf 87' lang='lat' dir='ltr'><strong>perfectionis,</strong></span> <span class='ocrx_word' id='word_1_400' title='bbox 1172 3721 1240 3760; x_wconf 87' lang='lat' dir='ltr'><strong>ex</strong></span> <span class='ocrx_word' id='word_1_401' title='bbox 1260 3705 1635 3761; x_wconf 87' lang='lat' dir='ltr'><strong>causalissima</strong></span> <span class='ocrx_word' id='word_1_402' title='bbox 1660 3715 1716 3760; x_wconf 92' lang='lat' dir='ltr'><strong>et</strong></span> <span class='ocrx_word' id='word_1_403' title='bbox 1738 3705 1859 3761; x_wconf 79' lang='lat' dir='ltr'><strong>fon-</strong></span> 
     </span>
    </p>
   </div>
   <div class='ocr_carea' id='block_1_55' title="bbox 273 3793 1858 3865">
    <p class='ocr_par' dir='ltr' id='par_1_55' title="bbox 273 3793 1858 3865">
     <span class='ocr_line' id='line_1_55' title="bbox 273 3793 1858 3865; baseline 0.003 -17"><span class='ocrx_word' id='word_1_404' title='bbox 273 3793 369 3848; x_wconf 85' lang='lat' dir='ltr'><strong>tali</strong></span> <span class='ocrx_word' id='word_1_405' title='bbox 396 3804 520 3849; x_wconf 89' lang='lat' dir='ltr'><strong>sunt</strong></span> <span class='ocrx_word' id='word_1_406' title='bbox 550 3794 813 3861; x_wconf 83' lang='lat' dir='ltr'><strong>bonitate,</strong></span> <span class='ocrx_word' id='word_1_407' title='bbox 842 3811 908 3851; x_wconf 87' lang='lat' dir='ltr'><strong>ex</strong></span> <span class='ocrx_word' id='word_1_408' title='bbox 955 3810 1062 3865; x_wconf 88' lang='lat' dir='ltr'><strong>qua</strong></span> <span class='ocrx_word' id='word_1_409' title='bbox 1108 3804 1164 3850; x_wconf 87' lang='lat' dir='ltr'><strong>et</strong></span> <span class='ocrx_word' id='word_1_410' title='bbox 1207 3794 1470 3851; x_wconf 85' lang='lat' dir='ltr'><strong>deiforme</strong></span> <span class='ocrx_word' id='word_1_411' title='bbox 1491 3796 1573 3851; x_wconf 90' lang='lat' dir='ltr'><strong>eis</strong></span> <span class='ocrx_word' id='word_1_412' title='bbox 1597 3796 1858 3852; x_wconf 88' lang='lat' dir='ltr'><strong>donatum</strong></span> 
     </span>
    </p>
   </div>
   <div class='ocr_carea' id='block_1_56' title="bbox 269 3887 1859 3956">
    <p class='ocr_par' dir='ltr' id='par_1_56' title="bbox 269 3887 1859 3956">
     <span class='ocr_line' id='line_1_56' title="bbox 269 3887 1859 3956; baseline 0.004 -16"><span class='ocrx_word' id='word_1_413' title='bbox 269 3894 380 3949; x_wconf 89' lang='lat' dir='ltr'><strong>est,</strong></span> <span class='ocrx_word' id='word_1_414' title='bbox 426 3895 483 3941; x_wconf 90' lang='lat' dir='ltr'><strong>et</strong></span> <span class='ocrx_word' id='word_1_415' title='bbox 523 3887 737 3943; x_wconf 88' lang='lat' dir='ltr'><strong>elucere</strong></span> <span class='ocrx_word' id='word_1_416' title='bbox 786 3888 840 3956; x_wconf 84' lang='lat' dir='ltr'><strong>in</strong></span> <span class='ocrx_word' id='word_1_417' title='bbox 891 3889 970 3944; x_wconf 90' lang='lat' dir='ltr'><strong>eis</strong></span> <span class='ocrx_word' id='word_1_418' title='bbox 993 3887 1262 3943; x_wconf 91' lang='lat' dir='ltr'><strong>occultam</strong></span> <span class='ocrx_word' id='word_1_419' title='bbox 1295 3889 1625 3956; x_wconf 89' lang='lat' dir='ltr'><strong>bonitatem,</strong></span> <span class='ocrx_word' id='word_1_420' title='bbox 1657 3898 1712 3946; x_wconf 92' lang='lat' dir='ltr'><strong>et</strong></span> <span class='ocrx_word' id='word_1_421' title='bbox 1737 3904 1859 3947; x_wconf 87' lang='lat' dir='ltr'><strong>esse</strong></span> 
     </span>
    </p>
   </div>
   <div class='ocr_carea' id='block_1_57' title="bbox 271 3977 1862 4048">
    <p class='ocr_par' dir='ltr' id='par_1_57' title="bbox 271 3977 1862 4048">
     <span class='ocr_line' id='line_1_57' title="bbox 271 3977 1862 4048; baseline 0.005 -18"><span class='ocrx_word' id='word_1_422' title='bbox 271 3977 496 4048; x_wconf 86' lang='lat' dir='ltr'><strong>angelos</strong></span> <span class='ocrx_word' id='word_1_423' title='bbox 525 3987 779 4048; x_wconf 87' lang='lat' dir='ltr'><strong>tanquam</strong></span> <span class='ocrx_word' id='word_1_424' title='bbox 830 3981 1204 4036; x_wconf 90' lang='lat' dir='ltr'><strong>enuntiatores</strong></span> <span class='ocrx_word' id='word_1_425' title='bbox 1237 3979 1406 4036; x_wconf 81' lang='lat' dir='ltr'><strong>divini</strong></span> <span class='ocrx_word' id='word_1_426' title='bbox 1454 3981 1692 4048; x_wconf 87' lang='lat' dir='ltr'><strong>silentii,</strong></span> <span class='ocrx_word' id='word_1_427' title='bbox 1722 3990 1779 4038; x_wconf 87' lang='lat' dir='ltr'><strong>et</strong></span> <span class='ocrx_word' id='word_1_428' title='bbox 1802 3992 1862 4038; x_wconf 76' lang='grc' dir='ltr'><em>ιη</em></span> 
     </span>
    </p>
   </div>
   <div class='ocr_carea' id='block_1_58' title="bbox 271 4066 1860 4144">
    <p class='ocr_par' dir='ltr' id='par_1_58' title="bbox 271 4066 1860 4144">
     <span class='ocr_line' id='line_1_58' title="bbox 271 4066 1860 4144; baseline 0.006 -23"><span class='ocrx_word' id='word_1_429' title='bbox 271 4066 566 4122; x_wconf 81' lang='lat' dir='ltr'><strong>luminaria</strong></span> <span class='ocrx_word' id='word_1_430' title='bbox 608 4069 758 4125; x_wconf 89' lang='lat' dir='ltr'><strong>clara</strong></span> <span class='ocrx_word' id='word_1_431' title='bbox 796 4072 849 4125; x_wconf 86' lang='lat' dir='ltr'><strong>in</strong></span> <span class='ocrx_word' id='word_1_432' title='bbox 893 4072 1067 4142; x_wconf 84' lang='lat' dir='ltr'><strong>adytis</strong></span> <span class='ocrx_word' id='word_1_433' title='bbox 1113 4072 1400 4129; x_wconf 85' lang='lat' dir='ltr'><strong>existentis</strong></span> <span class='ocrx_word' id='word_1_434' title='bbox 1448 4073 1860 4144; x_wconf 87' lang='lat' dir='ltr'><strong>interpretativa</strong></span> 
     </span>
    </p>
   </div>
   <div class='ocr_carea' id='block_1_59' title="bbox 271 4160 1863 4232">
    <p class='ocr_par' dir='ltr' id='par_1_59' title="bbox 271 4160 1863 4232">
     <span class='ocr_line' id='line_1_59' title="bbox 271 4160 1863 4232; baseline 0.007 -21"><span class='ocrx_word' id='word_1_435' title='bbox 271 4161 622 4227; x_wconf 87' lang='lat' dir='ltr'><strong>praemissos.</strong></span> <span class='ocrx_word' id='word_1_436' title='bbox 658 4160 763 4215; x_wconf 87' lang='lat' dir='ltr'><strong>Sed</strong></span> <span class='ocrx_word' id='word_1_437' title='bbox 799 4171 856 4217; x_wconf 92' lang='lat' dir='ltr'><strong>et</strong></span> <span class='ocrx_word' id='word_1_438' title='bbox 885 4170 1006 4232; x_wconf 90' lang='lat' dir='ltr'><strong>post</strong></span> <span class='ocrx_word' id='word_1_439' title='bbox 1045 4163 1166 4219; x_wconf 91' lang='lat' dir='ltr'><strong>illos</strong></span> <span class='ocrx_word' id='word_1_440' title='bbox 1211 4179 1398 4219; x_wconf 87' lang='lat' dir='ltr'><strong>sacros</strong></span> <span class='ocrx_word' id='word_1_441' title='bbox 1425 4173 1481 4220; x_wconf 91' lang='lat' dir='ltr'><strong>et</strong></span> <span class='ocrx_word' id='word_1_442' title='bbox 1521 4177 1741 4224; x_wconf 89' lang='lat' dir='ltr'><strong>sanctos</strong></span> <span class='ocrx_word' id='word_1_443' title='bbox 1781 4170 1863 4223; x_wconf 85' lang='lat' dir='ltr'><strong>in-</strong></span> 
     </span>
    </p>
   </div>
   <div class='ocr_carea' id='block_1_60' title="bbox 274 4245 1860 4322">
    <p class='ocr_par' dir='ltr' id='par_1_60' title="bbox 274 4245 1860 4322">
     <span class='ocr_line' id='line_1_60' title="bbox 274 4245 1860 4322; baseline 0.008 -22"><span class='ocrx_word' id='word_1_444' title='bbox 274 4245 553 4311; x_wconf 89' lang='lat' dir='ltr'><strong>tellectus,</strong></span> <span class='ocrx_word' id='word_1_445' title='bbox 602 4251 817 4306; x_wconf 88' lang='lat' dir='ltr'><strong>animae</strong></span> <span class='ocrx_word' id='word_1_446' title='bbox 867 4260 925 4306; x_wconf 90' lang='lat' dir='ltr'><strong>et</strong></span> <span class='ocrx_word' id='word_1_447' title='bbox 974 4267 1332 4322; x_wconf 84' lang='lat' dir='ltr'><strong>quaecunque</strong></span> <span class='ocrx_word' id='word_1_448' title='bbox 1379 4268 1507 4312; x_wconf 87' lang='lat' dir='ltr'><strong>sunt</strong></span> <span class='ocrx_word' id='word_1_449' title='bbox 1555 4259 1860 4313; x_wconf 88' lang='lat' dir='ltr'><strong>animarum</strong></span> 
     </span>
    </p>
   </div>
   <div class='ocr_carea' id='block_1_61' title="bbox 269 4338 1866 4416">
    <p class='ocr_par' dir='ltr' id='par_1_61' title="bbox 269 4338 1866 4416">
     <span class='ocr_line' id='line_1_61' title="bbox 269 4338 1866 4416; baseline 0.009 -26"><span class='ocrx_word' id='word_1_450' title='bbox 269 4338 447 4402; x_wconf 88' lang='lat' dir='ltr'><strong>bona,</strong></span> <span class='ocrx_word' id='word_1_451' title='bbox 497 4354 595 4408; x_wconf 89' lang='lat' dir='ltr'><strong>per</strong></span> <span class='ocrx_word' id='word_1_452' title='bbox 623 4356 834 4399; x_wconf 89' lang='lat' dir='ltr'><strong>summe</strong></span> <span class='ocrx_word' id='word_1_453' title='bbox 890 4345 1149 4413; x_wconf 89' lang='lat' dir='ltr'><strong>optimam</strong></span> <span class='ocrx_word' id='word_1_454' title='bbox 1187 4357 1318 4404; x_wconf 79' lang='lat' dir='ltr'><strong>sunt</strong></span> <span class='ocrx_word' id='word_1_455' title='bbox 1360 4350 1680 4416; x_wconf 88' lang='lat' dir='ltr'><strong>bonitatem,</strong></span> <span class='ocrx_word' id='word_1_456' title='bbox 1712 4365 1866 4405; x_wconf 87' lang='lat' dir='ltr'><strong>ama-</strong></span> 
     </span>
    </p>
   </div>
   <div class='ocr_carea' id='block_1_62' title="bbox 273 4429 1863 4508">
    <p class='ocr_par' dir='ltr' id='par_1_62' title="bbox 273 4429 1863 4508">
     <span class='ocr_line' id='line_1_62' title="bbox 273 4429 1863 4508; baseline 0.011 -27"><span class='ocrx_word' id='word_1_457' title='bbox 273 4429 439 4484; x_wconf 89' lang='lat' dir='ltr'><strong>trices</strong></span> <span class='ocrx_word' id='word_1_458' title='bbox 466 4445 562 4485; x_wconf 85' lang='lat' dir='ltr'><strong>eas</strong></span> <span class='ocrx_word' id='word_1_459' title='bbox 587 4446 707 4487; x_wconf 88' lang='lat' dir='ltr'><strong>esse</strong></span> <span class='ocrx_word' id='word_1_460' title='bbox 733 4434 965 4489; x_wconf 81' lang='lat' dir='ltr'><strong>habendi</strong></span> <span class='ocrx_word' id='word_1_461' title='bbox 993 4441 1339 4495; x_wconf 80' lang='lat' dir='ltr'><strong>essentialem</strong></span> <span class='ocrx_word' id='word_1_462' title='bbox 1366 4442 1556 4508; x_wconf 87' lang='lat' dir='ltr'><strong>vitam,</strong></span> <span class='ocrx_word' id='word_1_463' title='bbox 1580 4442 1863 4499; x_wconf 89' lang='lat' dir='ltr'><strong>insolubile</strong></span> 
     </span>
    </p>
   </div>
   <div class='ocr_carea' id='block_1_63' title="bbox 276 4521 1860 4605">
    <p class='ocr_par' dir='ltr' id='par_1_63' title="bbox 276 4521 1860 4605">
     <span class='ocr_line' id='line_1_63' title="bbox 276 4521 1860 4605; baseline 0.009 -31"><span class='ocrx_word' id='word_1_464' title='bbox 276 4521 452 4590; x_wconf 85' lang='lat' dir='ltr'><strong>ipsum</strong></span> <span class='ocrx_word' id='word_1_465' title='bbox 484 4538 625 4588; x_wconf 87' lang='lat' dir='ltr'><strong>esse,</strong></span> <span class='ocrx_word' id='word_1_466' title='bbox 655 4535 711 4578; x_wconf 89' lang='lat' dir='ltr'><strong>et</strong></span> <span class='ocrx_word' id='word_1_467' title='bbox 743 4539 903 4594; x_wconf 88' lang='lat' dir='ltr'><strong>posse</strong></span> <span class='ocrx_word' id='word_1_468' title='bbox 930 4528 999 4583; x_wconf 79' lang='lat' dir='ltr'><strong>ad</strong></span> <span class='ocrx_word' id='word_1_469' title='bbox 1025 4532 1298 4602; x_wconf 86' lang='lat' dir='ltr'><strong>angelicas</strong></span> <span class='ocrx_word' id='word_1_470' title='bbox 1331 4534 1565 4591; x_wconf 80' lang='lat' dir='ltr'><strong>intentas</strong></span> <span class='ocrx_word' id='word_1_471' title='bbox 1591 4536 1731 4591; x_wconf 88' lang='lat' dir='ltr'><strong>vitas</strong></span> <span class='ocrx_word' id='word_1_472' title='bbox 1763 4551 1860 4605; x_wconf 87' lang='lat' dir='ltr'><strong>per</strong></span> 
     </span>
    </p>
   </div>
   <div class='ocr_carea' id='block_1_64' title="bbox 274 4615 1857 4694">
    <p class='ocr_par' dir='ltr' id='par_1_64' title="bbox 274 4615 1857 4694">
     <span class='ocr_line' id='line_1_64' title="bbox 274 4615 1857 4694; baseline 0.01 -30"><span class='ocrx_word' id='word_1_473' title='bbox 274 4627 372 4667; x_wconf 84' lang='lat' dir='ltr'><strong>eas</strong></span> <span class='ocrx_word' id='word_1_474' title='bbox 406 4619 467 4667; x_wconf 91' lang='lat' dir='ltr'><strong>ut</strong></span> <span class='ocrx_word' id='word_1_475' title='bbox 504 4615 738 4682; x_wconf 88' lang='lat' dir='ltr'><strong>optimas</strong></span> <span class='ocrx_word' id='word_1_476' title='bbox 777 4616 1070 4685; x_wconf 75' lang='lat' dir='ltr'><strong>doctrices,</strong></span> <span class='ocrx_word' id='word_1_477' title='bbox 1130 4624 1185 4677; x_wconf 91' lang='lat' dir='ltr'><strong>in</strong></span> <span class='ocrx_word' id='word_1_478' title='bbox 1236 4626 1478 4679; x_wconf 91' lang='lat' dir='ltr'><strong>omnium</strong></span> <span class='ocrx_word' id='word_1_479' title='bbox 1530 4627 1857 4694; x_wconf 85' lang='lat' dir='ltr'><strong>optimorum</strong></span> 
     </span>
    </p>
   </div>
   <div class='ocr_carea' id='block_1_65' title="bbox 276 4698 1859 4779">
    <p class='ocr_par' dir='ltr' id='par_1_65' title="bbox 276 4698 1859 4779">
     <span class='ocr_line' id='line_1_65' title="bbox 276 4698 1859 4779; baseline 0.01 -27"><span class='ocrx_word' id='word_1_480' title='bbox 276 4698 579 4757; x_wconf 88' lang='lat' dir='ltr'><strong>bonitatem</strong></span> <span class='ocrx_word' id='word_1_481' title='bbox 604 4706 960 4779; x_wconf 89' lang='lat' dir='ltr'><strong>principalem</strong></span> <span class='ocrx_word' id='word_1_482' title='bbox 990 4712 1175 4767; x_wconf 89' lang='lat' dir='ltr'><strong>reduci</strong></span> <span class='ocrx_word' id='word_1_483' title='bbox 1203 4753 1216 4776; x_wconf 94' lang='lat'><strong>,</strong></span> <span class='ocrx_word' id='word_1_484' title='bbox 1254 4724 1309 4768; x_wconf 91' lang='lat' dir='ltr'><strong>et</strong></span> <span class='ocrx_word' id='word_1_485' title='bbox 1340 4714 1463 4770; x_wconf 90' lang='lat' dir='ltr'><strong>inde</strong></span> <span class='ocrx_word' id='word_1_486' title='bbox 1486 4716 1859 4770; x_wconf 86' lang='lat' dir='ltr'><strong>emanantium</strong></span> 
     </span>
    </p>
   </div>
   <div class='ocr_carea' id='block_1_66' title="bbox 277 4790 1860 4874">
    <p class='ocr_par' dir='ltr' id='par_1_66' title="bbox 277 4790 1860 4874">
     <span class='ocr_line' id='line_1_66' title="bbox 277 4790 1860 4874; baseline 0.009 -31"><span class='ocrx_word' id='word_1_487' title='bbox 277 4790 740 4853; x_wconf 86' lang='lat' dir='ltr'><strong>illuminationum</strong></span> <span class='ocrx_word' id='word_1_488' title='bbox 794 4802 849 4855; x_wconf 91' lang='lat' dir='ltr'><strong>in</strong></span> <span class='ocrx_word' id='word_1_489' title='bbox 895 4804 1311 4874; x_wconf 81' lang='lat' dir='ltr'><strong>participatione</strong></span> <span class='ocrx_word' id='word_1_490' title='bbox 1358 4806 1510 4870; x_wconf 87' lang='lat' dir='ltr'><strong>fleri,</strong></span> <span class='ocrx_word' id='word_1_491' title='bbox 1563 4808 1860 4860; x_wconf 86' lang='lat' dir='ltr'><strong>secundum</strong></span> 
     </span>
    </p>
   </div>
   <div class='ocr_carea' id='block_1_67' title="bbox 280 4890 1865 4967">
    <p class='ocr_par' dir='ltr' id='par_1_67' title="bbox 280 4890 1865 4967">
     <span class='ocr_line' id='line_1_67' title="bbox 280 4890 1865 4967; baseline 0.008 -28"><span class='ocrx_word' id='word_1_492' title='bbox 280 4898 436 4940; x_wconf 84' lang='lat' dir='ltr'><strong>suam</strong></span> <span class='ocrx_word' id='word_1_493' title='bbox 468 4890 773 4959; x_wconf 74' lang='lat' dir='ltr'><strong>analogiam</strong></span> <span class='ocrx_word' id='word_1_494' title='bbox 801 4902 857 4947; x_wconf 92' lang='lat' dir='ltr'><strong>et</strong></span> <span class='ocrx_word' id='word_1_495' title='bbox 883 4894 1265 4951; x_wconf 84' lang='lat' dir='ltr'><strong>deiforuiitatis</strong></span> <span class='ocrx_word' id='word_1_496' title='bbox 1291 4896 1635 4952; x_wconf 87' lang='lat' dir='ltr'><strong>donationem</strong></span> <span class='ocrx_word' id='word_1_497' title='bbox 1654 4937 1668 4962; x_wconf 92' lang='lat'><strong>,</strong></span> <span class='ocrx_word' id='word_1_498' title='bbox 1698 4912 1865 4967; x_wconf 82' lang='lat' dir='ltr'><strong>quae-</strong></span> 
     </span>
    </p>
   </div>
   <div class='ocr_carea' id='block_1_68' title="bbox 283 4970 1867 5058">
    <p class='ocr_par' dir='ltr' id='par_1_68' title="bbox 283 4970 1867 5058">
     <span class='ocr_line' id='line_1_68' title="bbox 283 4970 1867 5058; baseline 0.007 -24"><span class='ocrx_word' id='word_1_499' title='bbox 283 4995 391 5050; x_wconf 83' lang='lat' dir='ltr'><strong>que</strong></span> <span class='ocrx_word' id='word_1_500' title='bbox 420 4981 592 5036; x_wconf 86' lang='lat' dir='ltr'><strong>virtus</strong></span> <span class='ocrx_word' id='word_1_501' title='bbox 621 4984 984 5055; x_wconf 80' lang='lat' dir='ltr'><strong>participare,</strong></span> <span class='ocrx_word' id='word_1_502' title='bbox 1031 4996 1085 5040; x_wconf 91' lang='lat' dir='ltr'><strong>et</strong></span> <span class='ocrx_word' id='word_1_503' title='bbox 1113 5002 1470 5058; x_wconf 86' lang='lat' dir='ltr'><strong>quaecunque</strong></span> <span class='ocrx_word' id='word_1_504' title='bbox 1495 4970 1599 5042; x_wconf 63' lang='lat' dir='ltr'><strong>alia</strong></span> <span class='ocrx_word' id='word_1_505' title='bbox 1632 5004 1659 5041; x_wconf 89' lang='lat' dir='ltr'><strong>a</strong></span> <span class='ocrx_word' id='word_1_506' title='bbox 1712 4990 1867 5045; x_wconf 87' lang='lat' dir='ltr'><strong>nobis</strong></span> 
     </span>
    </p>
   </div>
   <div class='ocr_carea' id='block_1_69' title="bbox 282 5072 1866 5145">
    <p class='ocr_par' dir='ltr' id='par_1_69' title="bbox 282 5072 1866 5145">
     <span class='ocr_line' id='line_1_69' title="bbox 282 5072 1866 5145; baseline 0.005 -19"><span class='ocrx_word' id='word_1_507' title='bbox 282 5072 337 5127; x_wconf 90' lang='lat' dir='ltr'><strong>in</strong></span> <span class='ocrx_word' id='word_1_508' title='bbox 355 5074 464 5137; x_wconf 85' lang='lat' dir='ltr'><strong>his,</strong></span> <span class='ocrx_word' id='word_1_509' title='bbox 487 5089 625 5143; x_wconf 89' lang='lat' dir='ltr'><strong>quae</strong></span> <span class='ocrx_word' id='word_1_510' title='bbox 643 5087 767 5131; x_wconf 85' lang='lat' dir='ltr'><strong>sunt</strong></span> <span class='ocrx_word' id='word_1_511' title='bbox 790 5080 856 5133; x_wconf 86' lang='lat' dir='ltr'><strong>de</strong></span> <span class='ocrx_word' id='word_1_512' title='bbox 870 5079 1173 5145; x_wconf 87' lang='lat' dir='ltr'><strong>animabus,</strong></span> <span class='ocrx_word' id='word_1_513' title='bbox 1199 5088 1508 5136; x_wconf 81' lang='lat' dir='ltr'><strong>enumerata</strong></span> <span class='ocrx_word' id='word_1_514' title='bbox 1522 5088 1667 5134; x_wconf 90' lang='lat' dir='ltr'><strong>sunt.</strong></span> <span class='ocrx_word' id='word_1_515' title='bbox 1682 5078 1788 5135; x_wconf 87' lang='lat' dir='ltr'><strong>Sed</strong></span> <span class='ocrx_word' id='word_1_516' title='bbox 1808 5091 1866 5134; x_wconf 87' lang='lat' dir='ltr'><strong>et</strong></span> 
     </span>
    </p>
   </div>
   <div class='ocr_carea' id='block_1_70' title="bbox 284 5165 1868 5239">
    <p class='ocr_par' dir='ltr' id='par_1_70' title="bbox 284 5165 1868 5239">
     <span class='ocr_line' id='line_1_70' title="bbox 284 5165 1868 5239; baseline 0.005 -21"><span class='ocrx_word' id='word_1_517' title='bbox 284 5165 353 5219; x_wconf 88' lang='lat' dir='ltr'><strong>de</strong></span> <span class='ocrx_word' id='word_1_518' title='bbox 382 5166 534 5234; x_wconf 88' lang='lat' dir='ltr'><strong>ipsis,</strong></span> <span class='ocrx_word' id='word_1_519' title='bbox 557 5169 600 5221; x_wconf 91' lang='lat' dir='ltr'><strong>si</strong></span> <span class='ocrx_word' id='word_1_520' title='bbox 625 5178 836 5239; x_wconf 86' lang='lat' dir='ltr'><strong>oportet</strong></span> <span class='ocrx_word' id='word_1_521' title='bbox 862 5170 1067 5235; x_wconf 88' lang='lat' dir='ltr'><strong>dicere,</strong></span> <span class='ocrx_word' id='word_1_522' title='bbox 1092 5170 1552 5226; x_wconf 88' lang='lat' dir='ltr'><strong>irrationabilibus</strong></span> <span class='ocrx_word' id='word_1_523' title='bbox 1582 5170 1868 5226; x_wconf 87' lang='lat' dir='ltr'><strong>animabus</strong></span> 
     </span>
    </p>
   </div>
   <div class='ocr_carea' id='block_1_71' title="bbox 287 5258 1866 5331">
    <p class='ocr_par' dir='ltr' id='par_1_71' title="bbox 287 5258 1866 5331">
     <span class='ocr_line' id='line_1_71' title="bbox 287 5258 1866 5331; baseline 0.004 -22"><span class='ocrx_word' id='word_1_524' title='bbox 287 5265 382 5311; x_wconf 83' lang='lat' dir='ltr'><strong>aut</strong></span> <span class='ocrx_word' id='word_1_525' title='bbox 411 5258 757 5323; x_wconf 85' lang='lat' dir='ltr'><strong>animalibus,</strong></span> <span class='ocrx_word' id='word_1_526' title='bbox 783 5277 1139 5331; x_wconf 88' lang='lat' dir='ltr'><strong>quaecunque</strong></span> <span class='ocrx_word' id='word_1_527' title='bbox 1177 5262 1303 5317; x_wconf 75' lang='lat' dir='ltr'><strong>aéra</strong></span> <span class='ocrx_word' id='word_1_528' title='bbox 1336 5272 1563 5323; x_wconf 79' lang='lat' dir='ltr'><strong>secant,</strong></span> <span class='ocrx_word' id='word_1_529' title='bbox 1603 5271 1657 5316; x_wconf 93' lang='lat' dir='ltr'><strong>et</strong></span> <span class='ocrx_word' id='word_1_530' title='bbox 1696 5275 1866 5331; x_wconf 86' lang='lat' dir='ltr'><strong>quae-</strong></span> 
     </span>
    </p>
   </div>
   <div class='ocr_carea' id='block_1_72' title="bbox 289 5349 1867 5421">
    <p class='ocr_par' dir='ltr' id='par_1_72' title="bbox 289 5349 1867 5421">
     <span class='ocr_line' id='line_1_72' title="bbox 289 5349 1867 5421; baseline 0.001 -20"><span class='ocrx_word' id='word_1_531' title='bbox 289 5361 505 5416; x_wconf 83' lang='lat' dir='ltr'><strong>cunque</strong></span> <span class='ocrx_word' id='word_1_532' title='bbox 558 5349 611 5402; x_wconf 92' lang='lat' dir='ltr'><strong>in</strong></span> <span class='ocrx_word' id='word_1_533' title='bbox 674 5358 816 5404; x_wconf 89' lang='lat' dir='ltr'><strong>terra</strong></span> <span class='ocrx_word' id='word_1_534' title='bbox 868 5351 1228 5421; x_wconf 89' lang='lat' dir='ltr'><strong>gradiuntur,</strong></span> <span class='ocrx_word' id='word_1_535' title='bbox 1285 5359 1340 5405; x_wconf 92' lang='lat' dir='ltr'><strong>et</strong></span> <span class='ocrx_word' id='word_1_536' title='bbox 1394 5365 1749 5421; x_wconf 86' lang='lat' dir='ltr'><strong>quaecunque</strong></span> <span class='ocrx_word' id='word_1_537' title='bbox 1814 5351 1867 5404; x_wconf 90' lang='lat' dir='ltr'><strong>in</strong></span> 
     </span>
    </p>
   </div>
   <div class='ocr_carea' id='block_1_73' title="bbox 291 5440 1871 5514">
    <p class='ocr_par' dir='ltr' id='par_1_73' title="bbox 291 5440 1871 5514">
     <span class='ocr_line' id='line_1_73' title="bbox 291 5440 1871 5514; baseline 0.003 -22"><span class='ocrx_word' id='word_1_538' title='bbox 291 5447 494 5495; x_wconf 89' lang='lat' dir='ltr'><strong>terram</strong></span> <span class='ocrx_word' id='word_1_539' title='bbox 533 5442 923 5508; x_wconf 85' lang='lat' dir='ltr'><strong>extenduntur,</strong></span> <span class='ocrx_word' id='word_1_540' title='bbox 957 5452 1015 5498; x_wconf 90' lang='lat' dir='ltr'><strong>et</strong></span> <span class='ocrx_word' id='word_1_541' title='bbox 1050 5444 1103 5498; x_wconf 89' lang='lat' dir='ltr'><strong>in</strong></span> <span class='ocrx_word' id='word_1_542' title='bbox 1134 5445 1289 5514; x_wconf 78' lang='lat' dir='ltr'><strong>aquis</strong></span> <span class='ocrx_word' id='word_1_543' title='bbox 1318 5443 1484 5497; x_wconf 87' lang='lat' dir='ltr'><strong>vitam</strong></span> <span class='ocrx_word' id='word_1_544' title='bbox 1526 5450 1619 5497; x_wconf 92' lang='lat' dir='ltr'><strong>aut</strong></span> <span class='ocrx_word' id='word_1_545' title='bbox 1650 5442 1704 5496; x_wconf 91' lang='lat' dir='ltr'><strong>in</strong></span> <span class='ocrx_word' id='word_1_546' title='bbox 1734 5440 1871 5496; x_wconf 87' lang='lat' dir='ltr'><strong>mari</strong></span> 
     </span>
    </p>
   </div>
   <div class='ocr_carea' id='block_1_74' title="bbox 291 5529 1871 5602">
    <p class='ocr_par' dir='ltr' id='par_1_74' title="bbox 291 5529 1871 5602">
     <span class='ocr_line' id='line_1_74' title="bbox 291 5529 1871 5602; baseline 0.003 -19"><span class='ocrx_word' id='word_1_547' title='bbox 291 5537 348 5583; x_wconf 88' lang='lat' dir='ltr'><strong>et</strong></span> <span class='ocrx_word' id='word_1_548' title='bbox 397 5529 452 5584; x_wconf 92' lang='lat' dir='ltr'><strong>in</strong></span> <span class='ocrx_word' id='word_1_549' title='bbox 514 5538 658 5585; x_wconf 91' lang='lat' dir='ltr'><strong>terra</strong></span> <span class='ocrx_word' id='word_1_550' title='bbox 714 5530 1036 5602; x_wconf 87' lang='lat' dir='ltr'><strong>sortientia,</strong></span> <span class='ocrx_word' id='word_1_551' title='bbox 1092 5543 1147 5589; x_wconf 89' lang='lat' dir='ltr'><strong>et</strong></span> <span class='ocrx_word' id='word_1_552' title='bbox 1186 5546 1538 5600; x_wconf 88' lang='lat' dir='ltr'><strong>quaecunque</strong></span> <span class='ocrx_word' id='word_1_553' title='bbox 1582 5533 1681 5584; x_wconf 89' lang='lat' dir='ltr'><strong>sub</strong></span> <span class='ocrx_word' id='word_1_554' title='bbox 1728 5543 1871 5587; x_wconf 86' lang='lat' dir='ltr'><strong>terra</strong></span> 
     </span>
    </p>
   </div>
   <div class='ocr_carea' id='block_1_75' title="bbox 1952 1884 3548 1956">
    <p class='ocr_par' dir='ltr' id='par_1_75' title="bbox 1952 1884 3548 1956">
     <span class='ocr_line' id='line_1_75' title="bbox 1952 1884 3548 1956; baseline -0.002 -18"><span class='ocrx_word' id='word_1_555' title='bbox 1952 1884 2169 1954; x_wconf 90' lang='lat' dir='ltr'><strong>quidem</strong></span> <span class='ocrx_word' id='word_1_556' title='bbox 2192 1900 2300 1941; x_wconf 84' lang='lat' dir='ltr'><strong>nos</strong></span> <span class='ocrx_word' id='word_1_557' title='bbox 2326 1885 2592 1940; x_wconf 32' lang='lat' dir='ltr'><strong>insmodio</strong></span> <span class='ocrx_word' id='word_1_558' title='bbox 2620 1887 3063 1954; x_wconf 88' lang='lat' dir='ltr'><strong>praetermissum</strong></span> <span class='ocrx_word' id='word_1_559' title='bbox 3086 1884 3298 1956; x_wconf 72' lang='lat' dir='ltr'><strong>effugit,</strong></span> <span class='ocrx_word' id='word_1_560' title='bbox 3322 1894 3380 1941; x_wconf 94' lang='lat' dir='ltr'><strong>et</strong></span> <span class='ocrx_word' id='word_1_561' title='bbox 3405 1900 3548 1940; x_wconf 56' lang='lat' dir='ltr'><strong>eam.</strong></span> 
     </span>
    </p>
   </div>
   <div class='ocr_carea' id='block_1_76' title="bbox 1953 1973 3549 2046">
    <p class='ocr_par' dir='ltr' id='par_1_76' title="bbox 1953 1973 3549 2046">
     <span class='ocr_line' id='line_1_76' title="bbox 1953 1973 3549 2046; baseline 0 -19"><span class='ocrx_word' id='word_1_562' title='bbox 1953 1973 2170 2030; x_wconf 85' lang='lat' dir='ltr'><strong>lestium</strong></span> <span class='ocrx_word' id='word_1_563' title='bbox 2203 1975 2506 2046; x_wconf 80' lang='lat' dir='ltr'><strong>principum</strong></span> <span class='ocrx_word' id='word_1_564' title='bbox 2545 1985 2600 2030; x_wconf 90' lang='lat' dir='ltr'><strong>et</strong></span> <span class='ocrx_word' id='word_1_565' title='bbox 2644 1975 3035 2030; x_wconf 88' lang='lat' dir='ltr'><strong>sublimitatum</strong></span> <span class='ocrx_word' id='word_1_566' title='bbox 3058 1990 3221 2031; x_wconf 89' lang='lat' dir='ltr'><strong>causa</strong></span> <span class='ocrx_word' id='word_1_567' title='bbox 3246 1976 3549 2046; x_wconf 52' lang='lat' dir='ltr'><strong>optimum,</strong></span> 
     </span>
    </p>
   </div>
   <div class='ocr_carea' id='block_1_77' title="bbox 1953 2066 3555 2133">
    <p class='ocr_par' dir='ltr' id='par_1_77' title="bbox 1953 2066 3555 2133">
     <span class='ocr_line' id='line_1_77' title="bbox 1953 2066 3555 2133; baseline -0.003 -11"><span class='ocrx_word' id='word_1_568' title='bbox 1953 2083 2063 2123; x_wconf 88' lang='lat' dir='ltr'><strong>non</strong></span> <span class='ocrx_word' id='word_1_569' title='bbox 2117 2084 2280 2123; x_wconf 86' lang='lat' dir='ltr'><strong>aueta</strong></span> <span class='ocrx_word' id='word_1_570' title='bbox 2326 2076 2385 2123; x_wconf 90' lang='lat' dir='ltr'><strong>et</strong></span> <span class='ocrx_word' id='word_1_571' title='bbox 2413 2084 2520 2123; x_wconf 93' lang='lat' dir='ltr'><strong>non</strong></span> <span class='ocrx_word' id='word_1_572' title='bbox 2551 2068 2781 2133; x_wconf 84' lang='lat' dir='ltr'><strong>minuta,</strong></span> <span class='ocrx_word' id='word_1_573' title='bbox 2829 2076 2887 2122; x_wconf 89' lang='lat' dir='ltr'><strong>et</strong></span> <span class='ocrx_word' id='word_1_574' title='bbox 2937 2068 3159 2122; x_wconf 88' lang='lat' dir='ltr'><strong>omnino</strong></span> <span class='ocrx_word' id='word_1_575' title='bbox 3212 2066 3555 2121; x_wconf 74' lang='lat' dir='ltr'><strong>immutabili.</strong></span> 
     </span>
    </p>
   </div>
   <div class='ocr_carea' id='block_1_78' title="bbox 1952 2156 3561 2226">
    <p class='ocr_par' dir='ltr' id='par_1_78' title="bbox 1952 2156 3561 2226">
     <span class='ocr_line' id='line_1_78' title="bbox 1952 2156 3561 2226; baseline -0.001 -16"><span class='ocrx_word' id='word_1_576' title='bbox 1952 2157 2142 2211; x_wconf 88' lang='lat' dir='ltr'><strong>eadem</strong></span> <span class='ocrx_word' id='word_1_577' title='bbox 2184 2156 2504 2222; x_wconf 89' lang='lat' dir='ltr'><strong>latitudine,</strong></span> <span class='ocrx_word' id='word_1_578' title='bbox 2540 2168 2597 2212; x_wconf 91' lang='lat' dir='ltr'><strong>et</strong></span> <span class='ocrx_word' id='word_1_579' title='bbox 2628 2157 3072 2223; x_wconf 89' lang='lat' dir='ltr'><strong>consonantium,</strong></span> <span class='ocrx_word' id='word_1_580' title='bbox 3102 2157 3147 2212; x_wconf 90' lang='lat' dir='ltr'><strong>si</strong></span> <span class='ocrx_word' id='word_1_581' title='bbox 3198 2156 3279 2213; x_wconf 92' lang='lat' dir='ltr'><strong>sic</strong></span> <span class='ocrx_word' id='word_1_582' title='bbox 3321 2164 3561 2226; x_wconf 43' lang='lat' dir='ltr'><strong>oportetr</strong></span> 
     </span>
    </p>
   </div>
   <div class='ocr_carea' id='block_1_79' title="bbox 1952 2246 3532 2315">
    <p class='ocr_par' dir='ltr' id='par_1_79' title="bbox 1952 2246 3532 2315">
     <span class='ocr_line' id='line_1_79' title="bbox 1952 2246 3532 2315; baseline -0.003 -13"><span class='ocrx_word' id='word_1_583' title='bbox 1952 2248 2156 2315; x_wconf 90' lang='lat' dir='ltr'><strong>dicere,</strong></span> <span class='ocrx_word' id='word_1_584' title='bbox 2197 2249 2431 2304; x_wconf 84' lang='lat' dir='ltr'><strong>maxima</strong></span> <span class='ocrx_word' id='word_1_585' title='bbox 2454 2248 2673 2304; x_wconf 88' lang='lat' dir='ltr'><strong>caelesti</strong></span> <span class='ocrx_word' id='word_1_586' title='bbox 2713 2249 2795 2303; x_wconf 89' lang='lat' dir='ltr'><strong>via</strong></span> <span class='ocrx_word' id='word_1_587' title='bbox 2827 2257 3093 2313; x_wconf 91' lang='lat' dir='ltr'><strong>motuum,</strong></span> <span class='ocrx_word' id='word_1_588' title='bbox 3137 2257 3193 2302; x_wconf 90' lang='lat' dir='ltr'><strong>et</strong></span> <span class='ocrx_word' id='word_1_589' title='bbox 3221 2246 3532 2303; x_wconf 64' lang='lat' dir='ltr'><strong>sidcraliu&#39;m</strong></span> 
     </span>
    </p>
   </div>
   <div class='ocr_carea' id='block_1_80' title="bbox 1951 2336 3543 2404">
    <p class='ocr_par' dir='ltr' id='par_1_80' title="bbox 1951 2336 3543 2404">
     <span class='ocr_line' id='line_1_80' title="bbox 1951 2336 3543 2404; baseline -0.003 -12"><span class='ocrx_word' id='word_1_590' title='bbox 1951 2337 2208 2393; x_wconf 89' lang='lat' dir='ltr'><strong>ordinum</strong></span> <span class='ocrx_word' id='word_1_591' title='bbox 2232 2378 2248 2403; x_wconf 91' lang='lat'><strong>,</strong></span> <span class='ocrx_word' id='word_1_592' title='bbox 2290 2345 2344 2393; x_wconf 91' lang='lat' dir='ltr'><strong>et</strong></span> <span class='ocrx_word' id='word_1_593' title='bbox 2371 2339 2823 2403; x_wconf 88' lang='lat' dir='ltr'><strong>decorositatum,</strong></span> <span class='ocrx_word' id='word_1_594' title='bbox 2849 2349 2906 2394; x_wconf 90' lang='lat' dir='ltr'><strong>et</strong></span> <span class='ocrx_word' id='word_1_595' title='bbox 2938 2338 3201 2393; x_wconf 90' lang='lat' dir='ltr'><strong>luminum</strong></span> <span class='ocrx_word' id='word_1_596' title='bbox 3220 2375 3236 2404; x_wconf 86' lang='lat'><strong>,</strong></span> <span class='ocrx_word' id='word_1_597' title='bbox 3260 2346 3319 2392; x_wconf 91' lang='lat' dir='ltr'><strong>et</strong></span> <span class='ocrx_word' id='word_1_598' title='bbox 3361 2336 3543 2392; x_wconf 13' lang='lat' dir='ltr'><strong>collo-t</strong></span> 
     </span>
    </p>
   </div>
   <div class='ocr_carea' id='block_1_81' title="bbox 1952 2428 3550 2502">
    <p class='ocr_par' dir='ltr' id='par_1_81' title="bbox 1952 2428 3550 2502">
     <span class='ocr_line' id='line_1_81' title="bbox 1952 2428 3550 2502; baseline -0.005 -17"><span class='ocrx_word' id='word_1_599' title='bbox 1952 2430 2248 2492; x_wconf 87' lang='lat' dir='ltr'><strong>cationum.</strong></span> <span class='ocrx_word' id='word_1_600' title='bbox 2270 2438 2327 2484; x_wconf 88' lang='lat' dir='ltr'><strong>et</strong></span> <span class='ocrx_word' id='word_1_601' title='bbox 2346 2431 2678 2502; x_wconf 90' lang='lat' dir='ltr'><strong>singularum</strong></span> <span class='ocrx_word' id='word_1_602' title='bbox 2694 2430 2970 2486; x_wconf 90' lang='lat' dir='ltr'><strong>stellarum</strong></span> <span class='ocrx_word' id='word_1_603' title='bbox 2994 2428 3342 2502; x_wconf 84' lang='lat' dir='ltr'><strong>permeabilis</strong></span> <span class='ocrx_word' id='word_1_604' title='bbox 3361 2428 3550 2484; x_wconf 82' lang='lat' dir='ltr'><strong>multi.-</strong></span> 
     </span>
    </p>
   </div>
   <div class='ocr_carea' id='block_1_82' title="bbox 1952 2517 3536 2592">
    <p class='ocr_par' dir='ltr' id='par_1_82' title="bbox 1952 2517 3536 2592">
     <span class='ocr_line' id='line_1_82' title="bbox 1952 2517 3536 2592; baseline -0.005 -16"><span class='ocrx_word' id='word_1_605' title='bbox 1952 2522 2144 2578; x_wconf 90' lang='lat' dir='ltr'><strong>modae</strong></span> <span class='ocrx_word' id='word_1_606' title='bbox 2157 2521 2427 2582; x_wconf 90' lang='lat' dir='ltr'><strong>motionis.</strong></span> <span class='ocrx_word' id='word_1_607' title='bbox 2444 2530 2497 2576; x_wconf 89' lang='lat' dir='ltr'><strong>et</strong></span> <span class='ocrx_word' id='word_1_608' title='bbox 2517 2519 2650 2589; x_wconf 84' lang='lat' dir='ltr'><strong>ejus,</strong></span> <span class='ocrx_word' id='word_1_609' title='bbox 2667 2536 2805 2592; x_wconf 89' lang='lat' dir='ltr'><strong>quae</strong></span> <span class='ocrx_word' id='word_1_610' title='bbox 2820 2529 2906 2575; x_wconf 91' lang='lat' dir='ltr'><strong>est</strong></span> <span class='ocrx_word' id='word_1_611' title='bbox 2921 2520 3149 2575; x_wconf 88' lang='lat' dir='ltr'><strong>duorum</strong></span> <span class='ocrx_word' id='word_1_612' title='bbox 3165 2517 3507 2574; x_wconf 79' lang='lat' dir='ltr'><strong>luminarinm</strong></span> <span class='ocrx_word' id='word_1_613' title='bbox 3520 2558 3536 2579; x_wconf 86' lang='grc'><strong>,</strong></span> 
     </span>
    </p>
   </div>
   <div class='ocr_carea' id='block_1_83' title="bbox 1951 2610 3544 2686">
    <p class='ocr_par' dir='ltr' id='par_1_83' title="bbox 1951 2610 3544 2686">
     <span class='ocr_line' id='line_1_83' title="bbox 1951 2610 3544 2686; baseline -0.004 -16"><span class='ocrx_word' id='word_1_614' title='bbox 1951 2630 2090 2686; x_wconf 88' lang='lat' dir='ltr'><strong>quae</strong></span> <span class='ocrx_word' id='word_1_615' title='bbox 2131 2614 2340 2683; x_wconf 92' lang='lat' dir='ltr'><strong>eloquia</strong></span> <span class='ocrx_word' id='word_1_616' title='bbox 2387 2621 2584 2669; x_wconf 88' lang='lat' dir='ltr'><strong>vocant</strong></span> <span class='ocrx_word' id='word_1_617' title='bbox 2628 2628 2819 2683; x_wconf 84' lang='lat' dir='ltr'><strong>magna</strong></span> <span class='ocrx_word' id='word_1_618' title='bbox 2845 2654 2861 2678; x_wconf 90' lang='lat'><strong>,</strong></span> <span class='ocrx_word' id='word_1_619' title='bbox 2894 2612 2963 2667; x_wconf 91' lang='lat' dir='ltr'><strong>ab</strong></span> <span class='ocrx_word' id='word_1_620' title='bbox 3003 2612 3290 2668; x_wconf 66' lang='lat' dir='ltr'><strong>eisdemJn</strong></span> <span class='ocrx_word' id='word_1_621' title='bbox 3345 2610 3544 2666; x_wconf 84' lang='lat' dir='ltr'><strong>eadem</strong></span> 
     </span>
    </p>
   </div>
   <div class='ocr_carea' id='block_1_84' title="bbox 1951 2702 3545 2773">
    <p class='ocr_par' dir='ltr' id='par_1_84' title="bbox 1951 2702 3545 2773">
     <span class='ocr_line' id='line_1_84' title="bbox 1951 2702 3545 2773; baseline -0.004 -13"><span class='ocrx_word' id='word_1_622' title='bbox 1951 2703 2405 2761; x_wconf 86' lang='lat' dir='ltr'><strong>eircummeahilis</strong></span> <span class='ocrx_word' id='word_1_623' title='bbox 2444 2703 2875 2767; x_wconf 83' lang='lat' dir='ltr'><strong>revolubilitatis,</strong></span> <span class='ocrx_word' id='word_1_624' title='bbox 2903 2703 3195 2759; x_wconf 83' lang='lat' dir='ltr'><strong>secundum</strong></span> <span class='ocrx_word' id='word_1_625' title='bbox 3217 2718 3362 2773; x_wconf 85' lang='lat' dir='ltr'><strong>quae</strong></span> <span class='ocrx_word' id='word_1_626' title='bbox 3397 2702 3545 2773; x_wconf 68' lang='lat' dir='ltr'><strong>apud</strong></span> 
     </span>
    </p>
   </div>
   <div class='ocr_carea' id='block_1_85' title="bbox 1952 2793 3551 2861">
    <p class='ocr_par' dir='ltr' id='par_1_85' title="bbox 1952 2793 3551 2861">
     <span class='ocr_line' id='line_1_85' title="bbox 1952 2793 3551 2861; baseline -0.003 -10"><span class='ocrx_word' id='word_1_627' title='bbox 1952 2811 2053 2851; x_wconf 93' lang='lat' dir='ltr'><strong>nos</strong></span> <span class='ocrx_word' id='word_1_628' title='bbox 2082 2793 2199 2851; x_wconf 90' lang='lat' dir='ltr'><strong>dies</strong></span> <span class='ocrx_word' id='word_1_629' title='bbox 2241 2803 2296 2850; x_wconf 91' lang='lat' dir='ltr'><strong>et</strong></span> <span class='ocrx_word' id='word_1_630' title='bbox 2342 2803 2531 2851; x_wconf 91' lang='lat' dir='ltr'><strong>noctes</strong></span> <span class='ocrx_word' id='word_1_631' title='bbox 2572 2796 2930 2861; x_wconf 87' lang='lat' dir='ltr'><strong>terminatae,</strong></span> <span class='ocrx_word' id='word_1_632' title='bbox 2978 2804 3034 2850; x_wconf 92' lang='lat' dir='ltr'><strong>et</strong></span> <span class='ocrx_word' id='word_1_633' title='bbox 3061 2809 3276 2849; x_wconf 68' lang='lat' dir='ltr'><strong>menses</strong></span> <span class='ocrx_word' id='word_1_634' title='bbox 3303 2801 3360 2849; x_wconf 90' lang='lat' dir='ltr'><strong>et</strong></span> <span class='ocrx_word' id='word_1_635' title='bbox 3407 2794 3551 2847; x_wconf 67' lang='lat' dir='ltr'><strong>anni.</strong></span> 
     </span>
    </p>
   </div>
   <div class='ocr_carea' id='block_1_86' title="bbox 1952 2888 3543 2958">
    <p class='ocr_par' dir='ltr' id='par_1_86' title="bbox 1952 2888 3543 2958">
     <span class='ocr_line' id='line_1_86' title="bbox 1952 2888 3543 2958; baseline -0.001 -16"><span class='ocrx_word' id='word_1_636' title='bbox 1952 2888 2269 2951; x_wconf 89' lang='lat' dir='ltr'><strong>mensurati,</strong></span> <span class='ocrx_word' id='word_1_637' title='bbox 2311 2889 2588 2958; x_wconf 88' lang='lat' dir='ltr'><strong>temporis,</strong></span> <span class='ocrx_word' id='word_1_638' title='bbox 2643 2899 2698 2943; x_wconf 91' lang='lat' dir='ltr'><strong>et</strong></span> <span class='ocrx_word' id='word_1_639' title='bbox 2756 2904 2943 2944; x_wconf 89' lang='lat' dir='ltr'><strong>eorum</strong></span> <span class='ocrx_word' id='word_1_640' title='bbox 2989 2903 3129 2958; x_wconf 87' lang='lat' dir='ltr'><strong>quae</strong></span> <span class='ocrx_word' id='word_1_641' title='bbox 3186 2888 3241 2941; x_wconf 89' lang='lat' dir='ltr'><strong>in</strong></span> <span class='ocrx_word' id='word_1_642' title='bbox 3291 2894 3543 2957; x_wconf 74' lang='lat' dir='ltr'><strong>tempore</strong></span> 
     </span>
    </p>
   </div>
   <div class='ocr_carea' id='block_1_87' title="bbox 1953 2978 3535 3049">
    <p class='ocr_par' dir='ltr' id='par_1_87' title="bbox 1953 2978 3535 3049">
     <span class='ocr_line' id='line_1_87' title="bbox 1953 2978 3535 3049; baseline -0.002 -15"><span class='ocrx_word' id='word_1_643' title='bbox 1953 2988 2097 3043; x_wconf 81' lang='lat' dir='ltr'><strong>sunt,</strong></span> <span class='ocrx_word' id='word_1_644' title='bbox 2127 2978 2423 3033; x_wconf 84' lang='lat' dir='ltr'><strong>circulares</strong></span> <span class='ocrx_word' id='word_1_645' title='bbox 2453 2987 2632 3035; x_wconf 86' lang='lat' dir='ltr'><strong>motus</strong></span> <span class='ocrx_word' id='word_1_646' title='bbox 2670 2987 2993 3049; x_wconf 82' lang='lat' dir='ltr'><strong>segregant,</strong></span> <span class='ocrx_word' id='word_1_647' title='bbox 3034 2988 3089 3034; x_wconf 87' lang='lat' dir='ltr'><strong>et</strong></span> <span class='ocrx_word' id='word_1_648' title='bbox 3133 2986 3454 3043; x_wconf 87' lang='lat' dir='ltr'><strong>numerant,</strong></span> <span class='ocrx_word' id='word_1_649' title='bbox 3485 2987 3535 3032; x_wconf 85' lang='lat' dir='ltr'><strong>et</strong></span> 
     </span>
    </p>
   </div>
   <div class='ocr_carea' id='block_1_88' title="bbox 1954 3067 3538 3139">
    <p class='ocr_par' dir='ltr' id='par_1_88' title="bbox 1954 3067 3538 3139">
     <span class='ocr_line' id='line_1_88' title="bbox 1954 3067 3538 3139; baseline 0.001 -17"><span class='ocrx_word' id='word_1_650' title='bbox 1954 3067 2234 3132; x_wconf 83' lang='lat' dir='ltr'><strong>ordinant,</strong></span> <span class='ocrx_word' id='word_1_651' title='bbox 2263 3080 2321 3122; x_wconf 92' lang='lat' dir='ltr'><strong>et</strong></span> <span class='ocrx_word' id='word_1_652' title='bbox 2348 3069 2654 3123; x_wconf 86' lang='lat' dir='ltr'><strong>continent.</strong></span> <span class='ocrx_word' id='word_1_653' title='bbox 2687 3067 2825 3135; x_wconf 85' lang='lat' dir='ltr'><strong>Quid</strong></span> <span class='ocrx_word' id='word_1_654' title='bbox 2855 3069 2900 3124; x_wconf 91' lang='lat' dir='ltr'><strong>si</strong></span> <span class='ocrx_word' id='word_1_655' title='bbox 2927 3068 3051 3139; x_wconf 88' lang='lat' dir='ltr'><strong>quis</strong></span> <span class='ocrx_word' id='word_1_656' title='bbox 3075 3068 3271 3123; x_wconf 84' lang='lat' dir='ltr'><strong>dixerit</strong></span> <span class='ocrx_word' id='word_1_657' title='bbox 3308 3068 3374 3122; x_wconf 91' lang='lat' dir='ltr'><strong>de</strong></span> <span class='ocrx_word' id='word_1_658' title='bbox 3419 3068 3538 3137; x_wconf 83' lang='lat' dir='ltr'><strong>ipso</strong></span> 
     </span>
    </p>
   </div>
   <div class='ocr_carea' id='block_1_89' title="bbox 1956 3159 3549 3232">
    <p class='ocr_par' dir='ltr' id='par_1_89' title="bbox 1956 3159 3549 3232">
     <span class='ocr_line' id='line_1_89' title="bbox 1956 3159 3549 3232; baseline 0.001 -19"><span class='ocrx_word' id='word_1_659' title='bbox 1956 3175 2054 3230; x_wconf 89' lang='lat' dir='ltr'><strong>per</strong></span> <span class='ocrx_word' id='word_1_660' title='bbox 2087 3174 2147 3215; x_wconf 91' lang='lat' dir='ltr'><strong>se</strong></span> <span class='ocrx_word' id='word_1_661' title='bbox 2167 3159 2328 3215; x_wconf 89' lang='lat' dir='ltr'><strong>solari</strong></span> <span class='ocrx_word' id='word_1_662' title='bbox 2359 3161 2553 3215; x_wconf 81' lang='lat' dir='ltr'><strong>radio?</strong></span> <span class='ocrx_word' id='word_1_663' title='bbox 2577 3161 2653 3215; x_wconf 79' lang='lat' dir='ltr'><strong>Ex</strong></span> <span class='ocrx_word' id='word_1_664' title='bbox 2678 3161 2881 3232; x_wconf 90' lang='lat' dir='ltr'><strong>optimo</strong></span> <span class='ocrx_word' id='word_1_665' title='bbox 2901 3162 3043 3216; x_wconf 89' lang='lat' dir='ltr'><strong>enim</strong></span> <span class='ocrx_word' id='word_1_666' title='bbox 3073 3160 3252 3216; x_wconf 89' lang='lat' dir='ltr'><strong>lumen</strong></span> <span class='ocrx_word' id='word_1_667' title='bbox 3283 3169 3339 3216; x_wconf 90' lang='lat' dir='ltr'><strong>et</strong></span> <span class='ocrx_word' id='word_1_668' title='bbox 3363 3162 3549 3231; x_wconf 31' lang='lat' dir='ltr'><strong>imago.</strong></span> 
     </span>
    </p>
   </div>
   <div class='ocr_carea' id='block_1_90' title="bbox 1955 3249 3542 3320">
    <p class='ocr_par' dir='ltr' id='par_1_90' title="bbox 1955 3249 3542 3320">
     <span class='ocr_line' id='line_1_90' title="bbox 1955 3249 3542 3320; baseline -0.001 -16"><span class='ocrx_word' id='word_1_669' title='bbox 1955 3249 2231 3304; x_wconf 89' lang='lat' dir='ltr'><strong>bonitatis.</strong></span> <span class='ocrx_word' id='word_1_670' title='bbox 2285 3249 2488 3305; x_wconf 90' lang='lat' dir='ltr'><strong>Deinde</strong></span> <span class='ocrx_word' id='word_1_671' title='bbox 2538 3259 2594 3306; x_wconf 91' lang='lat' dir='ltr'><strong>et</strong></span> <span class='ocrx_word' id='word_1_672' title='bbox 2650 3250 2889 3306; x_wconf 88' lang='lat' dir='ltr'><strong>lucivoce</strong></span> <span class='ocrx_word' id='word_1_673' title='bbox 2936 3252 3187 3306; x_wconf 86' lang='lat' dir='ltr'><strong>laudatur</strong></span> <span class='ocrx_word' id='word_1_674' title='bbox 3245 3252 3542 3320; x_wconf 82' lang='lat' dir='ltr'><strong>Optimum,</strong></span> 
     </span>
    </p>
   </div>
   <div class='ocr_carea' id='block_1_91' title="bbox 1955 3341 3543 3413">
    <p class='ocr_par' dir='ltr' id='par_1_91' title="bbox 1955 3341 3543 3413">
     <span class='ocr_line' id='line_1_91' title="bbox 1955 3341 3543 3413; baseline 0.002 -18"><span class='ocrx_word' id='word_1_675' title='bbox 1955 3341 2104 3396; x_wconf 89' lang='lat' dir='ltr'><strong>velut</strong></span> <span class='ocrx_word' id='word_1_676' title='bbox 2128 3342 2179 3396; x_wconf 90' lang='lat' dir='ltr'><strong>in</strong></span> <span class='ocrx_word' id='word_1_677' title='bbox 2210 3342 2443 3410; x_wconf 80' lang='lat' dir='ltr'><strong>imagine</strong></span> <span class='ocrx_word' id='word_1_678' title='bbox 2483 3342 2797 3413; x_wconf 85' lang='lat' dir='ltr'><strong>principalis</strong></span> <span class='ocrx_word' id='word_1_679' title='bbox 2833 3342 3005 3399; x_wconf 88' lang='lat' dir='ltr'><strong>forma</strong></span> <span class='ocrx_word' id='word_1_680' title='bbox 3050 3344 3414 3400; x_wconf 75' lang='lat' dir='ltr'><strong>m-znifestata.</strong></span> <span class='ocrx_word' id='word_1_681' title='bbox 3447 3344 3543 3403; x_wconf 79' lang='lat' dir='ltr'><strong>Sin</strong></span> 
     </span>
    </p>
   </div>
   <div class='ocr_carea' id='block_1_92' title="bbox 1958 3434 3540 3491">
    <p class='ocr_par' dir='ltr' id='par_1_92' title="bbox 1958 3434 3540 3491">
     <span class='ocr_line' id='line_1_92' title="bbox 1958 3434 3540 3491; baseline -0.001 -2"><span class='ocrx_word' id='word_1_682' title='bbox 1958 3434 2103 3489; x_wconf 88' lang='lat' dir='ltr'><strong>enim</strong></span> <span class='ocrx_word' id='word_1_683' title='bbox 2168 3436 2411 3489; x_wconf 91' lang='lat' dir='ltr'><strong>omnium</strong></span> <span class='ocrx_word' id='word_1_684' title='bbox 2451 3436 2779 3490; x_wconf 87' lang='lat' dir='ltr'><strong>summitatis</strong></span> <span class='ocrx_word' id='word_1_685' title='bbox 2807 3436 2990 3491; x_wconf 88' lang='lat' dir='ltr'><strong>divina</strong></span> <span class='ocrx_word' id='word_1_686' title='bbox 3038 3434 3252 3491; x_wconf 85' lang='lat' dir='ltr'><strong>bonitas</strong></span> <span class='ocrx_word' id='word_1_687' title='bbox 3293 3452 3322 3489; x_wconf 92' lang='lat' dir='ltr'><strong>a</strong></span> <span class='ocrx_word' id='word_1_688' title='bbox 3369 3438 3540 3491; x_wconf 72' lang='lat' dir='ltr'><strong>subii;-</strong></span> 
     </span>
    </p>
   </div>
   <div class='ocr_carea' id='block_1_93' title="bbox 1958 3524 3538 3598">
    <p class='ocr_par' dir='ltr' id='par_1_93' title="bbox 1958 3524 3538 3598">
     <span class='ocr_line' id='line_1_93' title="bbox 1958 3524 3538 3598; baseline 0.001 -21"><span class='ocrx_word' id='word_1_689' title='bbox 1958 3524 2215 3581; x_wconf 86' lang='lat' dir='ltr'><strong>missimis</strong></span> <span class='ocrx_word' id='word_1_690' title='bbox 2244 3531 2301 3579; x_wconf 90' lang='lat' dir='ltr'><strong>et</strong></span> <span class='ocrx_word' id='word_1_691' title='bbox 2347 3524 2596 3580; x_wconf 87' lang='lat' dir='ltr'><strong>maximis</strong></span> <span class='ocrx_word' id='word_1_692' title='bbox 2637 3525 2888 3581; x_wconf 87' lang='lat' dir='ltr'><strong>essentiis</strong></span> <span class='ocrx_word' id='word_1_693' title='bbox 2916 3540 3105 3598; x_wconf 83' lang='lat' dir='ltr'><strong>usque</strong></span> <span class='ocrx_word' id='word_1_694' title='bbox 3135 3527 3201 3579; x_wconf 88' lang='lat' dir='ltr'><strong>ad</strong></span> <span class='ocrx_word' id='word_1_695' title='bbox 3247 3525 3538 3582; x_wconf 78' lang='lat' dir='ltr'><strong>novissima</strong></span> 
     </span>
    </p>
   </div>
   <div class='ocr_carea' id='block_1_94' title="bbox 1957 3616 3543 3687">
    <p class='ocr_par' dir='ltr' id='par_1_94' title="bbox 1957 3616 3543 3687">
     <span class='ocr_line' id='line_1_94' title="bbox 1957 3616 3543 3687; baseline 0 -18"><span class='ocrx_word' id='word_1_696' title='bbox 1957 3616 2227 3686; x_wconf 80' lang='lat' dir='ltr'><strong>pervenit,</strong></span> <span class='ocrx_word' id='word_1_697' title='bbox 2253 3623 2308 3670; x_wconf 90' lang='lat' dir='ltr'><strong>et</strong></span> <span class='ocrx_word' id='word_1_698' title='bbox 2330 3616 2506 3671; x_wconf 89' lang='lat' dir='ltr'><strong>adhuc</strong></span> <span class='ocrx_word' id='word_1_699' title='bbox 2528 3631 2691 3687; x_wconf 87' lang='lat' dir='ltr'><strong>super</strong></span> <span class='ocrx_word' id='word_1_700' title='bbox 2716 3631 2906 3672; x_wconf 85' lang='lat' dir='ltr'><strong>omnes</strong></span> <span class='ocrx_word' id='word_1_701' title='bbox 2929 3627 3034 3681; x_wconf 83' lang='lat' dir='ltr'><strong>est,</strong></span> <span class='ocrx_word' id='word_1_702' title='bbox 3067 3631 3241 3686; x_wconf 88' lang='lat' dir='ltr'><strong>neque</strong></span> <span class='ocrx_word' id='word_1_703' title='bbox 3267 3616 3373 3681; x_wconf 78' lang='lat' dir='ltr'><strong>his,</strong></span> <span class='ocrx_word' id='word_1_704' title='bbox 3402 3632 3543 3686; x_wconf 81' lang='lat' dir='ltr'><strong>quae</strong></span> 
     </span>
    </p>
   </div>
   <div class='ocr_carea' id='block_1_95' title="bbox 1959 3704 3540 3777">
    <p class='ocr_par' dir='ltr' id='par_1_95' title="bbox 1959 3704 3540 3777">
     <span class='ocr_line' id='line_1_95' title="bbox 1959 3704 3540 3777; baseline -0.001 -19"><span class='ocrx_word' id='word_1_705' title='bbox 1959 3719 2174 3759; x_wconf 90' lang='lat' dir='ltr'><strong>sursum</strong></span> <span class='ocrx_word' id='word_1_706' title='bbox 2199 3716 2347 3770; x_wconf 90' lang='lat' dir='ltr'><strong>sunt,</strong></span> <span class='ocrx_word' id='word_1_707' title='bbox 2372 3705 2792 3776; x_wconf 88' lang='lat' dir='ltr'><strong>autieipantibus</strong></span> <span class='ocrx_word' id='word_1_708' title='bbox 2808 3706 2927 3777; x_wconf 84' lang='lat' dir='ltr'><strong>ejus</strong></span> <span class='ocrx_word' id='word_1_709' title='bbox 2944 3704 3342 3770; x_wconf 77' lang='lat' dir='ltr'><strong>excellentiam,</strong></span> <span class='ocrx_word' id='word_1_710' title='bbox 3369 3720 3540 3775; x_wconf 75' lang='lat' dir='ltr'><strong>neque</strong></span> 
     </span>
    </p>
   </div>
   <div class='ocr_carea' id='block_1_96' title="bbox 1960 3792 3544 3868">
    <p class='ocr_par' dir='ltr' id='par_1_96' title="bbox 1960 3792 3544 3868">
     <span class='ocr_line' id='line_1_96' title="bbox 1960 3792 3544 3868; baseline 0.003 -21"><span class='ocrx_word' id='word_1_711' title='bbox 1960 3792 2045 3848; x_wconf 87' lang='lat' dir='ltr'><strong>his</strong></span> <span class='ocrx_word' id='word_1_712' title='bbox 2082 3809 2222 3865; x_wconf 86' lang='lat' dir='ltr'><strong>quae</strong></span> <span class='ocrx_word' id='word_1_713' title='bbox 2243 3796 2494 3851; x_wconf 87' lang='lat' dir='ltr'><strong>deorsum</strong></span> <span class='ocrx_word' id='word_1_714' title='bbox 2526 3806 2669 3857; x_wconf 87' lang='lat' dir='ltr'><strong>sunt,</strong></span> <span class='ocrx_word' id='word_1_715' title='bbox 2694 3798 2954 3851; x_wconf 86' lang='lat' dir='ltr'><strong>ambitum</strong></span> <span class='ocrx_word' id='word_1_716' title='bbox 2981 3796 3544 3868; x_wconf 81' lang='lat' dir='ltr'><strong>transgredientibus;</strong></span> 
     </span>
    </p>
   </div>
   <div class='ocr_carea' id='block_1_97' title="bbox 1962 3886 3559 3957">
    <p class='ocr_par' dir='ltr' id='par_1_97' title="bbox 1962 3886 3559 3957">
     <span class='ocr_line' id='line_1_97' title="bbox 1962 3886 3559 3957; baseline -0.004 -14"><span class='ocrx_word' id='word_1_717' title='bbox 1962 3888 2058 3943; x_wconf 88' lang='lat' dir='ltr'><strong>sed</strong></span> <span class='ocrx_word' id='word_1_718' title='bbox 2093 3896 2148 3943; x_wconf 91' lang='lat' dir='ltr'><strong>et</strong></span> <span class='ocrx_word' id='word_1_719' title='bbox 2176 3886 2442 3942; x_wconf 87' lang='lat' dir='ltr'><strong>illuminat</strong></span> <span class='ocrx_word' id='word_1_720' title='bbox 2471 3887 2723 3957; x_wconf 79' lang='lat' dir='ltr'><strong>potentia</strong></span> <span class='ocrx_word' id='word_1_721' title='bbox 2748 3887 2959 3949; x_wconf 87' lang='lat' dir='ltr'><strong>omnia,</strong></span> <span class='ocrx_word' id='word_1_722' title='bbox 2992 3894 3212 3954; x_wconf 71' lang='lat' dir='ltr'><strong>etquae</strong></span> <span class='ocrx_word' id='word_1_723' title='bbox 3238 3901 3343 3940; x_wconf 91' lang='lat' dir='ltr'><strong>non</strong></span> <span class='ocrx_word' id='word_1_724' title='bbox 3373 3895 3500 3940; x_wconf 88' lang='lat' dir='ltr'><strong>sunt</strong></span> <span class='ocrx_word' id='word_1_725' title='bbox 3527 3896 3559 3943; x_wconf 72' lang='lat'><strong>.‘</strong></span> 
     </span>
    </p>
   </div>
   <div class='ocr_carea' id='block_1_98' title="bbox 1963 3976 3545 4047">
    <p class='ocr_par' dir='ltr' id='par_1_98' title="bbox 1963 3976 3545 4047">
     <span class='ocr_line' id='line_1_98' title="bbox 1963 3976 3545 4047; baseline -0.006 -11"><span class='ocrx_word' id='word_1_726' title='bbox 1963 3981 2112 4047; x_wconf 79' lang='lat' dir='ltr'><strong>facit,</strong></span> <span class='ocrx_word' id='word_1_727' title='bbox 2136 3990 2193 4037; x_wconf 90' lang='lat' dir='ltr'><strong>et</strong></span> <span class='ocrx_word' id='word_1_728' title='bbox 2215 3979 2472 4042; x_wconf 86' lang='lat' dir='ltr'><strong>viviﬁeat,</strong></span> <span class='ocrx_word' id='word_1_729' title='bbox 2499 3987 2556 4033; x_wconf 90' lang='lat' dir='ltr'><strong>et</strong></span> <span class='ocrx_word' id='word_1_730' title='bbox 2580 3977 2845 4041; x_wconf 87' lang='lat' dir='ltr'><strong>continet,</strong></span> <span class='ocrx_word' id='word_1_731' title='bbox 2867 3986 2920 4030; x_wconf 89' lang='lat' dir='ltr'><strong>et</strong></span> <span class='ocrx_word' id='word_1_732' title='bbox 2944 3976 3177 4047; x_wconf 83' lang='lat' dir='ltr'><strong>perlicit,</strong></span> <span class='ocrx_word' id='word_1_733' title='bbox 3207 3984 3262 4029; x_wconf 90' lang='lat' dir='ltr'><strong>et</strong></span> <span class='ocrx_word' id='word_1_734' title='bbox 3284 3989 3545 4029; x_wconf 72' lang='lat' dir='ltr'><strong>mensura</strong></span> 
     </span>
    </p>
   </div>
   <div class='ocr_carea' id='block_1_99' title="bbox 1963 4066 3542 4134">
    <p class='ocr_par' dir='ltr' id='par_1_99' title="bbox 1963 4066 3542 4134">
     <span class='ocr_line' id='line_1_99' title="bbox 1963 4066 3542 4134; baseline -0.008 -4"><span class='ocrx_word' id='word_1_735' title='bbox 1963 4083 2047 4130; x_wconf 90' lang='lat' dir='ltr'><strong>est</strong></span> <span class='ocrx_word' id='word_1_736' title='bbox 2071 4073 2436 4134; x_wconf 88' lang='lat' dir='ltr'><strong>existentium,</strong></span> <span class='ocrx_word' id='word_1_737' title='bbox 2461 4078 2519 4124; x_wconf 86' lang='lat' dir='ltr'><strong>et</strong></span> <span class='ocrx_word' id='word_1_738' title='bbox 2544 4069 2872 4133; x_wconf 87' lang='lat' dir='ltr'><strong>aeternitas,</strong></span> <span class='ocrx_word' id='word_1_739' title='bbox 2900 4076 2955 4121; x_wconf 91' lang='lat' dir='ltr'><strong>et</strong></span> <span class='ocrx_word' id='word_1_740' title='bbox 2985 4079 3259 4129; x_wconf 89' lang='lat' dir='ltr'><strong>numerus,</strong></span> <span class='ocrx_word' id='word_1_741' title='bbox 3291 4073 3346 4119; x_wconf 89' lang='lat' dir='ltr'><strong>et</strong></span> <span class='ocrx_word' id='word_1_742' title='bbox 3382 4066 3542 4127; x_wconf 82' lang='lat' dir='ltr'><strong>ordo,</strong></span> 
     </span>
    </p>
   </div>
   <div class='ocr_carea' id='block_1_100' title="bbox 1963 4156 3547 4226">
    <p class='ocr_par' dir='ltr' id='par_1_100' title="bbox 1963 4156 3547 4226">
     <span class='ocr_line' id='line_1_100' title="bbox 1963 4156 3547 4226; baseline -0.009 -6"><span class='ocrx_word' id='word_1_743' title='bbox 1963 4174 2019 4220; x_wconf 92' lang='lat' dir='ltr'><strong>et</strong></span> <span class='ocrx_word' id='word_1_744' title='bbox 2045 4164 2302 4226; x_wconf 90' lang='lat' dir='ltr'><strong>ambitus,</strong></span> <span class='ocrx_word' id='word_1_745' title='bbox 2336 4170 2391 4216; x_wconf 87' lang='lat' dir='ltr'><strong>et</strong></span> <span class='ocrx_word' id='word_1_746' title='bbox 2417 4175 2600 4225; x_wconf 88' lang='lat' dir='ltr'><strong>causa,</strong></span> <span class='ocrx_word' id='word_1_747' title='bbox 2644 4167 2698 4215; x_wconf 91' lang='lat' dir='ltr'><strong>et</strong></span> <span class='ocrx_word' id='word_1_748' title='bbox 2745 4158 2890 4213; x_wconf 86' lang='lat' dir='ltr'><strong>linis.</strong></span> <span class='ocrx_word' id='word_1_749' title='bbox 2916 4157 3007 4213; x_wconf 89' lang='lat' dir='ltr'><strong>Sic</strong></span> <span class='ocrx_word' id='word_1_750' title='bbox 3034 4166 3091 4212; x_wconf 91' lang='lat' dir='ltr'><strong>et</strong></span> <span class='ocrx_word' id='word_1_751' title='bbox 3131 4156 3343 4211; x_wconf 86' lang='lat' dir='ltr'><strong>divinae</strong></span> <span class='ocrx_word' id='word_1_752' title='bbox 3392 4156 3547 4209; x_wconf 66' lang='lat' dir='ltr'><strong>boui.</strong></span> 
     </span>
    </p>
   </div>
   <div class='ocr_carea' id='block_1_101' title="bbox 1966 4246 3542 4326">
    <p class='ocr_par' dir='ltr' id='par_1_101' title="bbox 1966 4246 3542 4326">
     <span class='ocr_line' id='line_1_101' title="bbox 1966 4246 3542 4326; baseline -0.006 -15"><span class='ocrx_word' id='word_1_753' title='bbox 1966 4257 2097 4311; x_wconf 86' lang='lat' dir='ltr'><strong>tatis</strong></span> <span class='ocrx_word' id='word_1_754' title='bbox 2123 4254 2482 4326; x_wconf 80' lang='lat' dir='ltr'><strong>signiticativa</strong></span> <span class='ocrx_word' id='word_1_755' title='bbox 2515 4253 2720 4322; x_wconf 88' lang='lat' dir='ltr'><strong>imago,</strong></span> <span class='ocrx_word' id='word_1_756' title='bbox 2753 4264 2983 4320; x_wconf 86' lang='lat' dir='ltr'><strong>magnus</strong></span> <span class='ocrx_word' id='word_1_757' title='bbox 3020 4250 3109 4305; x_wconf 89' lang='lat' dir='ltr'><strong>hic</strong></span> <span class='ocrx_word' id='word_1_758' title='bbox 3133 4256 3188 4302; x_wconf 89' lang='lat' dir='ltr'><strong>et</strong></span> <span class='ocrx_word' id='word_1_759' title='bbox 3216 4247 3372 4317; x_wconf 86' lang='lat' dir='ltr'><strong>plena</strong></span> <span class='ocrx_word' id='word_1_760' title='bbox 3399 4246 3542 4310; x_wconf 66' lang='lat' dir='ltr'><strong>luce,</strong></span> 
     </span>
    </p>
   </div>
   <div class='ocr_carea' id='block_1_102' title="bbox 1964 4339 3545 4419">
    <p class='ocr_par' dir='ltr' id='par_1_102' title="bbox 1964 4339 3545 4419">
     <span class='ocr_line' id='line_1_102' title="bbox 1964 4339 3545 4419; baseline -0.011 -12"><span class='ocrx_word' id='word_1_761' title='bbox 1964 4361 2019 4408; x_wconf 91' lang='lat' dir='ltr'><strong>et</strong></span> <span class='ocrx_word' id='word_1_762' title='bbox 2067 4363 2281 4419; x_wconf 82' lang='lat' dir='ltr'><strong>semper</strong></span> <span class='ocrx_word' id='word_1_763' title='bbox 2327 4347 2529 4401; x_wconf 90' lang='lat' dir='ltr'><strong>lumine</strong></span> <span class='ocrx_word' id='word_1_764' title='bbox 2579 4343 2661 4399; x_wconf 90' lang='lat' dir='ltr'><strong>sol</strong></span> <span class='ocrx_word' id='word_1_765' title='bbox 2717 4343 3011 4397; x_wconf 84' lang='lat' dir='ltr'><strong>secundum</strong></span> <span class='ocrx_word' id='word_1_766' title='bbox 3069 4339 3289 4395; x_wconf 87' lang='lat' dir='ltr'><strong>multam</strong></span> <span class='ocrx_word' id='word_1_767' title='bbox 3348 4352 3545 4393; x_wconf 78' lang='lat' dir='ltr'><strong>emise-</strong></span> 
     </span>
    </p>
   </div>
   <div class='ocr_carea' id='block_1_103' title="bbox 1967 4433 3543 4506">
    <p class='ocr_par' dir='ltr' id='par_1_103' title="bbox 1967 4433 3543 4506">
     <span class='ocr_line' id='line_1_103' title="bbox 1967 4433 3543 4506; baseline -0.01 -7"><span class='ocrx_word' id='word_1_768' title='bbox 1967 4444 2245 4504; x_wconf 77' lang='lat' dir='ltr'><strong>nantium,</strong></span> <span class='ocrx_word' id='word_1_769' title='bbox 2288 4449 2345 4495; x_wconf 82' lang='lat' dir='ltr'><strong>et</strong></span> <span class='ocrx_word' id='word_1_770' title='bbox 2392 4439 2575 4494; x_wconf 89' lang='lat' dir='ltr'><strong>omnia</strong></span> <span class='ocrx_word' id='word_1_771' title='bbox 2619 4448 2976 4506; x_wconf 87' lang='lat' dir='ltr'><strong>quaecunque</strong></span> <span class='ocrx_word' id='word_1_772' title='bbox 3037 4433 3387 4503; x_wconf 79' lang='lat' dir='ltr'><strong>participare-</strong></span> <span class='ocrx_word' id='word_1_773' title='bbox 3418 4446 3543 4485; x_wconf 88' lang='lat' dir='ltr'><strong>cum</strong></span> 
     </span>
    </p>
   </div>
   <div class='ocr_carea' id='block_1_104' title="bbox 1964 4521 3551 4603">
    <p class='ocr_par' dir='ltr' id='par_1_104' title="bbox 1964 4521 3551 4603">
     <span class='ocr_line' id='line_1_104' title="bbox 1964 4521 3551 4603; baseline -0.008 -16"><span class='ocrx_word' id='word_1_774' title='bbox 1964 4541 2228 4603; x_wconf 82' lang='lat' dir='ltr'><strong>possunt,</strong></span> <span class='ocrx_word' id='word_1_775' title='bbox 2284 4527 2589 4590; x_wconf 87' lang='lat' dir='ltr'><strong>illuminat,</strong></span> <span class='ocrx_word' id='word_1_776' title='bbox 2650 4533 2705 4580; x_wconf 90' lang='lat' dir='ltr'><strong>et</strong></span> <span class='ocrx_word' id='word_1_777' title='bbox 2765 4530 3205 4595; x_wconf 82' lang='lat' dir='ltr'><strong>superextentunt</strong></span> <span class='ocrx_word' id='word_1_778' title='bbox 3254 4521 3418 4575; x_wconf 88' lang='lat' dir='ltr'><strong>habet</strong></span> <span class='ocrx_word' id='word_1_779' title='bbox 3470 4521 3551 4574; x_wconf 85' lang='lat' dir='ltr'><strong>lu-</strong></span> 
     </span>
    </p>
   </div>
   <div class='ocr_carea' id='block_1_105' title="bbox 1962 4612 3551 4687">
    <p class='ocr_par' dir='ltr' id='par_1_105' title="bbox 1962 4612 3551 4687">
     <span class='ocr_line' id='line_1_105' title="bbox 1962 4612 3551 4687; baseline -0.008 -9"><span class='ocrx_word' id='word_1_780' title='bbox 1962 4638 2083 4679; x_wconf 89' lang='lat' dir='ltr'><strong>men</strong></span> <span class='ocrx_word' id='word_1_781' title='bbox 2110 4622 2163 4676; x_wconf 91' lang='lat' dir='ltr'><strong>in</strong></span> <span class='ocrx_word' id='word_1_782' title='bbox 2195 4619 2376 4675; x_wconf 89' lang='lat' dir='ltr'><strong>omnia</strong></span> <span class='ocrx_word' id='word_1_783' title='bbox 2397 4658 2412 4683; x_wconf 94' lang='lat'><strong>,</strong></span> <span class='ocrx_word' id='word_1_784' title='bbox 2451 4616 2765 4687; x_wconf 81' lang='lat' dir='ltr'><strong>expandeus</strong></span> <span class='ocrx_word' id='word_1_785' title='bbox 2808 4614 3074 4671; x_wconf 88' lang='lat' dir='ltr'><strong>visibilem</strong></span> <span class='ocrx_word' id='word_1_786' title='bbox 3098 4612 3354 4667; x_wconf 84' lang='lat' dir='ltr'><strong>rmmdum</strong></span> <span class='ocrx_word' id='word_1_787' title='bbox 3384 4653 3399 4677; x_wconf 86' lang='lat'><strong>,</strong></span> <span class='ocrx_word' id='word_1_788' title='bbox 3430 4628 3551 4667; x_wconf 83' lang='lat' dir='ltr'><strong>sur—</strong></span> 
     </span>
    </p>
   </div>
   <div class='ocr_carea' id='block_1_106' title="bbox 1960 4704 3548 4781">
    <p class='ocr_par' dir='ltr' id='par_1_106' title="bbox 1960 4704 3548 4781">
     <span class='ocr_line' id='line_1_106' title="bbox 1960 4704 3548 4781; baseline -0.007 -13"><span class='ocrx_word' id='word_1_789' title='bbox 1960 4726 2190 4781; x_wconf 91' lang='lat' dir='ltr'><strong>sumque</strong></span> <span class='ocrx_word' id='word_1_790' title='bbox 2213 4719 2270 4766; x_wconf 91' lang='lat' dir='ltr'><strong>et</strong></span> <span class='ocrx_word' id='word_1_791' title='bbox 2306 4710 2557 4765; x_wconf 89' lang='lat' dir='ltr'><strong>deorsum</strong></span> <span class='ocrx_word' id='word_1_792' title='bbox 2593 4707 2933 4779; x_wconf 82' lang='lat' dir='ltr'><strong>propriorum</strong></span> <span class='ocrx_word' id='word_1_793' title='bbox 2957 4705 3230 4763; x_wconf 78' lang='lat' dir='ltr'><strong>radiorum</strong></span> <span class='ocrx_word' id='word_1_794' title='bbox 3253 4704 3548 4760; x_wconf 87' lang='lat' dir='ltr'><strong>claritates.</strong></span> 
     </span>
    </p>
   </div>
   <div class='ocr_carea' id='block_1_107' title="bbox 1964 4797 3553 4872">
    <p class='ocr_par' dir='ltr' id='par_1_107' title="bbox 1964 4797 3553 4872">
     <span class='ocr_line' id='line_1_107' title="bbox 1964 4797 3553 4872; baseline -0.004 -15"><span class='ocrx_word' id='word_1_795' title='bbox 1964 4804 2030 4857; x_wconf 83' lang='lat' dir='ltr'><strong>Et</strong></span> <span class='ocrx_word' id='word_1_796' title='bbox 2071 4802 2290 4872; x_wconf 81' lang='lat' dir='ltr'><strong>siquid</strong></span> <span class='ocrx_word' id='word_1_797' title='bbox 2337 4815 2432 4856; x_wconf 89' lang='lat' dir='ltr'><strong>eas</strong></span> <span class='ocrx_word' id='word_1_798' title='bbox 2471 4815 2574 4854; x_wconf 91' lang='lat' dir='ltr'><strong>non</strong></span> <span class='ocrx_word' id='word_1_799' title='bbox 2623 4798 2952 4867; x_wconf 87' lang='lat' dir='ltr'><strong>participat,</strong></span> <span class='ocrx_word' id='word_1_800' title='bbox 3006 4797 3109 4852; x_wconf 86' lang='lat' dir='ltr'><strong>hoc</strong></span> <span class='ocrx_word' id='word_1_801' title='bbox 3163 4813 3267 4851; x_wconf 90' lang='lat' dir='ltr'><strong>non</strong></span> <span class='ocrx_word' id='word_1_802' title='bbox 3320 4797 3553 4851; x_wconf 81' lang='lat' dir='ltr'><strong>infirmi-</strong></span> 
     </span>
    </p>
   </div>
   <div class='ocr_carea' id='block_1_108' title="bbox 1966 4888 3550 4958">
    <p class='ocr_par' dir='ltr' id='par_1_108' title="bbox 1966 4888 3550 4958">
     <span class='ocr_line' id='line_1_108' title="bbox 1966 4888 3550 4958; baseline -0.006 -10"><span class='ocrx_word' id='word_1_803' title='bbox 1966 4895 2095 4948; x_wconf 88' lang='lat' dir='ltr'><strong>tatis</strong></span> <span class='ocrx_word' id='word_1_804' title='bbox 2154 4904 2246 4946; x_wconf 91' lang='lat' dir='ltr'><strong>aut</strong></span> <span class='ocrx_word' id='word_1_805' title='bbox 2295 4892 2577 4946; x_wconf 87' lang='lat' dir='ltr'><strong>brevitatis</strong></span> <span class='ocrx_word' id='word_1_806' title='bbox 2645 4898 2732 4944; x_wconf 91' lang='lat' dir='ltr'><strong>est</strong></span> <span class='ocrx_word' id='word_1_807' title='bbox 2798 4888 3192 4944; x_wconf 90' lang='lat' dir='ltr'><strong>illuminativae</strong></span> <span class='ocrx_word' id='word_1_808' title='bbox 3252 4889 3373 4958; x_wconf 89' lang='lat' dir='ltr'><strong>ejus</strong></span> <span class='ocrx_word' id='word_1_809' title='bbox 3441 4889 3550 4942; x_wconf 81' lang='lat' dir='ltr'><strong>dis—</strong></span> 
     </span>
    </p>
   </div>
   <div class='ocr_carea' id='block_1_109' title="bbox 1965 4978 3555 5050">
    <p class='ocr_par' dir='ltr' id='par_1_109' title="bbox 1965 4978 3555 5050">
     <span class='ocr_line' id='line_1_109' title="bbox 1965 4978 3555 5050; baseline -0.006 -11"><span class='ocrx_word' id='word_1_810' title='bbox 1965 4983 2295 5047; x_wconf 87' lang='lat' dir='ltr'><strong>tributionis,</strong></span> <span class='ocrx_word' id='word_1_811' title='bbox 2336 4982 2429 5036; x_wconf 85' lang='lat' dir='ltr'><strong>sed</strong></span> <span class='ocrx_word' id='word_1_812' title='bbox 2476 4996 2572 5050; x_wconf 92' lang='lat' dir='ltr'><strong>per</strong></span> <span class='ocrx_word' id='word_1_813' title='bbox 2598 4978 2982 5049; x_wconf 87' lang='lat' dir='ltr'><strong>assumptionis</strong></span> <span class='ocrx_word' id='word_1_814' title='bbox 3033 4978 3248 5033; x_wconf 91' lang='lat' dir='ltr'><strong>luminis</strong></span> <span class='ocrx_word' id='word_1_815' title='bbox 3303 4980 3555 5047; x_wconf 80' lang='lat' dir='ltr'><strong>inoppOr-</strong></span> 
     </span>
    </p>
   </div>
   <div class='ocr_carea' id='block_1_110' title="bbox 1971 5068 3549 5142">
    <p class='ocr_par' dir='ltr' id='par_1_110' title="bbox 1971 5068 3549 5142">
     <span class='ocr_line' id='line_1_110' title="bbox 1971 5068 3549 5142; baseline -0.004 -13"><span class='ocrx_word' id='word_1_816' title='bbox 1971 5075 2259 5129; x_wconf 90' lang='lat' dir='ltr'><strong>tunitatem</strong></span> <span class='ocrx_word' id='word_1_817' title='bbox 2300 5088 2406 5128; x_wconf 88' lang='lat' dir='ltr'><strong>non</strong></span> <span class='ocrx_word' id='word_1_818' title='bbox 2447 5087 2794 5142; x_wconf 85' lang='lat' dir='ltr'><strong>repansorum</strong></span> <span class='ocrx_word' id='word_1_819' title='bbox 2828 5072 2880 5125; x_wconf 93' lang='lat' dir='ltr'><strong>in</strong></span> <span class='ocrx_word' id='word_1_820' title='bbox 2910 5068 3128 5127; x_wconf 82' lang='lat' dir='ltr'><strong>lumi&#39;uis</strong></span> <span class='ocrx_word' id='word_1_821' title='bbox 3181 5072 3549 5141; x_wconf 52' lang='lat' dir='ltr'><strong>participatioo</strong></span> 
     </span>
    </p>
   </div>
   <div class='ocr_carea' id='block_1_111' title="bbox 1972 5161 3549 5231">
    <p class='ocr_par' dir='ltr' id='par_1_111' title="bbox 1972 5161 3549 5231">
     <span class='ocr_line' id='line_1_111' title="bbox 1972 5161 3549 5231; baseline -0.002 -13"><span class='ocrx_word' id='word_1_822' title='bbox 1972 5179 2117 5218; x_wconf 90' lang='lat' dir='ltr'><strong>nem.</strong></span> <span class='ocrx_word' id='word_1_823' title='bbox 2168 5164 2352 5231; x_wconf 82' lang='lat' dir='ltr'><strong>itaque</strong></span> <span class='ocrx_word' id='word_1_824' title='bbox 2382 5162 2548 5217; x_wconf 91' lang='lat' dir='ltr'><strong>multa</strong></span> <span class='ocrx_word' id='word_1_825' title='bbox 2577 5163 2656 5217; x_wconf 91' lang='lat' dir='ltr'><strong>sic</strong></span> <span class='ocrx_word' id='word_1_826' title='bbox 2687 5163 2997 5218; x_wconf 88' lang='lat' dir='ltr'><strong>habentium</strong></span> <span class='ocrx_word' id='word_1_827' title='bbox 3052 5163 3234 5217; x_wconf 87' lang='lat' dir='ltr'><strong>radius</strong></span> <span class='ocrx_word' id='word_1_828' title='bbox 3262 5161 3549 5220; x_wconf 83' lang='lat' dir='ltr'><strong>transiens.</strong></span> 
     </span>
    </p>
   </div>
   <div class='ocr_carea' id='block_1_112' title="bbox 1973 5251 3553 5323">
    <p class='ocr_par' dir='ltr' id='par_1_112' title="bbox 1973 5251 3553 5323">
     <span class='ocr_line' id='line_1_112' title="bbox 1973 5251 3553 5323; baseline -0.001 -15"><span class='ocrx_word' id='word_1_829' title='bbox 1973 5269 2113 5323; x_wconf 87' lang='lat' dir='ltr'><strong>quae</strong></span> <span class='ocrx_word' id='word_1_830' title='bbox 2140 5263 2264 5323; x_wconf 89' lang='lat' dir='ltr'><strong>post</strong></span> <span class='ocrx_word' id='word_1_831' title='bbox 2290 5253 2399 5320; x_wconf 89' lang='lat' dir='ltr'><strong>illa,</strong></span> <span class='ocrx_word' id='word_1_832' title='bbox 2430 5253 2717 5319; x_wconf 89' lang='lat' dir='ltr'><strong>illuminat,</strong></span> <span class='ocrx_word' id='word_1_833' title='bbox 2742 5263 2797 5309; x_wconf 89' lang='lat' dir='ltr'><strong>et</strong></span> <span class='ocrx_word' id='word_1_834' title='bbox 2831 5254 2964 5309; x_wconf 89' lang='lat' dir='ltr'><strong>nihil</strong></span> <span class='ocrx_word' id='word_1_835' title='bbox 2988 5262 3070 5307; x_wconf 91' lang='lat' dir='ltr'><strong>est</strong></span> <span class='ocrx_word' id='word_1_836' title='bbox 3099 5251 3410 5313; x_wconf 81' lang='lat' dir='ltr'><strong>visibilium,</strong></span> <span class='ocrx_word' id='word_1_837' title='bbox 3444 5266 3553 5320; x_wconf 93' lang='lat' dir='ltr'><strong>quo</strong></span> 
     </span>
    </p>
   </div>
   <div class='ocr_carea' id='block_1_113' title="bbox 1976 5344 3554 5418">
    <p class='ocr_par' dir='ltr' id='par_1_113' title="bbox 1976 5344 3554 5418">
     <span class='ocr_line' id='line_1_113' title="bbox 1976 5344 3554 5418; baseline -0.004 -15"><span class='ocrx_word' id='word_1_838' title='bbox 1976 5363 2084 5403; x_wconf 86' lang='lat' dir='ltr'><strong>non</strong></span> <span class='ocrx_word' id='word_1_839' title='bbox 2108 5348 2399 5416; x_wconf 86' lang='lat' dir='ltr'><strong>recipiatur</strong></span> <span class='ocrx_word' id='word_1_840' title='bbox 2429 5348 2719 5403; x_wconf 88' lang='lat' dir='ltr'><strong>secundum</strong></span> <span class='ocrx_word' id='word_1_841' title='bbox 2769 5349 3015 5418; x_wconf 89' lang='lat' dir='ltr'><strong>propriae</strong></span> <span class='ocrx_word' id='word_1_842' title='bbox 3048 5344 3326 5399; x_wconf 75' lang='lat' dir='ltr'><strong>claritatis</strong></span> <span class='ocrx_word' id='word_1_843' title='bbox 3366 5359 3554 5411; x_wconf 53' lang='lat' dir='ltr'><strong>super-</strong></span> 
     </span>
    </p>
   </div>
   <div class='ocr_carea' id='block_1_114' title="bbox 1975 5434 3552 5508">
    <p class='ocr_par' dir='ltr' id='par_1_114' title="bbox 1975 5434 3552 5508">
     <span class='ocr_line' id='line_1_114' title="bbox 1975 5434 3552 5508; baseline -0.002 -15"><span class='ocrx_word' id='word_1_844' title='bbox 1975 5438 2328 5493; x_wconf 74' lang='lat' dir='ltr'><strong>excellentem</strong></span> <span class='ocrx_word' id='word_1_845' title='bbox 2359 5438 2799 5508; x_wconf 86' lang='lat' dir='ltr'><strong>magnitudinem.</strong></span> <span class='ocrx_word' id='word_1_846' title='bbox 2829 5438 2932 5491; x_wconf 89' lang='lat' dir='ltr'><strong>Sed</strong></span> <span class='ocrx_word' id='word_1_847' title='bbox 2963 5444 3017 5489; x_wconf 91' lang='lat' dir='ltr'><strong>et</strong></span> <span class='ocrx_word' id='word_1_848' title='bbox 3061 5435 3127 5488; x_wconf 88' lang='lat' dir='ltr'><strong>ad</strong></span> <span class='ocrx_word' id='word_1_849' title='bbox 3151 5434 3552 5505; x_wconf 81' lang='lat' dir='ltr'><strong>generationem</strong></span> 
     </span>
    </p>
   </div>
   <div class='ocr_carea' id='block_1_115' title="bbox 1976 5525 3561 5599">
    <p class='ocr_par' dir='ltr' id='par_1_115' title="bbox 1976 5525 3561 5599">
     <span class='ocr_line' id='line_1_115' title="bbox 1976 5525 3561 5599; baseline -0.003 -13"><span class='ocrx_word' id='word_1_850' title='bbox 1976 5530 2310 5586; x_wconf 87' lang='lat' dir='ltr'><strong>sensibilium</strong></span> <span class='ocrx_word' id='word_1_851' title='bbox 2356 5544 2642 5599; x_wconf 90' lang='lat' dir='ltr'><strong>corporum</strong></span> <span class='ocrx_word' id='word_1_852' title='bbox 2686 5528 3058 5592; x_wconf 84' lang='lat' dir='ltr'><strong>committitur,</strong></span> <span class='ocrx_word' id='word_1_853' title='bbox 3109 5535 3162 5581; x_wconf 91' lang='lat' dir='ltr'><strong>et</strong></span> <span class='ocrx_word' id='word_1_854' title='bbox 3201 5525 3265 5579; x_wconf 82' lang='lat' dir='ltr'><strong>ad</strong></span> <span class='ocrx_word' id='word_1_855' title='bbox 3297 5527 3459 5581; x_wconf 78' lang='lat' dir='ltr'><strong>vitam</strong></span> <span class='ocrx_word' id='word_1_856' title='bbox 3489 5542 3561 5587; x_wconf 79' lang='lat' dir='ltr'><strong>ea.</strong></span> 
     </span>
    </p>
   </div>
   <div class='ocr_carea' id='block_1_116' title="bbox 1570 5640 2256 5715">
    <p class='ocr_par' dir='ltr' id='par_1_116' title="bbox 1570 5640 2256 5715">
     <span class='ocr_line' id='line_1_116' title="bbox 1570 5640 2256 5715; baseline -0.001 -19"><span class='ocrx_word' id='word_1_857' title='bbox 1570 5640 1821 5715; x_wconf 56' lang='lat' dir='ltr'><strong>vastat;</strong></span> <span class='ocrx_word' id='word_1_858' title='bbox 1859 5641 2256 5697; x_wconf 65' lang='lat' dir='ltr'><strong>LECTIONES.</strong></span> 
     </span>
    </p>
   </div>
   <div class='ocr_carea' id='block_1_117' title="bbox 368 5735 733 5794">
    <p class='ocr_par' dir='ltr' id='par_1_117' title="bbox 368 5735 733 5794">
     <span class='ocr_line' id='line_1_117' title="bbox 368 5735 733 5794; baseline -0.008 -4"><span class='ocrx_word' id='word_1_859' title='bbox 368 5735 385 5765; x_wconf 74' lang='grc' dir='ltr'>ί</span> <span class='ocrx_word' id='word_1_860' title='bbox 412 5747 458 5790; x_wconf 74' lang='lat' dir='ltr'><strong>et</strong></span> <span class='ocrx_word' id='word_1_861' title='bbox 482 5754 589 5793; x_wconf 82' lang='lat' dir='ltr'><strong>uin.</strong></span> <span class='ocrx_word' id='word_1_862' title='bbox 624 5739 733 5794; x_wconf 72' lang='grc' dir='ltr'><strong>ΛΕ.</strong></span> 
     </span>
    </p>
   </div>
  </div>
