3978 6160
426 318 556 373 “3|

1784 318 2071 379 JOANNIS
2109 316 2308 377 SCOTI

3535 319 3565 375 ἱ
3576 319 3685 375 ιεέῑ

417 438 615 495 movet,
645 437 697 486 et
728 432 915 497 nutrit,
944 439 999 487 et
1028 439 1209 504 auget,
1239 441 1294 490 et
1334 433 1571 504 perlicit,
1617 441 1675 490 et
1698 443 1909 506 purgat,
1936 443 1993 489 et
2019 439 2068 496 Α
2093 433 2617 504 superincumbendo
2642 476 2657 500 ,
2704 443 2759 489 et
2827 432 3142 505 simpliciter
3206 445 3423 486 omnem
3481 431 3672 487 illumio

421 533 666 588 renovat,
694 532 748 578 et
775 538 1026 579 mensura
1062 532 1166 589 est,
1195 532 1254 581 et
1287 540 1547 581 numerus
1574 526 1852 590 horarum,
1882 525 1997 579 die-

419 630 564 679 rum.
590 622 643 669 et
674 615 836 670 totius
861 615 1156 670 secundum
1188 630 1287 671 nos
1311 616 1569 687 temporis
1592 616 1705 672 lux.
1732 617 1824 672 illa
1850 616 1996 671 enim

421 708 509 759 lux
534 712 637 768 est,
664 705 767 759 etsi
806 714 932 761 tunc
961 704 1272 777 imperfecta
1302 717 1441 773 erat,
1480 723 1640 777 quam
1671 709 1888 779 quidem
1917 708 1998 763 dia-

418 793 579 851 vinus
602 792 738 848 dixit
764 792 1041 863 Moysese,
1079 804 1133 849 et
1155 795 1326 864 ipsam
1361 795 1507 850 illam
1543 797 1865 852 terminasse
1886 795 1999 863 pri-

420 901 564 940 mam
602 885 896 941 secundum
932 902 1030 939 nos
1059 886 1268 941 dierum
1314 888 1630 944 trinitatem.
1682 888 1749 942 Et
1774 888 1853 943 sic
1879 886 2001 958 qui-

419 978 543 1032 dem
586 976 767 1033 omnia
815 977 882 1031 ad
932 977 1278 1046 semetipsam
1326 979 1540 1034 bonitas
1586 979 1896 1042 convertit,
1946 985 2004 1032 et

420 1070 786 1141 principaliter
815 1070 1190 1139 congregatrix
1227 1079 1312 1125 est
1346 1071 1730 1141 dispersorum,
1763 1080 1821 1124 ut
1850 1069 2001 1139 prin-

419 1161 608 1230 cipalis
641 1170 697 1217 et
732 1161 928 1216 uniiiea
969 1163 1162 1228 deitas,
1194 1172 1250 1217 et
1277 1164 1455 1217 omnia
1496 1164 1690 1232 ipsam,
1721 1172 1777 1216 ut
1806 1162 2004 1235 princi-

419 1254 586 1322 pium,
620 1262 676 1307 ut
704 1253 1118 1317 continentiam,
1148 1263 1207 1307 ut
1237 1252 1412 1308 tinem:
1439 1261 1728 1323 appetunt,
1775 1262 1831 1307 et
1864 1252 2006 1322 opti-

420 1357 567 1396 mum
597 1350 702 1405 est,
735 1351 794 1396 ut
821 1341 1029 1411 eloquia
1062 1342 1231 1406 aiunt,
1264 1357 1330 1397 ex
1363 1358 1468 1411 quo
1494 1343 1675 1397 omnia
1703 1343 2005 1397 subsistunt

419 1441 474 1487 ct
503 1439 652 1498 sunt,
683 1442 935 1501 tauquam
962 1450 1026 1486 ex
1054 1448 1215 1488 musa
1249 1434 1641 1502 perfectissima
1670 1433 1923 1496 adducta,
1949 1441 2008 1487 et

420 1524 474 1578 in
499 1538 607 1593 quo
632 1523 812 1577 omnia
837 1525 1123 1578 constituta
1161 1525 1348 1589 suntb,
1385 1533 1643 1595 tanquam
1674 1525 1728 1579 in
1754 1526 2006 1595 omnipo-

421 1614 555 1667 tenti
584 1612 830 1668 consulto
860 1613 1127 1673 custodita
1154 1622 1208 1668 et
1238 1614 1654 1684 comprehensa,
1684 1623 1742 1670 et
1771 1614 1822 1667 in
1861 1614 2005 1682 quod

418 1705 603 1758 omnia
633 1712 1043 1767 convertuntur,
1069 1705 1208 1759 sicut
1237 1705 1290 1758 in
1323 1706 1598 1775 propriam
1625 1704 1832 1772 singula
1859 1719 2006 1758 sum-

2098 524 2327 579 natricis
2355 525 2570 580 virtutis
2598 525 3018 581 dominationem
3036 563 3052 585 ,
3084 532 3339 593 tanquam
3366 523 3683 593 principalis

2097 612 2234 669 lucis
2253 654 2267 679 ,
2307 622 2364 668 et
2390 613 2674 685 plusquam
2701 614 2837 670 lucis
2861 655 2878 680 ,
2924 615 2979 668 in
3009 613 3299 681 semetipsa
3326 611 3681 681 comprehen-

2098 706 2231 761 dens
2258 715 2313 760 et
2339 721 2602 776 superans
2641 716 2697 763 et
2741 706 3066 769 intendens,
3102 714 3161 758 et
3202 704 3585 759 intellectualis
3628 712 3691 759 et

2098 798 2379 852 rationalia
2413 799 2597 854 omnia
2629 813 2968 870 congregans
2992 839 3019 863 ,ν
3057 807 3113 851 et
3163 796 3375 865 perdita
3412 793 3681 850 faciens'.

2099 890 2310 947 Etenim
2353 894 2494 948 sicut
2526 894 2830 965 ignorantia
2878 893 3183 963 separatrix
3226 892 3533 946 errantium
3580 899 3686 952 est.

2100 981 2176 1036 ita
2222 983 2508 1039 invisibilis
2554 985 2777 1040 luminis
2835 984 3146 1055 praesentia
3200 982 3587 1052 congregatrix
3636 991 3691 1035 et

2100 1072 2304 1129 mitrix
2350 1074 2772 1130 illuminatorum
2818 1083 2903 1130 est
2946 1084 3003 1129 et
3040 1074 3331 1143 perfectiva
3361 1115 3377 1138 ,
3421 1081 3479 1128 et
3516 1071 3705 1127 adhuc

2100 1168 2416 1221 conversiva
2449 1168 2516 1222 ad
2544 1183 2674 1222 vere
2697 1167 2787 1233 ὅν,
2829 1183 2895 1222 ex
2926 1167 3216 1221 multorum
3243 1166 3501 1235 Opinione
3530 1178 3692 1219 vano-

2102 1269 2220 1308 rum
2249 1268 2587 1314 convertens
2612 1259 2795 1313 varios
2824 1257 3024 1322 vultus,
3063 1266 3155 1312 aut
3190 1258 3372 1327 potius
3401 1256 3691 1311 dicendum

2100 1347 2435 1417 pbantasias,
2467 1350 2522 1402 in
2566 1343 2726 1403 unam
2770 1363 2952 1403 veram
2984 1356 3038 1404 et
3065 1363 3253 1418 puram
3282 1356 3340 1402 et
3363 1345 3701 1400 uniformem

2103 1451 2437 1506 congregans
2463 1439 2768 1502 scientiam,
2801 1447 2857 1493 et
2885 1453 2989 1492 una
3016 1448 3071 1493 et
3101 1437 3334 1491 unitrice
3362 1436 3487 1491 luce
3519 1434 3703 1504 impli-

2104 1542 2254 1581 cans.
2300 1527 2416 1583 Hoc
2439 1529 2702 1598 optimum
2742 1529 2989 1583 laudatur
3013 1544 3042 1582 a
3075 1528 3247 1582 sacris
3288 1526 3592 1596 theologis,
3638 1535 3698 1581 ut

2102 1616 2324 1682 bonum,
2350 1628 2404 1671 et
2433 1626 2491 1673 ut
2516 1619 2824 1689 pulchrum,
2851 1629 2903 1674 et
2931 1629 2990 1673 ut
3019 1619 3259 1682 dilectio.
3289 1627 3345 1673 et
3372 1626 3432 1672 ut
3459 1618 3705 1673 dilectis.

2106 1707 2324 1772 simum,
2350 1717 2406 1764 et
2427 1725 2779 1779 quaecunque
2805 1710 2945 1764 aliae
2966 1708 3219 1765 decentes
3244 1720 3373 1764 sunt
3397 1708 3701 1764 formiﬂcae

420 1795 689 1862 mitatem,
732 1803 787 1850 et
817 1794 945 1849 illud
975 1796 1363 1866 concupiscunt
1388 1796 1587 1856 omnia,
1624 1795 2002 1850 intellectualia
2036 1796 2164 1855 Bet
2190 1800 2460 1869 gratiosae
2489 1801 2849 1871 speciositatis
2877 1801 3093 1856 divinae
3131 1800 3551 1855 nominationes.
3599 1800 3703 1857 Bo-

419 1888 635 1956 quidem
666 1895 723 1942 et
754 1886 1040 1940 rationalia
1072 1888 1328 1950 scienter,
1361 1886 1629 1941 sensualia
1667 1902 1800 1976 gero
1834 1886 2007 1940 sensi-

419 1977 607 2031 biliter
630 2016 644 2037 .
675 1992 869 2031 sensus
896 1985 1074 2030 autem
1111 1976 1353 2045 expertia
1412 1977 1576 2031 insito
1626 1986 1773 2031 motu
1826 1976 2009 2030 vitalis

420 2068 713 2137 appetitus,
740 2066 1051 2121 inanimalia
1080 2076 1268 2119 autem
1285 2073 1342 2120 et
1367 2068 1739 2121 tantummodo
1768 2068 2006 2121 existen-

421 2158 494 2209 tia
524 2156 591 2209 ad
617 2156 787 2209 solam
816 2155 1160 2210 essentialem
1186 2155 1659 2225 participationem
1686 2157 2006 2226 Opportuni-

424 2257 555 2303 tate.
588 2246 894 2302 Secundum
943 2248 1081 2301 hanc
1110 2247 1531 2315 significatoriae
1561 2248 1812 2320 imaginis
1841 2249 2007 2303 ratio-

419 2354 541 2394 nem
587 2349 641 2394 et
662 2338 751 2394 lux
781 2348 1073 2411 congregat
1096 2348 1153 2393 et
1177 2340 1443 2393 convertit
1468 2339 1533 2393 ad
1565 2340 1797 2409 seipsam
1823 2340 2005 2395 omnia

420 2430 653 2485 visibilis
676 2469 690 2493 ,
725 2438 865 2484 mota
887 2471 901 2488 .
949 2429 1244 2484 illumiuata
1270 2469 1285 2492 ,
1332 2428 1607 2485 caleficata
1634 2470 1649 2491 ,
1689 2430 2009 2485 omniuoab

421 2522 590 2591 ipsius
610 2519 985 2592 spl‘endorilms
1008 2522 1419 2590 comprehensa.
1450 2522 1535 2575 Ac
1564 2537 1662 2591 per
1688 2521 1792 2575 hoc
1823 2528 1885 2575 et
1902 2520 2006 2585 sol,

423 2613 548 2683 quia
583 2612 765 2667 omnia
817 2610 988 2666 soluta
1035 2610 1186 2675 facit,
1220 2621 1274 2666 et
1319 2620 1612 2682 congregat
1661 2612 1924 2680 dispersa,
1952 2619 2010 2666 et

421 2703 601 2756 omnia
633 2718 755 2756 cum
785 2702 1063 2755 settsibilia
1088 2702 1417 2766 desiderant,
1449 2713 1541 2757 aut
1566 2711 1625 2756 ut
1652 2702 1889 2766 videndi,
1915 2711 2011 2757 aut

423 2802 483 2846 ut
516 2794 765 2847 movendi
787 2834 801 2856 ,
842 2803 897 2848 et
930 2793 1297 2857 illuminandi,
1327 2803 1385 2849 et
1409 2794 1781 2858 calefaciendi,
1814 2802 1869 2849 et
1893 2808 2009 2847 om-

426 2885 555 2938 nino
577 2886 957 2955 cotuprebendi
987 2901 1014 2939 a
1049 2884 1248 2941 lumine
1271 2886 1598 2956 appetentia.
1639 2885 1705 2939 Et
1730 2900 1905 2956 neque
1932 2884 2006 2940 ibi

429 2977 551 3031 dico
572 2975 725 3043 juxta
765 2976 1105 3048 antiquitatis
1131 2977 1530 3047 verbum,qnia
1561 2976 1703 3031 Deus
1734 2985 1819 3031 est
1845 2975 1925 3030 sol
1952 2982 2009 3030 et

428 3065 656 3122 Creator
683 3065 1049 3135 hujuscemodi
1078 3067 1449 3123 universitatis
1469 3108 1483 3130 ,
1515 3069 1728 3138 proprie
1754 3076 2008 3137 procurat

425 3157 767 3213 manifestum
793 3160 1073 3224 mundum,
1095 3159 1189 3213 sed
1217 3160 1343 3228 quia
1371 3158 1655 3213 invisibilia
1683 3158 1783 3211 Dei
1802 3176 1835 3212 a
1862 3173 2009 3212 σιτα-
2035 3139 2080 3200 C

427 3258 548 3302 mra
563 3248 745 3302 mundi
772 3248 992 3318 [acturis
1014 3248 1271 3303 intellecta
1301 3250 1775 3320 conspiriuntur,et
1798 3256 2009 3302 aeterna

424 3339 537 3409 ejus
570 3339 731 3392 virtus
755 3353 803 3391 et
831 3339 1137 3393 dieiuimsc.
1181 3338 1286 3394 Sed
1314 3340 1447 3394 haec
1472 3340 1688 3410 quidem
1717 3340 1770 3394 in
1795 3337 2011 3410 symbo-

427 3430 530 3484 lica
564 3427 852 3498 theologia.
886 3426 1037 3484 Nune
1073 3439 1250 3483 autem
1299 3430 1630 3500 intelligibile
1657 3430 1843 3500 optimi
1876 3428 2011 3485 luci-

427 3534 619 3573 voemn
674 3519 835 3574 nobis
858 3517 1179 3574 laudandum
1217 3527 1277 3573 et
1307 3519 1626 3582 dicendum,
1654 3519 1785 3588 quia
1808 3519 2009 3573 luxin-

423 3607 657 3661 visibilis
683 3607 924 3675 optimus
958 3607 1183 3670 dicitur,
1223 3622 1440 3663 omnem
1475 3608 1693 3678 quidem
1723 3624 2010 3679 supercae-

427 3695 618 3749 lestem
641 3694 970 3749 intellectum
992 3695 1261 3765 implendo
1283 3697 1533 3751 invisibili
1556 3697 1775 3764 lumine,
1793 3715 2007 3756 omnem

427 3799 559 3843 vero
586 3786 943 3855 ignorantiam
981 3795 1038 3841 et
1081 3803 1325 3843 errorem
1371 3789 1635 3859 abigendo
1662 3805 1725 3845 ex
1759 3793 2024 3848 omnibus

429 3876 840 3948 quibuscunque
866 3879 1003 3935 inest
1027 3881 1347 3945 animabus,»
1378 3890 1432 3936 et
1474 3883 1726 3939 omnibus
1774 3885 1885 3953 ipse
1929 3885 2010 3940 lu-

429 3969 577 4025 mine
603 3985 760 4026 sacro
790 3971 1083 4033 tradendo,
1118 3981 1183 4026 et
1200 3971 1588 4028 intellectuales
1612 3987 1798 4027 earum
1825 3973 2011 4030 oculos

431 4066 771 4133 repurgando
799 4063 1180 4133 circumposita
1217 4065 1301 4119 eis
1321 4079 1389 4119 ex
1422 4065 1724 4135 ignorantia
1754 4065 2007 4135 caligine,

427 4160 483 4207 et
507 4153 829 4207 removendo
854 4162 910 4206 et
936 4152 1242 4222 replicando
1273 4153 1439 4208 multa
1469 4155 1731 4222 gravitate
1761 4154 2012 4212 tenebras

431 4243 765 4298 coudensas:
802 4252 857 4297 et
881 4244 1143 4298 tradendo
1169 4245 1345 4314 primo
1372 4244 1589 4315 quidem
1615 4245 1867 4301 claritate
1897 4261 2011 4301 mon-

433 4335 643 4397 derata,
683 4334 878 4390 deinde
921 4334 1028 4389 illis
1076 4344 1330 4405 tanquam
1366 4335 1774 4405 degustantibus
1807 4335 2008 4401 lumen,

435 4436 491 4482 et
557 4428 727 4497 magis
760 4428 1813 4499 desiderantibus,magisisemetipsam
1865 4430 2010 4485 intus

431 4517 610 4573 dando
638 4529 693 4572 et
719 4520 936 4588 cepiose
962 4518 1246 4584 illncendo,
1274 4519 1400 4588 quia
1427 4519 1733 4575 dilexerunt
1760 4520 2011 4588 multum,

433 4617 492 4662 et
520 4621 733 4679 semper
775 4607 1116 4663 extendendo
1161 4623 1255 4664 eas
1299 4608 1352 4662 in
1399 4623 1496 4672 ea,
1532 4623 1672 4678 quae
1693 4618 1821 4666 ante
1864 4620 2009 4676 sunt,

427 4695 585 4766 juxta
614 4712 766 4752 suam
798 4698 1089 4769 inspiciunt
1123 4699 1445 4770 analogiam.
1483 4698 1595 4754 Lux
1628 4700 1792 4771 igitur
1824 4701 2012 4755 invisi-

438 4787 564 4843 bilis
586 4788 786 4843 dicitur
803 4804 967 4859 super
992 4803 1206 4846 omnem
1220 4790 1394 4846 lucem
1411 4790 1672 4860 optimum
1688 4792 1730 4855 ί,
1755 4800 1814 4844 ut
1834 4791 2027 4846 radius-

435 4875 657 4933 fontalis
690 4884 745 4932 et
771 4894 1162 4948 supermanans
1190 4881 1406 4936 luminis
1433 4879 1649 4945 ell‘usio,
1671 4896 1888 4936 omnem
1917 4899 2011 4937 su-

431 4969 882 5038 perinundanum,
924 4982 982 5027 et
1022 4973 1580 5039 circummundanum,
1621 4983 1678 5029 et
1704 4974 2009 5030 immunda-

434 5075 565 5115 num
598 5060 924 5118 intellectum
956 5077 1024 5119 ex
1061 5063 1392 5134 plenitudine
1439 5080 1535 5120 sua
1581 5064 1918 5131 illuminans,
1954 5074 2010 5120 et

431 5148 820 5208 intellectuales
873 5166 1062 5208 eorum
1118 5161 1260 5209 totas
1323 5168 1585 5209 revocans
1645 5154 1904 5221 virtutes,
1954 5164 2011 5212 et

430 5253 623 5301 omnes
640 5244 924 5301 continens
950 5244 1429 5315 superordinando,
1456 5253 1519 5302 et
1535 5246 1717 5301 omnia
1747 5260 2006 5317 superans

2043 4480 2090 4539 D

2112 1907 2238 1947 num
2266 1902 2445 1946 autem
2472 1902 2530 1946 et
2555 1892 2836 1961 pulchrum
2877 1907 2984 1946 non
3016 1893 3378 1961 separandum
3413 1891 3465 1946 in
3500 1891 3618 1961 ipsa
3645 1890 3699 1945 in

2110 1996 2223 2036 uno
2265 1978 2447 2037 omnia
2496 1983 2972 2053 comprehendenti
3018 1998 3203 2037 causa.
3254 1983 3400 2037 llaec
3448 1984 3596 2037 enim
3647 1984 3707 2037 in

2101 2073 2470 2128 existentibus
2512 2075 2764 2130 omnibus
2803 2074 2856 2129 in
2902 2074 3344 2144 participationes
3385 2082 3441 2129 et
3478 2074 3701 2143 partici'

2110 2161 2291 2231 pantia
2340 2161 2714 2227 dividentes,.
2757 2163 2958 2218 bonum
3023 2164 3240 2233 quidem
3292 2177 3417 2217 esse
3466 2162 3710 2219 dicimus

2108 2250 2320 2321 pulchri
2371 2253 2645 2322 particeps
2671 2291 2688 2318 ,
2732 2251 3019 2322 pulchrum
3066 2267 3198 2307 vero
3226 2253 3700 2324 participationem

2109 2342 2458 2413 pulchriiicae
2486 2343 2728 2398 omnium
2765 2343 3033 2398 bonorum
3069 2357 3289 2399 causae.
3337 2343 3699 2415 Superessen-

2112 2432 2237 2489 tiale
2307 2442 2489 2489 autem
2560 2433 2763 2489 bonum
2838 2435 3125 2504 pulchrum
3184 2435 3402 2506 quidem
3475 2436 3707 2500 dicitur,

2109 2533 2330 2595 propter
2366 2525 2436 2578 ab
2462 2539 2529 2580 eo
2560 2524 2814 2580 omnibus
2858 2525 3220 2581 existentibus
3270 2526 3530 2580 traditam
3572 2542 3698 2597 pro-

2108 2615 2227 2687 prie
2276 2615 2569 2687 unicuique
2610 2614 3114 2687 pulchritudinem,
3163 2626 3228 2672 et
3262 2616 3411 2671 velut
3454 2618 3698 2672 omnium

2109 2705 2248 2762 bene
2268 2706 2659 2776 compactionis
2686 2715 2741 2762 et
2779 2708 3048 2763 claritatis
3081 2707 3318 2771 causale.
3350 2708 3533 2763 instar
3562 2710 3701 2764 lucis

2110 2794 2415 2853 fulminans
2436 2797 2609 2852 simul
2634 2798 2888 2854 omnibus
2919 2798 3265 2869 pulchriticas
3294 2799 3519 2856 fontalis
3561 2802 3699 2857 radii

2109 2887 2192 2945 sui
2223 2889 2564 2954 traditiones,
2593 2898 2651 2945 et
2672 2888 2822 2946 velut
2859 2889 3040 2944 omnia
3091 2890 3158 2944 ad
3202 2889 3439 2960 seipsum
3471 2905 3697 2945 vocans.

2109 2977 2237 3034 Inde
2264 2987 2320 3035 et
2367 2979 2654 3050 pulchrum
2700 2980 2916 3049 dicitur,
2967 2988 3033 3034 et
3060 2978 3210 3035 velut
3237 2988 3348 3034 tota
3395 2980 3451 3034 iu
3486 2980 3703 3035 totisse

2111 3084 2468 3142 congregans.
2515 3072 2584 3127 Et
2635 3071 2831 3127 bonum
2879 3087 3052 3137 vero,
3103 3072 3245 3129 sicut
3287 3087 3451 3129 omne
3497 3074 3702 3129 bonum

2111 3160 2291 3225 simul,
2318 3170 2375 3217 et
2403 3161 2525 3232 plus
2568 3176 2731 3232 quam
2776 3162 3011 3226 bonum,
3050 3172 3113 3217 et
3143 3177 3356 3233 semper
3390 3162 3470 3225 ὃν.
3510 3178 3703 3218 secun-

2111 3255 2237 3309 dum
2267 3256 2455 3310 eadem
2510 3263 2565 3309 et
2595 3255 2845 3310 similiter
2887 3256 3108 3321 bonum,
3151 3264 3207 3310 et
3248 3271 3427 3324 neque
3474 3254 3696 3321 factum,

2111 3360 2285 3415 neque
2342 3345 2599 3409 solutum,
2630 3360 2806 3416 neque
2833 3354 3075 3410 auctum,
3106 3360 3283 3416 neque
3309 3347 3581 3411 tabidum,
3610 3360 3699 3402 ne-

2109 3451 2215 3507 que
2235 3438 2333 3495 hic
2358 3438 2587 3509 quidem
2606 3439 2825 3501 bonum,
2852 3438 2940 3494 hic
2968 3452 3099 3492 vero
3124 3438 3349 3501 malum.
3376 3454 3560 3509 neque
3588 3448 3693 3493 tum

2109 3528 2348 3599 quidem,
2376 3537 2489 3583 tum
2511 3543 2641 3583 vero
2667 3545 2796 3595 non,
2820 3545 2992 3600 neque
3018 3533 3085 3585 ad
3108 3532 3212 3588 hoc
3232 3533 3453 3602 quidem
3477 3534 3695 3596 bonum,

2111 3618 2179 3672 ad
2207 3620 2519 3675 hoceautem
2546 3618 2768 3684 malum,
2800 3635 2975 3691 neque
3007 3621 3079 3676 ibi
3104 3622 3320 3690 quidem
3346 3662 3360 3685 ,
3391 3622 3487 3692 ,ἰῦὶ
3520 3634 3705 3678 autem

2111 3721 2237 3761 non.
2266 3716 2522 3777 tanquam
2552 3708 2873 3777 quibusdam
2902 3697 3120 3780 quidem
3146 3707 3201 3766 ὃν
3228 3712 3452 3775 bonum,
3481 3713 3698 3782 quibus-

2111 3797 2234 3850 dam
2255 3811 2384 3851 vero
2405 3812 2511 3852 non
2527 3797 2725 3852 bonum
2753 3816 2766 3852 :
2792 3800 2885 3854 sed
2913 3810 2973 3854 ut
2999 3800 3194 3871 ipsum,
3221 3816 3320 3872 per
3350 3802 3553 3871 ipsum,
3579 3815 3696 3879 capt

2112 3888 2259 3956 ipso,
2279 3888 2545 3943 uniforme
2572 3904 2787 3961 semper
2814 3888 2867 3946 ὃν
2896 3890 3119 3956 bonum,
3145 3900 3201 3948 et
3246 3900 3306 3946 ut
3350 3894 3537 3948 omnis
3568 3891 3699 3948 boni

2111 3975 2312 4033 fontem
2335 3988 2391 4033 et
2438 3980 2890 4050 pulchritudinem
2929 3983 3402 4052 supereminenter
3427 3983 3482 4037 in
3505 3993 3699 4037 semet-

2114 4069 2235 4138 ipso
2258 4070 2591 4140 praeferens.
2608 4072 2815 4143 Simpla
2842 4075 2987 4129 enim
3015 4084 3070 4130 et
3095 4074 3551 4143 superexecllenti
3577 4089 3698 4129 om-

2110 4158 2283 4214 nium
2307 4161 2570 4216 bonorum
2602 4174 2794 4218 natura
2832 4165 3011 4219 omnis
3067 4164 3414 4235 pulchritudo
3458 4174 3514 4220 et
3541 4179 3701 4220 omne

2112 4248 2312 4304 bonum
2340 4251 2680 4308 uniformiter
2702 4256 2997 4310 secundum
3028 4271 3246 4310 causam
3274 4266 3403 4310 ante
3430 4256 3695 4312 subsistit;

2115 4339 2194 4395 Ex
2226 4341 2368 4397 bono
2400 4345 2520 4413 ipso
2549 4344 2802 4400 omnibus
2848 4346 3209 4401 existentibus
3235 4360 3358 4402 esse
3401 4347 3707 4403 secundum

2114 4434 2387 4504 propriam
2415 4436 2678 4491 rationem
2703 4437 2909 4506 singula
2941 4453 3187 4508 quaeque
3213 4440 3375 4501 bona,
3404 4449 3461 4493 et
3488 4454 3581 4509 per
3606 4440 3701 4493 δυο

2116 4542 2244 4581 num
2270 4527 2510 4581 omnium
2538 4527 2907 4598 copulationes
2933 4539 2987 4583 et
3010 4529 3277 4584 amicitiae
3305 4538 3365 4583 et
3392 4531 3705 4592 societates,

2116 4627 2175 4673 et
2199 4619 2342 4673 bono
2380 4619 2562 4674 omnia
2616 4604 2943 4686 adunantur,
2996 4630 3053 4675 et
3102 4621 3430 4691 principium
3460 4621 3700 4676 omnium

2116 4709 2353 4774 bonum,
2371 4710 2525 4765 velut
2542 4708 2800 4765 factivnm
2833 4711 3068 4776 causale,
3118 4719 3176 4765 et
3219 4725 3448 4766 movens
3493 4712 3697 4771 omnia.

2118 4807 2174 4855 et
2199 4799 2485 4856 continens
2513 4814 2576 4854 ea
2604 4801 2858 4870 propriae
2900 4801 3327 4871 pulchritudinis
3372 4814 3597 4864 amore,
3644 4811 3700 4853 et

2116 4902 2384 4943 sumnmm
2426 4888 2667 4943 omnium
2704 4896 2783 4944 et.
2806 4889 3241 4951 dilectissimum,
3269 4888 3421 4944 velut
3448 4888 3702 4958 perfecti-

2119 4992 2242 5031 vum
2272 4977 2783 5047 causale—propter
2801 4977 2945 5031 enim
2974 4978 3169 5033 bonum
3193 4977 3379 5032 omnia
3410 4979 3618 5032 liunt—
3636 4986 3705 5032 et

2112 5067 2489 5138 exemplabile,
2519 5068 2645 5137 quia
2675 5068 2970 5123 secundum
3000 5067 3174 5137 ipsum
3202 5069 3386 5122 omnia
3412 5082 3703 5137 segregan—

2115 5166 2226 5214 tur.
2244 5158 2370 5214 Ideo
2391 5167 2446 5213 et
2481 5159 2737 5229 id'ipsum
2763 5167 2849 5214 est
2866 5159 3070 5230 optimo
3097 5158 3317 5224 bonum,
3345 5159 3471 5229 quia
3494 5159 3699 5213 bonum

2110 5258 2168 5303 et
2192 5250 2452 5319 optimum
2483 5247 2637 5318 juxta
2681 5262 2897 5305 omnem
2945 5263 3163 5305 causam
3212 5248 3398 5305 omnia
3436 5247 3699 5318 concnp‘v

1698 5356 1953 5412 VARIAE
1985 5356 2386 5414 LECTIONESt

506 5473 545 5505 "
568 5469 611 5525 Β
636 5471 863 5538 Optima;
895 5470 938 5526 Il
966 5473 1234 5545 Optimam.
1311 5478 1330 5508 ¹
1368 5472 1454 5529 BH
1483 5481 1804 5528 restaurata.

1938 5563 2165 5621 NOTAE

507 5664 531 5692 ι
570 5651 705 5705 Gen.
735 5653 773 5709 l.

504 5718 533 5758 ι)
574 5717 727 5773 Rom.
755 5720 846 5774 XI.

2188 5666 2209 5694 ε
2253 5657 2406 5712 llum.
2441 5658 2478 5722 l,
2509 5657 2604 5711 20.
