  <div class='ocr_page' id='page_1' title='image "/cluster/home/n/w/nwhite01/storage/ocr_20150623/122/hvd.32044054759840/604.png"; bbox 0 0 3978 6160; ppageno 0'>
   <div class='ocr_carea' id='block_1_1' title="bbox 316 288 457 347">
    <p class='ocr_par' dir='ltr' id='par_1_1' title="bbox 316 288 457 347">
     <span class='ocr_line' id='line_1_1' title="bbox 316 288 457 347; baseline 0.028 -4"><span class='ocrx_word' id='word_1_1' title='bbox 316 288 457 347; x_wconf 70' lang='lat'><strong>“33</strong></span> 
     </span>
    </p>
   </div>
   <div class='ocr_carea' id='block_1_2' title="bbox 905 297 1896 366">
    <p class='ocr_par' dir='ltr' id='par_1_2' title="bbox 905 297 1896 364">
     <span class='ocr_line' id='line_1_2' title="bbox 905 297 1896 364; baseline 0.008 -9"><span class='ocrx_word' id='word_1_2' title='bbox 905 297 1488 362; x_wconf 64' lang='grc' dir='ltr'><strong>νεηδιοοορειιυδι·</strong></span> <span class='ocrx_word' id='word_1_3' title='bbox 1520 304 1577 361; x_wconf 87' lang='lat' dir='ltr'><strong>S.</strong></span> <span class='ocrx_word' id='word_1_4' title='bbox 1616 300 1896 364; x_wconf 63' lang='lat' dir='ltr'><strong>DIONYSI&#39;</strong></span> 
     </span>
    </p>
   </div>
   <div class='ocr_carea' id='block_1_3' title="bbox 1993 297 2877 366">
    <p class='ocr_par' dir='ltr' id='par_1_3' title="bbox 1993 306 2877 366">
     <span class='ocr_line' id='line_1_3' title="bbox 1993 306 2877 366; baseline 0 -2"><span class='ocrx_word' id='word_1_5' title='bbox 1993 336 2043 346; x_wconf 87' lang='lat'><strong>—-</strong></span> <span class='ocrx_word' id='word_1_6' title='bbox 2079 306 2171 364; x_wconf 76' lang='lat' dir='ltr'><strong>DE</strong></span> <span class='ocrx_word' id='word_1_7' title='bbox 2207 308 2452 365; x_wconf 75' lang='lat' dir='ltr'><strong>Dl\&#39;lNlS</strong></span> <span class='ocrx_word' id='word_1_8' title='bbox 2489 308 2877 366; x_wconf 71' lang='lat' dir='ltr'><strong>NOMIMBUS.</strong></span> 
     </span>
    </p>
   </div>
   <div class='ocr_carea' id='block_1_4' title="bbox 3424 304 3597 369">
    <p class='ocr_par' dir='ltr' id='par_1_4' title="bbox 3424 304 3597 369">
     <span class='ocr_line' id='line_1_4' title="bbox 3424 304 3597 369; baseline -0.006 0"><span class='ocrx_word' id='word_1_9' title='bbox 3424 304 3597 369; x_wconf 66' lang='lat' dir='ltr'><strong>tiu“</strong></span> 
     </span>
    </p>
   </div>
   <div class='ocr_carea' id='block_1_5' title="bbox 309 412 3561 491">
    <p class='ocr_par' dir='ltr' id='par_1_5' title="bbox 309 412 3561 491">
     <span class='ocr_line' id='line_1_5' title="bbox 309 412 3561 491; baseline 0.006 -30"><span class='ocrx_word' id='word_1_10' title='bbox 309 416 488 469; x_wconf 82' lang='lat' dir='ltr'><strong>scunt,</strong></span> <span class='ocrx_word' id='word_1_11' title='bbox 516 416 571 461; x_wconf 85' lang='lat' dir='ltr'><strong>et</strong></span> <span class='ocrx_word' id='word_1_12' title='bbox 606 422 710 462; x_wconf 87' lang='lat' dir='ltr'><strong>non</strong></span> <span class='ocrx_word' id='word_1_13' title='bbox 747 424 833 465; x_wconf 72' lang='grc' dir='ltr'><strong>εει</strong></span> <span class='ocrx_word' id='word_1_14' title='bbox 859 412 987 480; x_wconf 82' lang='lat' dir='ltr'><strong>quid</strong></span> <span class='ocrx_word' id='word_1_15' title='bbox 1015 412 1384 481; x_wconf 79' lang='lat' dir='ltr'><strong>existentinm,</strong></span> <span class='ocrx_word' id='word_1_16' title='bbox 1416 418 1557 486; x_wconf 89' lang='lat' dir='ltr'><strong>quod</strong></span> <span class='ocrx_word' id='word_1_17' title='bbox 1587 431 1692 472; x_wconf 92' lang='lat' dir='ltr'><strong>non</strong></span> <span class='ocrx_word' id='word_1_18' title='bbox 1722 418 1890 487; x_wconf 62' lang='lat' dir='ltr'><strong>parti-4</strong></span> <span class='ocrx_word' id='word_1_19' title='bbox 1918 422 1961 481; x_wconf 76' lang='grc' dir='ltr'>Α</span> <span class='ocrx_word' id='word_1_20' title='bbox 1991 425 2166 474; x_wconf 86' lang='lat' dir='ltr'><strong>status</strong></span> <span class='ocrx_word' id='word_1_21' title='bbox 2215 429 2269 475; x_wconf 90' lang='lat' dir='ltr'><strong>et</strong></span> <span class='ocrx_word' id='word_1_22' title='bbox 2319 429 2497 477; x_wconf 85' lang='lat' dir='ltr'><strong>motus</strong></span> <span class='ocrx_word' id='word_1_23' title='bbox 2541 429 2598 477; x_wconf 87' lang='lat' dir='ltr'><strong>et</strong></span> <span class='ocrx_word' id='word_1_24' title='bbox 2638 435 2705 477; x_wconf 83' lang='lat' dir='ltr'><strong>ex</strong></span> <span class='ocrx_word' id='word_1_25' title='bbox 2755 423 2899 491; x_wconf 87' lang='lat' dir='ltr'><strong>ipso,</strong></span> <span class='ocrx_word' id='word_1_26' title='bbox 2931 431 2987 476; x_wconf 91' lang='lat' dir='ltr'><strong>et</strong></span> <span class='ocrx_word' id='word_1_27' title='bbox 3035 437 3130 491; x_wconf 88' lang='lat' dir='ltr'><strong>per</strong></span> <span class='ocrx_word' id='word_1_28' title='bbox 3178 425 3381 491; x_wconf 87' lang='lat' dir='ltr'><strong>ipsum,</strong></span> <span class='ocrx_word' id='word_1_29' title='bbox 3425 433 3479 478; x_wconf 86' lang='lat' dir='ltr'><strong>et</strong></span> <span class='ocrx_word' id='word_1_30' title='bbox 3509 426 3561 479; x_wconf 88' lang='lat' dir='ltr'><strong>iu</strong></span> 
     </span>
    </p>
   </div>
   <div class='ocr_carea' id='block_1_6' title="bbox 306 500 1887 575">
    <p class='ocr_par' dir='ltr' id='par_1_6' title="bbox 306 500 1887 575">
     <span class='ocr_line' id='line_1_6' title="bbox 306 500 1887 575; baseline 0.008 -22"><span class='ocrx_word' id='word_1_31' title='bbox 306 501 454 568; x_wconf 85' lang='lat' dir='ltr'><strong>cipat</strong></span> <span class='ocrx_word' id='word_1_32' title='bbox 495 500 694 556; x_wconf 75' lang='lat' dir='ltr'><strong>bonum</strong></span> <span class='ocrx_word' id='word_1_33' title='bbox 743 512 799 557; x_wconf 85' lang='lat' dir='ltr'><strong>et</strong></span> <span class='ocrx_word' id='word_1_34' title='bbox 846 507 1129 575; x_wconf 81' lang='lat' dir='ltr'><strong>optimum.</strong></span> <span class='ocrx_word' id='word_1_35' title='bbox 1180 510 1413 565; x_wconf 83' lang='lat' dir='ltr'><strong>Audebit</strong></span> <span class='ocrx_word' id='word_1_36' title='bbox 1456 519 1634 564; x_wconf 88' lang='lat' dir='ltr'><strong>autem</strong></span> <span class='ocrx_word' id='word_1_37' title='bbox 1679 519 1732 564; x_wconf 90' lang='lat' dir='ltr'><strong>et</strong></span> <span class='ocrx_word' id='word_1_38' title='bbox 1782 510 1887 565; x_wconf 85' lang='lat' dir='ltr'><strong>hoc</strong></span> 
     </span>
    </p>
   </div>
   <div class='ocr_carea' id='block_1_7' title="bbox 306 591 1883 672">
    <p class='ocr_par' dir='ltr' id='par_1_7' title="bbox 306 591 1883 672">
     <span class='ocr_line' id='line_1_7' title="bbox 306 591 1883 672; baseline 0.006 -27"><span class='ocrx_word' id='word_1_39' title='bbox 306 591 448 646; x_wconf 87' lang='lat' dir='ltr'><strong>ratio</strong></span> <span class='ocrx_word' id='word_1_40' title='bbox 474 593 678 657; x_wconf 83' lang='lat' dir='ltr'><strong>dicere,</strong></span> <span class='ocrx_word' id='word_1_41' title='bbox 710 596 834 663; x_wconf 88' lang='lat' dir='ltr'><strong>quia</strong></span> <span class='ocrx_word' id='word_1_42' title='bbox 866 606 922 651; x_wconf 86' lang='lat' dir='ltr'><strong>et</strong></span> <span class='ocrx_word' id='word_1_43' title='bbox 948 601 1088 668; x_wconf 79' lang='lat' dir='ltr'><strong>quod</strong></span> <span class='ocrx_word' id='word_1_44' title='bbox 1121 614 1225 653; x_wconf 91' lang='lat' dir='ltr'><strong>non</strong></span> <span class='ocrx_word' id='word_1_45' title='bbox 1269 598 1345 665; x_wconf 79' lang='grc' dir='ltr'><strong>ὅν,</strong></span> <span class='ocrx_word' id='word_1_46' title='bbox 1379 602 1660 672; x_wconf 87' lang='lat' dir='ltr'><strong>participat</strong></span> <span class='ocrx_word' id='word_1_47' title='bbox 1684 602 1883 655; x_wconf 89' lang='lat' dir='ltr'><strong>bonum</strong></span> 
     </span>
    </p>
   </div>
   <div class='ocr_carea' id='block_1_8' title="bbox 305 683 1883 761">
    <p class='ocr_par' dir='ltr' id='par_1_8' title="bbox 305 683 1883 761">
     <span class='ocr_line' id='line_1_8' title="bbox 305 683 1883 761; baseline 0.007 -26"><span class='ocrx_word' id='word_1_48' title='bbox 305 689 362 736; x_wconf 83' lang='lat' dir='ltr'><strong>et</strong></span> <span class='ocrx_word' id='word_1_49' title='bbox 387 683 668 752; x_wconf 87' lang='lat' dir='ltr'><strong>optimum.</strong></span> <span class='ocrx_word' id='word_1_50' title='bbox 702 685 857 742; x_wconf 86' lang='lat' dir='ltr'><strong>&#39;l‘unc</strong></span> <span class='ocrx_word' id='word_1_51' title='bbox 888 689 1034 741; x_wconf 89' lang='lat' dir='ltr'><strong>enim</strong></span> <span class='ocrx_word' id='word_1_52' title='bbox 1079 699 1134 744; x_wconf 91' lang='lat' dir='ltr'><strong>et</strong></span> <span class='ocrx_word' id='word_1_53' title='bbox 1164 691 1264 745; x_wconf 88' lang='lat' dir='ltr'><strong>hoc</strong></span> <span class='ocrx_word' id='word_1_54' title='bbox 1291 692 1487 745; x_wconf 88' lang='lat' dir='ltr'><strong>bonum</strong></span> <span class='ocrx_word' id='word_1_55' title='bbox 1520 702 1576 746; x_wconf 90' lang='lat' dir='ltr'><strong>et</strong></span> <span class='ocrx_word' id='word_1_56' title='bbox 1601 692 1883 761; x_wconf 88' lang='lat' dir='ltr'><strong>optimum,</strong></span> 
     </span>
    </p>
   </div>
   <div class='ocr_carea' id='block_1_9' title="bbox 304 773 1885 853">
    <p class='ocr_par' dir='ltr' id='par_1_9' title="bbox 304 773 1885 853">
     <span class='ocr_line' id='line_1_9' title="bbox 304 773 1885 853; baseline 0.008 -26"><span class='ocrx_word' id='word_1_57' title='bbox 304 786 429 827; x_wconf 66' lang='lat' dir='ltr'><strong>cum</strong></span> <span class='ocrx_word' id='word_1_58' title='bbox 473 773 528 828; x_wconf 71' lang='lat' dir='ltr'><strong>in</strong></span> <span class='ocrx_word' id='word_1_59' title='bbox 575 774 686 829; x_wconf 85' lang='lat' dir='ltr'><strong>Deo</strong></span> <span class='ocrx_word' id='word_1_60' title='bbox 732 778 1030 832; x_wconf 86' lang='lat' dir='ltr'><strong>secundum</strong></span> <span class='ocrx_word' id='word_1_61' title='bbox 1070 782 1311 836; x_wconf 90' lang='lat' dir='ltr'><strong>onmium</strong></span> <span class='ocrx_word' id='word_1_62' title='bbox 1343 782 1663 837; x_wconf 85' lang='lat' dir='ltr'><strong>ablutionem</strong></span> <span class='ocrx_word' id='word_1_63' title='bbox 1694 797 1885 853; x_wconf 86' lang='lat' dir='ltr'><strong>snper-</strong></span> 
     </span>
    </p>
   </div>
   <div class='ocr_carea' id='block_1_10' title="bbox 303 863 1887 943">
    <p class='ocr_par' dir='ltr' id='par_1_10' title="bbox 303 863 1887 943">
     <span class='ocr_line' id='line_1_10' title="bbox 303 863 1887 943; baseline 0.008 -28"><span class='ocrx_word' id='word_1_64' title='bbox 303 863 665 919; x_wconf 80' lang='lat' dir='ltr'><strong>cssentialiter</strong></span> <span class='ocrx_word' id='word_1_65' title='bbox 693 865 959 923; x_wconf 74' lang='lat' dir='ltr'><strong>laudatur.</strong></span> <span class='ocrx_word' id='word_1_66' title='bbox 992 870 1105 927; x_wconf 80' lang='lat' dir='ltr'><strong>Hoc</strong></span> <span class='ocrx_word' id='word_1_67' title='bbox 1130 887 1294 927; x_wconf 92' lang='lat' dir='ltr'><strong>unum</strong></span> <span class='ocrx_word' id='word_1_68' title='bbox 1318 873 1578 943; x_wconf 77' lang='lat' dir='ltr'><strong>optimum</strong></span> <span class='ocrx_word' id='word_1_69' title='bbox 1606 881 1660 927; x_wconf 93' lang='lat' dir='ltr'><strong>et</strong></span> <span class='ocrx_word' id='word_1_70' title='bbox 1689 873 1887 928; x_wconf 88' lang='lat' dir='ltr'><strong>bonum</strong></span> 
     </span>
    </p>
   </div>
   <div class='ocr_carea' id='block_1_11' title="bbox 1987 510 3565 583">
    <p class='ocr_par' dir='ltr' id='par_1_11' title="bbox 1987 510 3565 583">
     <span class='ocr_line' id='line_1_11' title="bbox 1987 510 3565 583; baseline 0.003 -20"><span class='ocrx_word' id='word_1_71' title='bbox 1987 510 2180 579; x_wconf 88' lang='lat' dir='ltr'><strong>ipsum,</strong></span> <span class='ocrx_word' id='word_1_72' title='bbox 2229 519 2287 565; x_wconf 85' lang='lat' dir='ltr'><strong>et</strong></span> <span class='ocrx_word' id='word_1_73' title='bbox 2336 520 2556 582; x_wconf 85' lang='lat' dir='ltr'><strong>prapter</strong></span> <span class='ocrx_word' id='word_1_74' title='bbox 2604 510 2797 583; x_wconf 91' lang='lat' dir='ltr'><strong>ipsum.</strong></span> <span class='ocrx_word' id='word_1_75' title='bbox 2852 511 3063 567; x_wconf 87' lang='lat' dir='ltr'><strong>Etenim</strong></span> <span class='ocrx_word' id='word_1_76' title='bbox 3110 528 3177 567; x_wconf 82' lang='lat' dir='ltr'><strong>ex</strong></span> <span class='ocrx_word' id='word_1_77' title='bbox 3218 514 3354 581; x_wconf 86' lang='lat' dir='ltr'><strong>ipso,</strong></span> <span class='ocrx_word' id='word_1_78' title='bbox 3383 520 3438 568; x_wconf 88' lang='lat' dir='ltr'><strong>ct</strong></span> <span class='ocrx_word' id='word_1_79' title='bbox 3470 527 3565 583; x_wconf 88' lang='lat' dir='ltr'><strong>per</strong></span> 
     </span>
    </p>
   </div>
   <div class='ocr_carea' id='block_1_12' title="bbox 1986 600 3560 670">
    <p class='ocr_par' dir='ltr' id='par_1_12' title="bbox 1986 600 3560 670">
     <span class='ocr_line' id='line_1_12' title="bbox 1986 600 3560 670; baseline 0.001 -16"><span class='ocrx_word' id='word_1_80' title='bbox 1986 600 2159 670; x_wconf 86' lang='lat' dir='ltr'><strong>ipsum</strong></span> <span class='ocrx_word' id='word_1_81' title='bbox 2185 610 2242 656; x_wconf 91' lang='lat' dir='ltr'><strong>et</strong></span> <span class='ocrx_word' id='word_1_82' title='bbox 2267 603 2527 667; x_wconf 74' lang='lat' dir='ltr'><strong>essentia,</strong></span> <span class='ocrx_word' id='word_1_83' title='bbox 2561 613 2617 656; x_wconf 91' lang='lat' dir='ltr'><strong>et</strong></span> <span class='ocrx_word' id='word_1_84' title='bbox 2644 603 2754 656; x_wconf 78' lang='lat' dir='ltr'><strong>vita</strong></span> <span class='ocrx_word' id='word_1_85' title='bbox 2778 602 2975 668; x_wconf 91' lang='lat' dir='ltr'><strong>omnis,</strong></span> <span class='ocrx_word' id='word_1_86' title='bbox 3007 611 3063 657; x_wconf 94' lang='lat' dir='ltr'><strong>et</strong></span> <span class='ocrx_word' id='word_1_87' title='bbox 3104 604 3300 658; x_wconf 89' lang='lat' dir='ltr'><strong>mentis</strong></span> <span class='ocrx_word' id='word_1_88' title='bbox 3344 612 3400 657; x_wconf 92' lang='lat' dir='ltr'><strong>et</strong></span> <span class='ocrx_word' id='word_1_89' title='bbox 3444 602 3560 657; x_wconf 82' lang='lat' dir='ltr'><strong>aui-</strong></span> 
     </span>
    </p>
   </div>
   <div class='ocr_carea' id='block_1_13' title="bbox 1984 693 3567 763">
    <p class='ocr_par' dir='ltr' id='par_1_13' title="bbox 1984 693 3567 763">
     <span class='ocr_line' id='line_1_13' title="bbox 1984 693 3567 763; baseline 0.002 -18"><span class='ocrx_word' id='word_1_90' title='bbox 1984 706 2105 745; x_wconf 88' lang='lat' dir='ltr'><strong>mae</strong></span> <span class='ocrx_word' id='word_1_91' title='bbox 2130 705 2162 745; x_wconf 90' lang='lat' dir='ltr'><strong>e</strong></span> <span class='ocrx_word' id='word_1_92' title='bbox 2191 699 2211 745; x_wconf 92' lang='lat' dir='ltr'><strong>t</strong></span> <span class='ocrx_word' id='word_1_93' title='bbox 2237 693 2415 747; x_wconf 86' lang='lat' dir='ltr'><strong>omnis</strong></span> <span class='ocrx_word' id='word_1_94' title='bbox 2443 702 2669 748; x_wconf 88' lang='lat' dir='ltr'><strong>naturae</strong></span> <span class='ocrx_word' id='word_1_95' title='bbox 2697 694 3007 763; x_wconf 89' lang='lat' dir='ltr'><strong>parvitates,</strong></span> <span class='ocrx_word' id='word_1_96' title='bbox 3043 694 3414 763; x_wconf 84' lang='lat' dir='ltr'><strong>aequalitatcs,</strong></span> <span class='ocrx_word' id='word_1_97' title='bbox 3452 708 3567 748; x_wconf 86' lang='lat' dir='ltr'><strong>ma-</strong></span> 
     </span>
    </p>
   </div>
   <div class='ocr_carea' id='block_1_14' title="bbox 1985 782 3597 853">
    <p class='ocr_par' dir='ltr' id='par_1_14' title="bbox 1985 782 3597 853">
     <span class='ocr_line' id='line_1_14' title="bbox 1985 782 3597 853; baseline 0.002 -19"><span class='ocrx_word' id='word_1_98' title='bbox 1985 782 2313 853; x_wconf 82' lang='lat' dir='ltr'><strong>gnitudines,</strong></span> <span class='ocrx_word' id='word_1_99' title='bbox 2349 796 2636 837; x_wconf 89' lang='lat' dir='ltr'><strong>mensurae</strong></span> <span class='ocrx_word' id='word_1_100' title='bbox 2665 797 2853 837; x_wconf 90' lang='lat' dir='ltr'><strong>omnes</strong></span> <span class='ocrx_word' id='word_1_101' title='bbox 2875 823 2889 848; x_wconf 92' lang='lat'><strong>,</strong></span> <span class='ocrx_word' id='word_1_102' title='bbox 2918 783 3266 838; x_wconf 83' lang='lat' dir='ltr'><strong>existentium</strong></span> <span class='ocrx_word' id='word_1_103' title='bbox 3307 783 3597 843; x_wconf 85' lang='lat' dir='ltr'><strong>corratio-,</strong></span> 
     </span>
    </p>
   </div>
   <div class='ocr_carea' id='block_1_15' title="bbox 1987 872 3568 943">
    <p class='ocr_par' dir='ltr' id='par_1_15' title="bbox 1987 872 3568 943">
     <span class='ocr_line' id='line_1_15' title="bbox 1987 872 3568 943; baseline 0.001 -17"><span class='ocrx_word' id='word_1_104' title='bbox 1987 872 2327 937; x_wconf 72' lang='lat' dir='ltr'><strong>nabilita‘es,</strong></span> <span class='ocrx_word' id='word_1_105' title='bbox 2368 881 2422 928; x_wconf 91' lang='lat' dir='ltr'><strong>et</strong></span> <span class='ocrx_word' id='word_1_106' title='bbox 2461 874 2882 943; x_wconf 82' lang='lat' dir='ltr'><strong>compactiones,</strong></span> <span class='ocrx_word' id='word_1_107' title='bbox 2909 883 2963 927; x_wconf 87' lang='lat' dir='ltr'><strong>ct</strong></span> <span class='ocrx_word' id='word_1_108' title='bbox 3006 875 3411 937; x_wconf 83' lang='lat' dir='ltr'><strong>concretiones,</strong></span> <span class='ocrx_word' id='word_1_109' title='bbox 3447 874 3568 927; x_wconf 87' lang='lat' dir='ltr'><strong>uni-</strong></span> 
     </span>
    </p>
   </div>
   <div class='ocr_carea' id='block_1_16' title="bbox 304 953 3573 1035">
    <p class='ocr_par' dir='ltr' id='par_1_16' title="bbox 304 953 3573 1035">
     <span class='ocr_line' id='line_1_16' title="bbox 304 953 3573 1035; baseline 0.002 -27"><span class='ocrx_word' id='word_1_110' title='bbox 304 953 655 1025; x_wconf 71' lang='lat' dir='ltr'><strong>singulariter</strong></span> <span class='ocrx_word' id='word_1_111' title='bbox 676 970 760 1014; x_wconf 87' lang='lat' dir='ltr'><strong>est</strong></span> <span class='ocrx_word' id='word_1_112' title='bbox 789 964 1026 1017; x_wconf 89' lang='lat' dir='ltr'><strong>omnium</strong></span> <span class='ocrx_word' id='word_1_113' title='bbox 1063 966 1347 1019; x_wconf 86' lang='lat' dir='ltr'><strong>multorum</strong></span> <span class='ocrx_word' id='word_1_114' title='bbox 1376 966 1637 1020; x_wconf 90' lang='lat' dir='ltr'><strong>bonorum</strong></span> <span class='ocrx_word' id='word_1_115' title='bbox 1664 974 1722 1020; x_wconf 91' lang='lat' dir='ltr'><strong>et</strong></span> <span class='ocrx_word' id='word_1_116' title='bbox 1746 966 1890 1035; x_wconf 84' lang='lat' dir='ltr'><strong>opti-</strong></span> <span class='ocrx_word' id='word_1_117' title='bbox 1984 963 2292 1025; x_wconf 76' lang='lat' dir='ltr'><strong>versitates,</strong></span> <span class='ocrx_word' id='word_1_118' title='bbox 2323 972 2505 1032; x_wconf 86' lang='lat' dir='ltr'><strong>partes</strong></span> <span class='ocrx_word' id='word_1_119' title='bbox 2552 972 2761 1026; x_wconf 88' lang='lat' dir='ltr'><strong>omnes,</strong></span> <span class='ocrx_word' id='word_1_120' title='bbox 2809 977 2997 1027; x_wconf 91' lang='lat' dir='ltr'><strong>unum,</strong></span> <span class='ocrx_word' id='word_1_121' title='bbox 3028 972 3083 1016; x_wconf 90' lang='lat' dir='ltr'><strong>et</strong></span> <span class='ocrx_word' id='word_1_122' title='bbox 3104 962 3406 1026; x_wconf 86' lang='lat' dir='ltr'><strong>multitudo,</strong></span> <span class='ocrx_word' id='word_1_123' title='bbox 3437 977 3573 1018; x_wconf 62' lang='lat' dir='ltr'><strong>cono‘</strong></span> 
     </span>
    </p>
   </div>
   <div class='ocr_carea' id='block_1_17' title="bbox 304 1052 1891 1112">
    <p class='ocr_par' dir='ltr' id='par_1_17' title="bbox 304 1052 1891 1112">
     <span class='ocr_line' id='line_1_17' title="bbox 304 1052 1891 1112; baseline 0.008 -13"><span class='ocrx_word' id='word_1_124' title='bbox 304 1057 517 1100; x_wconf 84' lang='lat' dir='ltr'><strong>murum</strong></span> <span class='ocrx_word' id='word_1_125' title='bbox 560 1052 795 1105; x_wconf 83' lang='lat' dir='ltr'><strong>causale.</strong></span> <span class='ocrx_word' id='word_1_126' title='bbox 847 1054 922 1108; x_wconf 79' lang='lat' dir='ltr'><strong>Ex</strong></span> <span class='ocrx_word' id='word_1_127' title='bbox 974 1056 1077 1110; x_wconf 90' lang='lat' dir='ltr'><strong>boc</strong></span> <span class='ocrx_word' id='word_1_128' title='bbox 1119 1070 1307 1112; x_wconf 90' lang='lat' dir='ltr'><strong>omnes</strong></span> <span class='ocrx_word' id='word_1_129' title='bbox 1334 1056 1677 1112; x_wconf 77' lang='lat' dir='ltr'><strong>existentium</strong></span> <span class='ocrx_word' id='word_1_130' title='bbox 1706 1072 1891 1112; x_wconf 86' lang='lat' dir='ltr'><strong>essen-</strong></span> 
     </span>
    </p>
   </div>
   <div class='ocr_carea' id='block_1_18' title="bbox 304 1135 1886 1211">
    <p class='ocr_par' dir='ltr' id='par_1_18' title="bbox 304 1135 1886 1211">
     <span class='ocr_line' id='line_1_18' title="bbox 304 1135 1886 1211; baseline 0.008 -22"><span class='ocrx_word' id='word_1_131' title='bbox 304 1135 468 1191; x_wconf 52' lang='lat' dir='ltr'><strong>tialvs</strong></span> <span class='ocrx_word' id='word_1_132' title='bbox 499 1139 895 1205; x_wconf 86' lang='lat' dir='ltr'><strong>subsistentiae,</strong></span> <span class='ocrx_word' id='word_1_133' title='bbox 932 1145 1187 1210; x_wconf 81' lang='lat' dir='ltr'><strong>unitates,</strong></span> <span class='ocrx_word' id='word_1_134' title='bbox 1218 1145 1597 1211; x_wconf 86' lang='lat' dir='ltr'><strong>discretiones,</strong></span> <span class='ocrx_word' id='word_1_135' title='bbox 1629 1147 1886 1201; x_wconf 86' lang='lat' dir='ltr'><strong>immuta-</strong></span> 
     </span>
    </p>
   </div>
   <div class='ocr_carea' id='block_1_19' title="bbox 304 1225 1885 1307">
    <p class='ocr_par' dir='ltr' id='par_1_19' title="bbox 304 1225 1885 1307">
     <span class='ocr_line' id='line_1_19' title="bbox 304 1225 1885 1307; baseline 0.011 -29"><span class='ocrx_word' id='word_1_136' title='bbox 304 1225 568 1294; x_wconf 70' lang='lat' dir='ltr'><strong>bilitatvs,</strong></span> <span class='ocrx_word' id='word_1_137' title='bbox 596 1232 918 1300; x_wconf 87' lang='lat' dir='ltr'><strong>alteritates,</strong></span> <span class='ocrx_word' id='word_1_138' title='bbox 951 1238 1353 1305; x_wconf 82' lang='lat' dir='ltr'><strong>similitudines,</strong></span> <span class='ocrx_word' id='word_1_139' title='bbox 1397 1240 1885 1307; x_wconf 83' lang='lat' dir='ltr'><strong>dissimilitudines,</strong></span> 
     </span>
    </p>
   </div>
   <div class='ocr_carea' id='block_1_20' title="bbox 304 1317 1887 1395">
    <p class='ocr_par' dir='ltr' id='par_1_20' title="bbox 304 1317 1887 1395">
     <span class='ocr_line' id='line_1_20' title="bbox 304 1317 1887 1395; baseline 0.009 -26"><span class='ocrx_word' id='word_1_140' title='bbox 304 1317 596 1373; x_wconf 82' lang='lat' dir='ltr'><strong>societates</strong></span> <span class='ocrx_word' id='word_1_141' title='bbox 642 1324 1077 1391; x_wconf 87' lang='lat' dir='ltr'><strong>contrariorum,</strong></span> <span class='ocrx_word' id='word_1_142' title='bbox 1138 1327 1511 1383; x_wconf 84' lang='lat' dir='ltr'><strong>distinctiones</strong></span> <span class='ocrx_word' id='word_1_143' title='bbox 1569 1330 1887 1395; x_wconf 89' lang='lat' dir='ltr'><strong>unitorum,</strong></span> 
     </span>
    </p>
   </div>
   <div class='ocr_carea' id='block_1_21' title="bbox 305 1406 1889 1490">
    <p class='ocr_par' dir='ltr' id='par_1_21' title="bbox 305 1406 1889 1490">
     <span class='ocr_line' id='line_1_21' title="bbox 305 1406 1889 1490; baseline 0.012 -31"><span class='ocrx_word' id='word_1_144' title='bbox 305 1406 683 1475; x_wconf 78' lang='lat' dir='ltr'><strong>providentiae</strong></span> <span class='ocrx_word' id='word_1_145' title='bbox 724 1417 1062 1484; x_wconf 81' lang='lat' dir='ltr'><strong>superiorum</strong></span> <span class='ocrx_word' id='word_1_146' title='bbox 1088 1457 1104 1482; x_wconf 92' lang='lat'><strong>,</strong></span> <span class='ocrx_word' id='word_1_147' title='bbox 1153 1419 1556 1475; x_wconf 80' lang='lat' dir='ltr'><strong>vicissitudines</strong></span> <span class='ocrx_word' id='word_1_148' title='bbox 1615 1419 1889 1490; x_wconf 77' lang='lat' dir='ltr'><strong>aqutifor-</strong></span> 
     </span>
    </p>
   </div>
   <div class='ocr_carea' id='block_1_22' title="bbox 307 1499 1891 1578">
    <p class='ocr_par' dir='ltr' id='par_1_22' title="bbox 307 1499 1891 1578">
     <span class='ocr_line' id='line_1_22' title="bbox 307 1499 1891 1578; baseline 0.008 -27"><span class='ocrx_word' id='word_1_149' title='bbox 307 1499 504 1564; x_wconf 80' lang='lat' dir='ltr'><strong>mium,</strong></span> <span class='ocrx_word' id='word_1_150' title='bbox 536 1504 913 1559; x_wconf 79' lang='lat' dir='ltr'><strong>conversiones</strong></span> <span class='ocrx_word' id='word_1_151' title='bbox 937 1505 1271 1571; x_wconf 81' lang='lat' dir='ltr'><strong>inferiorum,</strong></span> <span class='ocrx_word' id='word_1_152' title='bbox 1303 1510 1542 1563; x_wconf 91' lang='lat' dir='ltr'><strong>omnium</strong></span> <span class='ocrx_word' id='word_1_153' title='bbox 1566 1508 1891 1578; x_wconf 88' lang='lat' dir='ltr'><strong>semetipsis</strong></span> 
     </span>
    </p>
   </div>
   <div class='ocr_carea' id='block_1_23' title="bbox 304 1594 1891 1655">
    <p class='ocr_par' dir='ltr' id='par_1_23' title="bbox 304 1594 1891 1655">
     <span class='ocr_line' id='line_1_23' title="bbox 304 1594 1891 1655; baseline 0.004 -8"><span class='ocrx_word' id='word_1_154' title='bbox 304 1594 663 1649; x_wconf 80' lang='lat' dir='ltr'><strong>enstoditivae</strong></span> <span class='ocrx_word' id='word_1_155' title='bbox 714 1604 768 1650; x_wconf 89' lang='lat' dir='ltr'><strong>et</strong></span> <span class='ocrx_word' id='word_1_156' title='bbox 801 1597 1160 1654; x_wconf 89' lang='lat' dir='ltr'><strong>immutabiles</strong></span> <span class='ocrx_word' id='word_1_157' title='bbox 1190 1600 1552 1655; x_wconf 81' lang='lat' dir='ltr'><strong>habitationes</strong></span> <span class='ocrx_word' id='word_1_158' title='bbox 1579 1609 1636 1654; x_wconf 93' lang='lat' dir='ltr'><strong>et</strong></span> <span class='ocrx_word' id='word_1_159' title='bbox 1661 1600 1891 1655; x_wconf 87' lang='lat' dir='ltr'><strong>colloca-</strong></span> 
     </span>
    </p>
   </div>
   <div class='ocr_carea' id='block_1_24' title="bbox 305 1684 1892 1760">
    <p class='ocr_par' dir='ltr' id='par_1_24' title="bbox 305 1684 1892 1760">
     <span class='ocr_line' id='line_1_24' title="bbox 305 1684 1892 1760; baseline 0.005 -24"><span class='ocrx_word' id='word_1_160' title='bbox 305 1684 483 1738; x_wconf 83' lang='lat' dir='ltr'><strong>tiOnes</strong></span> <span class='ocrx_word' id='word_1_161' title='bbox 507 1693 599 1738; x_wconf 83' lang='lat' dir='ltr'><strong>:et</strong></span> <span class='ocrx_word' id='word_1_162' title='bbox 630 1684 825 1739; x_wconf 85' lang='lat' dir='ltr'><strong>iterum</strong></span> <span class='ocrx_word' id='word_1_163' title='bbox 855 1688 1094 1741; x_wconf 88' lang='lat' dir='ltr'><strong>omnium</strong></span> <span class='ocrx_word' id='word_1_164' title='bbox 1127 1690 1181 1744; x_wconf 92' lang='lat' dir='ltr'><strong>in</strong></span> <span class='ocrx_word' id='word_1_165' title='bbox 1213 1691 1467 1744; x_wconf 90' lang='lat' dir='ltr'><strong>omnibus</strong></span> <span class='ocrx_word' id='word_1_166' title='bbox 1495 1691 1747 1760; x_wconf 85' lang='lat' dir='ltr'><strong>propriae</strong></span> <span class='ocrx_word' id='word_1_167' title='bbox 1775 1690 1892 1744; x_wconf 56' lang='lat' dir='ltr'><strong>uni.</strong></span> 
     </span>
    </p>
   </div>
   <div class='ocr_carea' id='block_1_25' title="bbox 1980 1052 3566 1127">
    <p class='ocr_par' dir='ltr' id='par_1_25' title="bbox 1980 1052 3566 1127">
     <span class='ocr_line' id='line_1_25' title="bbox 1980 1052 3566 1127; baseline 0 -23"><span class='ocrx_word' id='word_1_168' title='bbox 1980 1052 2292 1122; x_wconf 88' lang='lat' dir='ltr'><strong>junctiones</strong></span> <span class='ocrx_word' id='word_1_169' title='bbox 2335 1053 2609 1121; x_wconf 74' lang='lat' dir='ltr'><strong>partium,</strong></span> <span class='ocrx_word' id='word_1_170' title='bbox 2668 1054 2834 1127; x_wconf 80' lang='lat' dir='ltr'><strong>totius</strong></span> <span class='ocrx_word' id='word_1_171' title='bbox 2885 1053 3245 1107; x_wconf 86' lang='lat' dir='ltr'><strong>multitudinis</strong></span> <span class='ocrx_word' id='word_1_172' title='bbox 3308 1054 3566 1116; x_wconf 77' lang='lat' dir='ltr'><strong>unitates,</strong></span> 
     </span>
    </p>
   </div>
   <div class='ocr_carea' id='block_1_26' title="bbox 1987 1141 3564 1214">
    <p class='ocr_par' dir='ltr' id='par_1_26' title="bbox 1987 1141 3564 1214">
     <span class='ocr_line' id='line_1_26' title="bbox 1987 1141 3564 1214; baseline 0.001 -18"><span class='ocrx_word' id='word_1_173' title='bbox 1987 1141 2478 1197; x_wconf 85' lang='lat' dir='ltr'><strong>consummationes</strong></span> <span class='ocrx_word' id='word_1_174' title='bbox 2522 1143 2987 1198; x_wconf 85' lang='lat' dir='ltr'><strong>universalitatum</strong></span> <span class='ocrx_word' id='word_1_175' title='bbox 3008 1183 3022 1208; x_wconf 94' lang='lat'><strong>,</strong></span> <span class='ocrx_word' id='word_1_176' title='bbox 3053 1144 3242 1213; x_wconf 83' lang='lat' dir='ltr'><strong>quale,</strong></span> <span class='ocrx_word' id='word_1_177' title='bbox 3282 1153 3564 1214; x_wconf 79' lang='lat' dir='ltr'><strong>quantum,</strong></span> 
     </span>
    </p>
   </div>
   <div class='ocr_carea' id='block_1_27' title="bbox 1990 1232 3564 1303">
    <p class='ocr_par' dir='ltr' id='par_1_27' title="bbox 1990 1232 3564 1303">
     <span class='ocr_line' id='line_1_27' title="bbox 1990 1232 3564 1303; baseline 0.003 -16"><span class='ocrx_word' id='word_1_178' title='bbox 1990 1242 2196 1287; x_wconf 88' lang='lat' dir='ltr'><strong>tantum</strong></span> <span class='ocrx_word' id='word_1_179' title='bbox 2225 1272 2240 1297; x_wconf 93' lang='lat'><strong>,</strong></span> <span class='ocrx_word' id='word_1_180' title='bbox 2293 1232 2523 1287; x_wconf 90' lang='lat' dir='ltr'><strong>multum</strong></span> <span class='ocrx_word' id='word_1_181' title='bbox 2559 1273 2575 1298; x_wconf 95' lang='lat'><strong>,</strong></span> <span class='ocrx_word' id='word_1_182' title='bbox 2633 1234 3070 1303; x_wconf 80' lang='lat' dir='ltr'><strong>comparationes</strong></span> <span class='ocrx_word' id='word_1_183' title='bbox 3100 1275 3116 1300; x_wconf 94' lang='lat'><strong>,</strong></span> <span class='ocrx_word' id='word_1_184' title='bbox 3172 1236 3564 1300; x_wconf 87' lang='lat' dir='ltr'><strong>discretiones,</strong></span> 
     </span>
    </p>
   </div>
   <div class='ocr_carea' id='block_1_28' title="bbox 1988 1321 3568 1391">
    <p class='ocr_par' dir='ltr' id='par_1_28' title="bbox 1988 1321 3568 1391">
     <span class='ocr_line' id='line_1_28' title="bbox 1988 1321 3568 1391; baseline 0 -14"><span class='ocrx_word' id='word_1_185' title='bbox 1988 1321 2166 1377; x_wconf 89' lang='lat' dir='ltr'><strong>omnis</strong></span> <span class='ocrx_word' id='word_1_186' title='bbox 2186 1321 2491 1387; x_wconf 90' lang='lat' dir='ltr'><strong>multitudo,</strong></span> <span class='ocrx_word' id='word_1_187' title='bbox 2514 1336 2676 1378; x_wconf 86' lang='lat' dir='ltr'><strong>omne</strong></span> <span class='ocrx_word' id='word_1_188' title='bbox 2695 1334 2986 1388; x_wconf 83' lang='lat' dir='ltr'><strong>summum,</strong></span> <span class='ocrx_word' id='word_1_189' title='bbox 3013 1325 3224 1379; x_wconf 87' lang='lat' dir='ltr'><strong>termini</strong></span> <span class='ocrx_word' id='word_1_190' title='bbox 3246 1338 3461 1391; x_wconf 73' lang='lat' dir='ltr'><strong>omnes,</strong></span> <span class='ocrx_word' id='word_1_191' title='bbox 3477 1340 3568 1382; x_wconf 79' lang='lat' dir='ltr'><strong>0r-</strong></span> 
     </span>
    </p>
   </div>
   <div class='ocr_carea' id='block_1_29' title="bbox 1990 1410 3585 1479">
    <p class='ocr_par' dir='ltr' id='par_1_29' title="bbox 1990 1410 3585 1479">
     <span class='ocr_line' id='line_1_29' title="bbox 1990 1410 3585 1479; baseline 0.002 -15"><span class='ocrx_word' id='word_1_192' title='bbox 1990 1410 2165 1473; x_wconf 85' lang='lat' dir='ltr'><strong>dines,</strong></span> <span class='ocrx_word' id='word_1_193' title='bbox 2181 1410 2526 1476; x_wconf 89' lang='lat' dir='ltr'><strong>eminentiae,</strong></span> <span class='ocrx_word' id='word_1_194' title='bbox 2547 1411 2832 1479; x_wconf 86' lang='lat' dir='ltr'><strong>elementa,</strong></span> <span class='ocrx_word' id='word_1_195' title='bbox 2859 1412 3086 1479; x_wconf 81' lang='lat' dir='ltr'><strong>formae,</strong></span> <span class='ocrx_word' id='word_1_196' title='bbox 3114 1415 3295 1469; x_wconf 88' lang='lat' dir='ltr'><strong>omnis</strong></span> <span class='ocrx_word' id='word_1_197' title='bbox 3311 1416 3542 1471; x_wconf 75' lang='lat' dir='ltr'><strong>essentia</strong></span> <span class='ocrx_word' id='word_1_198' title='bbox 3556 1457 3585 1477; x_wconf 43' lang='grc' dir='ltr'><strong>,η</strong></span> 
     </span>
    </p>
   </div>
   <div class='ocr_carea' id='block_1_30' title="bbox 1990 1501 3575 1573">
    <p class='ocr_par' dir='ltr' id='par_1_30' title="bbox 1990 1501 3575 1573">
     <span class='ocr_line' id='line_1_30' title="bbox 1990 1501 3575 1573; baseline 0.004 -17"><span class='ocrx_word' id='word_1_199' title='bbox 1990 1501 2166 1556; x_wconf 91' lang='lat' dir='ltr'><strong>omnis</strong></span> <span class='ocrx_word' id='word_1_200' title='bbox 2199 1502 2390 1567; x_wconf 89' lang='lat' dir='ltr'><strong>virtus,</strong></span> <span class='ocrx_word' id='word_1_201' title='bbox 2424 1503 2602 1557; x_wconf 90' lang='lat' dir='ltr'><strong>omnis</strong></span> <span class='ocrx_word' id='word_1_202' title='bbox 2634 1505 2896 1573; x_wconf 74' lang='lat' dir='ltr'><strong>Operatio,</strong></span> <span class='ocrx_word' id='word_1_203' title='bbox 2923 1506 3101 1560; x_wconf 87' lang='lat' dir='ltr'><strong>omnis</strong></span> <span class='ocrx_word' id='word_1_204' title='bbox 3134 1506 3372 1569; x_wconf 84' lang='lat' dir='ltr'><strong>habitus,</strong></span> <span class='ocrx_word' id='word_1_205' title='bbox 3395 1507 3575 1562; x_wconf 87' lang='lat' dir='ltr'><strong>omnis</strong></span> 
     </span>
    </p>
   </div>
   <div class='ocr_carea' id='block_1_31' title="bbox 1991 1594 3573 1661">
    <p class='ocr_par' dir='ltr' id='par_1_31' title="bbox 1991 1594 3573 1661">
     <span class='ocr_line' id='line_1_31' title="bbox 1991 1594 3573 1661; baseline 0.003 -13"><span class='ocrx_word' id='word_1_206' title='bbox 1991 1606 2203 1657; x_wconf 79' lang='lat' dir='ltr'><strong>sensus,</strong></span> <span class='ocrx_word' id='word_1_207' title='bbox 2222 1594 2399 1648; x_wconf 88' lang='lat' dir='ltr'><strong>omnis</strong></span> <span class='ocrx_word' id='word_1_208' title='bbox 2411 1594 2570 1660; x_wconf 90' lang='lat' dir='ltr'><strong>ratio,</strong></span> <span class='ocrx_word' id='word_1_209' title='bbox 2586 1596 2762 1650; x_wconf 88' lang='lat' dir='ltr'><strong>omnis</strong></span> <span class='ocrx_word' id='word_1_210' title='bbox 2776 1596 3097 1661; x_wconf 88' lang='lat' dir='ltr'><strong>intellectus,</strong></span> <span class='ocrx_word' id='word_1_211' title='bbox 3114 1598 3291 1652; x_wconf 88' lang='lat' dir='ltr'><strong>omnis</strong></span> <span class='ocrx_word' id='word_1_212' title='bbox 3304 1598 3573 1653; x_wconf 84' lang='lat' dir='ltr'><strong>illumina-</strong></span> 
     </span>
    </p>
   </div>
   <div class='ocr_carea' id='block_1_32' title="bbox 1950 1683 3585 1759">
    <p class='ocr_par' dir='ltr' id='par_1_32' title="bbox 1950 1683 3585 1759">
     <span class='ocr_line' id='line_1_32' title="bbox 1950 1683 3585 1759; baseline 0.005 -23"><span class='ocrx_word' id='word_1_213' title='bbox 1950 1754 1959 1759; x_wconf 20' lang='grc' dir='ltr'><strong>ι</strong></span> <span class='ocrx_word' id='word_1_214' title='bbox 1993 1683 2088 1746; x_wconf 83' lang='grc' dir='ltr'><strong>ιίο,</strong></span> <span class='ocrx_word' id='word_1_215' title='bbox 2104 1684 2280 1738; x_wconf 89' lang='lat' dir='ltr'><strong>omnis</strong></span> <span class='ocrx_word' id='word_1_216' title='bbox 2305 1684 2554 1750; x_wconf 87' lang='lat' dir='ltr'><strong>scientia,</strong></span> <span class='ocrx_word' id='word_1_217' title='bbox 2570 1687 2746 1741; x_wconf 92' lang='lat' dir='ltr'><strong>omnis</strong></span> <span class='ocrx_word' id='word_1_218' title='bbox 2765 1688 2945 1742; x_wconf 89' lang='lat' dir='ltr'><strong>unitas</strong></span> <span class='ocrx_word' id='word_1_219' title='bbox 2962 1728 2978 1753; x_wconf 92' lang='lat'><strong>,</strong></span> <span class='ocrx_word' id='word_1_220' title='bbox 3002 1698 3057 1743; x_wconf 90' lang='lat' dir='ltr'><strong>et</strong></span> <span class='ocrx_word' id='word_1_221' title='bbox 3080 1689 3399 1759; x_wconf 82' lang='lat' dir='ltr'><strong>simpliciter</strong></span> <span class='ocrx_word' id='word_1_222' title='bbox 3411 1703 3585 1744; x_wconf 76' lang='lat' dir='ltr'><strong>omne</strong></span> 
     </span>
    </p>
   </div>
   <div class='ocr_carea' id='block_1_33' title="bbox 303 1770 3572 1851">
    <p class='ocr_par' dir='ltr' id='par_1_33' title="bbox 303 1770 3572 1851">
     <span class='ocr_line' id='line_1_33' title="bbox 303 1770 3572 1851; baseline 0.002 -22"><span class='ocrx_word' id='word_1_223' title='bbox 303 1777 502 1845; x_wconf 72' lang='lat' dir='ltr'><strong>utique</strong></span> <span class='ocrx_word' id='word_1_224' title='bbox 526 1778 837 1843; x_wconf 85' lang='lat' dir='ltr'><strong>societates,</strong></span> <span class='ocrx_word' id='word_1_225' title='bbox 858 1786 913 1832; x_wconf 88' lang='lat' dir='ltr'><strong>et</strong></span> <span class='ocrx_word' id='word_1_226' title='bbox 943 1781 1463 1851; x_wconf 87' lang='lat' dir='ltr'><strong>compaginationes,</strong></span> <span class='ocrx_word' id='word_1_227' title='bbox 1495 1789 1550 1835; x_wconf 89' lang='lat' dir='ltr'><strong>et</strong></span> <span class='ocrx_word' id='word_1_228' title='bbox 1575 1780 1889 1835; x_wconf 80' lang='lat' dir='ltr'><strong>inconfusae</strong></span> <span class='ocrx_word' id='word_1_229' title='bbox 1917 1770 1961 1830; x_wconf 86' lang='grc' dir='ltr'><strong>Β</strong></span> <span class='ocrx_word' id='word_1_230' title='bbox 1990 1771 2045 1830; x_wconf 78' lang='grc' dir='ltr'><strong>ὃν</strong></span> <span class='ocrx_word' id='word_1_231' title='bbox 2062 1776 2130 1830; x_wconf 65' lang='lat' dir='ltr'><strong>ea</strong></span> <span class='ocrx_word' id='word_1_232' title='bbox 2163 1777 2304 1830; x_wconf 92' lang='lat' dir='ltr'><strong>bono</strong></span> <span class='ocrx_word' id='word_1_233' title='bbox 2329 1784 2384 1831; x_wconf 90' lang='lat' dir='ltr'><strong>et</strong></span> <span class='ocrx_word' id='word_1_234' title='bbox 2407 1777 2635 1847; x_wconf 86' lang='lat' dir='ltr'><strong>optimo,</strong></span> <span class='ocrx_word' id='word_1_235' title='bbox 2663 1786 2720 1833; x_wconf 88' lang='lat' dir='ltr'><strong>et</strong></span> <span class='ocrx_word' id='word_1_236' title='bbox 2764 1779 2818 1832; x_wconf 92' lang='lat' dir='ltr'><strong>in</strong></span> <span class='ocrx_word' id='word_1_237' title='bbox 2845 1778 2987 1833; x_wconf 89' lang='lat' dir='ltr'><strong>bono</strong></span> <span class='ocrx_word' id='word_1_238' title='bbox 3008 1788 3061 1833; x_wconf 92' lang='lat' dir='ltr'><strong>et</strong></span> <span class='ocrx_word' id='word_1_239' title='bbox 3083 1779 3289 1849; x_wconf 91' lang='lat' dir='ltr'><strong>optimo</strong></span> <span class='ocrx_word' id='word_1_240' title='bbox 3309 1787 3412 1845; x_wconf 89' lang='lat' dir='ltr'><strong>est,</strong></span> <span class='ocrx_word' id='word_1_241' title='bbox 3437 1789 3492 1835; x_wconf 88' lang='lat' dir='ltr'><strong>et</strong></span> <span class='ocrx_word' id='word_1_242' title='bbox 3510 1781 3572 1834; x_wconf 83' lang='lat' dir='ltr'><strong>in</strong></span> 
     </span>
    </p>
   </div>
   <div class='ocr_carea' id='block_1_34' title="bbox 304 1866 1888 1936">
    <p class='ocr_par' dir='ltr' id='par_1_34' title="bbox 304 1866 1888 1936">
     <span class='ocr_line' id='line_1_34' title="bbox 304 1866 1888 1936; baseline 0.004 -17"><span class='ocrx_word' id='word_1_243' title='bbox 304 1866 598 1931; x_wconf 70' lang='lat' dir='ltr'><strong>amicitiae,</strong></span> <span class='ocrx_word' id='word_1_244' title='bbox 628 1879 683 1922; x_wconf 90' lang='lat' dir='ltr'><strong>et</strong></span> <span class='ocrx_word' id='word_1_245' title='bbox 712 1869 1030 1925; x_wconf 87' lang='lat' dir='ltr'><strong>harmoniae</strong></span> <span class='ocrx_word' id='word_1_246' title='bbox 1075 1872 1445 1926; x_wconf 89' lang='lat' dir='ltr'><strong>universitatis</strong></span> <span class='ocrx_word' id='word_1_247' title='bbox 1468 1911 1483 1936; x_wconf 93' lang='lat'><strong>,</strong></span> <span class='ocrx_word' id='word_1_248' title='bbox 1535 1871 1590 1925; x_wconf 94' lang='lat' dir='ltr'><strong>in</strong></span> <span class='ocrx_word' id='word_1_249' title='bbox 1636 1871 1888 1926; x_wconf 82' lang='lat' dir='ltr'><strong>universo</strong></span> 
     </span>
    </p>
   </div>
   <div class='ocr_carea' id='block_1_35' title="bbox 302 1958 1887 2024">
    <p class='ocr_par' dir='ltr' id='par_1_35' title="bbox 302 1958 1887 2024">
     <span class='ocr_line' id='line_1_35' title="bbox 302 1958 1887 2024; baseline 0.003 -14"><span class='ocrx_word' id='word_1_250' title='bbox 302 1958 702 2024; x_wconf 84' lang='lat' dir='ltr'><strong>concretiones,</strong></span> <span class='ocrx_word' id='word_1_251' title='bbox 751 1959 1063 2015; x_wconf 78' lang='lat' dir='ltr'><strong>insolubiles</strong></span> <span class='ocrx_word' id='word_1_252' title='bbox 1132 1962 1495 2017; x_wconf 83' lang='lat' dir='ltr'><strong>continentiae</strong></span> <span class='ocrx_word' id='word_1_253' title='bbox 1540 1960 1887 2017; x_wconf 81' lang='lat' dir='ltr'><strong>existentinm</strong></span> 
     </span>
    </p>
   </div>
   <div class='ocr_carea' id='block_1_36' title="bbox 303 2047 1893 2121">
    <p class='ocr_par' dir='ltr' id='par_1_36' title="bbox 303 2047 1893 2121">
     <span class='ocr_line' id='line_1_36' title="bbox 303 2047 1893 2121; baseline 0.004 -22"><span class='ocrx_word' id='word_1_254' title='bbox 303 2060 418 2100; x_wconf 86' lang='lat' dir='ltr'><strong>non</strong></span> <span class='ocrx_word' id='word_1_255' title='bbox 472 2047 790 2104; x_wconf 85' lang='lat' dir='ltr'><strong>deﬁcientes</strong></span> <span class='ocrx_word' id='word_1_256' title='bbox 852 2054 1225 2121; x_wconf 81' lang='lat' dir='ltr'><strong>susceptioncs</strong></span> <span class='ocrx_word' id='word_1_257' title='bbox 1271 2052 1676 2118; x_wconf 82' lang='lat' dir='ltr'><strong>faciendorum,</strong></span> <span class='ocrx_word' id='word_1_258' title='bbox 1715 2060 1893 2106; x_wconf 83' lang='lat' dir='ltr'><strong>status</strong></span> 
     </span>
    </p>
   </div>
   <div class='ocr_carea' id='block_1_37' title="bbox 301 2143 1887 2209">
    <p class='ocr_par' dir='ltr' id='par_1_37' title="bbox 301 2143 1887 2209">
     <span class='ocr_line' id='line_1_37' title="bbox 301 2143 1887 2209; baseline 0.003 -18"><span class='ocrx_word' id='word_1_259' title='bbox 301 2151 497 2192; x_wconf 87' lang='lat' dir='ltr'><strong>omnes</strong></span> <span class='ocrx_word' id='word_1_260' title='bbox 518 2148 572 2192; x_wconf 87' lang='lat' dir='ltr'><strong>et</strong></span> <span class='ocrx_word' id='word_1_261' title='bbox 597 2150 772 2195; x_wconf 89' lang='lat' dir='ltr'><strong>motus</strong></span> <span class='ocrx_word' id='word_1_262' title='bbox 799 2157 811 2194; x_wconf 90' lang='lat'>:</span> <span class='ocrx_word' id='word_1_263' title='bbox 841 2143 930 2196; x_wconf 90' lang='lat' dir='ltr'><strong>alii</strong></span> <span class='ocrx_word' id='word_1_264' title='bbox 960 2143 1418 2207; x_wconf 88' lang='lat' dir='ltr'><strong>iutellectualimn,</strong></span> <span class='ocrx_word' id='word_1_265' title='bbox 1447 2144 1535 2199; x_wconf 86' lang='lat' dir='ltr'><strong>alii</strong></span> <span class='ocrx_word' id='word_1_266' title='bbox 1561 2144 1887 2209; x_wconf 90' lang='lat' dir='ltr'><strong>animarum,</strong></span> 
     </span>
    </p>
   </div>
   <div class='ocr_carea' id='block_1_38' title="bbox 303 2223 1895 2297">
    <p class='ocr_par' dir='ltr' id='par_1_38' title="bbox 303 2223 1895 2297">
     <span class='ocr_line' id='line_1_38' title="bbox 303 2223 1895 2297; baseline 0.006 -18"><span class='ocrx_word' id='word_1_267' title='bbox 303 2223 398 2279; x_wconf 86' lang='lat' dir='ltr'><strong>alii</strong></span> <span class='ocrx_word' id='word_1_268' title='bbox 426 2241 734 2297; x_wconf 87' lang='lat' dir='ltr'><strong>corporum.</strong></span> <span class='ocrx_word' id='word_1_269' title='bbox 785 2228 972 2285; x_wconf 84' lang='lat' dir='ltr'><strong>Status</strong></span> <span class='ocrx_word' id='word_1_270' title='bbox 1015 2233 1161 2288; x_wconf 91' lang='lat' dir='ltr'><strong>enim</strong></span> <span class='ocrx_word' id='word_1_271' title='bbox 1211 2243 1295 2287; x_wconf 89' lang='lat' dir='ltr'><strong>est</strong></span> <span class='ocrx_word' id='word_1_272' title='bbox 1318 2234 1572 2288; x_wconf 89' lang='lat' dir='ltr'><strong>omnibus</strong></span> <span class='ocrx_word' id='word_1_273' title='bbox 1598 2241 1653 2287; x_wconf 89' lang='lat' dir='ltr'><strong>et</strong></span> <span class='ocrx_word' id='word_1_274' title='bbox 1682 2241 1895 2296; x_wconf 64' lang='lat' dir='ltr'><strong>motus,</strong></span> 
     </span>
    </p>
   </div>
   <div class='ocr_carea' id='block_1_39' title="bbox 307 2326 1901 2391">
    <p class='ocr_par' dir='ltr' id='par_1_39' title="bbox 307 2326 1901 2391">
     <span class='ocr_line' id='line_1_39' title="bbox 307 2326 1901 2391; baseline 0.003 -16"><span class='ocrx_word' id='word_1_275' title='bbox 307 2335 477 2391; x_wconf 88' lang='lat' dir='ltr'><strong>super</strong></span> <span class='ocrx_word' id='word_1_276' title='bbox 503 2338 718 2378; x_wconf 90' lang='lat' dir='ltr'><strong>omnem</strong></span> <span class='ocrx_word' id='word_1_277' title='bbox 748 2334 949 2380; x_wconf 89' lang='lat' dir='ltr'><strong>statum</strong></span> <span class='ocrx_word' id='word_1_278' title='bbox 999 2337 1054 2382; x_wconf 82' lang='lat' dir='ltr'><strong>et</strong></span> <span class='ocrx_word' id='word_1_279' title='bbox 1088 2342 1301 2383; x_wconf 83' lang='lat' dir='ltr'><strong>omnem</strong></span> <span class='ocrx_word' id='word_1_280' title='bbox 1351 2337 1554 2381; x_wconf 87' lang='lat' dir='ltr'><strong>motum</strong></span> <span class='ocrx_word' id='word_1_281' title='bbox 1617 2326 1901 2381; x_wconf 14' lang='lat' dir='ltr'><strong>collocatis;</strong></span> 
     </span>
    </p>
   </div>
   <div class='ocr_carea' id='block_1_40' title="bbox 302 2414 1891 2486">
    <p class='ocr_par' dir='ltr' id='par_1_40' title="bbox 302 2414 1891 2486">
     <span class='ocr_line' id='line_1_40' title="bbox 302 2414 1891 2486; baseline 0.003 -20"><span class='ocrx_word' id='word_1_282' title='bbox 302 2414 731 2483; x_wconf 82' lang='lat' dir='ltr'><strong>unumquodque</strong></span> <span class='ocrx_word' id='word_1_283' title='bbox 763 2415 817 2468; x_wconf 92' lang='lat' dir='ltr'><strong>in</strong></span> <span class='ocrx_word' id='word_1_284' title='bbox 846 2416 1044 2472; x_wconf 87' lang='lat' dir='ltr'><strong>suimet</strong></span> <span class='ocrx_word' id='word_1_285' title='bbox 1094 2418 1322 2482; x_wconf 90' lang='lat' dir='ltr'><strong>ratione,</strong></span> <span class='ocrx_word' id='word_1_286' title='bbox 1355 2427 1409 2472; x_wconf 89' lang='lat' dir='ltr'><strong>et</strong></span> <span class='ocrx_word' id='word_1_287' title='bbox 1438 2432 1659 2472; x_wconf 88' lang='lat' dir='ltr'><strong>movens</strong></span> <span class='ocrx_word' id='word_1_288' title='bbox 1686 2417 1738 2471; x_wconf 93' lang='lat' dir='ltr'><strong>in</strong></span> <span class='ocrx_word' id='word_1_289' title='bbox 1766 2431 1891 2486; x_wconf 58' lang='lat' dir='ltr'><strong>pro.</strong></span> 
     </span>
    </p>
   </div>
   <div class='ocr_carea' id='block_1_41' title="bbox 303 2506 1895 2580">
    <p class='ocr_par' dir='ltr' id='par_1_41' title="bbox 303 2506 1895 2580">
     <span class='ocr_line' id='line_1_41' title="bbox 303 2506 1895 2580; baseline 0.003 -22"><span class='ocrx_word' id='word_1_290' title='bbox 303 2506 486 2576; x_wconf 85' lang='lat' dir='ltr'><strong>prium</strong></span> <span class='ocrx_word' id='word_1_291' title='bbox 516 2516 741 2561; x_wconf 87' lang='lat' dir='ltr'><strong>motum.</strong></span> <span class='ocrx_word' id='word_1_292' title='bbox 794 2508 860 2562; x_wconf 84' lang='lat' dir='ltr'><strong>Et</strong></span> <span class='ocrx_word' id='word_1_293' title='bbox 899 2511 1102 2564; x_wconf 90' lang='lat' dir='ltr'><strong>moveri</strong></span> <span class='ocrx_word' id='word_1_294' title='bbox 1155 2510 1371 2580; x_wconf 89' lang='lat' dir='ltr'><strong>quidem</strong></span> <span class='ocrx_word' id='word_1_295' title='bbox 1422 2510 1589 2564; x_wconf 85' lang='lat' dir='ltr'><strong>divini</strong></span> <span class='ocrx_word' id='word_1_296' title='bbox 1636 2509 1895 2563; x_wconf 83' lang='lat' dir='ltr'><strong>dicuntur</strong></span> 
     </span>
    </p>
   </div>
   <div class='ocr_carea' id='block_1_42' title="bbox 309 2586 1890 2676">
    <p class='ocr_par' dir='ltr' id='par_1_42' title="bbox 309 2586 1890 2676">
     <span class='ocr_line' id='line_1_42' title="bbox 309 2586 1890 2676; baseline 0.004 -27"><span class='ocrx_word' id='word_1_297' title='bbox 309 2596 480 2650; x_wconf 90' lang='lat' dir='ltr'><strong>animi</strong></span> <span class='ocrx_word' id='word_1_298' title='bbox 527 2612 543 2651; x_wconf 90' lang='lat'><strong>:</strong></span> <span class='ocrx_word' id='word_1_299' title='bbox 595 2598 932 2653; x_wconf 88' lang='lat' dir='ltr'><strong>circulariter</strong></span> <span class='ocrx_word' id='word_1_300' title='bbox 1009 2586 1265 2671; x_wconf 85' lang='lat' dir='ltr'><strong>quidem,</strong></span> <span class='ocrx_word' id='word_1_301' title='bbox 1319 2602 1452 2656; x_wconf 86' lang='lat' dir='ltr'><strong>uniti</strong></span> <span class='ocrx_word' id='word_1_302' title='bbox 1513 2617 1618 2676; x_wconf 73' lang='lat' dir='ltr'><strong>non</strong></span> <span class='ocrx_word' id='word_1_303' title='bbox 1696 2600 1890 2655; x_wconf 85' lang='lat' dir='ltr'><strong>incho-</strong></span> 
     </span>
    </p>
   </div>
   <div class='ocr_carea' id='block_1_43' title="bbox 308 2689 1889 2749">
    <p class='ocr_par' dir='ltr' id='par_1_43' title="bbox 308 2689 1889 2749">
     <span class='ocr_line' id='line_1_43' title="bbox 308 2689 1889 2749; baseline 0.003 -8"><span class='ocrx_word' id='word_1_304' title='bbox 308 2689 533 2745; x_wconf 80' lang='lat' dir='ltr'><strong>antibus</strong></span> <span class='ocrx_word' id='word_1_305' title='bbox 591 2700 647 2745; x_wconf 87' lang='lat' dir='ltr'><strong>et</strong></span> <span class='ocrx_word' id='word_1_306' title='bbox 706 2706 808 2744; x_wconf 90' lang='lat' dir='ltr'><strong>non</strong></span> <span class='ocrx_word' id='word_1_307' title='bbox 864 2693 1167 2749; x_wconf 84' lang='lat' dir='ltr'><strong>terminatis</strong></span> <span class='ocrx_word' id='word_1_308' title='bbox 1211 2693 1688 2748; x_wconf 85' lang='lat' dir='ltr'><strong>illuminationiluts</strong></span> <span class='ocrx_word' id='word_1_309' title='bbox 1763 2691 1889 2747; x_wconf 88' lang='lat' dir='ltr'><strong>boni</strong></span> 
     </span>
    </p>
   </div>
   <div class='ocr_carea' id='block_1_44' title="bbox 308 2779 1890 2851">
    <p class='ocr_par' dir='ltr' id='par_1_44' title="bbox 308 2779 1890 2851">
     <span class='ocr_line' id='line_1_44' title="bbox 308 2779 1890 2851; baseline 0.003 -20"><span class='ocrx_word' id='word_1_310' title='bbox 308 2788 368 2831; x_wconf 88' lang='lat' dir='ltr'><strong>et</strong></span> <span class='ocrx_word' id='word_1_311' title='bbox 398 2780 545 2847; x_wconf 72' lang='lat' dir='ltr'><strong>Opli‘t</strong></span> <span class='ocrx_word' id='word_1_312' title='bbox 572 2779 586 2832; x_wconf 94' lang='lat' dir='ltr'><strong>i</strong></span> <span class='ocrx_word' id='word_1_313' title='bbox 620 2797 633 2832; x_wconf 92' lang='lat'>:</span> <span class='ocrx_word' id='word_1_314' title='bbox 660 2780 906 2834; x_wconf 87' lang='lat' dir='ltr'><strong>directim</strong></span> <span class='ocrx_word' id='word_1_315' title='bbox 935 2795 1081 2843; x_wconf 87' lang='lat' dir='ltr'><strong>vero,</strong></span> <span class='ocrx_word' id='word_1_316' title='bbox 1118 2783 1545 2851; x_wconf 74' lang='lat' dir='ltr'><strong>quandocumque</strong></span> <span class='ocrx_word' id='word_1_317' title='bbox 1570 2781 1890 2851; x_wconf 85' lang='lat' dir='ltr'><strong>proveniunt</strong></span> 
     </span>
    </p>
   </div>
   <div class='ocr_carea' id='block_1_45' title="bbox 310 2870 1889 2941">
    <p class='ocr_par' dir='ltr' id='par_1_45' title="bbox 310 2870 1889 2941">
     <span class='ocr_line' id='line_1_45' title="bbox 310 2870 1889 2941; baseline 0.002 -18"><span class='ocrx_word' id='word_1_318' title='bbox 310 2870 368 2923; x_wconf 81' lang='lat' dir='ltr'><strong>ir.</strong></span> <span class='ocrx_word' id='word_1_319' title='bbox 412 2870 775 2936; x_wconf 73' lang='lat' dir='ltr'><strong>subjectorum</strong></span> <span class='ocrx_word' id='word_1_320' title='bbox 804 2872 1237 2941; x_wconf 83' lang='lat' dir='ltr'><strong>providentiam,</strong></span> <span class='ocrx_word' id='word_1_321' title='bbox 1284 2882 1433 2927; x_wconf 91' lang='lat' dir='ltr'><strong>recta</strong></span> <span class='ocrx_word' id='word_1_322' title='bbox 1477 2873 1658 2927; x_wconf 88' lang='lat' dir='ltr'><strong>omnia</strong></span> <span class='ocrx_word' id='word_1_323' title='bbox 1701 2874 1889 2928; x_wconf 57' lang='lat' dir='ltr'><strong>tenui»</strong></span> 
     </span>
    </p>
   </div>
   <div class='ocr_carea' id='block_1_46' title="bbox 310 2963 1885 3034">
    <p class='ocr_par' dir='ltr' id='par_1_46' title="bbox 310 2963 1885 3034">
     <span class='ocr_line' id='line_1_46' title="bbox 310 2963 1885 3034; baseline 0.001 -18"><span class='ocrx_word' id='word_1_324' title='bbox 310 2972 508 3017; x_wconf 82' lang='lat' dir='ltr'><strong>nantes</strong></span> <span class='ocrx_word' id='word_1_325' title='bbox 537 2978 552 3017; x_wconf 90' lang='lat'><strong>:</strong></span> <span class='ocrx_word' id='word_1_326' title='bbox 580 2964 830 3034; x_wconf 79' lang='lat' dir='ltr'><strong>oblique,</strong></span> <span class='ocrx_word' id='word_1_327' title='bbox 878 2964 1005 3034; x_wconf 87' lang='lat' dir='ltr'><strong>quia</strong></span> <span class='ocrx_word' id='word_1_328' title='bbox 1053 2973 1115 3018; x_wconf 90' lang='lat' dir='ltr'><strong>et</strong></span> <span class='ocrx_word' id='word_1_329' title='bbox 1156 2964 1497 3033; x_wconf 76' lang='lat' dir='ltr'><strong>prmident&#39;es</strong></span> <span class='ocrx_word' id='word_1_330' title='bbox 1523 2963 1885 3024; x_wconf 76' lang='lat' dir='ltr'><strong>inferioribus.</strong></span> 
     </span>
    </p>
   </div>
   <div class='ocr_carea' id='block_1_47' title="bbox 310 3053 1893 3119">
    <p class='ocr_par' dir='ltr' id='par_1_47' title="bbox 310 3053 1893 3119">
     <span class='ocr_line' id='line_1_47' title="bbox 310 3053 1893 3119; baseline 0.001 -12"><span class='ocrx_word' id='word_1_331' title='bbox 310 3053 763 3110; x_wconf 86' lang='lat' dir='ltr'><strong>inreversibiliter</strong></span> <span class='ocrx_word' id='word_1_332' title='bbox 817 3065 1040 3111; x_wconf 90' lang='lat' dir='ltr'><strong>manent</strong></span> <span class='ocrx_word' id='word_1_333' title='bbox 1097 3057 1153 3110; x_wconf 86' lang='lat' dir='ltr'><strong>in</strong></span> <span class='ocrx_word' id='word_1_334' title='bbox 1202 3056 1679 3119; x_wconf 86' lang='lat' dir='ltr'><strong>immutabilitate,</strong></span> <span class='ocrx_word' id='word_1_335' title='bbox 1740 3056 1893 3110; x_wconf 82' lang='lat' dir='ltr'><strong>circa</strong></span> 
     </span>
    </p>
   </div>
   <div class='ocr_carea' id='block_1_48' title="bbox 314 3127 1963 3219">
    <p class='ocr_par' dir='ltr' id='par_1_48' title="bbox 314 3127 1963 3219">
     <span class='ocr_line' id='line_1_48' title="bbox 314 3127 1963 3219; baseline 0.002 -19"><span class='ocrx_word' id='word_1_336' title='bbox 314 3146 783 3204; x_wconf 75' lang='lat' dir='ltr'><strong>imtnutabilitatis</strong></span> <span class='ocrx_word' id='word_1_337' title='bbox 817 3150 1033 3205; x_wconf 82' lang='lat' dir='ltr'><strong>causale</strong></span> <span class='ocrx_word' id='word_1_338' title='bbox 1082 3150 1278 3205; x_wconf 90' lang='lat' dir='ltr'><strong>bonum</strong></span> <span class='ocrx_word' id='word_1_339' title='bbox 1327 3158 1382 3205; x_wconf 91' lang='lat' dir='ltr'><strong>et</strong></span> <span class='ocrx_word' id='word_1_340' title='bbox 1407 3149 1671 3219; x_wconf 88' lang='lat' dir='ltr'><strong>optimum</strong></span> <span class='ocrx_word' id='word_1_341' title='bbox 1711 3148 1890 3203; x_wconf 78' lang='lat' dir='ltr'><strong>inces-</strong></span> <span class='ocrx_word' id='word_1_342' title='bbox 1919 3127 1963 3186; x_wconf 68' lang='grc' dir='ltr'>Ο</span> 
     </span>
    </p>
   </div>
   <div class='ocr_carea' id='block_1_49' title="bbox 312 3239 1895 3295">
    <p class='ocr_par' dir='ltr' id='par_1_49' title="bbox 312 3239 1895 3295">
     <span class='ocr_line' id='line_1_49' title="bbox 312 3239 1895 3295; baseline 0.001 -3"><span class='ocrx_word' id='word_1_343' title='bbox 312 3246 500 3293; x_wconf 88' lang='lat' dir='ltr'><strong>santer</strong></span> <span class='ocrx_word' id='word_1_344' title='bbox 519 3239 932 3295; x_wconf 72' lang='lat' dir='ltr'><strong>circumeuntes.</strong></span> <span class='ocrx_word' id='word_1_345' title='bbox 949 3240 1174 3294; x_wconf 79' lang='lat' dir='ltr'><strong>Animae</strong></span> <span class='ocrx_word' id='word_1_346' title='bbox 1189 3246 1205 3276; x_wconf 78' lang='grc' dir='ltr'><strong><em>ι</em></strong></span> <span class='ocrx_word' id='word_1_347' title='bbox 1228 3247 1406 3294; x_wconf 87' lang='lat' dir='ltr'><strong>autem</strong></span> <span class='ocrx_word' id='word_1_348' title='bbox 1424 3247 1698 3293; x_wconf 87' lang='lat' dir='ltr'><strong>motnsest</strong></span> <span class='ocrx_word' id='word_1_349' title='bbox 1718 3239 1895 3294; x_wconf 81' lang='lat' dir='ltr'><strong>circu-</strong></span> 
     </span>
    </p>
   </div>
   <div class='ocr_carea' id='block_1_50' title="bbox 316 3328 1902 3400">
    <p class='ocr_par' dir='ltr' id='par_1_50' title="bbox 316 3328 1902 3400">
     <span class='ocr_line' id='line_1_50' title="bbox 316 3328 1902 3400; baseline 0.003 -19"><span class='ocrx_word' id='word_1_350' title='bbox 316 3328 450 3383; x_wconf 91' lang='lat' dir='ltr'><strong>laris</strong></span> <span class='ocrx_word' id='word_1_351' title='bbox 474 3329 727 3397; x_wconf 78' lang='lat' dir='ltr'><strong>quidem&#39;</strong></span> <span class='ocrx_word' id='word_1_352' title='bbox 760 3331 813 3385; x_wconf 88' lang='lat' dir='ltr'><strong>in</strong></span> <span class='ocrx_word' id='word_1_353' title='bbox 870 3333 1216 3400; x_wconf 75' lang='lat' dir='ltr'><strong>semetipsum</strong></span> <span class='ocrx_word' id='word_1_354' title='bbox 1264 3331 1517 3385; x_wconf 83' lang='lat' dir='ltr'><strong>introitus</strong></span> <span class='ocrx_word' id='word_1_355' title='bbox 1545 3332 1614 3384; x_wconf 90' lang='lat' dir='ltr'><strong>ab</strong></span> <span class='ocrx_word' id='word_1_356' title='bbox 1645 3331 1730 3385; x_wconf 84' lang='lat' dir='ltr'><strong>bis</strong></span> <span class='ocrx_word' id='word_1_357' title='bbox 1755 3345 1902 3399; x_wconf 84' lang='lat' dir='ltr'><strong>quae</strong></span> 
     </span>
    </p>
   </div>
   <div class='ocr_carea' id='block_1_51' title="bbox 316 3416 1899 3481">
    <p class='ocr_par' dir='ltr' id='par_1_51' title="bbox 316 3416 1899 3481">
     <span class='ocr_line' id='line_1_51' title="bbox 316 3416 1899 3481; baseline 0.002 -11"><span class='ocrx_word' id='word_1_358' title='bbox 316 3416 452 3471; x_wconf 87' lang='lat' dir='ltr'><strong>l&#39;oris</strong></span> <span class='ocrx_word' id='word_1_359' title='bbox 478 3427 634 3481; x_wconf 89' lang='lat' dir='ltr'><strong>sunt,</strong></span> <span class='ocrx_word' id='word_1_360' title='bbox 682 3430 737 3473; x_wconf 91' lang='lat' dir='ltr'><strong>et</strong></span> <span class='ocrx_word' id='word_1_361' title='bbox 769 3419 1206 3474; x_wconf 87' lang='lat' dir='ltr'><strong>intellectualium</strong></span> <span class='ocrx_word' id='word_1_362' title='bbox 1234 3419 1451 3473; x_wconf 66' lang='lat' dir='ltr'><strong>Quarum</strong></span> <span class='ocrx_word' id='word_1_363' title='bbox 1484 3419 1742 3473; x_wconf 85' lang='lat' dir='ltr'><strong>virtutum</strong></span> <span class='ocrx_word' id='word_1_364' title='bbox 1776 3420 1899 3473; x_wconf 86' lang='lat' dir='ltr'><strong>uni-</strong></span> 
     </span>
    </p>
   </div>
   <div class='ocr_carea' id='block_1_52' title="bbox 315 3504 1899 3579">
    <p class='ocr_par' dir='ltr' id='par_1_52' title="bbox 315 3504 1899 3579">
     <span class='ocr_line' id='line_1_52' title="bbox 315 3504 1899 3579; baseline 0.004 -20"><span class='ocrx_word' id='word_1_365' title='bbox 315 3504 507 3560; x_wconf 81' lang='lat' dir='ltr'><strong>formis</strong></span> <span class='ocrx_word' id='word_1_366' title='bbox 534 3509 835 3571; x_wconf 71' lang='lat' dir='ltr'><strong>conversio,</strong></span> <span class='ocrx_word' id='word_1_367' title='bbox 864 3509 1002 3563; x_wconf 81' lang='lat' dir='ltr'><strong>sicut</strong></span> <span class='ocrx_word' id='word_1_368' title='bbox 1028 3510 1081 3562; x_wconf 94' lang='lat' dir='ltr'><strong>in</strong></span> <span class='ocrx_word' id='word_1_369' title='bbox 1109 3511 1340 3579; x_wconf 87' lang='lat' dir='ltr'><strong>quodam</strong></span> <span class='ocrx_word' id='word_1_370' title='bbox 1370 3509 1577 3564; x_wconf 82' lang='lat' dir='ltr'><strong>circulo</strong></span> <span class='ocrx_word' id='word_1_371' title='bbox 1607 3510 1899 3565; x_wconf 85' lang='lat' dir='ltr'><strong>inerrabile</strong></span> 
     </span>
    </p>
   </div>
   <div class='ocr_carea' id='block_1_53' title="bbox 316 3598 1895 3667">
    <p class='ocr_par' dir='ltr' id='par_1_53' title="bbox 316 3598 1895 3667">
     <span class='ocr_line' id='line_1_53' title="bbox 316 3598 1895 3667; baseline 0.003 -17"><span class='ocrx_word' id='word_1_372' title='bbox 316 3612 474 3650; x_wconf 85' lang='lat' dir='ltr'><strong>suum</strong></span> <span class='ocrx_word' id='word_1_373' title='bbox 509 3598 737 3661; x_wconf 90' lang='lat' dir='ltr'><strong>donans,</strong></span> <span class='ocrx_word' id='word_1_374' title='bbox 767 3607 821 3652; x_wconf 73' lang='lat' dir='ltr'><strong>et</strong></span> <span class='ocrx_word' id='word_1_375' title='bbox 851 3615 881 3652; x_wconf 89' lang='lat' dir='ltr'><strong>a</strong></span> <span class='ocrx_word' id='word_1_376' title='bbox 910 3599 1093 3653; x_wconf 86' lang='lat' dir='ltr'><strong>multis</strong></span> <span class='ocrx_word' id='word_1_377' title='bbox 1113 3639 1127 3663; x_wconf 94' lang='lat'><strong>,</strong></span> <span class='ocrx_word' id='word_1_378' title='bbox 1178 3614 1316 3667; x_wconf 86' lang='lat' dir='ltr'><strong>quae</strong></span> <span class='ocrx_word' id='word_1_379' title='bbox 1359 3609 1486 3653; x_wconf 85' lang='lat' dir='ltr'><strong>sunt</strong></span> <span class='ocrx_word' id='word_1_380' title='bbox 1533 3601 1895 3663; x_wconf 75' lang='lat' dir='ltr'><strong>extrinsecus.</strong></span> 
     </span>
    </p>
   </div>
   <div class='ocr_carea' id='block_1_54' title="bbox 316 3692 1895 3763">
    <p class='ocr_par' dir='ltr' id='par_1_54' title="bbox 316 3692 1895 3763">
     <span class='ocr_line' id='line_1_54' title="bbox 316 3692 1895 3763; baseline 0.001 -18"><span class='ocrx_word' id='word_1_381' title='bbox 316 3704 377 3745; x_wconf 87' lang='lat' dir='ltr'><strong>se</strong></span> <span class='ocrx_word' id='word_1_382' title='bbox 396 3699 722 3745; x_wconf 88' lang='lat' dir='ltr'><strong>convertens</strong></span> <span class='ocrx_word' id='word_1_383' title='bbox 746 3700 799 3744; x_wconf 81' lang='lat' dir='ltr'><strong>et</strong></span> <span class='ocrx_word' id='word_1_384' title='bbox 822 3707 1176 3763; x_wconf 76' lang='lat' dir='ltr'><strong>congregans,</strong></span> <span class='ocrx_word' id='word_1_385' title='bbox 1198 3692 1432 3761; x_wconf 88' lang='lat' dir='ltr'><strong>primum</strong></span> <span class='ocrx_word' id='word_1_386' title='bbox 1462 3694 1512 3747; x_wconf 93' lang='lat' dir='ltr'><strong>in</strong></span> <span class='ocrx_word' id='word_1_387' title='bbox 1527 3694 1895 3762; x_wconf 81' lang='lat' dir='ltr'><strong>semetipsum,</strong></span> 
     </span>
    </p>
   </div>
   <div class='ocr_carea' id='block_1_55' title="bbox 316 3779 1899 3846">
    <p class='ocr_par' dir='ltr' id='par_1_55' title="bbox 316 3779 1899 3846">
     <span class='ocr_line' id='line_1_55' title="bbox 316 3779 1899 3846; baseline 0.003 -13"><span class='ocrx_word' id='word_1_388' title='bbox 316 3779 511 3834; x_wconf 70' lang='lat' dir='ltr'><strong>deinde</strong></span> <span class='ocrx_word' id='word_1_389' title='bbox 564 3780 710 3834; x_wconf 80' lang='lat' dir='ltr'><strong>velut</strong></span> <span class='ocrx_word' id='word_1_390' title='bbox 743 3780 1065 3837; x_wconf 74' lang='lat' dir='ltr'><strong>tntiformem</strong></span> <span class='ocrx_word' id='word_1_391' title='bbox 1119 3783 1338 3846; x_wconf 85' lang='lat' dir='ltr'><strong>l’uctam,</strong></span> <span class='ocrx_word' id='word_1_392' title='bbox 1381 3783 1625 3837; x_wconf 86' lang='lat' dir='ltr'><strong>adunans</strong></span> <span class='ocrx_word' id='word_1_393' title='bbox 1664 3784 1899 3838; x_wconf 86' lang='lat' dir='ltr'><strong>adunate</strong></span> 
     </span>
    </p>
   </div>
   <div class='ocr_carea' id='block_1_56' title="bbox 318 3870 1899 3941">
    <p class='ocr_par' dir='ltr' id='par_1_56' title="bbox 318 3870 1899 3941">
     <span class='ocr_line' id='line_1_56' title="bbox 318 3870 1899 3941; baseline 0.004 -19"><span class='ocrx_word' id='word_1_394' title='bbox 318 3870 570 3924; x_wconf 84' lang='lat' dir='ltr'><strong>adunatis</strong></span> <span class='ocrx_word' id='word_1_395' title='bbox 594 3871 904 3934; x_wconf 86' lang='lat' dir='ltr'><strong>virtutibus,</strong></span> <span class='ocrx_word' id='word_1_396' title='bbox 936 3880 989 3926; x_wconf 87' lang='lat' dir='ltr'><strong>et</strong></span> <span class='ocrx_word' id='word_1_397' title='bbox 1019 3873 1095 3927; x_wconf 87' lang='lat' dir='ltr'><strong>sic</strong></span> <span class='ocrx_word' id='word_1_398' title='bbox 1125 3872 1177 3926; x_wconf 91' lang='lat' dir='ltr'><strong>in</strong></span> <span class='ocrx_word' id='word_1_399' title='bbox 1196 3873 1394 3927; x_wconf 92' lang='lat' dir='ltr'><strong>bonum</strong></span> <span class='ocrx_word' id='word_1_400' title='bbox 1412 3881 1467 3926; x_wconf 92' lang='lat' dir='ltr'><strong>et</strong></span> <span class='ocrx_word' id='word_1_401' title='bbox 1496 3873 1758 3941; x_wconf 88' lang='lat' dir='ltr'><strong>optimum</strong></span> <span class='ocrx_word' id='word_1_402' title='bbox 1785 3889 1899 3927; x_wconf 84' lang='lat' dir='ltr'><strong>ma-</strong></span> 
     </span>
    </p>
   </div>
   <div class='ocr_carea' id='block_1_57' title="bbox 319 3962 1899 4032">
    <p class='ocr_par' dir='ltr' id='par_1_57' title="bbox 319 3962 1899 4032">
     <span class='ocr_line' id='line_1_57' title="bbox 319 3962 1899 4032; baseline 0.003 -18"><span class='ocrx_word' id='word_1_403' title='bbox 319 3962 578 4024; x_wconf 66' lang='lat' dir='ltr'><strong>lllltltlt‘lj,</strong></span> <span class='ocrx_word' id='word_1_404' title='bbox 607 3972 663 4015; x_wconf 92' lang='lat' dir='ltr'><strong>et</strong></span> <span class='ocrx_word' id='word_1_405' title='bbox 690 3978 852 4032; x_wconf 88' lang='lat' dir='ltr'><strong>super</strong></span> <span class='ocrx_word' id='word_1_406' title='bbox 876 3966 1057 4017; x_wconf 88' lang='lat' dir='ltr'><strong>omnia</strong></span> <span class='ocrx_word' id='word_1_407' title='bbox 1085 3964 1392 4028; x_wconf 75' lang='lat' dir='ltr'><strong>existentia,</strong></span> <span class='ocrx_word' id='word_1_408' title='bbox 1420 3972 1475 4019; x_wconf 91' lang='lat' dir='ltr'><strong>et</strong></span> <span class='ocrx_word' id='word_1_409' title='bbox 1504 3981 1668 4018; x_wconf 88' lang='lat' dir='ltr'><strong>unum</strong></span> <span class='ocrx_word' id='word_1_410' title='bbox 1722 3975 1777 4019; x_wconf 91' lang='lat' dir='ltr'><strong>et</strong></span> <span class='ocrx_word' id='word_1_411' title='bbox 1812 3966 1899 4019; x_wconf 82' lang='lat' dir='ltr'><strong>id-</strong></span> 
     </span>
    </p>
   </div>
   <div class='ocr_carea' id='block_1_58' title="bbox 319 4052 1903 4124">
    <p class='ocr_par' dir='ltr' id='par_1_58' title="bbox 319 4052 1903 4124">
     <span class='ocr_line' id='line_1_58' title="bbox 319 4052 1903 4124; baseline 0.003 -19"><span class='ocrx_word' id='word_1_412' title='bbox 319 4052 521 4121; x_wconf 87' lang='lat' dir='ltr'><strong>ipsum,</strong></span> <span class='ocrx_word' id='word_1_413' title='bbox 538 4061 595 4105; x_wconf 86' lang='lat' dir='ltr'><strong>et</strong></span> <span class='ocrx_word' id='word_1_414' title='bbox 621 4068 726 4106; x_wconf 93' lang='lat' dir='ltr'><strong>non</strong></span> <span class='ocrx_word' id='word_1_415' title='bbox 752 4054 1032 4117; x_wconf 87' lang='lat' dir='ltr'><strong>incboans,</strong></span> <span class='ocrx_word' id='word_1_416' title='bbox 1055 4062 1109 4107; x_wconf 85' lang='lat' dir='ltr'><strong>et</strong></span> <span class='ocrx_word' id='word_1_417' title='bbox 1136 4070 1240 4108; x_wconf 91' lang='lat' dir='ltr'><strong>non</strong></span> <span class='ocrx_word' id='word_1_418' title='bbox 1268 4054 1498 4109; x_wconf 76' lang='lat' dir='ltr'><strong>(initum.</strong></span> <span class='ocrx_word' id='word_1_419' title='bbox 1516 4053 1745 4124; x_wconf 86' lang='lat' dir='ltr'><strong>Obliqne</strong></span> <span class='ocrx_word' id='word_1_420' title='bbox 1769 4069 1903 4110; x_wconf 82' lang='lat' dir='ltr'><strong>vero</strong></span> 
     </span>
    </p>
   </div>
   <div class='ocr_carea' id='block_1_59' title="bbox 318 4144 1901 4217">
    <p class='ocr_par' dir='ltr' id='par_1_59' title="bbox 318 4144 1901 4217">
     <span class='ocr_line' id='line_1_59' title="bbox 318 4144 1901 4217; baseline 0.004 -21"><span class='ocrx_word' id='word_1_421' title='bbox 318 4144 498 4197; x_wconf 85' lang='lat' dir='ltr'><strong>anima</strong></span> <span class='ocrx_word' id='word_1_422' title='bbox 549 4152 829 4207; x_wconf 80' lang='lat' dir='ltr'><strong>movetur,</strong></span> <span class='ocrx_word' id='word_1_423' title='bbox 878 4157 1139 4213; x_wconf 88' lang='lat' dir='ltr'><strong>quantum</strong></span> <span class='ocrx_word' id='word_1_424' title='bbox 1174 4147 1388 4216; x_wconf 88' lang='lat' dir='ltr'><strong>proprie</strong></span> <span class='ocrx_word' id='word_1_425' title='bbox 1435 4161 1493 4201; x_wconf 89' lang='lat' dir='ltr'><strong>se</strong></span> <span class='ocrx_word' id='word_1_426' title='bbox 1529 4147 1642 4217; x_wconf 87' lang='lat' dir='ltr'><strong>ipsa</strong></span> <span class='ocrx_word' id='word_1_427' title='bbox 1687 4146 1901 4203; x_wconf 83' lang='lat' dir='ltr'><strong>divinas</strong></span> 
     </span>
    </p>
   </div>
   <div class='ocr_carea' id='block_1_60' title="bbox 321 4236 1899 4313">
    <p class='ocr_par' dir='ltr' id='par_1_60' title="bbox 321 4236 1899 4313">
     <span class='ocr_line' id='line_1_60' title="bbox 321 4236 1899 4313; baseline 0.006 -25"><span class='ocrx_word' id='word_1_428' title='bbox 321 4236 659 4291; x_wconf 90' lang='lat' dir='ltr'><strong>illnminatnr</strong></span> <span class='ocrx_word' id='word_1_429' title='bbox 686 4238 967 4299; x_wconf 81' lang='lat' dir='ltr'><strong>scientias,</strong></span> <span class='ocrx_word' id='word_1_430' title='bbox 1010 4256 1114 4294; x_wconf 86' lang='lat' dir='ltr'><strong>non</strong></span> <span class='ocrx_word' id='word_1_431' title='bbox 1150 4240 1581 4297; x_wconf 77' lang='lat' dir='ltr'><strong>intellectual‘iter</strong></span> <span class='ocrx_word' id='word_1_432' title='bbox 1612 4251 1667 4297; x_wconf 90' lang='lat' dir='ltr'><strong>et</strong></span> <span class='ocrx_word' id='word_1_433' title='bbox 1712 4253 1899 4313; x_wconf 90' lang='lat' dir='ltr'><strong>poten-</strong></span> 
     </span>
    </p>
   </div>
   <div class='ocr_carea' id='block_1_61' title="bbox 323 4330 1901 4403">
    <p class='ocr_par' dir='ltr' id='par_1_61' title="bbox 323 4330 1901 4403">
     <span class='ocr_line' id='line_1_61' title="bbox 323 4330 1901 4403; baseline 0.006 -23"><span class='ocrx_word' id='word_1_434' title='bbox 323 4336 427 4391; x_wconf 88' lang='lat' dir='ltr'><strong>ter,</strong></span> <span class='ocrx_word' id='word_1_435' title='bbox 459 4330 552 4382; x_wconf 84' lang='lat' dir='ltr'><strong>sed</strong></span> <span class='ocrx_word' id='word_1_436' title='bbox 590 4331 926 4385; x_wconf 85' lang='lat' dir='ltr'><strong>rationaliter</strong></span> <span class='ocrx_word' id='word_1_437' title='bbox 951 4341 1006 4385; x_wconf 92' lang='lat' dir='ltr'><strong>et</strong></span> <span class='ocrx_word' id='word_1_438' title='bbox 1035 4332 1399 4403; x_wconf 81' lang='lat' dir='ltr'><strong>investigiose,</strong></span> <span class='ocrx_word' id='word_1_439' title='bbox 1431 4347 1485 4387; x_wconf 90' lang='lat' dir='ltr'><strong>et</strong></span> <span class='ocrx_word' id='word_1_440' title='bbox 1512 4343 1570 4388; x_wconf 92' lang='lat' dir='ltr'><strong>ut</strong></span> <span class='ocrx_word' id='word_1_441' title='bbox 1591 4335 1901 4390; x_wconf 79' lang='lat' dir='ltr'><strong>commixtis</strong></span> 
     </span>
    </p>
   </div>
   <div class='ocr_carea' id='block_1_62' title="bbox 322 4412 1898 4492">
    <p class='ocr_par' dir='ltr' id='par_1_62' title="bbox 322 4412 1898 4492">
     <span class='ocr_line' id='line_1_62' title="bbox 322 4412 1898 4492; baseline 0.006 -21"><span class='ocrx_word' id='word_1_442' title='bbox 322 4427 377 4472; x_wconf 90' lang='lat' dir='ltr'><strong>et</strong></span> <span class='ocrx_word' id='word_1_443' title='bbox 423 4412 752 4476; x_wconf 85' lang='lat' dir='ltr'><strong>transitoriis</strong></span> <span class='ocrx_word' id='word_1_444' title='bbox 799 4424 1221 4491; x_wconf 85' lang='lat' dir='ltr'><strong>operationibus.</strong></span> <span class='ocrx_word' id='word_1_445' title='bbox 1276 4423 1380 4478; x_wconf 83' lang='lat' dir='ltr'><strong>Per</strong></span> <span class='ocrx_word' id='word_1_446' title='bbox 1428 4441 1560 4481; x_wconf 92' lang='lat' dir='ltr'><strong>vero</strong></span> <span class='ocrx_word' id='word_1_447' title='bbox 1606 4428 1898 4492; x_wconf 84' lang='lat' dir='ltr'><strong>directum,</strong></span> 
     </span>
    </p>
   </div>
   <div class='ocr_carea' id='block_1_63' title="bbox 1989 1870 3592 1943">
    <p class='ocr_par' dir='ltr' id='par_1_63' title="bbox 1989 1870 3592 1943">
     <span class='ocr_line' id='line_1_63' title="bbox 1989 1870 3592 1943; baseline 0.002 -20"><span class='ocrx_word' id='word_1_448' title='bbox 1989 1870 2188 1924; x_wconf 86' lang='lat' dir='ltr'><strong>bonum</strong></span> <span class='ocrx_word' id='word_1_449' title='bbox 2233 1879 2290 1925; x_wconf 91' lang='lat' dir='ltr'><strong>et</strong></span> <span class='ocrx_word' id='word_1_450' title='bbox 2323 1873 2586 1941; x_wconf 76' lang='lat' dir='ltr'><strong>Optimum</strong></span> <span class='ocrx_word' id='word_1_451' title='bbox 2637 1873 2990 1928; x_wconf 85' lang='lat' dir='ltr'><strong>convertitur.</strong></span> <span class='ocrx_word' id='word_1_452' title='bbox 3049 1873 3117 1927; x_wconf 87' lang='lat' dir='ltr'><strong>Et</strong></span> <span class='ocrx_word' id='word_1_453' title='bbox 3154 1873 3352 1937; x_wconf 85' lang='lat' dir='ltr'><strong>omnia,</strong></span> <span class='ocrx_word' id='word_1_454' title='bbox 3403 1874 3592 1943; x_wconf 59' lang='grc' dir='ltr'><strong>φωρ-.-</strong></span> 
     </span>
    </p>
   </div>
   <div class='ocr_carea' id='block_1_64' title="bbox 1990 1963 3585 2034">
    <p class='ocr_par' dir='ltr' id='par_1_64' title="bbox 1990 1963 3585 2034">
     <span class='ocr_line' id='line_1_64' title="bbox 1990 1963 3585 2034; baseline 0.001 -18"><span class='ocrx_word' id='word_1_455' title='bbox 1990 1977 2202 2031; x_wconf 88' lang='lat' dir='ltr'><strong>cunque</strong></span> <span class='ocrx_word' id='word_1_456' title='bbox 2229 1971 2353 2016; x_wconf 87' lang='lat' dir='ltr'><strong>sunt</strong></span> <span class='ocrx_word' id='word_1_457' title='bbox 2383 1972 2438 2017; x_wconf 92' lang='lat' dir='ltr'><strong>et</strong></span> <span class='ocrx_word' id='word_1_458' title='bbox 2488 1963 2640 2027; x_wconf 79' lang='lat' dir='ltr'><strong>ﬁunt,</strong></span> <span class='ocrx_word' id='word_1_459' title='bbox 2672 1979 2769 2032; x_wconf 91' lang='lat' dir='ltr'><strong>per</strong></span> <span class='ocrx_word' id='word_1_460' title='bbox 2797 1965 2997 2018; x_wconf 91' lang='lat' dir='ltr'><strong>bonum</strong></span> <span class='ocrx_word' id='word_1_461' title='bbox 3046 1973 3104 2019; x_wconf 85' lang='lat' dir='ltr'><strong>et</strong></span> <span class='ocrx_word' id='word_1_462' title='bbox 3151 1965 3415 2034; x_wconf 89' lang='lat' dir='ltr'><strong>optimum</strong></span> <span class='ocrx_word' id='word_1_463' title='bbox 3447 1974 3585 2020; x_wconf 73' lang='lat' dir='ltr'><strong>sunt-</strong></span> 
     </span>
    </p>
   </div>
   <div class='ocr_carea' id='block_1_65' title="bbox 1989 2051 3575 2126">
    <p class='ocr_par' dir='ltr' id='par_1_65' title="bbox 1989 2051 3575 2126">
     <span class='ocr_line' id='line_1_65' title="bbox 1989 2051 3575 2126; baseline 0.001 -19"><span class='ocrx_word' id='word_1_464' title='bbox 1989 2062 2045 2107; x_wconf 89' lang='lat' dir='ltr'><strong>et</strong></span> <span class='ocrx_word' id='word_1_465' title='bbox 2070 2051 2222 2111; x_wconf 85' lang='lat' dir='ltr'><strong>ﬁunt,</strong></span> <span class='ocrx_word' id='word_1_466' title='bbox 2259 2062 2315 2107; x_wconf 89' lang='lat' dir='ltr'><strong>et</strong></span> <span class='ocrx_word' id='word_1_467' title='bbox 2346 2053 2413 2107; x_wconf 86' lang='lat' dir='ltr'><strong>ad</strong></span> <span class='ocrx_word' id='word_1_468' title='bbox 2440 2053 2543 2107; x_wconf 89' lang='lat' dir='ltr'><strong>hoc</strong></span> <span class='ocrx_word' id='word_1_469' title='bbox 2566 2054 2747 2108; x_wconf 90' lang='lat' dir='ltr'><strong>omnia</strong></span> <span class='ocrx_word' id='word_1_470' title='bbox 2782 2055 2952 2120; x_wconf 84' lang='lat' dir='ltr'><strong>videt,</strong></span> <span class='ocrx_word' id='word_1_471' title='bbox 2974 2055 3118 2110; x_wconf 82' lang='lat' dir='ltr'><strong>etab</strong></span> <span class='ocrx_word' id='word_1_472' title='bbox 3144 2056 3260 2126; x_wconf 89' lang='lat' dir='ltr'><strong>ipso</strong></span> <span class='ocrx_word' id='word_1_473' title='bbox 3290 2063 3575 2111; x_wconf 85' lang='lat' dir='ltr'><strong>moventur</strong></span> 
     </span>
    </p>
   </div>
   <div class='ocr_carea' id='block_1_66' title="bbox 1988 2143 3573 2216">
    <p class='ocr_par' dir='ltr' id='par_1_66' title="bbox 1988 2143 3573 2216">
     <span class='ocr_line' id='line_1_66' title="bbox 1988 2143 3573 2216; baseline 0.003 -20"><span class='ocrx_word' id='word_1_474' title='bbox 1988 2153 2045 2196; x_wconf 88' lang='lat' dir='ltr'><strong>et</strong></span> <span class='ocrx_word' id='word_1_475' title='bbox 2069 2143 2517 2207; x_wconf 88' lang='lat' dir='ltr'><strong>continentur,.et</strong></span> <span class='ocrx_word' id='word_1_476' title='bbox 2544 2153 2765 2214; x_wconf 84' lang='lat' dir='ltr'><strong>propter</strong></span> <span class='ocrx_word' id='word_1_477' title='bbox 2799 2145 2991 2216; x_wconf 90' lang='lat' dir='ltr'><strong>ipsum,</strong></span> <span class='ocrx_word' id='word_1_478' title='bbox 3022 2157 3077 2202; x_wconf 91' lang='lat' dir='ltr'><strong>et</strong></span> <span class='ocrx_word' id='word_1_479' title='bbox 3097 2161 3195 2216; x_wconf 88' lang='lat' dir='ltr'><strong>per</strong></span> <span class='ocrx_word' id='word_1_480' title='bbox 3217 2147 3414 2216; x_wconf 89' lang='lat' dir='ltr'><strong>ipsum,</strong></span> <span class='ocrx_word' id='word_1_481' title='bbox 3443 2147 3573 2201; x_wconf 87' lang='lat' dir='ltr'><strong>etin</strong></span> 
     </span>
    </p>
   </div>
   <div class='ocr_carea' id='block_1_67' title="bbox 1991 2233 3574 2304">
    <p class='ocr_par' dir='ltr' id='par_1_67' title="bbox 1991 2233 3574 2304">
     <span class='ocr_line' id='line_1_67' title="bbox 1991 2233 3574 2304; baseline 0.003 -18"><span class='ocrx_word' id='word_1_482' title='bbox 1991 2234 2108 2302; x_wconf 82' lang='lat' dir='ltr'><strong>ipso</strong></span> <span class='ocrx_word' id='word_1_483' title='bbox 2151 2248 2311 2288; x_wconf 90' lang='lat' dir='ltr'><strong>omne</strong></span> <span class='ocrx_word' id='word_1_484' title='bbox 2366 2233 2690 2302; x_wconf 92' lang='lat' dir='ltr'><strong>principium</strong></span> <span class='ocrx_word' id='word_1_485' title='bbox 2739 2234 3185 2304; x_wconf 80' lang='lat' dir='ltr'><strong>exemplativum,</strong></span> <span class='ocrx_word' id='word_1_486' title='bbox 3233 2251 3574 2292; x_wconf 88' lang='lat' dir='ltr'><strong>consumma-</strong></span> 
     </span>
    </p>
   </div>
   <div class='ocr_carea' id='block_1_68' title="bbox 1992 2322 3583 2395">
    <p class='ocr_par' dir='ltr' id='par_1_68' title="bbox 1992 2322 3583 2395">
     <span class='ocr_line' id='line_1_68' title="bbox 1992 2322 3583 2395; baseline 0.003 -20"><span class='ocrx_word' id='word_1_487' title='bbox 1992 2323 2180 2386; x_wconf 91' lang='lat' dir='ltr'><strong>tivum,</strong></span> <span class='ocrx_word' id='word_1_488' title='bbox 2230 2322 2613 2387; x_wconf 89' lang='lat' dir='ltr'><strong>intellectuale,</strong></span> <span class='ocrx_word' id='word_1_489' title='bbox 2647 2324 2903 2393; x_wconf 87' lang='lat' dir='ltr'><strong>speciale,</strong></span> <span class='ocrx_word' id='word_1_490' title='bbox 2940 2325 3181 2389; x_wconf 80' lang='lat' dir='ltr'><strong>formate,</strong></span> <span class='ocrx_word' id='word_1_491' title='bbox 3213 2334 3268 2380; x_wconf 88' lang='lat' dir='ltr'><strong>et</strong></span> <span class='ocrx_word' id='word_1_492' title='bbox 3319 2325 3583 2395; x_wconf 83' lang='lat' dir='ltr'><strong>simplici-</strong></span> 
     </span>
    </p>
   </div>
   <div class='ocr_carea' id='block_1_69' title="bbox 1993 2414 3583 2484">
    <p class='ocr_par' dir='ltr' id='par_1_69' title="bbox 1993 2414 3583 2484">
     <span class='ocr_line' id='line_1_69' title="bbox 1993 2414 3583 2484; baseline 0.003 -16"><span class='ocrx_word' id='word_1_493' title='bbox 1993 2424 2076 2468; x_wconf 87' lang='lat' dir='ltr'><strong>ter</strong></span> <span class='ocrx_word' id='word_1_494' title='bbox 2120 2429 2281 2469; x_wconf 91' lang='lat' dir='ltr'><strong>omnc</strong></span> <span class='ocrx_word' id='word_1_495' title='bbox 2329 2414 2695 2484; x_wconf 85' lang='lat' dir='ltr'><strong>principium,</strong></span> <span class='ocrx_word' id='word_1_496' title='bbox 2748 2416 2927 2471; x_wconf 88' lang='lat' dir='ltr'><strong>onmis</strong></span> <span class='ocrx_word' id='word_1_497' title='bbox 2988 2417 3362 2481; x_wconf 89' lang='lat' dir='ltr'><strong>continentia,</strong></span> <span class='ocrx_word' id='word_1_498' title='bbox 3412 2432 3583 2473; x_wconf 77' lang='lat' dir='ltr'><strong>omne</strong></span> 
     </span>
    </p>
   </div>
   <div class='ocr_carea' id='block_1_70' title="bbox 1991 2506 3606 2575">
    <p class='ocr_par' dir='ltr' id='par_1_70' title="bbox 1991 2506 3606 2575">
     <span class='ocr_line' id='line_1_70' title="bbox 1991 2506 3606 2575; baseline 0 -14"><span class='ocrx_word' id='word_1_499' title='bbox 1991 2519 2299 2561; x_wconf 88' lang='lat' dir='ltr'><strong>summum:</strong></span> <span class='ocrx_word' id='word_1_500' title='bbox 2347 2513 2462 2568; x_wconf 88' lang='lat' dir='ltr'><strong>aut,</strong></span> <span class='ocrx_word' id='word_1_501' title='bbox 2512 2515 2570 2559; x_wconf 91' lang='lat' dir='ltr'><strong>ut</strong></span> <span class='ocrx_word' id='word_1_502' title='bbox 2625 2506 3091 2575; x_wconf 82' lang='lat' dir='ltr'><strong>compreltendens</strong></span> <span class='ocrx_word' id='word_1_503' title='bbox 3141 2507 3606 2563; x_wconf 46' lang='lat' dir='ltr'><strong>dicampomnia.</strong></span> 
     </span>
    </p>
   </div>
   <div class='ocr_carea' id='block_1_71' title="bbox 1990 2596 3580 2669">
    <p class='ocr_par' dir='ltr' id='par_1_71' title="bbox 1990 2596 3580 2669">
     <span class='ocr_line' id='line_1_71' title="bbox 1990 2596 3580 2669; baseline 0.002 -20"><span class='ocrx_word' id='word_1_504' title='bbox 1990 2611 2131 2665; x_wconf 89' lang='lat' dir='ltr'><strong>quae</strong></span> <span class='ocrx_word' id='word_1_505' title='bbox 2153 2604 2300 2661; x_wconf 90' lang='lat' dir='ltr'><strong>sunt,</strong></span> <span class='ocrx_word' id='word_1_506' title='bbox 2328 2610 2393 2649; x_wconf 81' lang='lat' dir='ltr'><strong>ex</strong></span> <span class='ocrx_word' id='word_1_507' title='bbox 2436 2596 2576 2651; x_wconf 92' lang='lat' dir='ltr'><strong>bono</strong></span> <span class='ocrx_word' id='word_1_508' title='bbox 2620 2605 2673 2651; x_wconf 91' lang='lat' dir='ltr'><strong>et</strong></span> <span class='ocrx_word' id='word_1_509' title='bbox 2721 2598 2945 2668; x_wconf 88' lang='lat' dir='ltr'><strong>optimo,</strong></span> <span class='ocrx_word' id='word_1_510' title='bbox 2973 2608 3029 2654; x_wconf 87' lang='lat' dir='ltr'><strong>et</strong></span> <span class='ocrx_word' id='word_1_511' title='bbox 3055 2598 3257 2664; x_wconf 82' lang='lat' dir='ltr'><strong>omnia,</strong></span> <span class='ocrx_word' id='word_1_512' title='bbox 3296 2614 3437 2669; x_wconf 87' lang='lat' dir='ltr'><strong>quae</strong></span> <span class='ocrx_word' id='word_1_513' title='bbox 3470 2611 3580 2653; x_wconf 81' lang='lat' dir='ltr'><strong>non</strong></span> 
     </span>
    </p>
   </div>
   <div class='ocr_carea' id='block_1_72' title="bbox 1992 2690 3580 2762">
    <p class='ocr_par' dir='ltr' id='par_1_72' title="bbox 1992 2690 3580 2762">
     <span class='ocr_line' id='line_1_72' title="bbox 1992 2690 3580 2762; baseline 0.004 -21"><span class='ocrx_word' id='word_1_514' title='bbox 1992 2696 2136 2751; x_wconf 89' lang='lat' dir='ltr'><strong>sunt,</strong></span> <span class='ocrx_word' id='word_1_515' title='bbox 2183 2690 2706 2759; x_wconf 87' lang='lat' dir='ltr'><strong>superessentialiter</strong></span> <span class='ocrx_word' id='word_1_516' title='bbox 2745 2691 2811 2746; x_wconf 82' lang='lat' dir='ltr'><strong>in-</strong></span> <span class='ocrx_word' id='word_1_517' title='bbox 2843 2693 2984 2747; x_wconf 90' lang='lat' dir='ltr'><strong>bono</strong></span> <span class='ocrx_word' id='word_1_518' title='bbox 3034 2701 3091 2748; x_wconf 88' lang='lat' dir='ltr'><strong>et</strong></span> <span class='ocrx_word' id='word_1_519' title='bbox 3135 2692 3377 2762; x_wconf 85' lang='lat' dir='ltr'><strong>optimo:</strong></span> <span class='ocrx_word' id='word_1_520' title='bbox 3411 2699 3468 2747; x_wconf 83' lang='lat' dir='ltr'><strong>et</strong></span> <span class='ocrx_word' id='word_1_521' title='bbox 3493 2697 3580 2748; x_wconf 66' lang='lat' dir='ltr'><strong>est</strong></span> 
     </span>
    </p>
   </div>
   <div class='ocr_carea' id='block_1_73' title="bbox 1991 2775 3583 2852">
    <p class='ocr_par' dir='ltr' id='par_1_73' title="bbox 1991 2775 3583 2852">
     <span class='ocr_line' id='line_1_73' title="bbox 1991 2775 3583 2852; baseline 0.005 -24"><span class='ocrx_word' id='word_1_522' title='bbox 1991 2775 2228 2830; x_wconf 87' lang='lat' dir='ltr'><strong>omnium</strong></span> <span class='ocrx_word' id='word_1_523' title='bbox 2247 2778 2570 2848; x_wconf 85' lang='lat' dir='ltr'><strong>principium</strong></span> <span class='ocrx_word' id='word_1_524' title='bbox 2594 2789 2650 2835; x_wconf 88' lang='lat' dir='ltr'><strong>et</strong></span> <span class='ocrx_word' id='word_1_525' title='bbox 2674 2779 2795 2836; x_wconf 85' lang='lat' dir='ltr'><strong>linis</strong></span> <span class='ocrx_word' id='word_1_526' title='bbox 2832 2782 3297 2852; x_wconf 87' lang='lat' dir='ltr'><strong>superprincipale</strong></span> <span class='ocrx_word' id='word_1_527' title='bbox 3316 2790 3374 2837; x_wconf 86' lang='lat' dir='ltr'><strong>et</strong></span> <span class='ocrx_word' id='word_1_528' title='bbox 3391 2790 3583 2851; x_wconf 79' lang='lat' dir='ltr'><strong>super-</strong></span> 
     </span>
    </p>
   </div>
   <div class='ocr_carea' id='block_1_74' title="bbox 1995 2868 3593 2945">
    <p class='ocr_par' dir='ltr' id='par_1_74' title="bbox 1995 2868 3593 2945">
     <span class='ocr_line' id='line_1_74' title="bbox 1995 2868 3593 2945; baseline 0.002 -23"><span class='ocrx_word' id='word_1_529' title='bbox 1995 2868 2173 2933; x_wconf 78' lang='lat' dir='ltr'><strong>linale,</strong></span> <span class='ocrx_word' id='word_1_530' title='bbox 2215 2872 2344 2939; x_wconf 87' lang='lat' dir='ltr'><strong>quia</strong></span> <span class='ocrx_word' id='word_1_531' title='bbox 2398 2888 2462 2926; x_wconf 76' lang='lat' dir='ltr'><strong>ea:</strong></span> <span class='ocrx_word' id='word_1_532' title='bbox 2513 2873 2646 2942; x_wconf 74' lang='lat' dir='ltr'><strong>ipso,</strong></span> <span class='ocrx_word' id='word_1_533' title='bbox 2703 2884 2751 2927; x_wconf 79' lang='lat' dir='ltr'><strong>et</strong></span> <span class='ocrx_word' id='word_1_534' title='bbox 2795 2891 2888 2943; x_wconf 75' lang='grc' dir='ltr'><strong>ρετ</strong></span> <span class='ocrx_word' id='word_1_535' title='bbox 2911 2876 3101 2944; x_wconf 76' lang='lat' dir='ltr'><strong>ipsum,</strong></span> <span class='ocrx_word' id='word_1_536' title='bbox 3141 2875 3272 2929; x_wconf 81' lang='lat' dir='ltr'><strong>etin</strong></span> <span class='ocrx_word' id='word_1_537' title='bbox 3314 2877 3498 2945; x_wconf 78' lang='lat' dir='ltr'><strong>ipsaet</strong></span> <span class='ocrx_word' id='word_1_538' title='bbox 3524 2874 3593 2928; x_wconf 64' lang='lat' dir='ltr'><strong>in.</strong></span> 
     </span>
    </p>
   </div>
   <div class='ocr_carea' id='block_1_75' title="bbox 1992 2960 3606 3034">
    <p class='ocr_par' dir='ltr' id='par_1_75' title="bbox 1992 2960 3606 3034">
     <span class='ocr_line' id='line_1_75' title="bbox 1992 2960 3606 3034; baseline 0.002 -24"><span class='ocrx_word' id='word_1_539' title='bbox 1992 2960 2161 3028; x_wconf 76' lang='lat' dir='ltr'><strong>ipsum</strong></span> <span class='ocrx_word' id='word_1_540' title='bbox 2185 2960 2361 3014; x_wconf 82' lang='lat' dir='ltr'><strong>omnia</strong></span> <span class='ocrx_word' id='word_1_541' title='bbox 2380 2972 2431 3025; x_wconf 79' lang='grc' dir='ltr'><strong>ι’,</strong></span> <span class='ocrx_word' id='word_1_542' title='bbox 2454 2973 2513 3015; x_wconf 87' lang='lat' dir='ltr'><strong>ttt</strong></span> <span class='ocrx_word' id='word_1_543' title='bbox 2531 2964 2608 3016; x_wconf 89' lang='lat' dir='ltr'><strong>ait</strong></span> <span class='ocrx_word' id='word_1_544' title='bbox 2632 2977 2786 3017; x_wconf 89' lang='lat' dir='ltr'><strong>sacer</strong></span> <span class='ocrx_word' id='word_1_545' title='bbox 2803 2977 3005 3018; x_wconf 88' lang='lat' dir='ltr'><strong>sermo.</strong></span> <span class='ocrx_word' id='word_1_546' title='bbox 3029 2963 3293 3019; x_wconf 80' lang='lat' dir='ltr'><strong>Omnibus</strong></span> <span class='ocrx_word' id='word_1_547' title='bbox 3315 2963 3476 3034; x_wconf 77' lang='lat' dir='ltr'><strong>igitur</strong></span> <span class='ocrx_word' id='word_1_548' title='bbox 3497 2972 3606 3018; x_wconf 66' lang='lat' dir='ltr'><strong>est.</strong></span> 
     </span>
    </p>
   </div>
   <div class='ocr_carea' id='block_1_76' title="bbox 1964 3051 3583 3122">
    <p class='ocr_par' dir='ltr' id='par_1_76' title="bbox 1964 3051 3583 3122">
     <span class='ocr_line' id='line_1_76' title="bbox 1964 3051 3583 3122; baseline 0.003 -17"><span class='ocrx_word' id='word_1_549' title='bbox 1964 3110 1969 3117; x_wconf 60' lang='grc'><em>,</em></span> <span class='ocrx_word' id='word_1_550' title='bbox 1995 3051 2190 3106; x_wconf 83' lang='lat' dir='ltr'><strong>bonum</strong></span> <span class='ocrx_word' id='word_1_551' title='bbox 2213 3061 2268 3105; x_wconf 92' lang='lat' dir='ltr'><strong>et</strong></span> <span class='ocrx_word' id='word_1_552' title='bbox 2293 3051 2554 3122; x_wconf 90' lang='lat' dir='ltr'><strong>optimum</strong></span> <span class='ocrx_word' id='word_1_553' title='bbox 2579 3052 2997 3120; x_wconf 84' lang='lat' dir='ltr'><strong>ccucnpiscibile</strong></span> <span class='ocrx_word' id='word_1_554' title='bbox 3024 3063 3079 3109; x_wconf 88' lang='lat' dir='ltr'><strong>et</strong></span> <span class='ocrx_word' id='word_1_555' title='bbox 3101 3052 3332 3108; x_wconf 85' lang='lat' dir='ltr'><strong>amabile</strong></span> <span class='ocrx_word' id='word_1_556' title='bbox 3348 3060 3417 3107; x_wconf 74' lang='lat' dir='ltr'><strong>et</strong></span> <span class='ocrx_word' id='word_1_557' title='bbox 3435 3052 3583 3110; x_wconf 83' lang='lat' dir='ltr'><strong>dele-</strong></span> 
     </span>
    </p>
   </div>
   <div class='ocr_carea' id='block_1_77' title="bbox 1994 3144 3595 3216">
    <p class='ocr_par' dir='ltr' id='par_1_77' title="bbox 1994 3144 3595 3216">
     <span class='ocr_line' id='line_1_77' title="bbox 1994 3144 3595 3216; baseline 0 -16"><span class='ocrx_word' id='word_1_558' title='bbox 1994 3144 2213 3209; x_wconf 88' lang='lat' dir='ltr'><strong>ctabile,</strong></span> <span class='ocrx_word' id='word_1_559' title='bbox 2254 3153 2309 3199; x_wconf 91' lang='lat' dir='ltr'><strong>et</strong></span> <span class='ocrx_word' id='word_1_560' title='bbox 2355 3160 2453 3214; x_wconf 91' lang='lat' dir='ltr'><strong>per</strong></span> <span class='ocrx_word' id='word_1_561' title='bbox 2499 3144 2671 3213; x_wconf 90' lang='lat' dir='ltr'><strong>ipsum</strong></span> <span class='ocrx_word' id='word_1_562' title='bbox 2701 3153 2755 3199; x_wconf 88' lang='lat' dir='ltr'><strong>et</strong></span> <span class='ocrx_word' id='word_1_563' title='bbox 2799 3153 3021 3215; x_wconf 85' lang='lat' dir='ltr'><strong>propter</strong></span> <span class='ocrx_word' id='word_1_564' title='bbox 3057 3146 3231 3216; x_wconf 87' lang='lat' dir='ltr'><strong>ipsum</strong></span> <span class='ocrx_word' id='word_1_565' title='bbox 3283 3145 3492 3201; x_wconf 90' lang='lat' dir='ltr'><strong>minora</strong></span> <span class='ocrx_word' id='word_1_566' title='bbox 3523 3152 3595 3200; x_wconf 67' lang='lat' dir='ltr'><strong>et</strong></span> 
     </span>
    </p>
   </div>
   <div class='ocr_carea' id='block_1_78' title="bbox 1994 3236 3581 3306">
    <p class='ocr_par' dir='ltr' id='par_1_78' title="bbox 1994 3236 3581 3306">
     <span class='ocr_line' id='line_1_78' title="bbox 1994 3236 3581 3306; baseline -0.001 -15"><span class='ocrx_word' id='word_1_567' title='bbox 1994 3236 2215 3292; x_wconf 76' lang='lat' dir='ltr'><strong>meliora</strong></span> <span class='ocrx_word' id='word_1_568' title='bbox 2258 3236 2687 3291; x_wconf 85' lang='lat' dir='ltr'><strong>conversibiliter</strong></span> <span class='ocrx_word' id='word_1_569' title='bbox 2730 3244 2935 3301; x_wconf 89' lang='lat' dir='ltr'><strong>amant,</strong></span> <span class='ocrx_word' id='word_1_570' title='bbox 2984 3245 3039 3292; x_wconf 90' lang='lat' dir='ltr'><strong>et</strong></span> <span class='ocrx_word' id='word_1_571' title='bbox 3085 3237 3345 3292; x_wconf 87' lang='lat' dir='ltr'><strong>sociative</strong></span> <span class='ocrx_word' id='word_1_572' title='bbox 3391 3236 3581 3306; x_wconf 85' lang='lat' dir='ltr'><strong>aequi-</strong></span> 
     </span>
    </p>
   </div>
   <div class='ocr_carea' id='block_1_79' title="bbox 1994 3328 3580 3399">
    <p class='ocr_par' dir='ltr' id='par_1_79' title="bbox 1994 3328 3580 3399">
     <span class='ocr_line' id='line_1_79' title="bbox 1994 3328 3580 3399; baseline -0.001 -17"><span class='ocrx_word' id='word_1_573' title='bbox 1994 3328 2209 3392; x_wconf 74' lang='lat' dir='ltr'><strong>fortnia,</strong></span> <span class='ocrx_word' id='word_1_574' title='bbox 2249 3343 2422 3399; x_wconf 88' lang='lat' dir='ltr'><strong>aeque</strong></span> <span class='ocrx_word' id='word_1_575' title='bbox 2443 3328 2799 3390; x_wconf 81' lang='lat' dir='ltr'><strong>honorabilia,</strong></span> <span class='ocrx_word' id='word_1_576' title='bbox 2844 3338 2900 3384; x_wconf 90' lang='lat' dir='ltr'><strong>et</strong></span> <span class='ocrx_word' id='word_1_577' title='bbox 2921 3329 3141 3384; x_wconf 86' lang='lat' dir='ltr'><strong>meliora</strong></span> <span class='ocrx_word' id='word_1_578' title='bbox 3165 3330 3370 3384; x_wconf 86' lang='lat' dir='ltr'><strong>minora</strong></span> <span class='ocrx_word' id='word_1_579' title='bbox 3401 3330 3580 3397; x_wconf 82' lang='lat' dir='ltr'><strong>provi-</strong></span> 
     </span>
    </p>
   </div>
   <div class='ocr_carea' id='block_1_80' title="bbox 1996 3418 3585 3489">
    <p class='ocr_par' dir='ltr' id='par_1_80' title="bbox 1996 3418 3585 3489">
     <span class='ocr_line' id='line_1_80' title="bbox 1996 3418 3585 3489; baseline 0.001 -18"><span class='ocrx_word' id='word_1_580' title='bbox 1996 3419 2083 3482; x_wconf 88' lang='lat' dir='ltr'><strong>de,</strong></span> <span class='ocrx_word' id='word_1_581' title='bbox 2131 3428 2186 3472; x_wconf 92' lang='lat' dir='ltr'><strong>et</strong></span> <span class='ocrx_word' id='word_1_582' title='bbox 2236 3418 2373 3473; x_wconf 88' lang='lat' dir='ltr'><strong>haec</strong></span> <span class='ocrx_word' id='word_1_583' title='bbox 2435 3418 2726 3487; x_wconf 85' lang='lat' dir='ltr'><strong>semetipsa</strong></span> <span class='ocrx_word' id='word_1_584' title='bbox 2778 3418 2986 3489; x_wconf 87' lang='lat' dir='ltr'><strong>singula</strong></span> <span class='ocrx_word' id='word_1_585' title='bbox 3043 3433 3292 3488; x_wconf 82' lang='lat' dir='ltr'><strong>quaeque</strong></span> <span class='ocrx_word' id='word_1_586' title='bbox 3337 3433 3585 3473; x_wconf 78' lang='lat' dir='ltr'><strong>conuexo</strong></span> 
     </span>
    </p>
   </div>
   <div class='ocr_carea' id='block_1_81' title="bbox 1996 3510 3585 3579">
    <p class='ocr_par' dir='ltr' id='par_1_81' title="bbox 1996 3510 3585 3579">
     <span class='ocr_line' id='line_1_81' title="bbox 1996 3510 3585 3579; baseline -0.001 -14"><span class='ocrx_word' id='word_1_587' title='bbox 1996 3510 2258 3565; x_wconf 47' lang='lat' dir='ltr'><strong>ct&#39;omnia</strong></span> <span class='ocrx_word' id='word_1_588' title='bbox 2302 3511 2500 3565; x_wconf 87' lang='lat' dir='ltr'><strong>bonum</strong></span> <span class='ocrx_word' id='word_1_589' title='bbox 2554 3518 2610 3563; x_wconf 90' lang='lat' dir='ltr'><strong>et</strong></span> <span class='ocrx_word' id='word_1_590' title='bbox 2637 3510 2901 3579; x_wconf 82' lang='lat' dir='ltr'><strong>optimum</strong></span> <span class='ocrx_word' id='word_1_591' title='bbox 2930 3511 3291 3566; x_wconf 79' lang='lat' dir='ltr'><strong>desiderantis</strong></span> <span class='ocrx_word' id='word_1_592' title='bbox 3343 3510 3495 3573; x_wconf 79' lang='lat' dir='ltr'><strong>facit,</strong></span> <span class='ocrx_word' id='word_1_593' title='bbox 3527 3520 3585 3564; x_wconf 90' lang='lat' dir='ltr'><strong>et.</strong></span> 
     </span>
    </p>
   </div>
   <div class='ocr_carea' id='block_1_82' title="bbox 1999 3598 3582 3668">
    <p class='ocr_par' dir='ltr' id='par_1_82' title="bbox 1999 3598 3582 3668">
     <span class='ocr_line' id='line_1_82' title="bbox 1999 3598 3582 3668; baseline 0.003 -17"><span class='ocrx_word' id='word_1_594' title='bbox 1999 3598 2108 3651; x_wconf 87' lang='lat' dir='ltr'><strong>vult</strong></span> <span class='ocrx_word' id='word_1_595' title='bbox 2134 3598 2341 3662; x_wconf 89' lang='lat' dir='ltr'><strong>omnia,</strong></span> <span class='ocrx_word' id='word_1_596' title='bbox 2365 3613 2717 3668; x_wconf 86' lang='lat' dir='ltr'><strong>quaecunque</strong></span> <span class='ocrx_word' id='word_1_597' title='bbox 2743 3598 2871 3653; x_wconf 79' lang='lat' dir='ltr'><strong>facit</strong></span> <span class='ocrx_word' id='word_1_598' title='bbox 2893 3608 2949 3653; x_wconf 89' lang='lat' dir='ltr'><strong>et</strong></span> <span class='ocrx_word' id='word_1_599' title='bbox 2970 3599 3102 3654; x_wconf 90' lang='lat' dir='ltr'><strong>vult.</strong></span> <span class='ocrx_word' id='word_1_600' title='bbox 3128 3600 3360 3655; x_wconf 77' lang='lat' dir='ltr'><strong>Audebit</strong></span> <span class='ocrx_word' id='word_1_601' title='bbox 3400 3608 3582 3655; x_wconf 81' lang='lat' dir='ltr'><strong>autem</strong></span> 
     </span>
    </p>
   </div>
   <div class='ocr_carea' id='block_1_83' title="bbox 1996 3687 3582 3760">
    <p class='ocr_par' dir='ltr' id='par_1_83' title="bbox 1996 3687 3582 3760">
     <span class='ocr_line' id='line_1_83' title="bbox 1996 3687 3582 3760; baseline 0.001 -17"><span class='ocrx_word' id='word_1_602' title='bbox 1996 3696 2052 3743; x_wconf 84' lang='lat' dir='ltr'><strong>et</strong></span> <span class='ocrx_word' id='word_1_603' title='bbox 2080 3688 2184 3742; x_wconf 89' lang='lat' dir='ltr'><strong>boc</strong></span> <span class='ocrx_word' id='word_1_604' title='bbox 2208 3688 2393 3743; x_wconf 84' lang='lat' dir='ltr'><strong>dicere</strong></span> <span class='ocrx_word' id='word_1_605' title='bbox 2412 3702 2539 3742; x_wconf 89' lang='lat' dir='ltr'><strong>vera</strong></span> <span class='ocrx_word' id='word_1_606' title='bbox 2568 3687 2725 3752; x_wconf 88' lang='lat' dir='ltr'><strong>ratio,</strong></span> <span class='ocrx_word' id='word_1_607' title='bbox 2766 3690 2894 3759; x_wconf 85' lang='lat' dir='ltr'><strong>quia</strong></span> <span class='ocrx_word' id='word_1_608' title='bbox 2933 3701 2990 3745; x_wconf 89' lang='lat' dir='ltr'><strong>et</strong></span> <span class='ocrx_word' id='word_1_609' title='bbox 3024 3690 3139 3760; x_wconf 91' lang='lat' dir='ltr'><strong>ipse</strong></span> <span class='ocrx_word' id='word_1_610' title='bbox 3181 3692 3423 3745; x_wconf 90' lang='lat' dir='ltr'><strong>omnium</strong></span> <span class='ocrx_word' id='word_1_611' title='bbox 3453 3706 3582 3746; x_wconf 80' lang='lat' dir='ltr'><strong>cau-</strong></span> 
     </span>
    </p>
   </div>
   <div class='ocr_carea' id='block_1_84' title="bbox 1998 3778 3583 3849">
    <p class='ocr_par' dir='ltr' id='par_1_84' title="bbox 1998 3778 3583 3849">
     <span class='ocr_line' id='line_1_84' title="bbox 1998 3778 3583 3849; baseline 0 -15"><span class='ocrx_word' id='word_1_612' title='bbox 1998 3780 2136 3834; x_wconf 82' lang='lat' dir='ltr'><strong>salis</strong></span> <span class='ocrx_word' id='word_1_613' title='bbox 2175 3792 2271 3849; x_wconf 88' lang='lat' dir='ltr'><strong>per</strong></span> <span class='ocrx_word' id='word_1_614' title='bbox 2291 3778 2549 3834; x_wconf 87' lang='lat' dir='ltr'><strong>bonitatis</strong></span> <span class='ocrx_word' id='word_1_615' title='bbox 2577 3780 2951 3835; x_wconf 80' lang='lat' dir='ltr'><strong>excellentiam</strong></span> <span class='ocrx_word' id='word_1_616' title='bbox 2993 3782 3175 3835; x_wconf 81' lang='lat' dir='ltr'><strong>omnia</strong></span> <span class='ocrx_word' id='word_1_617' title='bbox 3205 3789 3370 3845; x_wconf 91' lang='lat' dir='ltr'><strong>amat,</strong></span> <span class='ocrx_word' id='word_1_618' title='bbox 3401 3782 3583 3835; x_wconf 82' lang='lat' dir='ltr'><strong>omnia</strong></span> 
     </span>
    </p>
   </div>
   <div class='ocr_carea' id='block_1_85' title="bbox 1999 3872 3589 3937">
    <p class='ocr_par' dir='ltr' id='par_1_85' title="bbox 1999 3872 3589 3937">
     <span class='ocr_line' id='line_1_85' title="bbox 1999 3872 3589 3937; baseline -0.001 -10"><span class='ocrx_word' id='word_1_619' title='bbox 1999 3872 2147 3935; x_wconf 76' lang='lat' dir='ltr'><strong>facit,</strong></span> <span class='ocrx_word' id='word_1_620' title='bbox 2175 3872 2357 3928; x_wconf 78' lang='lat' dir='ltr'><strong>otmiia</strong></span> <span class='ocrx_word' id='word_1_621' title='bbox 2391 3872 2654 3937; x_wconf 89' lang='lat' dir='ltr'><strong>continet,</strong></span> <span class='ocrx_word' id='word_1_622' title='bbox 2677 3872 2860 3926; x_wconf 91' lang='lat' dir='ltr'><strong>omnia</strong></span> <span class='ocrx_word' id='word_1_623' title='bbox 2889 3873 3179 3935; x_wconf 89' lang='lat' dir='ltr'><strong>convertit,</strong></span> <span class='ocrx_word' id='word_1_624' title='bbox 3226 3881 3281 3927; x_wconf 93' lang='lat' dir='ltr'><strong>et</strong></span> <span class='ocrx_word' id='word_1_625' title='bbox 3309 3882 3393 3927; x_wconf 86' lang='lat' dir='ltr'><strong>est</strong></span> <span class='ocrx_word' id='word_1_626' title='bbox 3414 3873 3589 3927; x_wconf 81' lang='lat' dir='ltr'><strong>etiam</strong></span> 
     </span>
    </p>
   </div>
   <div class='ocr_carea' id='block_1_86' title="bbox 1998 3962 3597 4031">
    <p class='ocr_par' dir='ltr' id='par_1_86' title="bbox 1998 3962 3597 4031">
     <span class='ocr_line' id='line_1_86' title="bbox 1998 3962 3597 4031; baseline -0.003 -13"><span class='ocrx_word' id='word_1_627' title='bbox 1998 3964 2211 4020; x_wconf 87' lang='lat' dir='ltr'><strong>divinus</strong></span> <span class='ocrx_word' id='word_1_628' title='bbox 2259 3978 2416 4018; x_wconf 85' lang='lat' dir='ltr'><strong>amor</strong></span> <span class='ocrx_word' id='word_1_629' title='bbox 2466 3962 2702 4030; x_wconf 85' lang='lat' dir='ltr'><strong>optimus</strong></span> <span class='ocrx_word' id='word_1_630' title='bbox 2746 3962 2936 4031; x_wconf 89' lang='lat' dir='ltr'><strong>optimi</strong></span> <span class='ocrx_word' id='word_1_631' title='bbox 2981 3976 3081 4031; x_wconf 89' lang='lat' dir='ltr'><strong>per</strong></span> <span class='ocrx_word' id='word_1_632' title='bbox 3137 3962 3417 4031; x_wconf 90' lang='lat' dir='ltr'><strong>optimum.</strong></span> <span class='ocrx_word' id='word_1_633' title='bbox 3467 3962 3597 4031; x_wconf 70' lang='lat' dir='ltr'><strong>Ipse»</strong></span> 
     </span>
    </p>
   </div>
   <div class='ocr_carea' id='block_1_87' title="bbox 1998 4053 3587 4123">
    <p class='ocr_par' dir='ltr' id='par_1_87' title="bbox 1998 4053 3587 4123">
     <span class='ocr_line' id='line_1_87' title="bbox 1998 4053 3587 4123; baseline -0.002 -13"><span class='ocrx_word' id='word_1_634' title='bbox 1998 4057 2141 4110; x_wconf 90' lang='lat' dir='ltr'><strong>enim</strong></span> <span class='ocrx_word' id='word_1_635' title='bbox 2171 4057 2309 4111; x_wconf 90' lang='lat' dir='ltr'><strong>bene</strong></span> <span class='ocrx_word' id='word_1_636' title='bbox 2345 4054 2519 4109; x_wconf 84' lang='lat' dir='ltr'><strong>factor</strong></span> <span class='ocrx_word' id='word_1_637' title='bbox 2565 4053 2915 4107; x_wconf 81' lang='lat' dir='ltr'><strong>existentium</strong></span> <span class='ocrx_word' id='word_1_638' title='bbox 2958 4068 3132 4120; x_wconf 91' lang='lat' dir='ltr'><strong>amor,</strong></span> <span class='ocrx_word' id='word_1_639' title='bbox 3167 4054 3219 4108; x_wconf 91' lang='lat' dir='ltr'><strong>in</strong></span> <span class='ocrx_word' id='word_1_640' title='bbox 3259 4054 3462 4123; x_wconf 87' lang='lat' dir='ltr'><strong>optimo</strong></span> <span class='ocrx_word' id='word_1_641' title='bbox 3487 4068 3587 4123; x_wconf 83' lang='lat' dir='ltr'><strong>per</strong></span> 
     </span>
    </p>
   </div>
   <div class='ocr_carea' id='block_1_88' title="bbox 1999 4144 3586 4213">
    <p class='ocr_par' dir='ltr' id='par_1_88' title="bbox 1999 4144 3586 4213">
     <span class='ocr_line' id='line_1_88' title="bbox 1999 4144 3586 4213; baseline -0.003 -11"><span class='ocrx_word' id='word_1_642' title='bbox 1999 4146 2372 4202; x_wconf 75' lang='lat' dir='ltr'><strong>excellentiam</strong></span> <span class='ocrx_word' id='word_1_643' title='bbox 2414 4151 2542 4198; x_wconf 90' lang='lat' dir='ltr'><strong>ante</strong></span> <span class='ocrx_word' id='word_1_644' title='bbox 2581 4144 2897 4209; x_wconf 82' lang='lat' dir='ltr'><strong>subsistens,</strong></span> <span class='ocrx_word' id='word_1_645' title='bbox 2953 4159 3058 4199; x_wconf 92' lang='lat' dir='ltr'><strong>nou</strong></span> <span class='ocrx_word' id='word_1_646' title='bbox 3111 4145 3242 4199; x_wconf 86' lang='lat' dir='ltr'><strong>sinit</strong></span> <span class='ocrx_word' id='word_1_647' title='bbox 3291 4146 3464 4213; x_wconf 88' lang='lat' dir='ltr'><strong>ipsmn</strong></span> <span class='ocrx_word' id='word_1_648' title='bbox 3504 4144 3586 4198; x_wconf 72' lang='lat' dir='ltr'><strong>im</strong></span> 
     </span>
    </p>
   </div>
   <div class='ocr_carea' id='block_1_89' title="bbox 1999 4234 3587 4304">
    <p class='ocr_par' dir='ltr' id='par_1_89' title="bbox 1999 4234 3587 4304">
     <span class='ocr_line' id='line_1_89' title="bbox 1999 4234 3587 4304; baseline -0.003 -13"><span class='ocrx_word' id='word_1_649' title='bbox 1999 4236 2289 4292; x_wconf 80' lang='lat' dir='ltr'><strong>fecundum</strong></span> <span class='ocrx_word' id='word_1_650' title='bbox 2323 4236 2375 4290; x_wconf 92' lang='lat' dir='ltr'><strong>in</strong></span> <span class='ocrx_word' id='word_1_651' title='bbox 2412 4251 2470 4291; x_wconf 88' lang='lat' dir='ltr'><strong>sc</strong></span> <span class='ocrx_word' id='word_1_652' title='bbox 2499 4235 2617 4304; x_wconf 87' lang='lat' dir='ltr'><strong>ipso</strong></span> <span class='ocrx_word' id='word_1_653' title='bbox 2654 4250 2895 4301; x_wconf 80' lang='lat' dir='ltr'><strong>manere,</strong></span> <span class='ocrx_word' id='word_1_654' title='bbox 2920 4236 3282 4290; x_wconf 87' lang='lat' dir='ltr'><strong>movitautem</strong></span> <span class='ocrx_word' id='word_1_655' title='bbox 3321 4235 3497 4304; x_wconf 87' lang='lat' dir='ltr'><strong>ipsum</strong></span> <span class='ocrx_word' id='word_1_656' title='bbox 3528 4234 3587 4287; x_wconf 87' lang='lat' dir='ltr'><strong>in</strong></span> 
     </span>
    </p>
   </div>
   <div class='ocr_carea' id='block_1_90' title="bbox 2002 4323 3586 4400">
    <p class='ocr_par' dir='ltr' id='par_1_90' title="bbox 2002 4323 3586 4400">
     <span class='ocr_line' id='line_1_90' title="bbox 2002 4323 3586 4400; baseline -0.003 -19"><span class='ocrx_word' id='word_1_657' title='bbox 2002 4327 2267 4400; x_wconf 78' lang='lat' dir='ltr'><strong>agendum</strong></span> <span class='ocrx_word' id='word_1_658' title='bbox 2308 4327 2462 4396; x_wconf 77' lang='lat' dir='ltr'><strong>juxta</strong></span> <span class='ocrx_word' id='word_1_659' title='bbox 2489 4327 2731 4380; x_wconf 90' lang='lat' dir='ltr'><strong>omnium</strong></span> <span class='ocrx_word' id='word_1_660' title='bbox 2768 4326 3059 4396; x_wconf 75' lang='lat' dir='ltr'><strong>genitivum</strong></span> <span class='ocrx_word' id='word_1_661' title='bbox 3087 4326 3485 4380; x_wconf 81' lang='lat' dir='ltr'><strong>excellentiam.</strong></span> <span class='ocrx_word' id='word_1_662' title='bbox 3519 4323 3586 4378; x_wconf 84' lang='lat' dir='ltr'><strong>Et</strong></span> 
     </span>
    </p>
   </div>
   <div class='ocr_carea' id='block_1_91' title="bbox 2001 4415 3585 4488">
    <p class='ocr_par' dir='ltr' id='par_1_91' title="bbox 2001 4415 3585 4488">
     <span class='ocr_line' id='line_1_91' title="bbox 2001 4415 3585 4488; baseline -0.003 -16"><span class='ocrx_word' id='word_1_663' title='bbox 2001 4435 2070 4473; x_wconf 89' lang='lat' dir='ltr'><strong>ne</strong></span> <span class='ocrx_word' id='word_1_664' title='bbox 2097 4418 2220 4488; x_wconf 87' lang='lat' dir='ltr'><strong>quis</strong></span> <span class='ocrx_word' id='word_1_665' title='bbox 2250 4434 2349 4472; x_wconf 85' lang='lat' dir='ltr'><strong>nos</strong></span> <span class='ocrx_word' id='word_1_666' title='bbox 2376 4417 2673 4471; x_wconf 85' lang='lat' dir='ltr'><strong>arbitretur</strong></span> <span class='ocrx_word' id='word_1_667' title='bbox 2700 4426 2889 4471; x_wconf 89' lang='lat' dir='ltr'><strong>contra</strong></span> <span class='ocrx_word' id='word_1_668' title='bbox 2917 4415 3128 4485; x_wconf 87' lang='lat' dir='ltr'><strong>eloquia</strong></span> <span class='ocrx_word' id='word_1_669' title='bbox 3156 4416 3358 4470; x_wconf 88' lang='lat' dir='ltr'><strong>amoris</strong></span> <span class='ocrx_word' id='word_1_670' title='bbox 3386 4429 3585 4485; x_wconf 81' lang='lat' dir='ltr'><strong>cogno-</strong></span> 
     </span>
    </p>
   </div>
   <div class='ocr_carea' id='block_1_92' title="bbox 325 4492 1896 4591">
    <p class='ocr_par' dir='ltr' id='par_1_92' title="bbox 325 4514 1896 4591">
     <span class='ocr_line' id='line_1_92' title="bbox 325 4514 1896 4591; baseline 0.006 -25"><span class='ocrx_word' id='word_1_671' title='bbox 325 4528 448 4567; x_wconf 89' lang='lat' dir='ltr'><strong>cmn</strong></span> <span class='ocrx_word' id='word_1_672' title='bbox 476 4529 581 4568; x_wconf 91' lang='lat' dir='ltr'><strong>non</strong></span> <span class='ocrx_word' id='word_1_673' title='bbox 610 4514 662 4569; x_wconf 91' lang='lat' dir='ltr'><strong>in</strong></span> <span class='ocrx_word' id='word_1_674' title='bbox 693 4517 1041 4584; x_wconf 88' lang='lat' dir='ltr'><strong>semetipsam</strong></span> <span class='ocrx_word' id='word_1_675' title='bbox 1076 4517 1281 4572; x_wconf 83' lang='lat' dir='ltr'><strong>intrans</strong></span> <span class='ocrx_word' id='word_1_676' title='bbox 1304 4558 1319 4583; x_wconf 94' lang='lat'><strong>,</strong></span> <span class='ocrx_word' id='word_1_677' title='bbox 1366 4528 1420 4573; x_wconf 93' lang='lat' dir='ltr'><strong>et</strong></span> <span class='ocrx_word' id='word_1_678' title='bbox 1447 4520 1704 4591; x_wconf 77' lang='lat' dir='ltr'><strong>singulari</strong></span> <span class='ocrx_word' id='word_1_679' title='bbox 1737 4522 1896 4575; x_wconf 90' lang='lat' dir='ltr'><strong>intel-</strong></span> 
     </span>
    </p>
   </div>
   <div class='ocr_carea' id='block_1_93' title="bbox 1993 4492 3586 4591">
    <p class='ocr_par' dir='ltr' id='par_1_93' title="bbox 2008 4505 3586 4577">
     <span class='ocr_line' id='line_1_93' title="bbox 2008 4505 3586 4577; baseline -0.003 -13"><span class='ocrx_word' id='word_1_680' title='bbox 2008 4509 2354 4564; x_wconf 85' lang='lat' dir='ltr'><strong>miuationem</strong></span> <span class='ocrx_word' id='word_1_681' title='bbox 2388 4508 2768 4563; x_wconf 84' lang='lat' dir='ltr'><strong>bonorilicare.</strong></span> <span class='ocrx_word' id='word_1_682' title='bbox 2817 4508 2912 4562; x_wconf 86' lang='lat' dir='ltr'><strong>Est</strong></span> <span class='ocrx_word' id='word_1_683' title='bbox 2947 4508 3164 4577; x_wconf 92' lang='lat' dir='ltr'><strong>quidem</strong></span> <span class='ocrx_word' id='word_1_684' title='bbox 3200 4505 3586 4561; x_wconf 71' lang='lat' dir='ltr'><strong>enimirratio-</strong></span> 
     </span>
    </p>
   </div>
   <div class='ocr_carea' id='block_1_94' title="bbox 325 4603 1900 4680">
    <p class='ocr_par' dir='ltr' id='par_1_94' title="bbox 325 4603 1900 4680">
     <span class='ocr_line' id='line_1_94' title="bbox 325 4603 1900 4680; baseline 0.006 -23"><span class='ocrx_word' id='word_1_685' title='bbox 325 4603 659 4660; x_wconf 82' lang='lat' dir='ltr'><strong>lectnalitate</strong></span> <span class='ocrx_word' id='word_1_686' title='bbox 692 4620 870 4670; x_wconf 88' lang='lat' dir='ltr'><strong>mota;</strong></span> <span class='ocrx_word' id='word_1_687' title='bbox 916 4607 1016 4660; x_wconf 88' lang='lat' dir='ltr'><strong>hoc</strong></span> <span class='ocrx_word' id='word_1_688' title='bbox 1051 4608 1216 4671; x_wconf 88' lang='lat' dir='ltr'><strong>enim,</strong></span> <span class='ocrx_word' id='word_1_689' title='bbox 1258 4618 1315 4662; x_wconf 92' lang='lat' dir='ltr'><strong>ut</strong></span> <span class='ocrx_word' id='word_1_690' title='bbox 1344 4610 1474 4671; x_wconf 85' lang='lat' dir='ltr'><strong>dixi,</strong></span> <span class='ocrx_word' id='word_1_691' title='bbox 1513 4619 1615 4674; x_wconf 91' lang='lat' dir='ltr'><strong>est,</strong></span> <span class='ocrx_word' id='word_1_692' title='bbox 1647 4611 1789 4680; x_wconf 86' lang='lat' dir='ltr'><strong>quod</strong></span> <span class='ocrx_word' id='word_1_693' title='bbox 1813 4625 1900 4666; x_wconf 83' lang='lat' dir='ltr'><strong>se-</strong></span> 
     </span>
    </p>
   </div>
   <div class='ocr_carea' id='block_1_95' title="bbox 326 4698 1904 4770">
    <p class='ocr_par' dir='ltr' id='par_1_95' title="bbox 326 4698 1904 4770">
     <span class='ocr_line' id='line_1_95' title="bbox 326 4698 1904 4770; baseline 0.005 -21"><span class='ocrx_word' id='word_1_694' title='bbox 326 4698 560 4750; x_wconf 90' lang='lat' dir='ltr'><strong>cundum</strong></span> <span class='ocrx_word' id='word_1_695' title='bbox 595 4698 804 4767; x_wconf 86' lang='lat' dir='ltr'><strong>cyclum</strong></span> <span class='ocrx_word' id='word_1_696' title='bbox 833 4715 851 4751; x_wconf 86' lang='lat'><strong><em>:</em></strong></span> <span class='ocrx_word' id='word_1_697' title='bbox 875 4699 974 4764; x_wconf 74' lang='lat' dir='ltr'><strong>sed</strong></span> <span class='ocrx_word' id='word_1_698' title='bbox 1002 4699 1067 4752; x_wconf 90' lang='lat' dir='ltr'><strong>ad</strong></span> <span class='ocrx_word' id='word_1_699' title='bbox 1097 4715 1159 4753; x_wconf 88' lang='lat' dir='ltr'><strong>ea</strong></span> <span class='ocrx_word' id='word_1_700' title='bbox 1203 4702 1345 4755; x_wconf 79' lang='lat' dir='ltr'><strong>circa</strong></span> <span class='ocrx_word' id='word_1_701' title='bbox 1375 4715 1433 4755; x_wconf 88' lang='lat' dir='ltr'><strong>se</strong></span> <span class='ocrx_word' id='word_1_702' title='bbox 1462 4702 1801 4770; x_wconf 82' lang='lat' dir='ltr'><strong>proveniens,</strong></span> <span class='ocrx_word' id='word_1_703' title='bbox 1848 4711 1904 4757; x_wconf 91' lang='lat' dir='ltr'><strong>et</strong></span> 
     </span>
    </p>
   </div>
   <div class='ocr_carea' id='block_1_96' title="bbox 326 4789 1906 4862">
    <p class='ocr_par' dir='ltr' id='par_1_96' title="bbox 326 4789 1906 4862">
     <span class='ocr_line' id='line_1_96' title="bbox 326 4789 1906 4862; baseline 0.004 -20"><span class='ocrx_word' id='word_1_704' title='bbox 326 4790 396 4843; x_wconf 87' lang='lat' dir='ltr'><strong>ab</strong></span> <span class='ocrx_word' id='word_1_705' title='bbox 424 4789 510 4843; x_wconf 88' lang='lat' dir='ltr'><strong>bis</strong></span> <span class='ocrx_word' id='word_1_706' title='bbox 535 4789 893 4854; x_wconf 74' lang='lat' dir='ltr'><strong>extrinsecus,</strong></span> <span class='ocrx_word' id='word_1_707' title='bbox 912 4800 1164 4860; x_wconf 83' lang='lat' dir='ltr'><strong>tanquam</strong></span> <span class='ocrx_word' id='word_1_708' title='bbox 1211 4808 1240 4845; x_wconf 90' lang='lat' dir='ltr'><strong>a</strong></span> <span class='ocrx_word' id='word_1_709' title='bbox 1287 4792 1607 4859; x_wconf 88' lang='lat' dir='ltr'><strong>quibusdam</strong></span> <span class='ocrx_word' id='word_1_710' title='bbox 1652 4792 1906 4862; x_wconf 84' lang='lat' dir='ltr'><strong>symbolis</strong></span> 
     </span>
    </p>
   </div>
   <div class='ocr_carea' id='block_1_97' title="bbox 328 4877 1907 4949">
    <p class='ocr_par' dir='ltr' id='par_1_97' title="bbox 328 4877 1907 4949">
     <span class='ocr_line' id='line_1_97' title="bbox 328 4877 1907 4949; baseline 0.003 -19"><span class='ocrx_word' id='word_1_711' title='bbox 328 4877 554 4932; x_wconf 86' lang='lat' dir='ltr'><strong>variatis</strong></span> <span class='ocrx_word' id='word_1_712' title='bbox 578 4889 633 4932; x_wconf 87' lang='lat' dir='ltr'><strong>et</strong></span> <span class='ocrx_word' id='word_1_713' title='bbox 664 4877 1053 4948; x_wconf 81' lang='lat' dir='ltr'><strong>multiplicatis.</strong></span> <span class='ocrx_word' id='word_1_714' title='bbox 1086 4880 1136 4933; x_wconf 92' lang='lat' dir='ltr'><strong>in</strong></span> <span class='ocrx_word' id='word_1_715' title='bbox 1162 4880 1383 4949; x_wconf 87' lang='lat' dir='ltr'><strong>simplas</strong></span> <span class='ocrx_word' id='word_1_716' title='bbox 1408 4888 1463 4934; x_wconf 83' lang='lat' dir='ltr'><strong>et</strong></span> <span class='ocrx_word' id='word_1_717' title='bbox 1489 4880 1669 4934; x_wconf 88' lang='lat' dir='ltr'><strong>unitas</strong></span> <span class='ocrx_word' id='word_1_718' title='bbox 1695 4880 1907 4934; x_wconf 86' lang='lat' dir='ltr'><strong>reduci-</strong></span> 
     </span>
    </p>
   </div>
   <div class='ocr_carea' id='block_1_98' title="bbox 330 4967 1903 5039">
    <p class='ocr_par' dir='ltr' id='par_1_98' title="bbox 330 4967 1903 5039">
     <span class='ocr_line' id='line_1_98' title="bbox 330 4967 1903 5039; baseline 0.003 -19"><span class='ocrx_word' id='word_1_719' title='bbox 330 4978 419 5020; x_wconf 90' lang='lat' dir='ltr'><strong>tur</strong></span> <span class='ocrx_word' id='word_1_720' title='bbox 455 4968 954 5037; x_wconf 84' lang='lat' dir='ltr'><strong>contemplationes.</strong></span> <span class='ocrx_word' id='word_1_721' title='bbox 1009 4967 1209 5023; x_wconf 83' lang='lat' dir='ltr'><strong>Horum</strong></span> <span class='ocrx_word' id='word_1_722' title='bbox 1262 4971 1425 5039; x_wconf 85' lang='lat' dir='ltr'><strong>igitur</strong></span> <span class='ocrx_word' id='word_1_723' title='bbox 1464 4978 1521 5024; x_wconf 81' lang='lat' dir='ltr'><strong>et</strong></span> <span class='ocrx_word' id='word_1_724' title='bbox 1570 4970 1903 5025; x_wconf 85' lang='lat' dir='ltr'><strong>sensibilium</strong></span> 
     </span>
    </p>
   </div>
   <div class='ocr_carea' id='block_1_99' title="bbox 332 5056 1908 5132">
    <p class='ocr_par' dir='ltr' id='par_1_99' title="bbox 332 5056 1908 5132">
     <span class='ocr_line' id='line_1_99' title="bbox 332 5056 1908 5132; baseline 0.004 -22"><span class='ocrx_word' id='word_1_725' title='bbox 332 5056 385 5111; x_wconf 90' lang='lat' dir='ltr'><strong>in</strong></span> <span class='ocrx_word' id='word_1_726' title='bbox 417 5058 672 5113; x_wconf 90' lang='lat' dir='ltr'><strong>universo</strong></span> <span class='ocrx_word' id='word_1_727' title='bbox 706 5060 868 5113; x_wconf 90' lang='lat' dir='ltr'><strong>trium</strong></span> <span class='ocrx_word' id='word_1_728' title='bbox 908 5069 1170 5122; x_wconf 89' lang='lat' dir='ltr'><strong>motuum,</strong></span> <span class='ocrx_word' id='word_1_729' title='bbox 1195 5071 1249 5115; x_wconf 92' lang='lat' dir='ltr'><strong>et</strong></span> <span class='ocrx_word' id='word_1_730' title='bbox 1282 5061 1450 5115; x_wconf 91' lang='lat' dir='ltr'><strong>multo</strong></span> <span class='ocrx_word' id='word_1_731' title='bbox 1479 5062 1629 5131; x_wconf 89' lang='lat' dir='ltr'><strong>prius</strong></span> <span class='ocrx_word' id='word_1_732' title='bbox 1667 5076 1908 5132; x_wconf 82' lang='lat' dir='ltr'><strong>unoquo-</strong></span> 
     </span>
    </p>
   </div>
   <div class='ocr_carea' id='block_1_100' title="bbox 331 5150 1906 5217">
    <p class='ocr_par' dir='ltr' id='par_1_100' title="bbox 331 5150 1906 5217">
     <span class='ocr_line' id='line_1_100' title="bbox 331 5150 1906 5217; baseline 0.003 -17"><span class='ocrx_word' id='word_1_733' title='bbox 331 5162 437 5217; x_wconf 88' lang='lat' dir='ltr'><strong>que</strong></span> <span class='ocrx_word' id='word_1_734' title='bbox 466 5150 806 5204; x_wconf 86' lang='lat' dir='ltr'><strong>mansionum</strong></span> <span class='ocrx_word' id='word_1_735' title='bbox 855 5160 910 5204; x_wconf 91' lang='lat' dir='ltr'><strong>et</strong></span> <span class='ocrx_word' id='word_1_736' title='bbox 936 5152 1227 5205; x_wconf 87' lang='lat' dir='ltr'><strong>stationum</strong></span> <span class='ocrx_word' id='word_1_737' title='bbox 1258 5160 1312 5205; x_wconf 89' lang='lat' dir='ltr'><strong>et</strong></span> <span class='ocrx_word' id='word_1_738' title='bbox 1336 5151 1749 5207; x_wconf 83' lang='lat' dir='ltr'><strong>collocationnm</strong></span> <span class='ocrx_word' id='word_1_739' title='bbox 1778 5168 1906 5207; x_wconf 82' lang='lat' dir='ltr'><strong>cau-</strong></span> 
     </span>
    </p>
   </div>
   <div class='ocr_carea' id='block_1_101' title="bbox 332 5239 1910 5314">
    <p class='ocr_par' dir='ltr' id='par_1_101' title="bbox 332 5239 1910 5314">
     <span class='ocr_line' id='line_1_101' title="bbox 332 5239 1910 5314; baseline 0.003 -23"><span class='ocrx_word' id='word_1_740' title='bbox 332 5239 446 5292; x_wconf 84' lang='lat' dir='ltr'><strong>sale</strong></span> <span class='ocrx_word' id='word_1_741' title='bbox 476 5247 579 5305; x_wconf 88' lang='lat' dir='ltr'><strong>est,</strong></span> <span class='ocrx_word' id='word_1_742' title='bbox 610 5248 664 5295; x_wconf 92' lang='lat' dir='ltr'><strong>et</strong></span> <span class='ocrx_word' id='word_1_743' title='bbox 688 5241 992 5306; x_wconf 88' lang='lat' dir='ltr'><strong>continens,</strong></span> <span class='ocrx_word' id='word_1_744' title='bbox 1017 5250 1070 5297; x_wconf 91' lang='lat' dir='ltr'><strong>et</strong></span> <span class='ocrx_word' id='word_1_745' title='bbox 1089 5242 1209 5296; x_wconf 80' lang='lat' dir='ltr'><strong>linis</strong></span> <span class='ocrx_word' id='word_1_746' title='bbox 1237 5243 1435 5298; x_wconf 89' lang='lat' dir='ltr'><strong>bonum</strong></span> <span class='ocrx_word' id='word_1_747' title='bbox 1462 5253 1517 5297; x_wconf 91' lang='lat' dir='ltr'><strong>et</strong></span> <span class='ocrx_word' id='word_1_748' title='bbox 1542 5245 1823 5314; x_wconf 88' lang='lat' dir='ltr'><strong>optimum,</strong></span> <span class='ocrx_word' id='word_1_749' title='bbox 1855 5251 1910 5296; x_wconf 93' lang='lat' dir='ltr'><strong>et</strong></span> 
     </span>
    </p>
   </div>
   <div class='ocr_carea' id='block_1_102' title="bbox 332 5332 1907 5404">
    <p class='ocr_par' dir='ltr' id='par_1_102' title="bbox 332 5332 1907 5404">
     <span class='ocr_line' id='line_1_102' title="bbox 332 5332 1907 5404; baseline 0.004 -23"><span class='ocrx_word' id='word_1_750' title='bbox 332 5342 497 5398; x_wconf 81' lang='lat' dir='ltr'><strong>super</strong></span> <span class='ocrx_word' id='word_1_751' title='bbox 521 5346 734 5385; x_wconf 84' lang='lat' dir='ltr'><strong>omnem</strong></span> <span class='ocrx_word' id='word_1_752' title='bbox 785 5340 986 5388; x_wconf 88' lang='lat' dir='ltr'><strong>statum</strong></span> <span class='ocrx_word' id='word_1_753' title='bbox 1027 5341 1077 5388; x_wconf 89' lang='lat' dir='ltr'><strong>et</strong></span> <span class='ocrx_word' id='word_1_754' title='bbox 1129 5341 1355 5388; x_wconf 90' lang='lat' dir='ltr'><strong>motum.</strong></span> <span class='ocrx_word' id='word_1_755' title='bbox 1396 5332 1688 5404; x_wconf 84' lang='lat' dir='ltr'><strong>Propterea</strong></span> <span class='ocrx_word' id='word_1_756' title='bbox 1729 5334 1907 5389; x_wconf 90' lang='lat' dir='ltr'><strong>omnis</strong></span> 
     </span>
    </p>
   </div>
   <div class='ocr_carea' id='block_1_103' title="bbox 2009 4595 3586 4661">
    <p class='ocr_par' dir='ltr' id='par_1_103' title="bbox 2009 4595 3586 4661">
     <span class='ocr_line' id='line_1_103' title="bbox 2009 4595 3586 4661; baseline -0.004 -7"><span class='ocrx_word' id='word_1_757' title='bbox 2009 4599 2207 4660; x_wconf 85' lang='lat' dir='ltr'><strong>nabile,</strong></span> <span class='ocrx_word' id='word_1_758' title='bbox 2226 4608 2284 4653; x_wconf 89' lang='lat' dir='ltr'><strong>ut</strong></span> <span class='ocrx_word' id='word_1_759' title='bbox 2301 4599 2561 4661; x_wconf 83' lang='lat' dir='ltr'><strong>arbitror,</strong></span> <span class='ocrx_word' id='word_1_760' title='bbox 2581 4609 2635 4653; x_wconf 91' lang='lat' dir='ltr'><strong>et</strong></span> <span class='ocrx_word' id='word_1_761' title='bbox 2664 4598 2903 4658; x_wconf 88' lang='lat' dir='ltr'><strong>stultum,</strong></span> <span class='ocrx_word' id='word_1_762' title='bbox 2931 4612 3037 4650; x_wconf 90' lang='lat' dir='ltr'><strong>non</strong></span> <span class='ocrx_word' id='word_1_763' title='bbox 3057 4595 3240 4651; x_wconf 90' lang='lat' dir='ltr'><strong>virtuti</strong></span> <span class='ocrx_word' id='word_1_764' title='bbox 3270 4595 3586 4650; x_wconf 83' lang='lat' dir='ltr'><strong>intentionis</strong></span> 
     </span>
    </p>
   </div>
   <div class='ocr_carea' id='block_1_104' title="bbox 2009 4680 3584 4753">
    <p class='ocr_par' dir='ltr' id='par_1_104' title="bbox 2009 4680 3584 4753">
     <span class='ocr_line' id='line_1_104' title="bbox 2009 4680 3584 4753; baseline -0.003 -10"><span class='ocrx_word' id='word_1_765' title='bbox 2009 4680 2306 4753; x_wconf 85' lang='lat' dir='ltr'><strong>attendere,</strong></span> <span class='ocrx_word' id='word_1_766' title='bbox 2357 4690 2450 4744; x_wconf 90' lang='lat' dir='ltr'><strong>sed</strong></span> <span class='ocrx_word' id='word_1_767' title='bbox 2484 4689 2736 4743; x_wconf 89' lang='lat' dir='ltr'><strong>dictionis</strong></span> <span class='ocrx_word' id='word_1_768' title='bbox 2765 4688 2806 4741; x_wconf 87' lang='grc'><strong><em>³.</em></strong></span> <span class='ocrx_word' id='word_1_769' title='bbox 2855 4687 2922 4741; x_wconf 81' lang='lat' dir='ltr'><strong>Et</strong></span> <span class='ocrx_word' id='word_1_770' title='bbox 2959 4686 3061 4742; x_wconf 89' lang='lat' dir='ltr'><strong>hoc</strong></span> <span class='ocrx_word' id='word_1_771' title='bbox 3113 4701 3220 4740; x_wconf 91' lang='lat' dir='ltr'><strong>non</strong></span> <span class='ocrx_word' id='word_1_772' title='bbox 3265 4694 3349 4740; x_wconf 86' lang='lat' dir='ltr'><strong>est</strong></span> <span class='ocrx_word' id='word_1_773' title='bbox 3403 4685 3584 4740; x_wconf 88' lang='lat' dir='ltr'><strong>divina</strong></span> 
     </span>
    </p>
   </div>
   <div class='ocr_carea' id='block_1_105' title="bbox 2011 4764 3587 4846">
    <p class='ocr_par' dir='ltr' id='par_1_105' title="bbox 2011 4764 3587 4846">
     <span class='ocr_line' id='line_1_105' title="bbox 2011 4764 3587 4846; baseline -0.002 -15"><span class='ocrx_word' id='word_1_774' title='bbox 2011 4777 2311 4845; x_wconf 77' lang='lat' dir='ltr'><strong>intelligere</strong></span> <span class='ocrx_word' id='word_1_775' title='bbox 2357 4778 2647 4833; x_wconf 86' lang='lat' dir='ltr'><strong>volentium</strong></span> <span class='ocrx_word' id='word_1_776' title='bbox 2706 4776 2981 4846; x_wconf 89' lang='lat' dir='ltr'><strong>proprium</strong></span> <span class='ocrx_word' id='word_1_777' title='bbox 3012 4816 3024 4836; x_wconf 88' lang='lat'><strong>,</strong></span> <span class='ocrx_word' id='word_1_778' title='bbox 3072 4775 3167 4831; x_wconf 89' lang='lat' dir='ltr'><strong>sed</strong></span> <span class='ocrx_word' id='word_1_779' title='bbox 3222 4764 3385 4830; x_wconf 66' lang='lat' dir='ltr'><strong>sends</strong></span> <span class='ocrx_word' id='word_1_780' title='bbox 3441 4773 3587 4828; x_wconf 87' lang='lat' dir='ltr'><strong>leves</strong></span> 
     </span>
    </p>
   </div>
   <div class='ocr_carea' id='block_1_106' title="bbox 2013 4875 3586 4945">
    <p class='ocr_par' dir='ltr' id='par_1_106' title="bbox 2013 4875 3586 4945">
     <span class='ocr_line' id='line_1_106' title="bbox 2013 4875 3586 4945; baseline -0.003 -16"><span class='ocrx_word' id='word_1_781' title='bbox 2013 4876 2462 4945; x_wconf 70' lang='lat' dir='ltr'><strong>accipientium‘,</strong></span> <span class='ocrx_word' id='word_1_782' title='bbox 2535 4884 2591 4929; x_wconf 88' lang='lat' dir='ltr'><strong>et</strong></span> <span class='ocrx_word' id='word_1_783' title='bbox 2655 4875 2752 4930; x_wconf 86' lang='lat' dir='ltr'><strong>bos</strong></span> <span class='ocrx_word' id='word_1_784' title='bbox 2807 4889 2977 4943; x_wconf 90' lang='lat' dir='ltr'><strong>usque</strong></span> <span class='ocrx_word' id='word_1_785' title='bbox 3028 4888 3189 4928; x_wconf 88' lang='lat' dir='ltr'><strong>aures</strong></span> <span class='ocrx_word' id='word_1_786' title='bbox 3238 4879 3586 4927; x_wconf 86' lang='lat' dir='ltr'><strong>transeuntes</strong></span> 
     </span>
    </p>
   </div>
   <div class='ocr_carea' id='block_1_107' title="bbox 2010 4964 3585 5033">
    <p class='ocr_par' dir='ltr' id='par_1_107' title="bbox 2010 4964 3585 5033">
     <span class='ocr_line' id='line_1_107' title="bbox 2010 4964 3585 5033; baseline -0.006 -8"><span class='ocrx_word' id='word_1_787' title='bbox 2010 4971 2349 5025; x_wconf 79' lang='lat' dir='ltr'><strong>extrinsecus</strong></span> <span class='ocrx_word' id='word_1_788' title='bbox 2395 4968 2812 5031; x_wconf 88' lang='lat' dir='ltr'><strong>continentium,</strong></span> <span class='ocrx_word' id='word_1_789' title='bbox 2859 4976 2912 5022; x_wconf 91' lang='lat' dir='ltr'><strong>et</strong></span> <span class='ocrx_word' id='word_1_790' title='bbox 2949 4967 3240 5022; x_wconf 85' lang='lat' dir='ltr'><strong>nolentium</strong></span> <span class='ocrx_word' id='word_1_791' title='bbox 3271 4967 3429 5024; x_wconf 84' lang='lat' dir='ltr'><strong>scire.</strong></span> <span class='ocrx_word' id='word_1_792' title='bbox 3454 4964 3585 5033; x_wconf 87' lang='lat' dir='ltr'><strong>quid</strong></span> 
     </span>
    </p>
   </div>
   <div class='ocr_carea' id='block_1_108' title="bbox 2010 5057 3577 5129">
    <p class='ocr_par' dir='ltr' id='par_1_108' title="bbox 2010 5057 3577 5129">
     <span class='ocr_line' id='line_1_108' title="bbox 2010 5057 3577 5129; baseline -0.004 -20"><span class='ocrx_word' id='word_1_793' title='bbox 2010 5061 2226 5129; x_wconf 85' lang='lat' dir='ltr'><strong>quidem</strong></span> <span class='ocrx_word' id='word_1_794' title='bbox 2273 5058 2452 5128; x_wconf 89' lang='lat' dir='ltr'><strong>qualis</strong></span> <span class='ocrx_word' id='word_1_795' title='bbox 2498 5057 2661 5112; x_wconf 84' lang='lat' dir='ltr'><strong>dictio</strong></span> <span class='ocrx_word' id='word_1_796' title='bbox 2710 5057 3017 5128; x_wconf 84' lang='lat' dir='ltr'><strong>signiﬁcet,</strong></span> <span class='ocrx_word' id='word_1_797' title='bbox 3077 5057 3412 5126; x_wconf 87' lang='lat' dir='ltr'><strong>quomodove</strong></span> <span class='ocrx_word' id='word_1_798' title='bbox 3457 5069 3577 5107; x_wconf 82' lang='lat' dir='ltr'><strong>eam</strong></span> 
     </span>
    </p>
   </div>
   <div class='ocr_carea' id='block_1_109' title="bbox 2009 5142 3586 5219">
    <p class='ocr_par' dir='ltr' id='par_1_109' title="bbox 2009 5142 3586 5219">
     <span class='ocr_line' id='line_1_109' title="bbox 2009 5142 3586 5219; baseline -0.006 -14"><span class='ocrx_word' id='word_1_799' title='bbox 2009 5156 2258 5218; x_wconf 84' lang='lat' dir='ltr'><strong>oporteat</strong></span> <span class='ocrx_word' id='word_1_800' title='bbox 2281 5157 2337 5203; x_wconf 88' lang='lat' dir='ltr'><strong>et</strong></span> <span class='ocrx_word' id='word_1_801' title='bbox 2357 5147 2615 5218; x_wconf 71' lang='lat' dir='ltr'><strong>peralias</strong></span> <span class='ocrx_word' id='word_1_802' title='bbox 2656 5158 3073 5219; x_wconf 86' lang='lat' dir='ltr'><strong>aequepotentcs</strong></span> <span class='ocrx_word' id='word_1_803' title='bbox 3104 5155 3158 5200; x_wconf 85' lang='lat' dir='ltr'><strong>et</strong></span> <span class='ocrx_word' id='word_1_804' title='bbox 3188 5142 3586 5199; x_wconf 80' lang='lat' dir='ltr'><strong>manifestiorcs</strong></span> 
     </span>
    </p>
   </div>
   <div class='ocr_carea' id='block_1_110' title="bbox 2004 5230 3579 5308">
    <p class='ocr_par' dir='ltr' id='par_1_110' title="bbox 2004 5230 3579 5308">
     <span class='ocr_line' id='line_1_110' title="bbox 2004 5230 3579 5308; baseline -0.006 -15"><span class='ocrx_word' id='word_1_805' title='bbox 2004 5236 2269 5294; x_wconf 74' lang='lat' dir='ltr'><strong>dictiones</strong></span> <span class='ocrx_word' id='word_1_806' title='bbox 2282 5237 2579 5301; x_wconf 88' lang='lat' dir='ltr'><strong>declarare,</strong></span> <span class='ocrx_word' id='word_1_807' title='bbox 2604 5240 3028 5308; x_wconf 88' lang='lat' dir='ltr'><strong>patientinmque</strong></span> <span class='ocrx_word' id='word_1_808' title='bbox 3048 5234 3348 5292; x_wconf 71' lang='lat' dir='ltr'><strong>elementis.</strong></span> <span class='ocrx_word' id='word_1_809' title='bbox 3376 5240 3428 5285; x_wconf 88' lang='lat' dir='ltr'><strong>et</strong></span> <span class='ocrx_word' id='word_1_810' title='bbox 3454 5230 3579 5285; x_wconf 80' lang='lat' dir='ltr'><strong>lite-</strong></span> 
     </span>
    </p>
   </div>
   <div class='ocr_carea' id='block_1_111' title="bbox 2011 5322 3576 5401">
    <p class='ocr_par' dir='ltr' id='par_1_111' title="bbox 2011 5322 3576 5401">
     <span class='ocr_line' id='line_1_111' title="bbox 2011 5322 3576 5401; baseline -0.003 -19"><span class='ocrx_word' id='word_1_811' title='bbox 2011 5330 2085 5384; x_wconf 92' lang='lat' dir='ltr'><strong>ris</strong></span> <span class='ocrx_word' id='word_1_812' title='bbox 2115 5345 2219 5383; x_wconf 91' lang='lat' dir='ltr'><strong>non</strong></span> <span class='ocrx_word' id='word_1_813' title='bbox 2252 5329 2557 5396; x_wconf 85' lang='lat' dir='ltr'><strong>intellectis,</strong></span> <span class='ocrx_word' id='word_1_814' title='bbox 2585 5342 2637 5385; x_wconf 89' lang='lat' dir='ltr'><strong>et</strong></span> <span class='ocrx_word' id='word_1_815' title='bbox 2665 5328 2881 5401; x_wconf 85' lang='lat' dir='ltr'><strong>syllabis</strong></span> <span class='ocrx_word' id='word_1_816' title='bbox 2909 5336 2963 5383; x_wconf 89' lang='lat' dir='ltr'><strong>et</strong></span> <span class='ocrx_word' id='word_1_817' title='bbox 2988 5325 3310 5381; x_wconf 86' lang='lat' dir='ltr'><strong>dictionibus</strong></span> <span class='ocrx_word' id='word_1_818' title='bbox 3335 5322 3576 5394; x_wconf 66' lang='lat' dir='ltr'><strong>incogni-</strong></span> 
     </span>
    </p>
   </div>
   <div class='ocr_carea' id='block_1_112' title="bbox 1076 5438 2302 5517">
    <p class='ocr_par' dir='ltr' id='par_1_112' title="bbox 1076 5438 2302 5517">
     <span class='ocr_line' id='line_1_112' title="bbox 1076 5438 2302 5517; baseline -0.001 -25"><span class='ocrx_word' id='word_1_819' title='bbox 1076 5488 1081 5492; x_wconf 85' lang='lat'><strong>.</strong></span> <span class='ocrx_word' id='word_1_820' title='bbox 1478 5509 1488 5517; x_wconf 37' lang='grc'><em>,</em></span> <span class='ocrx_word' id='word_1_821' title='bbox 1615 5440 1867 5496; x_wconf 64' lang='lat' dir='ltr'><strong>vanus</strong></span> <span class='ocrx_word' id='word_1_822' title='bbox 1904 5438 2302 5494; x_wconf 83' lang='lat' dir='ltr'><strong>LECTIONES.</strong></span> 
     </span>
    </p>
   </div>
   <div class='ocr_carea' id='block_1_113' title="bbox 413 5526 2518 5605">
    <p class='ocr_par' dir='ltr' id='par_1_113' title="bbox 413 5526 2518 5605">
     <span class='ocr_line' id='line_1_113' title="bbox 413 5526 2518 5605; baseline -0.002 -22"><span class='ocrx_word' id='word_1_823' title='bbox 413 5533 426 5560; x_wconf 78' lang='lat'><strong><em>‘</em></strong></span> <span class='ocrx_word' id='word_1_824' title='bbox 465 5530 552 5585; x_wconf 83' lang='lat' dir='ltr'><strong>BH</strong></span> <span class='ocrx_word' id='word_1_825' title='bbox 588 5530 768 5587; x_wconf 77' lang='lat' dir='ltr'><strong>Initio.</strong></span> <span class='ocrx_word' id='word_1_826' title='bbox 845 5538 866 5568; x_wconf 77' lang='grc'><strong><em>⁸</em></strong></span> <span class='ocrx_word' id='word_1_827' title='bbox 906 5532 992 5589; x_wconf 79' lang='lat' dir='ltr'><strong>BH</strong></span> <span class='ocrx_word' id='word_1_828' title='bbox 1017 5535 1250 5605; x_wconf 86' lang='lat' dir='ltr'><strong>quidam.</strong></span> <span class='ocrx_word' id='word_1_829' title='bbox 1349 5534 1368 5565; x_wconf 85' lang='grc'>³</span> <span class='ocrx_word' id='word_1_830' title='bbox 1393 5532 1477 5587; x_wconf 82' lang='grc' dir='ltr'><strong>ΒΕ</strong></span> <span class='ocrx_word' id='word_1_831' title='bbox 1505 5531 1840 5585; x_wconf 80' lang='lat' dir='ltr'><strong>dictionibus.</strong></span> <span class='ocrx_word' id='word_1_832' title='bbox 1949 5528 1971 5560; x_wconf 77' lang='grc'><strong>⁸</strong></span> <span class='ocrx_word' id='word_1_833' title='bbox 2018 5528 2107 5581; x_wconf 75' lang='grc' dir='ltr'><strong>ΛΕ</strong></span> <span class='ocrx_word' id='word_1_834' title='bbox 2144 5526 2518 5596; x_wconf 81' lang='lat' dir='ltr'><strong>recipientium.</strong></span> 
     </span>
    </p>
   </div>
   <div class='ocr_carea' id='block_1_114' title="bbox 1852 5617 2099 5673">
    <p class='ocr_par' dir='ltr' id='par_1_114' title="bbox 1852 5617 2099 5673">
     <span class='ocr_line' id='line_1_114' title="bbox 1852 5617 2099 5673; baseline 0.004 -2"><span class='ocrx_word' id='word_1_835' title='bbox 1852 5617 2031 5673; x_wconf 66' lang='lat' dir='ltr'><strong>NUTA</strong></span> <span class='ocrx_word' id='word_1_836' title='bbox 2042 5617 2099 5672; x_wconf 78' lang='grc' dir='ltr'><strong>Ε.</strong></span> 
     </span>
    </p>
   </div>
   <div class='ocr_carea' id='block_1_115' title="bbox 412 5690 856 5758">
    <p class='ocr_par' dir='ltr' id='par_1_115' title="bbox 412 5690 856 5758">
     <span class='ocr_line' id='line_1_115' title="bbox 412 5690 856 5758; baseline 0.011 -16"><span class='ocrx_word' id='word_1_837' title='bbox 412 5704 433 5731; x_wconf 79' lang='grc' dir='ltr'>ι</span> <span class='ocrx_word' id='word_1_838' title='bbox 465 5691 620 5746; x_wconf 70' lang='lat' dir='ltr'><strong>lluttt.</strong></span> <span class='ocrx_word' id='word_1_839' title='bbox 653 5690 751 5758; x_wconf 75' lang='lat' dir='ltr'><strong>XI,</strong></span> <span class='ocrx_word' id='word_1_840' title='bbox 771 5692 856 5747; x_wconf 73' lang='grc'><strong>56.</strong></span> 
     </span>
    </p>
   </div>
  </div>
