3978 6160
430 308 567 365 1135

1793 307 2075 368 JOANNIS
2111 306 2307 368 δίζοΠ

3540 303 3677 362 ἰῐῗιϐ

426 419 498 475 tis
512 427 567 474 et
597 431 701 473 non
729 416 1154 488 ingredientibus
1181 417 1235 472 in
1265 417 1476 474 animae
1507 433 1637 475 suae
1669 418 2005 476 intellectua-
2029 425 2077 484 Α
2105 437 2222 477 nes.
2252 421 2319 477 Et
2346 429 2430 478 est
2456 421 2559 478 hoc
2607 421 2824 477 virtutis
2851 421 3080 477 unilicae
3117 428 3172 477 et
3199 417 3595 488 eonjunctivae,
3627 429 3682 475 et

429 511 503 576 le,
532 512 627 567 sed
676 510 806 565 furis
832 512 976 566 circa
1012 511 1152 566 labia
1196 521 1250 567 et
1292 513 1510 569 auditus
1559 528 1686 569 suos
1731 515 2004 585 percrepi-

429 600 687 663 tantibus,
733 615 798 654 ac
840 601 1018 655 sinon
1066 600 1250 667 liceat,
1287 612 1541 672 quattuor
1580 620 1860 659 numerum
1905 621 2004 676 per

425 692 509 748 bis
529 693 635 748 duo
678 692 1006 763 significare,
1037 700 1129 747 aut
1154 692 1398 763 simplam
1431 692 1628 748 lineam
1656 709 1754 763 per
1796 702 2005 749 rectam

426 781 642 847 lineam,
677 790 772 836 aut
794 783 1196 836 maternitatem
1218 785 1738 854 perpaternitatem,
1767 794 1858 839 aut
1880 785 2006 841 aliis

422 879 742 947 quibusdam
773 877 957 933 multis
983 878 1244 934 orationis
1268 879 1510 949 partibus
1538 879 1767 951 idipsum
1791 879 1999 950 signino

420 965 688 1022 cantibus.
718 965 945 1036 Oportet
973 967 1111 1021 scire
1137 967 1437 1022 secundum
1478 977 1679 1023 rectam
1712 968 1999 1033 rationem,

419 1056 546 1125 quia
573 1054 876 1121 elementis,
905 1065 960 1111 et
979 1055 1298 1126 syllabis,.et
1322 1054 1664 1123 dictionibus,
1690 1066 1743 1111 et
1766 1057 1998 1124 scriptu-

418 1145 520 1210 ris,
576 1155 632 1202 et
677 1147 1016 1202 orationibus
1070 1146 1275 1201 utimur
1328 1160 1426 1217 per
1468 1162 1681 1202 sensus.
1732 1146 1823 1202 Sic
1876 1162 2001 1202 cum

418 1246 606 1293 nostra
630 1240 816 1295 anima
852 1239 1301 1296 intellectualibus
1337 1241 1740 1310 operationibus
1779 1242 1844 1296 ad
1872 1241 2002 1295 iuvi-

418 1329 596 1385 sibilia
627 1339 894 1398 movetur,
932 1331 1208 1388 abundant
1245 1347 1367 1387 cum
1397 1330 1740 1388 sensibilibus
1766 1346 1995 1388 sensus:

419 1419 558 1475 sicut
587 1430 644 1476 et
674 1421 1063 1477 intellectuales
1087 1422 1335 1487 virtutes,
1367 1437 1489 1477 cum
1519 1422 1697 1476 anima
1724 1420 2001 1478 deiformis

418 1513 558 1569 facta
581 1530 682 1586 per
706 1516 966 1570 unitatem
998 1518 1210 1586 ignotae
1231 1515 1622 1571 inaccessibilis
1651 1514 1808 1581 lucis,
1835 1515 2002 1572 radiis

418 1604 863 1660 desiderabilibus
895 1605 1252 1661 invisibilibus
1280 1605 1522 1661 tlieoriis.
1570 1604 1704 1660 Cum
1735 1620 1866 1662 vero
1889 1606 2002 1661 ani-

418 1714 540 1754 mus
572 1713 667 1768 per
693 1699 963 1755 sensibilia
995 1699 1280 1755 reformari
1321 1698 1541 1755 festinat
1572 1700 1638 1755 ad
1663 1700 1997 1771 contempla-

2101 508 2413 567 ditl‘erenter
2453 510 2941 583 contemperativae
2970 510 3023 565 in
3056 509 3196 566 bono
3234 517 3290 562 et
3332 507 3561 577 optimo,
3585 522 3683 577 per

2099 605 2299 660 bonum
2322 613 2376 661 et
2399 605 2660 675 optimum
2689 604 3160 668 antesubstitutae,
3201 617 3268 657 ex
3300 600 3444 656 bono
3468 608 3525 655 et
3544 601 3685 670 opti-

2099 712 2189 750 mo
2216 711 2314 766 per
2339 697 2537 751 bonum
2561 708 2615 752 et
2643 698 2909 767 optimum
2938 696 3134 758 editae,
3182 692 3515 749 continentis
3557 690 3680 760 qui-

2100 788 2220 843 dem
2242 788 2640 858 aequipotentia
2667 788 2962 843 secundum
3014 783 3325 840 sociabilem
3349 780 3682 836 vicissitudi-

2099 894 2253 943 nem,
2275 878 2541 934 moventis
2565 887 2744 932 autem
2784 878 2956 946 prima
3000 875 3069 930 ad
3098 875 3365 930 minorum
3397 869 3686 940 providen—

2100 970 2254 1035 tiam,
2284 977 2341 1024 et
2364 969 2679 1025 collocantis
2707 968 2963 1024 inferiora
3010 965 3365 1023 conversione
3392 958 3685 1032 superiori-

2098 1061 2222 1116 bus.
2279 1061 2377 1115 Est
2421 1068 2600 1115 autem
2649 1067 2704 1115 et
2754 1060 3046 1115 eestaticus
3099 1056 3312 1111 divinus
3353 1068 3529 1118 amor,
3580 1065 3684 1106 non

2099 1152 2284 1207 sinens
2330 1151 2534 1221 seipsos
2575 1165 2696 1207 esse
2735 1160 2999 1214 amantes,
3046 1148 3140 1204 sed
3180 1147 3557 1203 amandornm.
3618 1140 3686 1197 Et

2100 1241 2448 1296 declarantur
2487 1242 2702 1310 quidem
2750 1241 3029 1309 superiora
3072 1237 3408 1309 providentia
3435 1233 3685 1290 factaino

2099 1329 2382 1396 feriorum,
2405 1340 2462 1385 et
2491 1329 2843 1400 aequil'ormia
2880 1329 3022 1385 inter
3048 1343 3107 1383 se
3145 1327 3374 1382 invicem
3403 1324 3688 1380 continen-

2103 1422 2197 1486 tia,
2248 1431 2303 1477 et
2368 1421 2579 1476 minora
2652 1421 2719 1475 ad
2767 1420 2941 1491 prima
3000 1417 3248 1474 diviniori
3304 1416 3683 1472 conversione.

2102 1512 2331 1568 Proinde
2353 1524 2407 1567 et
2430 1512 2628 1568 Paulus
2649 1526 2877 1582 magnus
2902 1511 2955 1564 in
2977 1508 3296 1565 excellentia
3319 1505 3491 1562 divini
3516 1503 3688 1560 factus

2102 1603 2332 1669 amoris,
2358 1611 2413 1656 et
2443 1612 2620 1656 mente
2671 1600 3021 1656 excedentem
3061 1615 3213 1654 suam
3244 1597 3504 1652 virtutem
3536 1610 3686 1650 assu-

2102 1710 2278 1758 mens,
2311 1694 2494 1750 divino
2515 1708 2638 1748 ore:
2672 1692 2801 1747 Vivo
2823 1691 3054 1771 ego,ait,
3074 1690 3190 1760 jam
3212 1705 3337 1752 non,
3368 1687 3489 1741 vit-it
3512 1696 3685 1740 autem

416 1765 586 1846 biles'
618 1792 1015 1848 invisibilitates
1036 1833 1051 1857 ,
1124 1792 1475 1863 pretiosiores
1537 1794 1789 1863 omnibus
1873 1765 2001 1851 ium
2026 1765 2072 1825 Β
2099 1785 2153 1837 in
2179 1801 2260 1838 me
2280 1782 2519 1839 Christus
2543 1795 2589 1837 θ.
2620 1784 2688 1840 Et
2708 1798 2832 1838 vere
2859 1765 3069 1837 amator
3092 1790 3147 1836 et
3170 1788 3350 1835 mente
3392 1778 3685 1840 excedenS.

416 1882 677 1940 clariores
696 1885 944 1940 sensibus
965 1894 1273 1956 provectus,
1304 1886 1561 1941 lucidiora
1576 1888 1739 1942 verba
1756 1888 1998 1959 planiora

413 1975 743 2041 visibilibns,
785 1976 929 2030 sicut
951 1992 1074 2031 cum
1122 1992 1228 2030 non
1279 1977 1438 2046 plana
1480 1978 1588 2032 sint
1625 1979 1994 2034 accumbentia

412 2068 679 2131 sensibus,
712 2082 891 2137 neque
917 2068 1031 2137 ipsa
1063 2068 1244 2122 animo
1269 2068 1522 2123 assistere
1552 2070 1828 2126 sensibilia
1859 2071 1999 2127 bene

411 2168 684 2229 poterunt.
714 2157 1078 2214 Veruntamen
1103 2168 1160 2212 ut
1196 2174 1304 2213 non
1354 2160 1489 2215 haec
1517 2160 1698 2217 dicere
1723 2171 1993 2231 putemur,

411 2260 673 2317 tanquam
713 2248 891 2303 divina
926 2247 1136 2317 eloquia
1178 2248 1582 2315 submoventes,
1609 2252 1829 2306 audiant
1856 2252 1997 2309 hanc

412 2340 619 2395 amoris
666 2340 1092 2397 nominationem
1123 2341 1517 2396 criminantes:
1556 2342 1689 2396 Ama
1728 2359 1865 2409 eam,
1908 2344 1992 2398 in-

411 2434 547 2501 quit,
585 2443 631 2485 et
661 2432 915 2486 custodiet
940 2442 1023 2495 te;
1063 2430 1364 2502 amplexare
1389 2447 1525 2498 eam,
1556 2440 1604 2486 et
1633 2432 1883 2487 exaltabit
1902 2442 1993 2500 te;

410 2526 609 2577 honora
636 2540 776 2589 eam,
802 2533 859 2578 ut
903 2534 953 2578 te
983 2524 1383 2595 comprehendat
1423 2526 1516 2591 ιις
1539 2532 1596 2580 et
1640 2524 1995 2597 quaecunque

410 2616 514 2671 alia
544 2618 838 2672 secundum
879 2617 1175 2673 amatorias
1226 2615 1523 2686 theologias
1578 2617 1885 2673 laudantur.
1929 2620 1997 2674 Et

410 2708 631 2778 quidem
674 2707 850 2762 visum
900 2716 984 2762 est
1027 2707 1348 2777 quibusdam
1396 2707 1598 2762 nostris
1637 2706 1892 2780 lerologis
1940 2717 1994 2765 et

408 2799 646 2854 divinius
674 2813 794 2854 esse
846 2800 1048 2855 amoris
1075 2813 1268 2854 nomen
1294 2813 1361 2855 eo
1388 2799 1692 2856 dilectionis
1723 2801 1764 2854 ⁸.
1794 2800 1997 2857 Scribit

409 2896 589 2944 autem
634 2899 696 2964 ει
743 2889 956 2947 divinus
992 2890 1268 2963 lgnatius:
1315 2892 1466 2949 Meus
1512 2911 1663 2948 amor
1706 2893 1993 2964 cruciﬁxus

407 2993 483 3037 est
523 2983 573 3036 ιι.
606 2983 675 3038 Εἴ
702 2984 754 3039 in
801 2984 933 3054 ipsis
957 2995 1083 3040 ante
1129 2986 1617 3042 introductionibu‘s
1657 2986 1994 3058 eloquiorum

2097 1876 2256 1931 sicsic
2286 1876 2478 1945 inquit,
2506 1874 2638 1940 Deo,
2662 1886 2834 1929 etnon
2858 1874 3028 1942 ipsam
3058 1875 3138 1927 sui
3164 1872 3372 1935 vivens,
3402 1869 3684 1937 sedipsam

2096 1965 2355 2021 amatoris
2379 1966 2568 2028 vitam,
2598 1973 2656 2018 ut
2694 1964 2857 2018 nimis
2887 1962 3315 2017 dilectissimam.
3353 1956 3683 2013 Audendum

2095 2064 2277 2111 autem
2327 2064 2382 2110 et
2430 2055 2532 2111 boc
2566 2070 2664 2127 pro
2709 2054 2940 2108 veritate
2967 2052 3166 2117 dicere,
3203 2051 3327 2120 quia
3362 2057 3419 2103 et
3441 2047 3683 2102 omnium

2095 2148 2330 2220 causalis
2369 2149 2631 2203 honorum
2659 2156 2714 2202 et
2750 2137 3080 2216 optimorum
3105 2142 3345 2198 omnium
3376 2155 3569 2195 amore
3591 2154 3686 2211 per

2094 2242 2466 2298 excellentiam
2509 2243 2805 2297 amatoriae
2835 2240 3089 2296 bonitatis
3112 2238 3432 2294 habitudine
3462 2252 3567 2292 sua
3604 2236 3688 2302 lit,

2095 2335 2149 2390 in
2178 2336 2465 2390 existentia
2516 2334 2697 2390 omnia
2731 2332 3105 2402 providentiis,
3153 2339 3208 2386 et
3254 2339 3315 2383 ut
3352 2329 3600 2383 bonitate
3631 2338 3689 2382 et

2094 2424 2381 2480 dilectione
2420 2434 2477 2479 et
2525 2439 2710 2478 amore
2752 2422 2988 2487 fovetur,
3048 2430 3105 2475 et
3132 2436 3197 2475 ex
3226 2435 3393 2490 super
3418 2418 3602 2474 omnia
3629 2425 3688 2472 et

2095 2515 2345 2571 omnibus
2378 2521 2584 2569 remoto
2632 2512 2697 2568 ad
2739 2502 2903 2567 unum
2930 2511 3191 2566 omnibus
3216 2510 3509 2565 deducitur
3526 2510 3681 2580 juxta

2094 2613 2276 2660 mente
2331 2606 2681 2659 excedentem
2732 2601 3241 2673 superessentialem
3286 2601 3548 2655 vietutem
3600 2615 3683 2655 re-

2094 2698 2347 2754 deuntem
2401 2696 2711 2766 semetipso.
2742 2693 2968 2764 Prdpter
3004 2694 3147 2764 quod
3179 2702 3234 2749 et
3280 2693 3518 2748 zelotem
3558 2706 3681 2745 eum

2093 2789 2261 2845 divini
2288 2788 2560 2859 sapientes
2580 2786 2875 2857 appellant,
2907 2786 3054 2841 velut
3085 2785 3312 2840 multum
3352 2785 3411 2839 in
3437 2786 3683 2841 existen-

2096 2883 2170 2938 tia
2204 2881 2467 2953 optimum
2508 2895 2769 2946 amorem,
2794 2887 2848 2934 et
2895 2879 3046 2935 utad
3086 2877 3261 2933 zelum
3292 2879 3680 2932 suscitatorcm

2094 2974 2562 3045 concupiscentiae
2605 2989 2737 3030 suae
2784 2973 3100 3038 amatoriae,
3127 2980 3183 3027 et
3211 2979 3269 3025 ut
3303 2970 3535 3027 zelotem
3561 2984 3681 3026 eam

406 3074 649 3129 invenies
703 3076 971 3146 quendam
1017 3075 1284 3132 dicentem
1339 3076 1406 3131 de
1455 3077 1633 3132 divina
1681 3077 1987 3148 sapientia:

2095 3066 2492 3130 ostendentem,
2532 3074 2588 3121 et
2617 3064 2901 3135 concupita
2933 3062 3220 3127 zelantem,
3268 3069 3326 3117 ct
3366 3070 3429 3117 ut
3446 3061 3682 3133 provisis

2099 3172 2209 3177 ---_-
2257 3156 2604 3177 “Quae---
2639 3169 2736 3177 η-
2765 3155 3047 3177 ---.-.ε---
3106 3152 3406 3177 -..ι--.ει..--
3442 3170 3456 3177 ,
3490 3162 3539 3177 ,.
3571 3166 3677 3177 Α...

405 3163 627 3218 Amator
651 3164 825 3233 factus
847 3182 964 3220 sum
994 3166 1195 3236 farinae
1222 3166 1336 3237 ejus
1366 3177 1414 3219 ο.
1446 3166 1634 3236 Itaque
1656 3167 1757 3223 hoc
1784 3167 1986 3223 amoris

405 3269 603 3309 nomen
636 3269 703 3309 ne
728 3256 1031 3323 timeamus,
1058 3271 1233 3328 neque
1251 3257 1372 3326 quis
1386 3272 1493 3313 nos
1506 3258 1789 3312 conturbet
1807 3270 1989 3312 sermo

405 3343 475 3399 de
526 3343 633 3398 hoc
682 3343 1008 3415 disceptans.
1055 3345 1186 3411 Mihi
1233 3346 1378 3402 enim
1433 3346 1686 3402 videntur
1755 3347 1987 3419 theologi

404 3447 692 3489 commune
737 3434 953 3504 quidem
983 3435 1199 3491 duxisse
1234 3433 1534 3492 dilectionis
1578 3444 1634 3493 et
1668 3438 1868 3493 amoris
1890 3453 1988 3493 no-

408 3539 531 3579 men
564 3541 577 3578 :
609 3535 891 3596 propterea
938 3532 1118 3581 autem
1159 3526 1355 3583 divinis
1393 3529 1562 3599 magis
1611 3528 1819 3584 referre
1857 3543 1988 3585 vere

409 3627 670 3679 amorem,
723 3624 941 3684 propter
988 3615 1460 3686 inconsequeulem
1511 3616 1698 3672 talium
1746 3618 1987 3673 virorum

409 3701 828 3757 adamationem.
858 3701 1087 3758 Pulchre
1106 3704 1249 3758 enim
1277 3719 1404 3759 vere
1438 3719 1625 3760 amore
1645 3722 1750 3763 non
1772 3722 1803 3762 a
1831 3708 1989 3764 nobis

408 3800 640 3856 tantum,
669 3791 764 3847 sed
792 3800 847 3847 et
879 3793 948 3848 ab
992 3793 1221 3864 eloquiis
1244 3795 1377 3866 ipsis
1419 3796 1654 3864 laudato,
1687 3798 1985 3855 multitudi-

402 3899 505 3939 nes
529 3900 633 3939 non
655 3884 935 3954 capientes
953 3886 1221 3943 uniforme
1246 3889 1542 3945 amatoriae
1569 3890 1784 3947 divinae
1809 3893 1988 3948 nomi-

406 3975 663 4040 nationis,
694 3978 911 4047 proprie
933 3980 1253 4049 semetipsos
1279 3982 1331 4034 in
1361 3981 1610 4050 partibile
1629 3992 1686 4037 et
1702 3984 1990 4053 corporale

399 4077 458 4123 et
483 4068 754 4125 dividuum
785 4071 1170 4136 labefeceruut,
1217 4090 1338 4130 cum
1370 4091 1474 4131 non
1524 4077 1596 4132 sit
1619 4093 1778 4132 verus
1796 4092 1989 4145 amor,

403 4158 496 4212 sed
527 4160 736 4223 umbra,
785 4169 881 4215 aut
922 4163 1092 4233 magis
1121 4179 1278 4218 rasus
1301 4180 1431 4220 vero
1459 4181 1661 4221 amore.
1695 4167 1982 4235 Reniotum

397 4247 547 4303 enim
571 4249 1008 4305 estmultitudine
1035 4251 1304 4319 singulare
1323 4254 1487 4308 divini
1510 4263 1564 4309 et
1579 4256 1737 4310 unius
1759 4257 1976 4312 amoris.

402 4335 530 4392 Ideo
557 4346 613 4392 et
638 4338 717 4394 sic
743 4339 1010 4395 difficilius
1031 4356 1225 4396 nomen
1255 4341 1437 4398 multis
1449 4352 1691 4413 putatum
1722 4346 1773 4399 in
1798 4347 1979 4401 divina

2090 3172 2214 3213 eum
2249 3156 2606 3213 existentibus
2639 3169 2736 3226 per
2762 3155 3052 3224 semetipsa
3105 3152 3410 3209 zelantibus
3441 3170 3456 3207 :
3487 3162 3546 3207 et
3569 3166 3683 3207 om-

2091 3250 2220 3305 nino
2244 3250 2387 3306 bone
2408 3256 2465 3304 et
2493 3249 2698 3318 optimo
2725 3256 2806 3303 est
2838 3245 3069 3302 amabile
3089 3254 3147 3301 et
3169 3259 3342 3309 amor,
3368 3254 3428 3300 et
3456 3244 3515 3299 in
3539 3243 3680 3299 bono

2087 3350 2144 3396 et
2167 3339 2370 3410 optimo
2391 3348 2515 3394 ante
2531 3337 2883 3402 collocantur,
2913 3345 2967 3392 et
2992 3352 3089 3406 per
3114 3337 3313 3392 bonum
3335 3344 3391 3391 et
3412 3335 3682 3405 optimum

2089 3439 2216 3485 sunt
2234 3440 2287 3485 et
2315 3430 2470 3484 llunt.
2494 3430 2633 3495 Quid
2661 3436 2841 3485 autem
2873 3428 3094 3484 omnino
3123 3427 3354 3499 theologi
3388 3427 3673 3487 volentes.

2088 3522 2381 3591 aliquando
2430 3522 2646 3593 quidem
2698 3534 2939 3577 amorem
2988 3530 3045 3577 et
3093 3520 3444 3576 dilectionem
3502 3521 3681 3591 ipsum

2087 3615 2292 3678 dicunt,
2332 3611 2630 3683 aliquando
2673 3628 2804 3669 vero
2845 3621 3083 3668 amatum
3133 3623 3193 3668 et
3237 3611 3499 3666 dilectum
3527 3611 3553 3664 2
3601 3609 3679 3665 Eo

2085 3704 2303 3774 quidem
2348 3704 2493 3759 enim
2537 3702 2792 3769 causalis,
2820 3711 2877 3757 et
2901 3712 2961 3756 ut
2986 3702 3306 3771 praevalens
3327 3710 3385 3755 et
3412 3700 3629 3769 genitor
3654 3716 3673 3751 :

2085 3795 2188 3850 hoc
2210 3803 2390 3850 autem
2420 3795 2534 3863 ipse
2556 3801 2657 3849 est.
2683 3793 2750 3848 Et
2771 3809 2837 3848 eo
2862 3794 3078 3864 quidem
3109 3801 3375 3856 movetur,
3405 3804 3474 3845 eo
3493 3799 3676 3845 autem

2085 3894 2286 3951 movet,
2325 3887 2542 3956 quando
2570 3887 2685 3956 ipse
2723 3885 2923 3940 suimet
2949 3893 3004 3940 et
3030 3883 3131 3939 sibi
3159 3890 3243 3938 est
3271 3896 3596 3952 praecessor
3619 3888 3674 3934 et

2086 3993 2326 4034 movens.
2389 3977 2479 4034 Sic
2524 3989 2704 4033 autem
2752 3977 3008 4033 dilectum
3054 3976 3274 4046 quidem
3319 3983 3374 4029 et
3431 3983 3676 4030 amatum

2083 4085 2206 4126 eum
2243 4079 2460 4133 vocant,
2503 4078 2561 4122 ut
2598 4070 2796 4124 bonum
2824 4077 2879 4123 et
2907 4068 3169 4138 optimum
3206 4085 3220 4120 :
3251 4062 3496 4120 amorem
3545 4078 3671 4120 vero

2083 4164 2279 4220 iterum
2328 4170 2385 4216 et
2433 4161 2798 4225 dilectionem,
2858 4169 2917 4214 ut
2946 4166 3248 4214 moventem
3297 4155 3483 4221 simul,
3514 4162 3571 4208 et
3614 4160 3674 4206 ut

2083 4249 2431 4309 reducentem
2485 4255 2739 4306 virtutem
2808 4266 2931 4305 eum
3004 4250 3095 4320 qui
3162 4256 3249 4304 est
3304 4247 3359 4301 in
3432 4246 3668 4315 seipsum

2086 4345 2277 4405 solum.
2309 4345 2482 4414 ipsum
2528 4359 2625 4414 per
2664 4344 2902 4413 seipsum
2943 4345 3143 4397 bonum
3187 4351 3243 4395 et
3284 4337 3575 4409 optimum.
3602 4336 3669 4391 Et

401 4432 662 4501 sapientia
684 4433 960 4497 statuitur,
975 4443 1029 4489 et
1050 4434 1118 4489 ad
1144 4435 1508 4492 reductionem
1535 4452 1722 4493 eorum
1745 4445 1800 4493 et
1827 4440 1986 4494 resti-
2010 4459 2061 4520 ι)
2086 4439 2166 4495 sic
2193 4439 2429 4508 quidem
2457 4436 2802 4499 edicendum,
2857 4435 3179 4491 existentem
3234 4432 3533 4503 semetipso
3574 4443 3665 4499 pet

405 4520 661 4574 Iutioncm
688 4522 739 4576 in
763 4523 875 4576 veri
899 4523 1100 4578 amoris
1126 4523 1485 4590 notitiam,‘et
1527 4526 1622 4590 ita,
1652 4535 1711 4580 ut
1734 4527 1980 4583 absolva-

403 4619 491 4664 tur
521 4611 572 4664 in
607 4611 723 4680 ipso
748 4611 1046 4668 diliicultas.
1072 4614 1114 4668 A
1143 4615 1297 4671 nobis
1339 4626 1519 4671 autem
1560 4617 1772 4682 iterum,
1805 4619 1894 4673 ubi
1925 4628 1982 4674 et

404 4700 796 4770 inconsequens
821 4703 1077 4771 quiddam
1104 4719 1266 4775 saepe
1310 4706 1709 4776 intelligendum
1737 4716 1981 4763 terrenos

399 4790 578 4845 caelos
615 4794 907 4847 secundum
956 4796 1263 4865 opinionem
1294 4798 1533 4853 melioris
1578 4798 1771 4854 famae.
1827 4799 1984 4855 Ceci-

397 4882 497 4946 dit,
539 4883 661 4951 quis
708 4883 805 4948 ait,
848 4885 1063 4941 dilectio
1115 4896 1201 4941 tua
1249 4904 1412 4958 super
1438 4903 1551 4953 me,
1595 4889 1733 4943 sicut
1763 4890 1980 4945 dilectio

397 4973 682 5028 mulierum
697 4973 745 5027 ἀ.
760 4975 816 5029 lu
833 4976 1259 5033 eluceseentibus
1272 4979 1469 5034 divinis
1488 4978 1908 5035 sublimitatibus
1922 4980 1977 5034 in

397 5064 585 5119 eadem
609 5066 808 5123 virtute
835 5068 1091 5123 statuitur
1127 5086 1157 5123 a
1187 5071 1358 5125 sacris
1389 5069 1650 5140 theologis
1673 5069 1977 5125 dilectionis

394 5162 455 5211 et
491 5158 693 5214 amoris
740 5174 937 5215 nomen
982 5161 1277 5216 secundum
1322 5162 1533 5217 divinas
1582 5159 1976 5217 manifestatio—

2086 4527 2436 4597 semetipsum
2463 4525 2778 4581 excellentis
2822 4525 3051 4578 unitatis
3073 4524 3334 4592 optimam
3362 4521 3667 4592 processio-

2084 4633 2231 4681 nem,
2259 4625 2318 4672 et
2355 4616 2675 4670 amatorium
2730 4622 2956 4677 motum,
2996 4611 3273 4681 simplum,
3301 4625 3402 4679 per
3431 4610 3665 4680 seipsum

2085 4714 2310 4768 motum,
2353 4720 2449 4774 per
2509 4703 2747 4772 seipsum
2796 4702 3058 4762 activum,
3104 4703 3564 4769 praeexislentctn
3608 4698 3665 4751 in

2083 4794 2309 4863 optimo,
2359 4800 2416 4846 et
2459 4807 2524 4846 ex
2552 4792 2756 4861 optimo
2803 4789 3159 4845 existentibus
3203 4796 3575 4846 emanantem,
3609 4798 3667 4837 et

2085 4888 2280 4942 iterum
2318 4886 2371 4939 in
2420 4886 2680 4955 optimum
2738 4892 3142 4938 convertentem
3185 4892 3268 4943 se,
3313 4888 3371 4932 et
3394 4878 3663 4931 inﬁnitum

2084 4978 2285 5047 seipso,
2314 4986 2367 5030 et
2397 4992 2590 5031 carens
2610 4974 2894 5044 principio,
2931 4972 3150 5025 divinus
3184 4984 3340 5023 amor
3361 4967 3664 5023 ostenditur

2082 5065 2412 5129 diﬁ‘erenter,
2445 5065 2585 5119 sicut
2612 5064 2829 5133 quidam
2865 5071 3121 5115 aeternus
3152 5057 3355 5128 cyclus,
3389 5071 3486 5126 per
3519 5053 3661 5124 opti-

2081 5173 2257 5220 mum,
2280 5172 2345 5211 ex
2371 5157 2595 5225 optima.
2624 5165 2680 5210 et
2721 5154 2774 5208 in
2803 5154 3026 5222 nptiinu,
3064 5160 3119 5205 ct
3157 5149 3212 5202 in
3255 5148 3541 5217 optimum,
3573 5146 3658 5199 in-

1679 5271 1936 5326 VABIAE
1973 5267 2381 5327 LECTIONES.

467 5366 484 5397 ι
517 5357 559 5413 Ε
585 5362 984 5429 comprehendat
1029 5371 1098 5415 te.
1172 5362 1192 5394 '
1224 5360 1267 5415 A
1300 5377 1484 5417 nomen
1512 5358 1716 5416 amoris
1737 5379 1896 5433 quam
1921 5361 2213 5416 dilectionis
2237 5376 2255 5423 ;
2282 5358 2329 5412 ll
2347 5374 2503 5427 quam
2528 5357 2822 5412 dilectionis
2847 5372 3030 5410 nomen
3059 5357 3282 5409 amoris.

1911 5470 2161 5527 NOTAE.

376 5561 383 5571 ’
414 5596 415 5599 η
465 5568 490 5597 ⁸
520 5558 675 5612 Pt‘tiv.
705 5558 790 5612 IV.

464 5625 492 5666 δ
525 5629 691 5692 Epist.
725 5629 788 5680 ad
820 5628 968 5686 Rom.
1006 5631 1112 5687 VK.

469 5704 495 5730 ε
524 5694 647 5765 Sup.
682 5696 809 5761 Vill,
841 5701 892 5752 ‘2.

2135 5562 2161 5601 ἀ
2204 5561 2241 5615 ιι
2275 5561 2404 5629 Reg.
2438 5561 2474 5612 l.

2146 5642 2166 5669 '
2207 5630 2322 5686 Gul.
2359 5631 2420 5696 ll,
2440 5632 2530 5685 τω.
