3978 6160
282 331 420 399 1337

884 343 1135 405 VERSIO
1176 346 1461 407 ()PERUM
1499 351 1560 407 S.
1602 350 1922 408 DlONYSil.
1965 381 2035 394 --
2075 349 2169 407 DE
2201 351 2446 409 DlV'lNlS
2486 349 2878 410 NOMINIBUS.

3404 354 3544 414 4138

277 429 564 486 enarrabili
586 433 939 490 conversione
964 438 1250 501 circuiens,
1269 449 1325 495 et
1351 440 1402 495 in
1430 442 1643 507 eodem,
1670 450 1724 497 et
1756 457 1852 513 per
1880 452 1926 508 Α
1953 458 2060 512 quo
2089 444 2354 515 principio
2376 446 2618 502 substitit
2639 447 2694 499 δῖ)
2724 448 2789 502 Et
2809 463 2874 503 ex
2907 461 3015 516 quo
3045 447 3390 525 existentium
3418 430 3547 503 est?

272 521 505 589 idipsum
537 532 592 577 et
621 525 944 593 proveniens
979 544 1212 599 semper,
1258 539 1314 585 et
1343 547 1587 596 manens,
1616 542 1669 587 et
1706 548 1858 588 revo-

271 611 444 665 lutus.
466 611 608 667 Haec
630 622 684 668 et
709 618 1013 673 communis
1037 629 1220 674 noster
1241 632 1463 676 sanctus
1488 620 1758 692 perfector
1777 623 1859 678 di-

268 698 475 755 Viuitus
524 701 822 759 introduxit
871 720 968 774 per
1009 709 1301 764 amatorios
1348 712 1599 779 hymnos,
1626 727 1857 781 quorum

271 800 381 847 n0n
410 790 800 862 inconsequens
845 796 1145 862 recordari,
1169 805 1224 852 et
1255 808 1313 851 ut
1343 814 1558 854 sacrum
1585 802 1858 870 quoddam

271 888 436 947 caput
458 878 736 950 imponere
763 883 829 938 de
853 900 1037 940 amore
1061 898 1248 942 nostro
1277 888 1535 942 sermoni.

320 980 333 1001 Ι

448 1009 678 1069 lerothei
713 1019 1031 1074 sanctissimi
1062 1038 1126 1076 ea:
1156 1024 1428 1078 amatoriis
1454 1024 1677 1095 hymnis.
1738 1058 1741 1061 ν

343 1126 586 1182 Amorem
620 1118 726 1183 sive
754 1130 1011 1197 divinum,
1040 1134 1144 1187 sive
1176 1134 1491 1204 angelicum,
1522 1138 1627 1191 sive
1662 1137 1856 1192 intelle-

266 1221 495 1276 ctualem
525 1263 539 1286 ,
582 1223 689 1277 sive
736 1224 1014 1279 animalem
1040 1266 1057 1290 ,
1104 1227 1212 1281 sive
1262 1228 1557 1283 naturalem
1595 1227 1854 1294 dicamus,

266 1313 524 1367 unitivam
541 1314 807 1384 quandam
829 1327 876 1370 et
906 1315 1315 1374 continuativam
1345 1318 1690 1389 intelligemus
1716 1323 1730 1352 ¹
1757 1321 1857 1376 vir-

264 1411 463 1464 tutem,
503 1407 775 1475 superiora
820 1408 1029 1477 quidem
1074 1420 1357 1463 moventem
1393 1410 1447 1464 in
1477 1412 1854 1480 providentiam

264 1493 598 1564 inferiorum,
631 1499 973 1570 aequiformia
995 1502 1182 1555 iterum
1212 1502 1265 1555 in
1286 1502 1581 1557 sociabilem
1605 1504 1856 1558 vicissitu-

263 1584 466 1649 dinem,
496 1596 543 1640 et
576 1588 854 1642 novissima
899 1590 1131 1659 subjecta
1187 1591 1258 1644 ad
1285 1592 1556 1645 meliorum
1590 1601 1638 1645 et
1666 1609 1847 1658 super-

260 1673 555 1741 positorunt
588 1678 989 1732 conversionem.
1102 1684 1113 1693 ‘

488 1788 743 1859 Ejusdem
784 1808 849 1846 ex
885 1793 1071 1849 iisdem
1106 1796 1378 1850 amatoriis
1405 1798 1632 1867 hymnis.

342 1898 607 1966 Quoniam
642 1920 708 1958 ea:
736 1921 841 1959 uno
865 1906 1056 1963 multos
1086 1925 1293 1965 amores
1325 1912 1701 1977 ordinavimas,
1733 1932 1855 1970 con-

256 2000 540 2060 sequenter
591 1993 861 2061 diximus,
911 1997 1091 2067 quales
1138 2002 1347 2069 quidem
1401 2019 1583 2057 eorum
1608 2044 1621 2067 ,
1662 2007 1753 2076 qui
1797 2007 1852 2060 in

262 2084 465 2138 mundo
493 2095 634 2151 sunt,
665 2098 713 2142 et
742 2092 1226 2158 supermundalium
1250 2110 1487 2148 amorum
1523 2106 1572 2149 et
1603 2099 1853 2154 scientiae

261 2183 313 2226 et
344 2175 578 2241 virtutes,
601 2196 729 2249 quos
761 2182 1143 2249 supereminent
1163 2185 1449 2238 secundum
1482 2185 1737 2240 redditam
1768 2205 1855 2242 ra-

262 2266 425 2321 tionis
473 2271 898 2339 speculationem,
945 2274 1373 2330 intellectualium
1410 2287 1458 2331 et
1519 2278 1853 2334 invisibilium

263 2372 508 2412 amorum
536 2361 747 2415 ordines
781 2373 828 2416 et
851 2364 1235 2434 dispositiones,
1270 2377 1385 2435 post
1416 2384 1546 2436 quos
1569 2385 1661 2438 per
1686 2370 1852 2423 sein-

264 2446 580 2517 telligenles,
613 2462 660 2505 et
686 2453 732 2506 si
756 2455 844 2523 qui
875 2471 986 2510 vere
1017 2457 1088 2511 ibi
1122 2456 1270 2512 bonis
1300 2460 1566 2514 amoribus
1601 2478 1851 2532 superap-

264 2547 473 2603 parent,
488 2541 809 2610 et_ltgmnum
829 2546 1039 2614 proprie
1058 2547 1384 2617 hymnizant.
1417 2548 1481 2603 Et
1504 2567 1641 2605 nunc
1664 2554 1853 2607 iterum

264 2627 572 2696 recipientes
624 2648 801 2687 omnes
829 2636 884 2688 in
925 2653 1086 2690 unum
1121 2649 1170 2693 et
1218 2640 1545 2710 complictum
1600 2660 1848 2709 amorem,

268 2724 321 2769 et
367 2719 601 2772 omnium
650 2723 882 2791 ipsorum
941 2737 1140 2795 patrem
1195 2730 1558 2787 convolvamus
1600 2734 1756 2787 simul
1802 2744 1851 2790 et

265 2823 639 2878 cengregemus
667 2829 734 2867 ex
758 2815 957 2878 multis.
985 2820 1154 2887 primo
1181 2821 1235 2874 in
1256 2821 1390 2875 duas
1412 2825 1852 2892 comprehenden-

264 2907 342 2953 tes
366 2917 486 2954 eum
511 2915 799 2961 amatorias
832 2911 1194 2967 umversaliter
1214 2915 1460 2979 virtutes,
1506 2933 1729 2986 quarum
1762 2933 1847 2987 po-

266 3000 501 3047 tentatur
536 3006 585 3050 et
612 3000 939 3069 principatur
958 3004 1168 3059 omnino
1206 3021 1272 3060 ea:
1303 3008 1532 3060 omnium
1559 3009 1855 3065 summitate

268 3084 440 3137 omnis
471 3089 668 3142 amoris
698 3088 1133 3148 immensurabilis
1166 3112 1357 3161 causa,
1397 3108 1443 3152 et
1481 3098 1549 3152 ad
1577 3116 1734 3170 quam
1770 3116 1856 3156 ea:-

265 3173 501 3227 tenditur
534 3180 948 3237 connaturaliter
976 3185 1253 3257 unicuique
1290 3189 1617 3243 existentium
1657 3190 1721 3243 ab
1750 3192 1856 3245 exi-

266 3264 524 3319 stentibus
551 3269 791 3325 omnibus
818 3275 1129 3331 universalis
1153 3293 1321 3331 amor.

498 3397 749 3469 Ejusdem
781 3421 845 3458 ea:
879 3405 1064 3461 iisdem
1097 3412 1371 3465 amatoriis
1406 3412 1632 3481 hymnis.

340 3506 451 3576 Age
496 3525 634 3564 nunc
676 3522 726 3565 et
766 3514 863 3569 has
912 3518 1099 3572 iterum
1150 3520 1205 3574 in
1257 3539 1415 3576 unum
1465 3537 1852 3595 congregantes,

266 3594 532 3663 dicamus,
569 3601 693 3670 quia
764 3620 871 3658 una
922 3609 1181 3676 quaedam
1233 3621 1308 3663 est
1368 3612 1588 3683 simplex
1649 3594 1857 3686 virtus,

268 3688 498 3756 seipsam
522 3708 726 3746 movens
756 3697 824 3747 ad
854 3698 1105 3751 unitivam
1122 3702 1402 3772 quamdam
1434 3707 1852 3774 temperantiam,

269 3793 336 3830 ex
385 3780 579 3846 optimo
622 3799 782 3854 usque
826 3788 1150 3843 exisleutmm
1199 3792 1558 3859 novissimum,
1589 3804 1637 3847 et
1666 3797 1731 3848 ab
1762 3796 1854 3852 illo

266 3869 459 3924 iterum
506 3888 876 3945 consequenter
913 3896 1005 3946 per
1057 3883 1233 3936 omnia
1289 3900 1450 3955 usque
1492 3888 1745 3956 optimum
1788 3904 1855 3944 ea:

265 3961 460 4028 seipsa,
515 3972 561 4016 et
607 3982 700 4035 per
727 3969 969 4035 scipsam,
1010 3980 1057 4023 et
1104 3973 1173 4024 ad
1231 3974 1454 4044 scipsant
1499 3979 1725 4045 seipsam
1766 3996 1852 4034 re-

266 4052 496 4117 volvens,
553 4066 602 4107 et
667 4058 722 4109 in
779 4061 1005 4127 seipsam
1061 4077 1263 4130 semper
1312 4066 1491 4119 eodem
1565 4069 1719 4121 modo
1773 4085 1857 4123 re-

267 4142 470 4196 voluta.
1750 4200 1753 4203 λ

338 4232 407 4286 Et
433 4235 649 4305 quidem
696 4237 892 4293 dixerit
937 4241 1103 4310 quis:
1131 4241 1188 4297 Si
1231 4243 1484 4300 omnibus
1519 4254 1604 4300 est
1650 4248 1852 4302 bonum

266 4334 323 4379 et
350 4329 613 4395 optimum
640 4331 890 4397 amabile,
908 4344 961 4387 et
986 4334 1052 4388 ad
1076 4335 1336 4405 seipsum,
1352 4344 1406 4391 et
1422 4336 1851 4409 dilectum—ap-

267 4417 405 4486 petit
450 4418 593 4472 enim
625 4420 796 4488 ipsum
850 4431 906 4477 et
933 4426 1072 4493 quod
1100 4440 1204 4479 non
1229 4434 1333 4488 est,
1360 4435 1419 4480 ut
1444 4426 1645 4482 dictum
1670 4437 1768 4489 est,
1798 4437 1852 4486 et

1961 533 2029 588 Et
2056 536 2327 604 quomodo
2350 537 2586 605 optimus
2616 538 2789 606 ipsum
2821 539 3088 594 adducere
3114 539 3379 594 voluerit?
3407 540 3549 607 Quo-

1960 626 2120 680 modo
2167 635 2345 680 autem
2393 626 2579 682 volens
2624 628 2895 697 potuerit?
2936 629 3002 683 Et
3029 628 3075 682 si
3120 643 3183 683 ex
3234 628 3337 682 alia
3384 644 3550 685 causa

1960 715 2183 778 malum,
2230 731 2372 785 quae
2421 716 2590 771 altera
2627 718 2986 773 existentibus
3026 729 3240 788 praeter
3285 720 3549 788 optimum

1959 804 2155 857 causa?
2180 802 2458 869 Quomodo
2487 814 2665 859 autem
2684 816 2760 871 et,
2779 808 3115 876 providentia
3142 809 3434 871 existente,
3463 816 3548 861 est

1961 894 2161 949 malum
2200 904 2293 949 aut
2345 897 2823 962 factumpmuino,
2862 909 2957 953 aut
2993 915 3099 954 non
3130 900 3551 970 interemptum?

1964 984 2025 1040 Et
2050 987 2316 1054 quomodo
2346 988 2550 1058 appetit
2570 989 2699 1058 quid
2719 991 3098 1045 existentium‘
3118 991 3296 1062 ipsum
3324 1001 3546 1061 praeter

1957 1076 2220 1145 Optimum
2236 1075 2260 1129 ?

2028 1165 2175 1221 Haec
2202 1166 2420 1236 quidem
2443 1181 2573 1239 ergo
2620 1183 2791 1263 ac‘que
2816 1170 2965 1225 dicit.
3020 1169 3167 1226 Talis
3210 1177 3391 1226 autem
3422 1185 3549 1227 cae-

1957 1272 2143 1312 corum
2195 1259 2352 1313 ratio.
2405 1258 2512 1315 Nos
2561 1258 2703 1316 vero
2737 1262 3083 1331 diguabimur
3133 1265 3272 1332 apud
3326 1278 3447 1318 eum
3490 1262 3545 1316 in

1957 1363 2136 1403 rerum
2166 1350 2448 1404 veritatem
2494 1351 2780 1418 respicere.
2836 1351 2903 1405 Et
2937 1351 3168 1420 primum
3195 1352 3412 1421 quidem
3444 1352 3549 1407 hoc

1955 1437 2136 1492 dicere
2160 1438 2498 1494 conlidemus
2529 1458 2543 1494 :
2575 1440 2770 1495 ldalum
2809 1448 3023 1495 nonest
3049 1455 3116 1494 ex
3157 1442 3379 1511 optimo.
3417 1452 3470 1496 et
3500 1442 3547 1497 si

1954 1543 2020 1584 ex
2049 1529 2253 1598 optimo
2289 1540 2392 1595 est,
2422 1547 2527 1585 non
2561 1530 2780 1585 malum.
2834 1532 3019 1601 Neque
3067 1532 3211 1586 enim
3270 1533 3407 1603 ignis
3447 1532 3545 1587 fri-

1952 1635 2114 1691 gere,
2162 1635 2338 1691 neque
2384 1621 2575 1691 optimi
2639 1638 2745 1677 non
2789 1624 2991 1692 optima
3048 1625 3337 1679 adducere.
3391 1625 3457 1679 Et
3500 1625 3547 1680 si

1950 1711 2241 1766 existentia
2273 1712 2456 1767 omnia
2489 1728 2555 1768 ex
2607 1714 3078 1783 optimo—natura
3108 1714 3251 1768 enim
3302 1713 3506 1784 optimo
3528 1752 3545 1780 ,

1877 1802 1925 1861 B
1953 1801 2221 1855 adducere
2250 1808 2304 1856 et
2330 1800 2567 1865 salvare,
2599 1802 2741 1856 male
2771 1818 2897 1856 vero
2926 1819 3280 1873 corrumpere
3334 1812 3389 1858 et.
3420 1820 3547 1874 per-

1944 1890 2295 1946 -dere-—-nibil
2315 1900 2398 1946 est
2424 1892 2775 1947 existentium
2806 1909 2871 1948 ex
2906 1894 3071 1958 malo,
3096 1905 3152 1948 et
3172 1910 3345 1964 neque
3372 1895 3547 1965 ipsum

1954 1981 2059 2035 erit
2086 1982 2306 2036 malum.
2336 1981 2393 2036 Si
2439 1982 2657 2051 quidem
2705 1992 2761 2037 et
2791 1983 2999 2052 sibiipsi
3047 1984 3245 2038 malum
3295 1985 3384 2049 sit,
3416 1983 3547 2039 etsi

1955 2087 2061 2127 non
2095 2072 2216 2137 hoc,
2250 2087 2355 2127 non
2383 2072 2605 2128 omnino
2636 2072 2834 2126 malum
2866 2076 2972 2127 erit
3001 2074 3221 2137 malum,
3255 2075 3350 2129 sed
3382 2076 3548 2130 liabet

1955 2163 2225 2230 quandam
2273 2163 2462 2231 optimi
2488 2203 2503 2227 ,
2537 2164 2832 2217 secundum
2858 2178 3020 2232 quam
3046 2164 3267 2218 omnino
3292 2173 3395 2228 est,
3423 2178 3550 2234 par-

1959 2261 2087 2307 tem.
2123 2253 2188 2306 Et
2218 2253 2260 2306 si
2310 2253 2597 2307 existentia
2647 2254 2844 2308 bonum
2884 2263 2938 2307 et
2966 2256 3229 2325 optimum
3261 2265 3547 2325 appetunt,

1954 2350 2011 2396 et
2033 2342 2212 2396 omnia
2229 2356 2579 2411 quaecunque
2606 2341 2826 2406 faciunt,
2845 2358 2941 2412 per
2963 2343 3261 2413 inspectum
3281 2343 3545 2413 optimum

1955 2433 2162 2488 faciunt
2218 2451 2233 2487 :
2286 2442 2342 2487 et
2395 2434 2573 2489 oumis
2600 2434 2944 2488 existentium
2994 2434 3293 2505 speculatio
3345 2436 3545 2504 princi-

1956 2524 2101 2594 pium
2138 2524 2300 2578 habet
2324 2532 2378 2577 et
2404 2523 2583 2586 tinem,
2610 2524 3124 2593 optimum—neque
3156 2524 3302 2579 enim
3338 2524 3389 2579 in
3416 2524 3542 2578 mali

1955 2621 2201 2668 naturam
2240 2612 2533 2683 respiciens
2578 2611 2707 2666 facit
2731 2626 2870 2682 quae
2913 2611 3414 2682 facit—quomodo
3443 2613 3548 2666 erit

1957 2702 2155 2759 malum
2195 2703 2247 2757 in
2291 2702 2667 2767 existentibus,
2712 2712 2804 2755 aut
2831 2703 3049 2758 omnino
3095 2700 3149 2758 ὄν
3174 2743 3187 2767 ,
3224 2702 3310 2756 tali
3338 2703 3544 2771 optimo

1957 2793 2224 2848 desiderio
2270 2793 2582 2848 desertum?
2653 2793 2719 2847 Et
2782 2794 2825 2848 si
2885 2795 3170 2848 existentia
3241 2792 3425 2846 omnia
3476 2808 3545 2847 ex

1955 2884 2183 2953 optimo,
2235 2891 2288 2937 et
2337 2884 2597 2953 optimum
2648 2883 2934 2938 summitas
3011 2883 3401 2946 existentium,
3458 2891 3546 2937 est

1957 2976 2173 3046 quidem
2198 2975 2249 3028 in
2275 2975 2502 3045 Optimo,
2532 2984 2586 3028 et
2616 2974 2757 3044 quod
2790 2991 2892 3028 non
2916 2972 2991 3037 ἵν,
3017 2971 3103 3038 iis;
3139 2973 3334 3028 malum
3363 2983 3543 3027 autem

1958 3081 2132 3136 neque
2158 3064 2214 3123 ὃν
2240 3075 2339 3120 est.
2357 3064 2413 3118 Si
2434 3074 2612 3119 autem
2628 3080 2755 3128 non,
2774 3080 2878 3117 non
2898 3065 3119 3119 omnino
3136 3063 3354 3127 malum,
3372 3078 3546 3132 neque

1883 3153 1926 3216 C
1960 3173 2064 3211 non
2087 3154 2161 3211 ὄν.
2188 3156 2399 3210 Nullum
2423 3156 2564 3211 enim
2586 3156 2691 3211 erit
2723 3155 3105 3210 uuiversaliter
3129 3171 3234 3209 non
3261 3151 3333 3217 ὅν,
3360 3155 3460 3210 nisi
3491 3155 3545 3209 in

1957 3249 2160 3318 optimo
2193 3248 2486 3303 secundum
2538 3247 2993 3316 superessentiale
3018 3248 3217 3301 dicitur
3272 3249 3397 3301 boc.
3427 3248 3545 3303 Erit

1957 3339 2120 3408 igitur
2151 3339 2411 3408 optimmn
2459 3338 2776 3408 simpliciter
2820 3349 2875 3393 et
2901 3338 3169 3393 existente
3207 3351 3262 3392 et
3296 3354 3397 3393 non
3424 3338 3543 3392 exi-

1955 3437 2131 3484 stente
2179 3428 2346 3483 multo
2395 3430 2547 3498 prius
2592 3429 3092 3499 supercolloeatum.
3168 3428 3365 3482 Malum
3415 3443 3545 3483 vero

1955 3537 2129 3591 neque
2155 3522 2207 3576 in
2230 3523 2522 3585 essentiali,
2559 3538 2729 3593 neque
2754 3524 2807 3577 in
2840 3539 2946 3579 non
2971 3522 3349 3586 existentibus,
3375 3522 3468 3577 sed
3489 3529 3546 3576 et

1957 3614 2074 3683 ipse
2128 3630 2232 3668 non
2283 3616 2551 3671 existente
2615 3615 2787 3687 magis
2838 3616 3006 3670 distat
3071 3614 3276 3684 optimo
3326 3622 3381 3669 et
3434 3628 3543 3668 non

1957 3704 2324 3759 essetttialius.
2823 3749 2831 3757 .

2030 3790 2182 3846 Unde
2228 3807 2358 3863 ergo
2379 3800 2463 3847 est
2491 3793 2713 3858 malum,
2746 3794 2949 3848 diceret
2975 3793 3116 3863 quis.
3168 3792 3224 3848 Si
3258 3792 3402 3848 enim
3435 3807 3544 3847 non

1958 3890 2043 3938 est
2071 3882 2293 3948 malum,
2340 3883 2511 3948 virtus
2559 3893 2614 3936 et
2658 3883 2861 3936 malitia
2912 3884 3090 3946 idem,
3146 3892 3199 3936 ct
3248 3891 3340 3936 aut
3368 3882 3547 3936 omnis

1956 3974 2102 4030 omni
2131 3982 2183 4027 et
2209 3982 2304 4028 aut
2336 3974 2386 4028 in
2406 3971 2645 4042 partibili
2674 3971 3058 4036 corratiouale;
3090 3981 3185 4024 aut
3220 3986 3393 4039 neque
3434 3972 3539 4024 vir-

1958 4067 2057 4120 tuti
2109 4080 2355 4135 pugnans
2404 4063 2509 4117 erit
2559 4061 2780 4116 malum.
2836 4061 2901 4116 Et
2946 4062 3167 4129 quidem
3212 4062 3544 4115 contrarium

1958 4155 2316 4227 temperantia
2338 4163 2393 4209 et
2420 4152 2856 4222 intemperantia,
2883 4151 3152 4220 etjustitia
3179 4161 3235 4205 et
3262 4152 3543 4219 iniustitia.

1957 4245 2026 4301 Et
2056 4260 2230 4313 neque
2257 4242 2454 4298 alicubi
2484 4242 2780 4298 secundum
2806 4242 3014 4313 justum
3043 4250 3096 4295 et
3121 4239 3374 4309 injustam
3400 4240 3541 4305 dico,

1955 4343 2010 4390 et
2037 4340 2424 4402 temperantem
2454 4339 2509 4385 et
2533 4332 3001 4401 intemperantem,
3028 4328 3121 4383 sed
3149 4338 3203 4384 et
3248 4339 3372 4382 ante
3413 4326 3545 4383 loris

1956 4420 2359 4477 manifestatam
2379 4419 2516 4490 eius,
2533 4421 2621 4490 qui
2653 4430 2736 4475 est
2772 4420 3058 4483 invii-tute,
3087 4419 3155 4472 ad
3188 4428 3373 4473 contra
3398 4418 3543 4487 posi-

266 4509 547 4563 contendit
590 4512 859 4579 quomodo
894 4512 951 4566 in
978 4512 1092 4581 ipso
1121 4530 1263 4579 esse,
1311 4525 1365 4570 et
1396 4516 1571 4587 ipsum
1619 4529 1703 4574 est
1734 4518 1847 4575 for—
1880 4508 1925 4567 D
1955 4524 2064 4568 tum
2089 4512 2486 4575 distantiam,in
2510 4512 2621 4580 ipsa
2649 4512 2816 4565 multo
2844 4512 2993 4580 prius
3019 4510 3199 4564 anima
3224 4508 3545 4563 universali-

270 4596 508 4651 milicum
523 4606 579 4651 et
605 4599 1000 4666 inl’ormium,et
1029 4601 1081 4655 in
1105 4602 1313 4672 ipso,et
1336 4604 1476 4673 quod
1508 4621 1612 4659 non
1629 4615 1731 4670 est,
1756 4622 1849 4661 su-

269 4688 729 4756 peressentialiter
752 4692 952 4747 dicitur
964 4702 1017 4747 et
1039 4696 1466 4763 est—quomodo
1493 4697 1807 4752 daemonica
1826 4704 1848 4736 ί

269 4779 556 4835 multitudo
582 4799 686 4836 non
716 4785 919 4852 appetit
949 4785 1147 4841 bottum
1175 4796 1229 4840 et
1256 4788 1517 4856 optimum
1536 4831 1551 4856 ,
1600 4789 1850 4845 admate-

268 4870 419 4924 rialis
475 4887 601 4926 vero
656 4875 893 4930 existens
923 4916 939 4938 ,
992 4885 1046 4929 et
1095 4877 1333 4947 angelica
1382 4893 1510 4947 erga
1560 4880 1853 4949 appetitum

270 4961 460 5028 optimi
500 4963 794 5027 stabilitate
855 4967 1132 5032 recidens,
1183 4967 1340 5021 malis
1386 4966 1641 5022 omnibus
1691 4981 1857 5022 causa

271 5060 325 5104 et
352 5052 455 5117 sibi
495 5052 593 5122 ipsi
641 5063 693 5108 et
722 5056 859 5119 aliis,
900 5073 1254 5128 quaecunque
1282 5059 1561 5120 vitiantur,
1615 5046 1868 5115 dicitur?

273 5141 553 5208 Quomodo
622 5155 802 5201 autem
889 5148 1109 5203 ouiuiuo
1179 5164 1243 5202 ex
1308 5150 1513 5218 optimo
1566 5159 1853 5219 aggravata

274 5236 583 5291 daemonica
608 5237 629 5268 ³
674 5254 808 5304 gens
845 5255 951 5293 non
980 5250 1065 5294 est
1104 5240 1417 5296 deil’ormis?
1447 5242 1551 5293 Aut
1585 5242 1854 5310 quoutudtt

275 5324 535 5394 optimum
567 5342 633 5381 ex
674 5330 876 5397 optimo
918 5330 1120 5384 factum
1164 5340 1424 5384 mutatmu
1469 5332 1585 5386 est?
1616 5332 1679 5385 Et
1725 5332 1853 5402 quid

280 5413 485 5469 vitiavit
526 5416 739 5484 ipsum?
786 5417 848 5472 Et
876 5420 1096 5475 omnino
1126 5421 1254 5491 quid
1286 5421 1482 5475 malum
1529 5421 1647 5475 est?
1692 5422 1757 5474 Et
1786 5438 1849 5473 cx

1950 4615 2033 4659 ter
2055 4604 2379 4658 disteterunt
2407 4602 2695 4655 virtutibus
2711 4602 2964 4665 malitiae,
2980 4610 3035 4655 et
3052 4599 3245 4654 rationi
3264 4599 3543 4668 passiones

1951 4693 2300 4758 insidiantur,
2344 4701 2398 4746 et
2438 4708 2502 4747 ex
2537 4692 2620 4746 bis
2649 4692 3015 4747 necessarium
3047 4689 3203 4754 dare,
3230 4690 3373 4759 quod
3405 4691 3545 4745 bono

1951 4784 2152 4839 malum
2183 4783 2537 4837 contrarium.
2581 4782 2694 4836 Non
2727 4784 2868 4836 enim
2901 4783 3002 4836 sibi
3027 4782 3127 4851 ipsi
3173 4781 3369 4835 bonum
3414 4796 3545 4835 con-

1955 4875 2202 4937 trarium,
2235 4874 2326 4927 sed
2356 4874 2496 4927 sicut
2521 4873 2588 4925 ab
2626 4889 2733 4927 uno
2762 4872 3024 4941 principio
3049 4881 3104 4925 et
3130 4888 3238 4923 uno
3268 4874 3543 4940 egenitum

1958 4965 2179 5029 causali,
2211 4965 2465 5018 societate
2512 4974 2567 5017 et
2595 4962 2800 5016 unitate
2845 4973 2897 5016 et
2948 4964 3186 5017 amicitia
3239 4964 3449 5032 gaudet.
3483 4961 3546 5013 Et

1956 5073 2131 5128 neque
2201 5056 2642 5110 ntiuus'buutuu
2714 5055 2898 5123 majori
2968 5056 3295 5109 contrarium
3331 5071 3342 5105 :
3374 5065 3546 5118 neque

1960 5150 2102 5204 enim
2153 5148 2329 5201 minus
2358 5147 2588 5201 calidum
2629 5155 2720 5198 aut
2765 5147 3014 5217 frigidum
3063 5148 3289 5217 plurium
3333 5152 3543 5196 contra-

1961 5236 2120 5289 rimn.
2155 5235 2247 5288 Est
2278 5250 2406 5304 ergo
2438 5234 2490 5287 in
2518 5235 2899 5299 existentibus,
2929 5245 2979 5289 et
3000 5233 3057 5291 ὅν
3077 5244 3180 5298 cst,
3209 5243 3262 5286 et
3302 5229 3533 5300 opponi-

1959 5334 2047 5379 tur
2096 5326 2236 5379 bouo
2278 5323 2491 5377 malum.
2538 5323 2604 5377 Et
2652 5324 2697 5378 si
2732 5326 3004 5394 corruptio
3040 5333 3123 5377 est
3168 5321 3543 5382 existentiuut,

1961 5432 2064 5470 non
2094 5415 2311 5485 expellit
2342 5415 2442 5469 hoc
2466 5431 2585 5470 esse
2618 5425 2839 5479 malum,
2871 5414 2963 5468 sed
3010 5414 3114 5466 erit
3146 5422 3200 5466 et
3246 5411 3344 5465 hoc
3375 5406 3459 5472 ὅν,
3489 5418 3543 5465 ct

1555 5565 1803 5621 VARIAE
1840 5563 2244 5625 [.EC'I‘IONES.

351 5674 486 5729 uti:
515 5678 868 5748 inteilt'gt'tttu...
922 5683 941 5713 ι
1016 5682 1053 5734 ,ι

289 5752 307 5781 ι
333 5755 379 5800 et
418 5752 674 5813 quomodo
708 5781 775 5791 ο-
799 5754 1127 5807 existentium
1163 5769 1267 5806 om.
1300 5751 1406 5804 Bil.

1159 5681 1528 5739 daemonium,
1569 5680 1608 5733 l5
1650 5676 1949 5731 daemonii.

1504 5750 1523 5781 '
1568 5751 1752 5804 bonum
1785 5748 1976 5815 :mjori
2008 5778 2076 5787 -—-
2106 5750 2276 5800 minus
2308 5763 2414 5800 om.
2449 5745 2556 5798 [ιιι.

2051 5676 2069 5708 ³
2110 5677 2147 5728 Δ
2192 5677 2570 5737 daemonium;
2613 5678 2653 5732 Ε
2682 5678 2845 5730 (luem.
