3978 6160
435 319 572 381 1159

433 530 637 602 μιριίο,
665 529 825 599 hujus
856 530 915 583 ﬁt
943 531 1244 601 generatio,
1270 542 1326 588 et
1349 535 1454 588 erit
1481 535 1676 588 malum
1707 536 1758 589 in
1789 536 2010 589 univer-

432 619 614 673 sitatis
660 618 1042 689 plenitudinem
1110 624 1530 691 comperfectum
1568 666 1583 689 ,
1647 635 1701 681 et
1761 627 2014 679 universo

433 708 693 775 numquid
727 708 1095 776 imperfectum
1146 727 1267 768 esse
1313 715 1455 783 quod
1502 724 1720 794 propter
1776 717 2012 786 seipsum

434 809 772 865 praestitum.

510 886 648 939 Dicit
674 900 853 941 autem
909 891 975 943 ad
1004 892 1138 946 haec
1169 907 1297 946 vera
1347 896 1504 957 ratio,
1539 897 1660 965 quia
1691 897 1887 951 malum
1912 937 1927 959 ,
1967 903 2013 952 si

436 975 657 1036 malum.
689 978 886 1031 nullam
934 984 1224 1035 essentiam
1273 995 1361 1036 aut
1415 989 1814 1055 generationem
1866 987 2012 1051 facit,

433 1064 612 1117 solum
661 1083 790 1122 vero
824 1070 977 1123 vitiat
1004 1082 1058 1124 et
1085 1076 1405 1142 corrumpit,
1450 1088 1709 1145 quantum
1743 1079 1792 1131 in
1840 1093 1920 1143 se,
1963 1086 2018 1133 et

433 1157 782 1213 existentimn
816 1165 1192 1219 substantiam.
1250 1167 1305 1222 Si
1360 1179 1537 1222 autem
1570 1170 1853 1240 genilicum
1897 1172 2017 1241 quis

432 1245 484 1297 ei
516 1262 637 1301 esse
666 1249 832 1315 dicat,
861 1263 918 1305 ιιι
953 1253 1110 1322 hujus
1136 1258 1482 1326 corruptione
1505 1260 1657 1312 alteri
1704 1262 1833 1314 dare
1859 1276 2017 1331 gene-

434 1335 725 1400 rationem,
746 1344 1175 1409 respondendum
1197 1360 1341 1408 vere,
1367 1350 1622 1416 numquid
1644 1362 2015 1420 corrumpunt,

429 1440 577 1493 quae
608 1427 737 1481 dant
783 1435 1225 1498 generationem?
1270 1436 1374 1491 Sed
1412 1440 1686 1509 corruptio
1724 1443 1938 1510 quidem
1966 1451 2019 1497 et

438 1514 658 1577 n‘ialum,
709 1523 1005 1589 corrumpit
1046 1535 1099 1576 et
1126 1526 1276 1581 vitiat
1321 1537 1525 1581 tantum
1553 1547 1566 1582 :
1595 1532 1868 1601 generatio
1891 1546 2033 1586 vero

432 1612 489 1659 et
534 1609 765 1661 essentia
820 1627 915 1679 per
952 1615 1148 1669 bontun
1206 1620 1358 1672 fiunt.
1404 1620 1469 1673 Et
1506 1623 1609 1675 erit
1656 1628 1854 1676 malum
1901 1639 2022 1678 cor-

439 1697 620 1762 rup:io
665 1699 878 1765 quidem
911 1718 1007 1771 per
1032 1709 1266 1774 seipsum
1287 1749 1298 1771 ,
1332 1712 1619 1779 genillcum
1652 1727 1780 1766 vero
1809 1729 1903 1782 per
1930 1715 2021 1768 bo-

1790 328 2073 390 JOANNIS
2109 330 2318 389 SCOTI-

428 439 776 494 existentium
807 440 1135 510 gigniﬂcum.
1177 441 1286 497 Aut
1330 459 1442 498 non
1482 458 1643 516 saepe
1688 443 1847 513 hujus
1891 461 2011 500 cor-
2042 447 2087 503 Α
2117 442 2323 499 feficat‘a

3552 326 3683 386 11η

2370 462 2399 497 ε’
2454 453 2510 499 ει
2552 444 2907 514 relinquente
2935 461 2997 500 ea
3044 445 3314 501 caliditate
3355 453 3407 498 et
3453 445 3591 497 vitae
3630 451 3701 496 et

2110 535 2306 590 mentis
2349 535 2514 590 multa
2537 538 2882 592 existentium
2920 540 3183 606 expertia,
3208 547 3262 591 et
3290 537 3521 591 essentia
3554 549 3690 589 neos

2111 626 2408 691 exaltatur,
2453 637 2508 682 et
2552 638 2636 683 est
2693 616 3233 698 superessentialiter.
3262 628 3327 683 Et
3375 626 3692 696 simpliciter

2112 718 2338 773 aliarum
2371 720 2585 787 quidem
2616 721 2774 774 simul
2821 722 3062 774 onmium
3108 723 3342 776 abeunte
3375 721 3519 789 ipsa,
3551 730 3693 788 quae

2114 824 2217 864 non
2245 819 2327 863 est
2365 810 2618 880 ingenita,
2645 810 2866 864 omnino
2916 811 3225 865 habitudine
3252 819 3377 864 sunt
3404 807 3709 863 existentia‘

2111 901 2469 954 etsubsislere
2483 911 2708 969 possunt
2734 900 2776 954 '.
2807 900 2958 968 Quod
2975 916 3103 955 vero
3119 915 3214 971 per
3238 912 3455 956 Omnem
3472 898 3707 952 modum.

2112 987 2255 1045 bono
2283 990 2570 1058 privatum,
2594 1007 2884 1061 numquam
2931 1007 3195 1060 nusquam
3219 1005 3318 1045 nec
3337 999 3482 1052 erat,
3518 1003 3697 1057 neque

2113 1086 2217 1139 est,
2252 1089 2425 1146 neque
2445 1078 2571 1141 erit,
2597 1093 2768 1147 neque
2794 1093 2914 1134 esse
2935 1088 3132 1148 potest.
3164 1078 3335 1145 Quale
3356 1086 3443 1131 est
3463 1076 3709 1129 inconuo-

2115 1183 2266 1222 nens.
2303 1168 2412 1222 Etsi
2456 1169 2867 1238 priveturbono
2912 1169 3064 1238 juxta
3114 1169 3539 1225 irrationabilem
3566 1183 3696 1222 cono

2116 1259 2524 1327 cupiscentiam,
2576 1260 2629 1313 in
2688 1261 2792 1316 hoe
2840 1260 3057 1332 quidem
3110 1276 3283 1331 neque
3339 1269 3461 1324 est,
3519 1272 3698 1326 neqate

2116 1349 2399 1403 existentia
2466 1352 2837 1420 concupiscit,
2892 1349 3182 1422 participat
3258 1359 3434 1404 tamen
3496 1350 3698 1403 bonum

2118 1439 2413 1492 secundum
2438 1439 2607 1507 ipsam
2637 1440 2857 1493 unitatis
2882 1451 2932 1494 et
2956 1440 3231 1494 amicitiae
3255 1440 3540 1492 obscuram
3570 1449 3704 1489 con-

2120 1528 2445 1582 sonantiam.
2480 1527 2545 1581 Et
2584 1525 2734 1582 furor
2774 1530 3058 1598 participat
3105 1529 3325 1592 bonum,
3375 1543 3472 1596 per
3499 1541 3558 1580 se
3588 1539 3704 1577 mo-

2121 1619 2292 1679 vendo
2345 1626 2398 1672 et
2448 1618 2745 1687 appetendo
2789 1618 3079 1687 opinabilia
3128 1603 3265 1672 mala
3320 1618 3387 1670 ad
3430 1614 3705 1685 opinabilc

2126 1709 2321 1762 bonum
2362 1710 2569 1778 erigere
2597 1719 2650 1763 et
2687 1719 3017 1764 convertere.
3054 1710 3115 1764 Et
3145 1711 3255 1778 ipse
3283 1707 3539 1764 certantis
3560 1706 3705 1760 vitae

440 1802 587 1840 num.
627 1788 694 1841 Et
727 1792 769 1843 si
805 1794 1018 1853 quidem
1078 1799 1296 1863 malum,
1352 1816 1526 1871 neque
1569 1797 1642 1865 ὅν,
1692 1819 1865 1871 neque
1910 1804 2023 1857 exi-
2052 1789 2096 1848 Β
2125 1809 2403 1867 appetens,
2429 1808 2683 1869 lauqmtm
2710 1800 2904 1855 lotios"
2931 1801 3361 1870 vitaeappetens,
3385 1807 3437 1852 et
3452 1798 3721 1868 egregiae

437 1881 695 1934 steutium
752 1883 1031 1940 factivum.
1098 1889 1201 1942 Per
1256 1903 1435 1945 autem
1503 1893 1701 1945 bonum
1749 1904 1804 1948 et
1850 1891 2037 1959 ὅν,ει’

438 1969 638 2039 bonum
670 1969 759 2034 ὅν,
799 1984 854 2026 ει
896 1975 1156 2030 lmnorum
1196 1979 1469 2033 factivum.
1509 1981 1675 2051 Magis
1714 1991 1893 2036 autem
1926 1997 2022 2037 ue-

435 2072 546 2125 que
564 2060 707 2112 enim
729 2064 827 2114 erit
864 2065 1091 2132 itiips‘ttttl
1124 2072 1416 2122 secundum
1474 2072 1708 2138 seipsum
1740 2082 1792 2127 et
1824 2075 2022 2127 bonum

437 2155 497 2197 et
551 2147 777 2211 malum,
829 2167 1002 2220 neque
1044 2154 1281 2219 ejusdem
1328 2162 1604 2228 corruptio
1647 2170 1702 2215 et
1749 2162 2025 2232 generatio

414 2237 629 2304 eadem
664 2244 957 2295 secundum
994 2245 1221 2305 idigsum
1254 2250 1442 2313 virtus,
1470 2266 1643 2320 neque
1686 2254 1787 2307 hoc
1833 2253 2022 2318 virtus,

440 2336 535 2414 aut
591 2329 689 2383 hoc
745 2336 1038 2402 corruptio.
1091 2336 1264 2404 Ipsum
1304 2342 1519 2408 quidem
1567 2344 1765 2397 malum
1853 2359 2025 2414 neque

437 2413 528 2480 ὅν,
582 2436 757 2503 neque
806 2423 1024 2487 bonum,
1079 2443 1253 2496 neque
1287 2432 1631 2500 gignilicout,
1686 2450 1859 2503 neque
1917 2413 2027 2490 exi-

439 2500 803 2566 steutium'ct
860 2516 1121 2571 bonorum
1169 2521 1445 2576 l'activunt.
1502 2524 1705 2580 Bonum
1753 2500 1933 2582 autem
1971 2528 2025 2582 in

447 2599 644 2667 quibus
682 2605 897 2670 quidem
923 2625 1134 2677 cunque
1167 2612 1182 2641 ¹
1210 2614 1448 2681 perfecte
1479 2617 1640 2680 inest,
1684 2619 1915 2687 perfecta
1949 2619 2030 2673 fa-

436 2694 534 2754 cit,
561 2705 611 2746 ει
635 2712 786 2763 pttra,
819 2709 873 2751 et
897 2700 973 2753 iut
1008 2718 1098 2769 gra
1147 2706 1326 2756 omnia
1349 2707 1370 2735 '
1400 2709 1599 2774 optima
1634 2725 1648 2762 :
1695 2710 1871 2764 minus
1901 2724 2027 2764 vero

445 2784 618 2850 ipsum
659 2789 1037 2858 participantia
1109 2804 1163 2846 et
1212 2795 1525 2864 imperfecta
1578 2810 1701 2854 sunt
1748 2802 1923 2865 bona,
1974 2810 2030 2856 et

449 2874 611 2927 mixta
652 2893 747 2945 per
786 2879 1053 2934 defectum
1094 2884 1236 2937 boni.
1281 2886 1346 2940 Et
1391 2904 1495 2941 non
1544 2900 1625 2944 est
1657 2891 2031 2946 universaliter

450 2966 670 3027 malum,
703 2985 876 3037 neque
922 2973 1138 3036 bonum,
1171 2992 1345 3046 neque
1386 2980 1683 3035 beneficum
1714 3000 1727 3035 :
1755 2983 1847 3037 sed
1886 2981 2029 3052 quod

448 3061 619 3128 magis
669 3073 763 3116 aut
792 3066 969 3120 minus
1014 3067 1154 3123 bono
1183 3073 1508 3139 proximum,
1556 3078 2030 3145 pruportionaliter

2124 1888 2227 1942 sibi
2279 1890 2589 1958 opinionis,
2638 1902 2693 1946 et
2736 1893 2837 1946 hoc
2881 1902 3157 1962 appetere,
3208 1903 3263 1947 et
3310 1895 3378 1945 ad
3426 1890 3705 1961 egregiam

2123 1981 2287 2034 vitam
2320 1982 2609 2050 respicere,
2665 1986 2953 2054 participat
3001 1986 3220 2040 bouum.
3274 1982 3340 2038 Et
3389 1985 3432 2038 si
3481 1984 3706 2036 omnino

2124 2068 2321 2123 bonum
2365 2072 2784 2139 consumpseris,
2833 2088 3008 2142 neque
3056 2076 3299 2128 essentia
3345 2083 3471 2135 est,
3527 2085 3707 2141 neque
3753 2079 3758 2083 '

2124 2161 2231 2214 vita
2259 2202 2274 2225 ,
2325 2177 2497 2231 neque
2552 2165 3011 2233 concupiscentia,
3070 2180 3246 2234 neque
3288 2174 3489 2226 motos,
3531 2178 3709 2231 neque

2125 2252 2268 2305 aliud
2306 2253 2528 2324 aliquid.
2557 2253 2741 2324 Itaque
2771 2263 2827 2308 et
2854 2256 2967 2310 fieri
3005 2272 3070 2311 ex
3102 2257 3450 2325 corruptione
3478 2270 3707 2326 genera-

2127 2343 2347 2408 tionem,
2382 2362 2487 2399 non
2532 2355 2615 2399 est
2663 2346 2790 2400 mali
2826 2348 3023 2411 virtus,
3062 2348 3159 2401 sed
3199 2348 3424 2401 minoris
3462 2346 3587 2400 boni
3614 2346 3709 2399 ad.

2126 2442 2341 2502 ventus,
2377 2445 2639 2504 quantum
2682 2446 2740 2490 et
2779 2437 3071 2506 aegritudo.
3096 2438 3338 2491 defectus
3374 2446 3460 2490 est
3501 2435 3709 2490 ordinis

2127 2544 2231 2581 non
2273 2529 2470 2583 omnis.
2523 2528 2579 2583 Si
2622 2529 2769 2583 enim
2817 2530 2921 2585 hoc
2971 2529 3159 2594 ﬁeret,
3209 2542 3386 2597 neque
3426 2526 3708 2597 aegritudo

2126 2618 2239 2689 ipsa
2302 2619 2644 2673 subsisteret.
2715 2618 2894 2673 Manet
2948 2631 3127 2674 autem
3192 2627 3247 2672 et
3290 2628 3376 2671 est
3426 2614 3711 2686 aegritudo

2125 2708 2412 2762 essentiam
2450 2707 2650 2762 habens
2685 2709 2966 2762 minimum
3000 2710 3268 2767 ordinem.
3312 2717 3364 2762 et
3400 2707 3452 2761 in
3481 2720 3541 2761 se
3583 2705 3712 2759 sub-

2127 2797 2392 2851 stitutum.
2426 2797 2577 2864 Quod
2613 2798 2758 2852 enim
2785 2800 3005 2852 omnino
3030 2812 3223 2868 expers
3255 2798 3401 2861 boni,
3432 2809 3608 2866 neque
3636 2792 3707 2853 ὅ».

2128 2904 2301 2958 neque
2347 2890 2399 2943 in
2457 2891 2855 2947 existentibus:
2910 2892 3055 2961 quod
3099 2900 3281 2945 autem
3325 2891 3579 2951 mixtum,
3612 2903 3712 2958 per

2128 2979 2324 3035 bonum
2356 2981 2407 3035 in
2447 2983 2822 3046 existentibus,
2858 2999 2921 3037 ac
2964 2998 3062 3053 per
3090 2984 3193 3038 ltoc
3234 2986 3293 3036 in’
3325 2982 3713 3043 existentibus,

2129 3082 2179 3126 et
2209 3070 2283 3134 ὅν,
2322 3082 2582 3143 quantum
2629 3074 2829 3129 bottom
2857 3075 3164 3145 participat.
3192 3072 3359 3143 Magis
3383 3083 3566 3127 autem
3595 3070 3715 3125 exi-

445 3154 552 3205 erit
600 3155 794 3209 bonum
825 3197 839 3219 ,
872 3161 1125 3227 quoniam
1166 3164 1382 3231 quidem
1415 3179 1528 3234 tpsa
1560 3143 1669 3235 peri
1719 3171 1898 3224 omnia
1941 3188 2027 3226 ve-

2132 3163 2325 3216 stentia
2354 3163 2531 3217 omnia
2562 3173 2766 3218 tantum
2790 3143 2947 3218 erunt
2972 3143 3140 3233 magis
3158 3164 3429 3227 etminus,
3449 3171 3712 3231 quantum

447 3242 604 3296 uicus
668 3246 1056 3312 perfectissima
1109 3255 1343 3319 bonitas,
1391 3272 1495 3310 ttou
1543 3266 1711 3327 usque
1756 3261 1900 3315 solas
1931 3264 2030 3315 im-

447 3332 556 3400 plet
584 3334 786 3388 circum
811 3355 868 3391 se
893 3343 1115 3394 euminn
1137 3347 1371 3411 optimas
1400 3350 1688 3413 essentias,
1720 3352 2031 3406 extenditur

448 3434 626 3478 autent
676 3444 844 3497 usque
889 3432 1230 3498 novissimus,
1275 3437 1355 3490 bis
1394 3438 1607 3506 quidem
1660 3441 2032 3496 uuiversalitet‘

449 3516 758 3574 adveniens.
797 3519 880 3572 bis
902 3529 1078 3574 autem
1122 3524 1299 3578 minus
1344 3566 1358 3588 ,
1403 3526 1521 3580 aliis
1563 3543 1690 3581 vero
1722 3531 2029 3596 novissime,

451 3614 509 3655 ιιι
530 3612 946 3678 munnquolque
970 3629 1087 3665 eam
1114 3615 1442 3683 participare
1465 3625 1640 3686 potest
1664 3620 2027 3676 existentium.

454 3695 519 3748 Et
566 3702 829 3764 quaeiam
883 3704 1099 3769 quidem
1153 3706 1377 3759 omnino
1422 3709 1620 3762 bontnn
1666 3712 2029 3781 participant,

451 3788 714 3854 quaedam
743 3806 868 3843 vero
911 3794 1081 3863 magis
1125 3804 1172 3848 ct
1229 3797 1407 3850 minus
1431 3800 1739 3869 privamur,
1767 3804 2033 3870 quaedam

452 3888 631 3933 autem
678 3882 1046 3938 obscuriorem
1095 3887 1293 3942 habent
1344 3890 1464 3943 boui
1515 3893 2031 3964 participationem,

453 3983 505 4025 ct
550 3972 670 4026 aliis
715 3977 1008 4037 secundum
1054 3980 1400 4034 novissimam
1447 3985 1853 4038 consonantiam
1885 3987 2036 4039 adest

454 4064 668 4117 bonum.
733 4065 789 4120 Si
846 4068 988 4121 cnim
1051 4087 1155 4125 non
1226 4076 1700 4142 pr0purtioualiler
1751 4078 2038 4148 unicuique

454 4156 654 4209 Inuum
691 4162 923 4222 adesset,
973 4172 1155 4215 ess-nt
1203 4164 1535 4219 tliviuissitua
1583 4176 1639 4221 et
1685 4168 2036 4224 honorabilis-

444 4248 590 4302 sima
646 4251 1057 4305 nuvissimorum
1105 4254 1359 4308 habentia
1438 4255 1706 4312 ordinem.
1756 4258 2037 4325 Quomodo

446 4349 634 4392 autem
671 4351 724 4393 et
759 4353 896 4394 e~snt
930 4344 1205 4409 possibile,
1251 4345 1597 4401 uniformitcr
1641 4350 1822 4402 omnia
1868 4351 2038 4420 parti-

448 4431 638 4498 cipare
668 4432 900 4487 bonum?
935 4436 1200 4506 Numquid
1246 4439 1422 4492 omnia
1458 4441 1742 4494 existentia
1791 4443 2041 4497 similiter

450 4518 508 4571 iu
593 4522 947 4577 universalem
1015 4526 1131 4593 ejus
1190 4529 1656 4598 participationem
1697 4536 2036 4603 Opportuna?

455 4609 610 4663 Nunc
642 4624 819 4667 autem
874 4617 1006 4669 haec
1041 4629 1121 4672 cst
1168 4618 1292 4674 boui
1344 4622 1557 4677 virtutis
1606 4626 2037 4692 supcrexccllens

450 4705 788 4767 magnitudo,
818 4707 952 4774 quia
998 4718 1051 4760 et
1097 4712 1303 4778 privata
1352 4722 1405 4767 et
1440 4715 1636 4767 suimet
1679 4717 2032 4785 privationem

450 4810 616 4862 pus-e
655 4794 811 4858 facit,
862 4803 1155 4855 secundm"
1208 4806 1347 4873 quod
1396 4806 1771 4860 uniiet'saliler
1822 4818 1907 4862 est
1953 4806 2034 4863 sui

451 4886 806 4955 participare.
858 4889 919 4944 Et
964 4893 1006 4946 si
1056 4902 1266 4961 oportet
1319 4896 1477 4947 fidum
1519 4896 1698 4949 dicere
1735 4911 1944 4961 verum,
1982 4907 2038 4952 et

450 4980 750 5047 pugnantia
795 4982 844 5037 ei
876 4999 969 5038 sua
1013 4988 1213 5041 virtute
1254 4997 1307 5039 ιιι
1357 4998 1502 5049 sunt,
1531 4996 1586 5042 et
1643 5005 1879 5059 pugnare
1916 5005 2036 5061 pos-

454 5084 608 5137 sunt,
642 5078 809 5148 magis
834 5089 927 5133 aut
964 5097 1034 5143 ιιι,
1065 5091 1122 5134 ιιι
1143 5085 1603 5152 comprehenderis
1628 5085 1824 5149 dicam,
1856 5086 2035 5141 omnia

454 5166 744 5221 existentia
774 5209 788 5232 ,
833 5180 1091 5240 quantum
1133 5184 1298 5236 sunt,
1350 5183 1405 5228 et
1471 5176 1610 5229 bona
1663 5184 1829 5237 sunt.
1879 5184 1934 5231 et
1970 5193 2036 5230 ex

456 5255 624 5320 bono;
644 5273 903 5325 quantum
928 5272 1107 5314 autem
1133 5263 1584 5330 privanturbono.
1605 5281 1777 5335 neque
1802 5258 2039 5321 existen—

459 5347 536 5400 tia
564 5360 706 5414 suat,
734 5368 903 5421 neque
926 5353 1081 5406 bona.
1120 5353 1173 5406 In
1198 5353 1413 5422 quidem
1434 5357 1579 5411 enim
1611 5356 1731 5412 aliis
1765 5357 2038 5412 habitudi-

454 5439 642 5507 uibus,
670 5442 829 5512 quale
871 5455 954 5498 est
983 5443 1273 5501 caliditatis
1303 5456 1396 5501 aut
1420 5446 1748 5519 frigiditatis,
1788 5455 1913 5503 sunt
1945 5463 2039 5503 ca-

2129 3253 2389 3322 optimum
2441 3254 2802 3322 participant:
2850 3256 3050 3309 etenim
3081 3257 3132 3309 iu
3161 3255 3391 3310 essendo
3430 3269 3531 3323 per
3560 3254 3707 3323 seip-

2128 3360 2267 3408 sum,
2299 3362 2567 3415 nunquam
2607 3362 2868 3415 nusquam
2900 3345 2977 3409 ὅν.
3008 3364 3183 3417 neque
3203 3348 3328 3401 erit.
3356 3345 3469 3401 Hoc
3493 3344 3711 3400 autem'

2131 3434 2200 3487 ibi
2218 3436 2432 3504 quidem
2458 3433 2529 3499 ὅν,
2555 3436 2625 3491 ibi
2652 3452 2776 3491 vero
2792 3453 2892 3490 nou
2908 3434 2983 3498 ὃν,
3007 3446 3267 3507 quantum
3280 3436 3500 3506 quidem
3517 3435 3713 3490 recedit

2129 3528 2198 3581 ab
2226 3543 2312 3591 eo,
2336 3529 2476 3597 quod
2523 3544 2735 3598 semper
2770 3540 2873 3594 est,
2924 3546 3027 3583 non
3069 3539 3192 3584 est:
3226 3540 3486 3600 quantum
3537 3540 3709 3583 autem

2129 3637 2196 3675 ex
2228 3636 2347 3675 esse
2372 3621 2602 3689 accepit,
2633 3631 2840 3676 tantum
2876 3629 2978 3685 est,
3012 3629 3067 3675 et
3106 3622 3155 3676 ei
3204 3622 3427 3675 omnino
3465 3636 3623 3683 esse,
3660 3629 3713 3673 et

2131 3717 2272 3787 quod
2300 3732 2403 3771 non
2437 3712 2512 3780 (τι,
2544 3718 2659 3785 ipso
2699 3717 3006 3770 continetur
3028 3724 3083 3770 et
3111 3715 3367 3769 salvator.
3401 3713 3463 3768 Et
3492 3715 3709 3776 malum,

2132 3808 2274 3878 quod
2303 3808 2519 3877 quidem
2553 3818 2637 3861 est
2661 3808 2884 3860 omnino
2909 3822 2937 3859 a
2966 3808 3106 3861 bono
3144 3805 3380 3860 recessio
3399 3847 3413 3870 ,
3449 3820 3626 3873 neque
3660 3806 3709 3858 in

2134 3899 2343 3968 magnis
2382 3913 2553 3966 neque
2578 3900 2629 3951 in
2657 3898 2895 3953 minimis
2916 3897 2938 3929 ⁸
2972 3898 3128 3952 bonis
3148 3899 3270 3952 erit.
3295 3897 3409 3951 lloc
3431 3908 3614 3951 autem
3643 3896 3711 3948 ibi

2133 3992 2347 4061 quidem
2376 3992 2596 4052 bonum,
2624 3991 2694 4044 ibi
2720 4005 2845 4044 vero
2871 4006 2976 4044 non
3007 3990 3203 4044 bonum
3230 4029 3244 4053 ,
3272 3998 3473 4059 pugnat
3497 3989 3711 4058 quidem

2135 4081 2277 4135 bono
2305 4082 2540 4145 cuidam,
2570 4098 2672 4134 non
2702 4082 2848 4134 omni
2878 4090 3056 4135 autem
3086 4082 3227 4134 bono
3255 4098 3268 4133 :
3298 4090 3513 4134 tenetur
3535 4090 3712 4133 autem

2135 4172 2321 4227 ethoc
2359 4173 2481 4226 boui
2512 4173 2955 4242 participatione,
2995 4182 3049 4225 et
3087 4172 3486 4226 substantilicat
3525 4180 3579 4226 et
3606 4171 3719 4224 sui-

2139 4270 2247 4314 met
2300 4261 2654 4330 privationem
2708 4261 2907 4315 bonmn
2966 4271 3077 4316 tota
3136 4261 3218 4316 sui
3279 4262 3710 4331 participatione.

2139 4350 2373 4408 Omnino
2396 4353 2538 4408 enim
2567 4354 2795 4408 abeunte
2822 4355 2959 4408 bono
2980 4354 3106 4424 quid
3137 4355 3239 4407 erit
3266 4354 3505 4408 bonum?
3536 4353 3714 4423 Neque

2071 4478 2113 4533 D
2140 4443 2391 4505 mixtum,
2429 4458 2602 4513 neque
2632 4456 2727 4512 per
2755 4459 2813 4499 se
2842 4444 3060 4498 tnalunt.
3096 4444 3151 4498 Si
3180 4444 3323 4497 enim
3355 4445 3553 4497 malum
3612 4444 3714 4496 im-

2142 4535 2436 4602 perfectum
2462 4543 2545 4588 est
2572 4535 2786 4594 bonum,
2817 4534 3055 4588 absentia
3084 4532 3461 4603 perfectissimi
3492 4534 3611 4588 boni
3658 4543 3715 4588 et

2140 4625 2546 4695 imperfectum,
2591 4634 2638 4678 et
2686 4625 2984 4695 perfectum
3031 4626 3229 4679 bonum
3265 4627 3465 4681 aberit.
3493 4626 3713 4680 Ettunc

2138 4721 2308 4776 solum
2340 4720 2442 4775 erit
2472 4729 2524 4775 et
2553 4719 2823 4773 videbitur
2850 4718 3082 4782 malum,
3124 4719 3337 4785 quando
3378 4717 3464 4771 his
3500 4718 3711 4787 quidem

2137 4819 2220 4867 est
2259 4809 2487 4871 malum,
2521 4809 2716 4879 quibus
2755 4808 3062 4875 opponitur,
3104 4808 3187 4861 his
3233 4820 3413 4861 autem
3462 4792 3725 4874 tanquam

2137 4901 2294 4957 bonis
2335 4901 2597 4957 aufertur.
2643 4899 2887 4970 Pugnare
2937 4899 3080 4955 enim
3111 4897 3210 4953 sibi
3252 4899 3483 4951 invicem
3526 4899 3713 4952 eadem

2140 5006 2238 5061 per
2276 4989 2486 5055 eadem,
2529 4989 2582 5043 in
2630 4988 2878 5042 omnibus
2931 4987 3278 5058 impossibile.
3322 4985 3438 5040 Non
3474 4987 3631 5057 igitur
3660 4982 3716 5041 ὅτ

2142 5080 2366 5135 malum.

2214 5169 2321 5225 Sed
2367 5183 2541 5240 neque
2588 5168 2640 5222 in
2690 5167 3045 5222 existentibus
3072 5174 3157 5222 est
3201 5166 3421 5221 malum.
3465 5165 3520 5220 Si
3564 5163 3718 5217 enim

2143 5262 2323 5318 omnia
2361 5260 2643 5315 existentia
2674 5258 2740 5313 e'x
2788 5260 2959 5322 bono,
2985 5266 3041 5312 et
3075 5259 3126 5312 in
3156 5258 3407 5312 omnibus
3432 5255 3718 5310 existenti-

2138 5356 2242 5411 bus
2265 5363 2320 5410 et
2347 5354 2525 5408 omnia
2556 5351 2798 5407 continet
2825 5351 3045 5414 bonum,
3076 5357 3169 5403 aut
3217 5364 3324 5403 non
3358 5349 3462 5401 erit
3490 5345 3716 5407 malum,

2142 5453 2235 5500 aut
2267 5443 2319 5497 in
2349 5444 2489 5499 bono
2528 5457 2631 5497 non
2660 5442 2779 5496 erit.
2813 5439 3026 5495 Etenim
3069 5453 3244 5509 neque
3285 5439 3338 5493 in
3376 5439 3494 5510 igne
3523 5436 3713 5506 frigus,

1740 5556 1996 5615 VARIAE
2031 5552 2428 5614 LECTIONES.

540 5646 692 5721 ‘__Sic
744 5647 816 5711 E;
868 5650 937 5721 in;
976 5650 1180 5714 quidem
1207 5649 1444 5721 omad;
1496 5648 1584 5704 BH
1642 5649 1696 5704 in
1742 5648 2129 5721 quibuscuuque
2184 5644 2413 5716 quidem.

469 5711 494 5743 ‘
530 5715 619 5769 ΑΕ
652 5726 813 5771 totus.
863 5720 882 5749 ⁸
922 5718 961 5773 Β
991 5711 1151 5773 ἰτιὶηι.
1262 5721 1283 5752 ⁸
1321 5711 1642 5779 ΔΕιιιὶιιιιι.

2539 5652 2560 5686 ³
2598 5644 2773 5698 omnia
2798 5657 2907 5698 om.
2938 5639 3093 5698 OAE.
3201 5639 3221 5670 ³
3270 5638 3356 5694 BH
3409 5638 3712 5694 subsistunt.
