3978 6160
266 284 397 369 ωε

898 309 1148 368 VERSIO
1187 309 1472 368 OPERUM
1514 306 1933 367 S.‘DlOl\'YSll.
1972 338 2042 352 --
2080 312 2167 369 DE
2207 305 2455 371 DlVlNI’S
2494 315 2885 373 NO‘lllNlBUS.

3385 317 3522 374 ill!

267 435 439 491 neque
479 412 572 478 ille
599 421 822 477 vitiatur
853 435 939 488 eo,
971 431 1025 478 et
1062 423 1261 478 malum
1291 424 1434 478 bono
1457 423 1742 479 existente.
1784 421 1841 476 Si
1872 422 1919 481 Δ
2020 424 2126 481 Sed
2167 440 2339 498 neque
2378 429 2667 486 daemones
2700 440 2888 484 natura
2920 431 3065 485 mali.
3103 429 3313 485 Etenim
3351 430 3397 485 si
3426 447 3521 485 na-

270 523 450 571 autem
480 512 663 577 fuerit,
701 512 969 583 quomodo
1004 512 1109 567 erit
1140 514 1191 568 in
1230 516 1371 571 bono
1403 514 1638 568 malum?
1668 512 1845 583 Siqui-

271 609 391 663 dem
422 621 490 660 ει
524 618 589 659 eo
617 604 1015 674 inconsequens
1061 613 1115 659 et
1151 605 1502 675 impossibile.
1534 602 1657 659 Non
1682 611 1846 674 potest

268 694 436 759 enim,
466 700 524 747 ut
549 692 882 762 eloquiorum
910 691 1113 747 veritas
1144 694 1240 760 ait,
1272 693 1431 747 arbor
1470 693 1605 748 bona
1645 694 1849 763 [ructus

268 785 435 839 malos
465 785 637 854 facere
667 795 715 849 τι,
745 799 919 852 neque
960 784 1088 839 illud
1140 784 1355 839 iterum.
1410 784 1467 839 Si
1516 793 1695 839 autem
1742 799 1848 838 non

269 889 337 928 ex
386 875 539 943 ipso,
588 888 655 929 cx
700 873 806 928 alio
840 874 1086 938 clarum,
1126 875 1251 945 quia
1288 875 1552 945 principio
1579 882 1633 928 et
1664 889 1847 929 causa.

269 965 480 1020 Etenim
533 975 629 1020 aut.
673 965 871 1021 malum
921 981 989 1021 es
1035 967 1174 1022 bono
1218 968 1362 1032 erit,
1414 976 1508 1020 aut
1552 966 1747 1020 bonum
1784 981 1851 1020 ex

269 1055 414 1109 malo
445 1074 457 1109 :
485 1064 577 1108 aut
600 1057 643 1110 si
676 1071 778 1110 non
812 1057 911 1110 hoc
944 1046 1230 1124 possibile;
1263 1073 1330 1112 ex
1361 1056 1465 1110 alio
1494 1056 1759 1126 principio
1797 1064 1852 1110 et

271 1159 439 1199 causa
466 1145 571 1198 erit
601 1153 654 1198 et
684 1145 879 1198 bonum
913 1146 1131 1200 malum.
1162 1146 1350 1201 Omnis
1377 1149 1519 1202 enim
1563 1147 1695 1218 dyas
1747 1160 1852 1200 non

268 1233 591 1303 principium
630 1251 643 1286 :
674 1248 860 1287 monas
888 1243 1066 1288 autem
1097 1236 1202 1288 erit
1246 1236 1408 1289 totius
1437 1235 1623 1307 dyadis
1654 1234 1855 1305 princi-

267 1320 439 1390 pium.
488 1321 555 1375 Et
582 1321 798 1390 quidem
830 1322 1259 1392 inconsequens,
1300 1339 1367 1378 ex
1416 1340 1524 1378 uno
1566 1332 1620 1379 et
1663 1324 1854 1378 eodem

269 1412 377 1466 duo
404 1412 714 1466 omnimodo
740 1414 1009 1468 contraria
1041 1430 1327 1483 provenire
1350 1424 1402 1470 et
1429 1430 1567 1478 esse,
1597 1424 1651 1469 et
1680 1416 1855 1485 ipsum

268 1501 593 1571 principium
622 1518 725 1555 non
755 1503 1003 1573 simplum
1038 1512 1092 1558 et
1122 1505 1425 1575 singulare,
1474 1507 1567 1560 sed
1599 1507 1854 1575 partitum

271 1602 326 1647 et
359 1591 604 1656 biforme,
640 1603 695 1648 et
738 1596 1069 1649 contrarium
1113 1596 1166 1649 in
1214 1597 1448 1667 seipsum
1487 1607 1541 1651 et
1580 1596 1855 1651 mutabile.

271 1683 388 1737 lmn
411 1698 446 1738 ο
471 1699 600 1738 vero
629 1699 802 1754 neque
834 1686 939 1741 duo
968 1688 1316 1742 existentium
1343 1690 1610 1757 contraria
1652 1689 1855 1759 princi-

1952 525 2069 570 tura
2119 518 2273 580 mali,
2311 535 2486 589 neque
2531 535 2595 575 ex
2636 522 2797 586 bono,
2831 535 3002 590 neque
3048 520 3103 575 in
3143 521 3515 583 existentibus,

1949 622 2124 676 neque
2152 623 2218 662 ex
2250 609 2404 665 bonis
2438 625 2788 675 conversum,
2831 621 3020 665 natura
3062 620 3118 666 et
3155 627 3368 682 semper
3397 612 3520 666 mali

1950 699 2223 763 existunt,
2271 699 2510 768 sequitur
2547 718 2559 753 :
2591 700 2807 754 sibimet
2846 710 2973 753 sunt
3002 701 3157 765 mali,
3186 719 3251 753 an
3277 701 3431 755 aliis?
3467 702 3521 756 Si

1951 788 2164 858 quidem
2195 787 2442 851 sibimet,
2471 803 2537 840 an
2566 799 2922 858 corrumpunt
2954 791 3195 859 scipsos?
3241 790 3296 846 Si
3342 804 3522 847 autem

1952 875 2092 939 aliis,
2123 877 2392 945 quomodo
2444 886 2796 946 corrumpunt
2821 887 2912 931 aut
2942 879 3071 947 quid
3104 882 3124 910 ²
3150 888 3522 949 corrumpunt,

1950 966 2276 1030 essentiam,
2325 983 2391 1020 an
2424 968 2712 1032 virtutem,
2755 984 2820 1021 an
2865 970 3168 1024 actionem?
3216 971 3270 1023 Si
3311 972 3524 1040 quidem

1952 1059 2267 1123 essentiam,
2294 1058 2528 1129 primum
2556 1060 2772 1129 quidem
2800 1076 2903 1114 non
2938 1059 3092 1128 juxta
3125 1072 3390 1115 naturam.
3425 1062 3527 1116 Na-

1954 1156 2073 1203 tura
2102 1150 2245 1203 enim
2284 1150 2708 1219 incorruptibilia
2738 1167 2843 1205 non
2870 1160 3252 1221 corrumpunt,
3300 1151 3392 1206 sed
3434 1168 3529 1206 ac-

1953 1240 2161 1308 ceptiva
2206 1240 2586 1308 corruptionis.
2623 1241 2917 1309 Sequitur:
2964 1257 3139 1311 neque
3179 1244 3281 1295 hoc
3311 1241 3531 1301 omnino

1956 1338 2011 1383 ct
2058 1329 2279 1384 omnino
2336 1330 2555 1394 malum,
2607 1331 2703 1384 sed
2753 1347 2928 1400 neque
2987 1335 3348 1403 corrumpitur
3402 1334 3531 1401 quid

1955 1419 2323 1481 existentium,
2352 1421 2644 1474 secundum
2675 1422 2817 1490 quod
2841 1423 3073 1488 essentia
3104 1431 3158 1475 et
3194 1432 3406 1485 natura,
3438 1423 3531 1477 sed

1957 1508 2164 1564 defectu
2201 1508 2355 1579 juxta
2403 1519 2647 1564 naturam
2693 1511 2920 1573 ordinis,
2951 1512 3267 1566 harmoniae
3310 1523 3364 1566 et
3389 1529 3531 1566 eom—

1960 1600 2375 1655 mensurationis
2425 1600 2561 1654 ratio
2618 1600 2953 1666 infirmatur,
3007 1616 3227 1655 manere
3288 1602 3537 1655 similiter

1959 1690 2186 1746 habens.
2238 1691 2527 1745 lnlirmitas
2583 1697 2763 1743 autem
2813 1703 2919 1744 non
2968 1691 3226 1760 perfecta.
3282 1691 3335 1747 Si
3393 1694 3534 1745 enim

270 1776 361 1845 pia
392 1776 643 1844 possibile
667 1790 816 1841 esse,
847 1785 901 1831 et
945 1792 1008 1831 ea
1039 1779 1180 1833 inter
1204 1795 1262 1833 se
1311 1780 1536 1834 invicem
1566 1789 1619 1833 et
1651 1780 1702 1833 in
1736 1780 1858 1834 nui-
1890 1761 1936 1819 Β
1968 1782 2233 1854 perfecta,
2264 1792 2320 1837 et
2353 1791 2751 1852 corruptionem
2791 1798 2844 1836 et
2893 1782 3190 1850 subjectum
3244 1785 3533 1849 interimit;

271 1881 436 1920 verso
466 1869 772 1937 pugnantia.
803 1867 859 1922 Si
889 1870 1032 1923 enim
1076 1870 1181 1924 hoc
1222 1871 1469 1935 daretur,
1499 1871 1604 1925 erit
1629 1879 1682 1924 et
1717 1872 1860 1925 Deus

274 1970 387 2010 non
418 1956 694 2019 innocens,
725 1972 897 2027 neque
947 1960 1062 2014 sine
1095 1959 1225 2021 rixa,
1261 1960 1521 2029 siquidem
1554 1962 1597 2015 si
1635 1961 1702 2015 sit
1732 1961 1859 2030 quid

278 2066 404 2106 cum
438 2044 778 2121 perturbans.
815 2052 1087 2123 Sequitur,
1105 2055 1456 2108 eruntomnia
1479 2038 1779 2108 inordinata
1807 2063 1860 2108 et

278 2158 497 2212 semper
540 2144 848 2214 pugnantia.
887 2146 954 2199 Et
1001 2145 1216 2214 quidem
1264 2148 1565 2201 amicitiam
1612 2148 1863 2200 omnibus

280 2235 642 2288 existentilus
687 2235 884 2289 bonum
916 2236 1106 2298 tradit,
1140 2247 1194 2292 et
1240 2254 1339 2307 per
1382 2254 1439 2292 se
1470 2254 1606 2307 pax,
1635 2250 1687 2292 et
1716 2239 1865 2309 pacis

279 2322 490 2377 donans
552 2322 801 2377 laudatur
850 2340 878 2379 a
930 2327 1101 2379 sacris
1145 2326 1406 2398 theologis
1438 2327 1486 2380 ι).
1536 2326 1767 2380 Proinde
1809 2336 1864 2382 et

280 2411 457 2464 amica
485 2411 646 2477 bona,
675 2422 729 2466 et
755 2424 1030 2483 compacta
1061 2416 1261 2480 omnia,
1288 2426 1339 2471 et
1364 2432 1466 2469 una
1494 2416 1600 2469 vita
1628 2417 1862 2486 egeuita,

279 2511 337 2555 el.
380 2501 445 2553 ad
480 2517 641 2554 unum
672 2503 933 2572 Optimum
982 2507 1290 2561 coordinata
1320 2517 1375 2562 el
1403 2509 1634 2561 adunala
1655 2548 1669 2571 ,
1711 2517 1764 2560 et
1794 2508 1866 2561 si-

280 2589 435 2643 milia
466 2600 773 2659 comparata
806 2593 946 2649 inter
987 2610 1045 2649 se
1082 2596 1330 2651 invicem.
1377 2596 1559 2667 Itaque
1588 2613 1692 2651 non
1729 2598 1865 2662 divi-

281 2693 413 2732 num
458 2679 689 2743 malum,
737 2690 793 2735 rl
825 2684 1027 2738 malum
1053 2686 1069 2719 ⁸
1100 2701 1204 2739 non
1254 2687 1513 2741 divinum.
1559 2687 1662 2741 Sed
1695 2702 1867 2757 neque

281 2784 352 2824 ex
386 2769 495 2824 Deo
525 2785 576 2824 ni
616 2771 743 2825 lum.
780 2772 837 2827 Si
871 2776 1012 2829 enim
1062 2791 1164 2829 non
1197 2777 1383 2836 bonus.
1418 2786 1510 2832 aut
1537 2779 1671 2833 bene
1715 2778 1869 2846 facit,

284 2872 342 2915 et
377 2864 510 2916 bona
540 2864 790 2927 adducit,
817 2874 871 2920 et
906 2883 1010 2920 non
1050 2868 1340 2937 aliquando
1368 2870 1582 2939 quidem
1617 2879 1672 2925 et
1706 2887 1870 2940 quae-

287 2954 435 3015 dam,
469 2955 757 3025 aliquando
781 2968 959 3014 autem
990 2976 1093 3015 non
1119 2970 1175 3014 et
1208 2977 1313 3016 non
1342 2963 1542 3016 omnia.
1577 2963 1872 3019 Transma-

286 3045 550 3099 tationem
579 3045 797 3115 quidem
837 3049 889 3101 in
926 3049 1029 3103 hoc
1059 3048 1220 3104 faciet
1249 3061 1305 3105 et
1345 3051 1754 3106 mutabilitatem
1775 3092 1790 3116 ,
1818 3059 1870 3107 ct

1964 1882 2018 1925 et
2048 1873 2149 1926 erit
2193 1873 2305 1939 ipsa
2339 1872 2616 1939 corruptio
2667 1879 2723 1925 et
2771 1871 2968 1924 suimet
3011 1874 3305 1942 corruptio.
3359 1875 3540 1941 Itaque

1966 1959 2268 2028 hujusmodi
2320 1976 2424 2013 non
2459 1960 2679 2022 malum,
2723 1960 2814 2013 sed
2856 1961 3358 2021 deliciensbonnm.
3389 1963 3539 2030 Quod

1964 2051 2110 2104 enim
2157 2050 2377 2103 omnino
2419 2065 2612 2119 expers
2657 2048 2819 2113 boni,
2868 2066 3040 2120 neque
3088 2053 3139 2105 in
3188 2054 3541 2107 existentibus

1965 2144 2086 2197 erit.
2137 2143 2203 2196 Et
2247 2145 2313 2197 de
2357 2143 2571 2197 virtutis
2612 2144 2938 2198 ctactionis
2982 2144 3326 2213 corruptione
3355 2146 3540 2199 eadem

1968 2233 2123 2285 ratio.
2155 2232 2358 2286 Deinde
2385 2233 2653 2300 quomodo
2680 2246 2746 2285 ex
2778 2233 2889 2287 Deo
2923 2232 3048 2285 facti
3078 2233 3370 2288 daemones
3419 2244 3546 2289 sunt

1969 2322 2132 2376 ntali?
2173 2321 2380 2374 Bonum
2415 2322 2557 2375 enim
2606 2323 2741 2375 bona
2785 2322 3001 2376 adducit
3036 2330 3091 2375 et
3138 2323 3434 2377 substituit.
3481 2326 3543 2377 Et

1968 2411 2183 2481 quidem
2213 2412 2466 2464 dicuntur
2501 2411 2645 2473 ntali,
2679 2410 2875 2464 dixerit
2904 2411 3054 2478 quis,
3085 2411 3177 2463 sed
3219 2428 3322 2464 non
3354 2427 3546 2466 secun-

1968 2502 2092 2555 dnm
2125 2502 2265 2571 quod
2323 2510 2479 2566 sunt,
2506 2518 2569 2556 ex
2606 2501 2808 2570 optimo
2837 2502 2979 2555 enim
3011 2511 3136 2555 sunt
3191 2510 3245 2555 et
3285 2501 3543 2571 optimam

1970 2591 2336 2645 sortiebantur
2385 2591 2714 2653 essentiam,
2766 2591 2858 2643 sed
2906 2590 3198 2643 secundum
3249 2590 3389 2659 quod
3441 2606 3544 2643 non

1971 2693 2112 2746 sunt,
2142 2682 2366 2747 infirmi,
2397 2692 2453 2736 ut
2481 2683 2688 2751 eloquia
2721 2683 2893 2747 aiunt,
2927 2697 3144 2736 servare
3169 2698 3321 2735 suum
3351 2682 3548 2750 princi-

1971 2774 2140 2844 pium.
2185 2772 2240 2826 lu
2271 2788 2376 2842 quo
2402 2772 2566 2834 enim,
2597 2772 2684 2825 dic
2719 2772 2872 2833 mihi,
2907 2772 3083 2824 \‘ilial‘i
3112 2772 3341 2825 dicimus
3367 2771 3545 2841 δαίμοο

1969 2887 2083 2928 νας,
2108 2865 2151 2917 si
2183 2879 2284 2917 non
2317 2863 2367 2916 in
2395 2861 2694 2915 cessatione
2719 2860 3017 2914 divinorum
3051 2862 3307 2915 bonorum
3338 2861 3548 2913 habitu-

1973 2957 2098 3011 diue
2124 2965 2179 3009 et
2211 2954 2460 3008 actione?
2500 2951 2607 3007 Sed
2639 2953 2817 3021 itaque
2860 2952 2904 3006 si
2953 2962 3139 3004 natura
3182 2952 3306 3004 mali
3338 2952 3549 3003 daemo-

1977 3062 2093 3109 nes,
2122 3060 2336 3114 semper
2364 3045 2509 3097 tnali.
2552 3043 2617 3097 Et
2656 3043 2872 3112 quidem
2914 3043 3113 3096 malum
3154 3041 3402 3095 instabile
3446 3051 3548 3094 est.

288 3136 437 3190 circa
466 3151 546 3198 se,
576 3137 677 3190 hoc
704 3146 815 3201 est,
847 3138 1086 3193 omnium
1116 3140 1508 3194 divinissimum
1539 3150 1592 3196 et
1629 3158 1868 3197 causam.
1896 3108 1949 3172 θ
1981 3142 2092 3193 Non
2121 3139 2280 3209 igitur
2301 3153 2345 3192 su
2378 3152 2592 3206 semper
2631 3135 2789 3189 sicsic
2826 3135 3043 3195 habent,
3084 3149 3186 3187 non
3213 3133 3335 3187 mali
3368 3152 3379 3187 :
3410 3134 3549 3201 quoi

295 3225 355 3281 Si
391 3236 571 3281 autem
597 3228 648 3281 in
677 3228 792 3282 Deo
814 3229 1012 3283 bonum
1045 3231 1392 3287 subsistentia
1424 3242 1532 3299 est,
1557 3234 1662 3287 erit
1697 3241 1876 3288 trans-

289 3321 476 3375 ferens
526 3335 590 3374 ex
641 3322 783 3376 bono
832 3322 970 3377 Deus
1023 3322 1316 3393 aliquando
1356 3323 1571 3392 quidem
1620 3324 1725 3389 ὧν,
1773 3324 1875 3378 ali-

290 3413 510 3481 quando
540 3420 717 3466 autem
750 3429 856 3467 non
880 3414 961 3468 ὧν.
992 3413 1047 3468 Si
1079 3431 1206 3469 vero
1236 3415 1648 3486 participatione
1676 3416 1876 3471 bonum

292 3517 401 3556 non
427 3501 605 3562 habet,
630 3510 684 3555 et
713 3517 778 3556 ex
809 3502 979 3559 altero
1006 3504 1242 3569 habebit,
1270 3514 1324 3559 et
1353 3507 1638 3576 aliquando
1663 3508 1880 3576 quidem

294 3589 555 3654 habebit,
597 3589 883 3659 aliquando
917 3602 1092 3647 autem
1140 3609 1244 3647 non
1277 3594 1513 3649 habebit.
1559 3595 1673 3649 Non
1716 3597 1879 3666 igitur

294 3694 363 3734 ex
409 3680 518 3734 Deo
547 3680 782 3747 malum,
834 3697 1007 3753 neque
1055 3684 1107 3738 in
1155 3683 1295 3747 Deo,
1346 3700 1522 3755 neque
1564 3686 1881 3755 simpliciter

296 3773 595 3828 secundum
626 3782 858 3843 tempus.

369 3862 478 3916 Sed
507 3877 680 3931 neque
708 3864 758 3917 in
783 3864 987 3934 angelis
1012 3876 1095 3919 est
1123 3864 1344 3919 malum.
1375 3864 1430 3920 Si
1455 3866 1596 3919 enim
1627 3866 1883 3920 cnunciat

294 3952 595 4010 bonitatem
635 3957 871 4012 divinam
914 3957 1191 4013 deiformis
1242 3959 1496 4029 angelus.
1544 3958 1669 4013 illud
1698 3958 1766 4015 ὢν
1793 3973 1882 4014 se-

299 4050 536 4103 cundum
577 4050 1040 4120 participationem
1085 4053 1335 4111 secundo.
1368 4052 1509 4122 quod
1539 4052 1754 4121 quidem
1794 4068 1882 4107 se-

301 4141 806 4197 cundnm‘causam
860 4144 1113 4199 enunciat
1166 4144 1378 4213 primo,
1430 4144 1607 4214 imago
1655 4152 1739 4197 est
1791 4143 1882 4198 Dei

302 4233 565 4305 angelus,
625 4233 991 4289 manifestatio
1039 4234 1236 4290 occulti
1295 4235 1553 4298 luminis,
1608 4234 1883 4302 speculum

303 4340 522 4395 purum,
552 4324 1063 4393 Splendidissimum,
1100 4324 1502 4379 immaculatum
1524 4365 1538 4389 ,
1568 4324 1888 4379 incontami-

1977 3229 2121 3284 enim
2157 3240 2369 3297 semper
2399 3226 2658 3294 idipsntn,
2691 3223 2877 3293 optimi
2915 3224 3210 3293 proprium.
3265 3223 3320 3275 Si
3372 3238 3550 3276 auzeui

1977 3335 2082 3374 non
2113 3329 2166 3373 et
2197 3333 2410 3387 semper
2438 3310 2582 3377 mali,
2615 3332 2716 3368 non
2759 3313 3058 3376 naturales,
3087 3314 3178 3365 sed
3228 3313 3553 3382 indigentiae

1977 3409 2341 3480 angelicorum
2393 3406 2677 3460 bonorum.
2733 3403 2836 3458 Sed
2887 3418 2990 3455 non
3039 3402 3261 3455 omnino
3305 3411 3553 3483 expertes

1976 3505 2100 3560 boni
2127 3545 2143 3568 ,
2175 3503 2463 3558 secundum
2497 3501 2637 3571 quod
2667 3508 2721 3552 et
2755 3507 2907 3559 sunt,
2939 3506 2993 3551 et
3022 3497 3227 3557 vivont,
3272 3504 3326 3549 ct
3359 3495 3552 3547 intelli-

1979 3606 2133 3667 gunt,
2187 3604 2241 3648 et
2270 3582 2608 3647 omnino’est
2629 3590 2852 3660 quidam
2896 3589 2946 3641 iu
2976 3589 3056 3641 eis
3091 3586 3558 3656 «oncupiscculiae

1982 3695 2180 3740 motus.
2213 3684 2333 3737 Mali
2364 3692 2543 3737 autem
2577 3697 2697 3736 esse
2735 3682 3008 3740 dicuntur,
3054 3688 3272 3748 propter
3301 3678 3441 3746 quod
3486 3676 3558 3729 in-

1983 3775 2269 3828 ﬁrinautur
2299 3772 2444 3825 circa
2483 3771 2781 3824 naturalem
2811 3768 3199 3838 operationem.
3242 3764 3395 3818 Falsa
3431 3780 3559 3832 ergo

1982 3865 2265 3920 conversio
2290 3871 2372 3918 est
2397 3863 2475 3916 eis
2506 3862 2727 3915 malum.
2755 3869 2807 3912 et
2829 3874 2859 3911 a
2888 3857 3133 3925 cognatis
3161 3856 3272 3909 suis
3297 3855 3558 3924 egressio,

1983 3963 2037 4009 et
2083 3953 2408 4015 infortunitas,
2440 3960 2493 4005 el
2532 3949 2883 4018 imperfectio,
2918 3958 2972 4000 et
3002 3937 3335 4013 impotentia,
3367 3955 3420 3997 et
3453 3946 3559 3997 sai-

1982 4056 2142 4103 Vanle
2177 4047 2257 4101 eis
2288 4044 2675 4114 perfectionem
2723 4041 2920 4092 Virtute
2974 4037 3295 4097 infirmitas,
3343 4047 3395 4090 et
3440 4035 3560 4104 fuga

1983 4147 2037 4193 el
2064 4154 2239 4193 casus.
2285 4135 2390 4190 Sed
2437 4134 2618 4201 itaque
2658 4130 2785 4200 qttid
2824 4132 2876 4183 in
2929 4128 3281 4183 daemonibus
3323 4127 3565 4179 malum?

1986 4230 2160 4286 Furor
2189 4226 2605 4289 irrationabilis,
2637 4239 2826 4278 amens
2861 4222 3314 4291 concupiscentia,
3344 4222 3559 4289 pbauta

1986 4322 2064 4376 sia
2097 4329 2364 4391 proterva.
2395 4316 2500 4370 Sed
2530 4317 2660 4369 haec
2684 4314 2802 4367 etsi
2836 4322 2958 4366 sunt
2984 4312 3034 4364 in
3061 4310 3439 4370 daemonibus,
3463 4328 3574 4362 non

304 4424 519 4478 natum,
550 4414 1029 4483 incoinqninatum,
1064 4415 1332 4483 recipiens
1363 4422 1560 4477 totam,
1598 4415 1643 4467 si
1680 4413 1885 4482 justum
1917 4451 1967 4512 Β
1989 4412 2211 4466 omnino
2257 4423 2433 4477 neque
2459 4406 2533 4459 'in
2565 4405 2836 4464 omnibus,
2869 4418 3041 4470 neque
3093 4401 3231 4455 haec,
3271 4403 3578 4453 secundum

304 4507 515 4569 dicere,
553 4505 954 4575 speciositatem
998 4507 1134 4560 bene
1183 4505 1446 4560 formatae
1488 4505 1885 4570 deiformitatis,

306 4605 360 4651 et
387 4612 523 4667 pure
552 4596 832 4650 declarans
860 4596 912 4649 in
943 4596 1141 4665 seipse,
1173 4595 1311 4650 sicut
1357 4596 1611 4665 possibile
1645 4605 1759 4659 est,
1796 4597 1892 4649 bo-

308 4688 559 4750 nitatem,
589 4700 727 4754 quae
762 4694 843 4739 est
879 4685 931 4740 in
962 4686 1155 4755 adytis.
1186 4684 1299 4739 Non
1316 4685 1481 4756 igitur
1506 4700 1678 4756 neque
1706 4686 1761 4739 in
1796 4702 1891 4740 an-

311 4780 449 4849 gelis
502 4787 586 4833 est
651 4776 848 4831 malum
897 4794 920 4831 τ
956 4779 1048 4832 sed
1094 4777 1364 4847 puniendo
1423 4786 1707 4846 peccantes
1768 4784 1892 4830 sunt

311 4869 459 4922 mali.
497 4867 606 4921 Ilac
634 4881 763 4937 ergo
807 4867 1015 4921 ratione
1043 4878 1097 4922 et
1137 4876 1543 4936 compescentes
1568 4865 1891 4935 delinquen-

316 4960 461 5014 tibus
503 4959 665 5022 mali,
698 4967 752 5013 et
783 4960 1119 5013 sacerdotum
1147 4957 1341 5012 divinis
1368 4957 1636 5027 mysteriis
1668 4957 1902 5011 immun-

316 5053 443 5107 dum
481 5051 847 5120 prohibentes.
881 5049 947 5104 Et
982 5049 1195 5118 quidem
1238 5063 1409 5117 neque
1449 5047 1626 5118 puniri
1671 5048 1895 5110 malum,

318 5143 412 5199 sed
437 5143 655 5213 dignum
685 5139 797 5194 fieri
829 5154 1026 5209 poena.
1053 5137 1235 5209 Neque
1263 5139 1557 5193 secundum
1581 5138 1894 5209 dignitatem

321 5231 595 5304 prohiberi
633 5230 835 5294 sacris,
877 5229 972 5286 sed
1012 5245 1118 5284 non
1161 5237 1403 5283 sanctum
1446 5238 1500 5284 et
1538 5245 1643 5285 non
1684 5243 1898 5285 sacrum

322 5323 461 5386 ﬁeri.
489 5332 544 5378 et
574 5320 1016 5377 incontaminatis
1046 5320 1479 5390 inopportunum.

1992 4519 2051 4558 se
2103 4500 2259 4556 mala.
2312 4499 2378 4554 Et
2422 4498 2563 4552 enim
2618 4496 2670 4550 iu
2711 4494 2829 4548 aliis
2874 4492 3195 4546 animalibus
3239 4507 3341 4544 non
3393 4502 3583 4543 motus

1995 4590 2201 4653 talium,
2233 4589 2326 4642 sed
2358 4585 2701 4653 intcrcmptio
2729 4591 2812 4637 est
2850 4594 2904 4635 et
2934 4581 3210 4648 corruptio
3238 4580 3451 4632 animali
3474 4622 3487 4638 ,
3519 4591 3577 4631 et

1996 4683 2219 4738 malum.
2259 4680 2487 4735 llabitus
2513 4676 2656 4730 enim
2688 4674 2878 4736 salvat,
2912 4684 2962 4726 et
2997 4688 3115 4727 csse
3165 4673 3291 4725 facit
3322 4673 3453 4725 bace
3485 4673 3584 4725 inv-

1997 4772 2210 4829 bentein
2243 4769 2492 4824 animalis
2531 4776 2799 4820 naturam.
2850 4762 2964 4817 Non
3009 4763 3176 4833 igitur
3222 4761 3416 4815 malum
3448 4762 3577 4812 dae»

1998 4863 2207 4917 moniea
2235 4874 2384 4930 gens,
2413 4865 2671 4926 quantum
2700 4863 2782 4905 est
2808 4850 2959 4918 juxta
2990 4860 3258 4909 naturam.
3293 4850 3383 4903 sed
3412 4865 3583 4917 quam

2000 4962 2110 5008 tum
2160 4965 2265 5004 non
2316 4957 2416 5002 est.
2470 4947 2534 5000 Ει
2582 4959 2688 4998 non
2741 4951 3002 4995 mutatum
3052 4949 3138 4993 est
3184 4941 3368 4992 datum
3404 4939 3453 4989 in
3494 4937 3588 4988 eis.

2002 5052 2171 5098 totum
2202 5042 2421 5102 bonum,
2465 5036 2557 5090 sed
2592 5035 2690 5104 ipsi
2729 5035 2853 5087 dato
2904 5032 3215 5087 ceciderunt
3261 5040 3371 5082 toto
3414 5028 3583 5081 bono,

2008 5134 2075 5187 Et
2102 5134 2256 5187 datas
2301 5130 2382 5183 eis
2418 5126 2693 5198 angelicas
2739 5124 3056 5178 donationes
3109 5135 3379 5188 nunquam
3433 5117 3587 5185 ipsas:

2005 5228 2303 5280 commotas
2353 5216 2521 5271 fuisse
2562 5216 2828 5279 dicimus,
2880 5216 2972 5268 sed
3019 5220 3142 5265 sunt
3189 5219 3243 5263 et
3291 5208 3480 5274 integri
3520 5216 3584 5260 es

2008 5309 2315 5374 clarissimi,
2371 5307 2471 5363 etsi
2515 5306 2616 5377 ipsi
2672 5320 2777 5360 non
2807 5305 2989 5359 vident
3026 5299 3409 5371 participautes
3451 5313 3585 5352 snas

1605 5425 1860 5483 VARIAE
1900 5419 2303 5483 LECTIONES.

399 5527 419 5558 ’
454 5525 585 5582 BE“
627 5526 837 5579 bonum.

914 5525 933 5555 '
974 5530 1061 5577 aut
1090 5517 1215 5589 quid
1244 5526 1578 5587 corrumpunt
1615 5534 1723 5573 om.
1762 5517 1915 5575 BEH.

1842 5607 2091 5665 NOTAE.

400 5719 435 5748 δ
469 5707 648 5762 Matth.
685 5705 793 5765 νιι.
834 5703 919 5761 l8.

2078 5700 2104 5738 ι’
2143 5695 2163 5751 ι
2192 5694 2315 5748 Cor.
2346 5689 2491 5756 XIV;
2530 5688 2718 5757 l-Iplies.
2752 5683 2815 5739 ιι.
