3978 6160
417 350 559 413 Ηίιΰ

1794 347 2077 410 ῘΟΑΝΝΙΞ
2117 342 2325 406 SCOTI’

2672 322 2751 335 υσο

3550 346 3685 410 HM

409 470 538 525 boni
574 470 949 539 conspectivas
974 470 1222 524 virtutes.
1258 468 1451 538 Itaque
1470 468 1617 537 quod
1657 476 1809 527 sunt.
1851 475 1904 522 ct
1933 483 1997 521 ex
2031 470 2076 527 Α
2105 460 2160 518 Si
2192 473 2371 518 autem
2404 462 2520 519 sine
2566 463 2653 519 his
2704 464 2828 518 dum
2862 464 2952 530 sit,
3002 464 3229 519 materia
3284 448 3579 523 secundum
3628 487 3687 527 se

410 562 621 629 optitno
650 570 774 615 sunt
801 571 855 615 et
892 563 1078 630 optimi
1111 600 1126 625 ,
1156 571 1209 615 et
1245 562 1442 615 bonum
1482 569 1536 614 et
1574 561 1834 630 optimum
1866 575 1997 613 con-

415 654 718 721 cupiscunt,
750 665 891 713 esse,
921 660 973 706 et
1004 651 1202 715 vivere,
1237 660 1291 706 et
1321 650 1624 719 intelligere
1648 651 1995 703 existentium

414 749 731 810 appetentes
764 758 777 793 :
811 749 865 795 et
902 743 1220 811 privatione,
1256 751 1311 795 et
1352 741 1505 811 fuga,
1534 750 1588 795 et
1617 756 1767 804 casu,
1798 754 1996 795 conua-

416 833 679 887 turalibus
735 832 836 885 sibi
891 834 1109 902 optimis
1164 834 1418 891 dicuntur
1468 832 1636 896 tuali,
1697 831 1993 886 secundum

407 921 555 989 quod
601 937 703 973 non
745 933 871 975 sunt
908 940 921 975 :
957 931 1011 976 et
1052 923 1195 991 quod
1238 937 1342 976 non
1387 932 1470 978 est
1511 932 1843 993 appetentes,
1884 938 1997 976 ma-

408 1012 523 1066 .Ium
557 1021 835 1081 appetunt.

483 1101 589 1157 Sed
618 1104 829 1157 animas
858 1105 980 1172 quis
1018 1120 1138 1160 esse
1166 1106 1298 1161 dicit
1330 1106 1532 1161 malas?
1558 1105 1836 1175 Siquidem
1868 1103 1993 1174 quia

402 1193 747 1245 contendunt
792 1194 946 1247 malis
1000 1196 1221 1263 provide
1268 1205 1323 1248 et
1368 1195 1684 1259 salutifere,
1736 1196 1839 1250 hoc
1869 1208 1993 1249 ’non

414 1281 649 1348 malum,
688 1282 779 1336 sed
822 1284 1056 1346 bonum,
1102 1293 1161 1337 et
1200 1299 1265 1338 ex
1310 1285 1470 1350 bono,
1517 1294 1571 1339 et
1618 1283 1814 1339 mal’um
1857 1286 1993 1339 bene

410 1370 665 1425 faciente.
716 1372 771 1426 Si
806 1382 983 1427 autem
1016 1374 1203 1428 vitiari
1245 1374 1456 1429 animas
1499 1374 1747 1446 dicimus,
1795 1374 1848 1429 in
1890 1389 1996 1443 quo

409 1463 694 1527 vitiantur,
728 1464 771 1518 si
806 1479 911 1517 non
942 1464 993 1517 in
1024 1465 1286 1519 bonarum
1324 1466 1698 1519 habitudinum
1729 1474 1783 1519 et
1806 1478 1996 1535 opera-

322 1536 326 1545 ’
411 1553 614 1607 tionum
641 1553 873 1619 defectu,
899 1564 952 1608 et
979 1569 1075 1624 per
1096 1556 1370 1624 propriam
1396 1556 1767 1629 inﬁrmitatem
1800 1556 1998 1624 imper-

409 1642 644 1697 fectione
673 1655 727 1697 et
774 1645 1118 1714 perditione?
1162 1646 1373 1701 Etenim
1413 1657 1467 1702 et
1512 1649 1638 1702 aéra
1668 1649 1813 1701 hunc
1849 1647 1995 1700 circa

411 1751 510 1789 nos
558 1737 838 1793 obscurari
887 1737 1119 1793 dicimus
1166 1737 1376 1792 defectu
1427 1746 1481 1792 et
1517 1739 1763 1794 absentia
1814 1737 1991 1791 lucis:

409 1828 523 1896 ipsa
572 1837 752 1883 autem
821 1828 911 1882 lux
985 1844 1201 1898 semper
1250 1829 1341 1883 lux
1394 1830 1410 1860 ¹
1456 1838 1579 1895 est,
1631 1839 1689 1885 et
1744 1830 1996 1885 tenebras

409 1917 739 1973 illuminans.
770 1917 886 1973 Non
919 1919 1083 1989 igitur
1110 1935 1285 1989 neque
1327 1921 1380 1975 in
1414 1922 1791 1986 daemonibus,
1821 1934 1998 1992 neque

409 2007 462 2061 in
513 2011 668 2063 nobis
698 2009 920 2072 malum,
952 2009 1085 2065 uteie
1126 2013 1361 2077 malum,
1412 2014 1506 2067 sed
1557 2024 1617 2067 ut
1656 2013 1900 2070 defectus
1942 2020 1998 2069 et

414 2100 679 2154 desolatio
718 2101 1058 2169 propriormn
1102 2103 1364 2155 bonorum
1413 2103 1780 2172 perfectionis.

484 2189 590 2243 Sed
638 2205 814 2259 neque
879 2191 934 2246 in
982 2192 1308 2248 animalibus
1348 2195 1368 2224 '
1411 2195 1870 2250 irrationabiiibus
1915 2204 1999 2251 est

411 2281 634 2339 malum.
671 2282 727 2336 Si
762 2283 905 2336 enim
945 2283 1229 2339 interimas
1264 2283 1501 2341 [urorem
1532 2296 1586 2340 et
1610 2288 1997 2357 concupiscen-

409 2376 571 2438 tiam,
620 2384 673 2429 et
714 2376 843 2441 alia,
895 2392 1252 2446 quaecunque
1295 2378 1581 2444 dicuntur,
1615 2388 1669 2434 et
1717 2395 1823 2434 non
1871 2390 1997 2435 sunt

406 2466 724 2536 simpliciter
779 2480 966 2522 eorum
1014 2477 1240 2523 naturae
1287 2470 1428 2523 mala
1470 2460 1736 2542 z'g'rande
1778 2473 1994 2542 quidem

406 2563 461 2607 et
497 2554 645 2609 ferox
678 2556 760 2611 leo
797 2558 1028 2625 pcrdens
1068 2573 1245 2627 neque
1273 2558 1356 2612 leo
1402 2560 1527 2619 erit.
1563 2559 1879 2617 Mansuetus
1901 2579 1998 2615 au-

411 2655 517 2702 tem
547 2650 798 2703 omnibus
825 2648 1001 2705 factus
1026 2652 1201 2715 canis,
1231 2667 1336 2706 non
1365 2654 1470 2707 erit
1507 2656 1677 2709 canis.
1713 2654 1988 2724 Siquidem

410 2741 565 2794 canis
609 2742 877 2809 quoddam
926 2741 1354 2810 custoditivum,
1401 2753 1457 2799 et
1511 2745 1781 2815 quoddam
1832 2747 1993 2803 adve-

412 2831 593 2885 niendi
632 2832 848 2899 quidem
895 2833 1290 2901 domesticum,
1338 2835 1585 2906 abigendi
1637 2851 1763 2893 vero
1811 2848 1994 2894 extra-

413 2934 595 2975 neum.
635 2921 818 2990 Itaque
864 2924 1007 2991 quod
1054 2940 1160 2977 non
1202 2927 1499 2995 corrumpit
1543 2936 1833 2993 naturam,
1883 2943 1991 2983 non

411 3012 645 3082 malum;
671 3014 945 3082 corruptio
1002 3024 1182 3068 autem
1223 3025 1447 3070 naturae
1492 3016 1780 3073 inﬁrmitas
1817 3027 1872 3075 et
1909 3020 2002 3074 de-

410 3103 585 3159 fectus
623 3106 947 3159 naturalium
990 3107 1387 3175 habitudinum,
1416 3116 1472 3163 et
1509 3111 1907 3179 operationum,
1938 3120 1992 3165 et

2099 556 2216 611 sine
2246 556 2603 611 delectatione
2625 564 2708 611 est
2729 565 2785 611 et
2809 556 3077 620 informis,
3108 560 3377 627 quomodo
3404 558 3535 613 facit
3558 562 3690 630 quid

2100 650 2347 713 materia,
2365 664 2506 718 quae
2530 663 2704 718 neque
2722 649 2830 718 pati
2859 657 3034 717 potest
3055 651 3351 704 secundum
3370 666 3430 706 se
3450 653 3654 708 habens
3670 693 3686 719 ,

2100 735 2204 791 Sed
2239 739 2423 808 itaque
2444 739 2717 808 quomodo
2738 741 2963 793 materia
2987 739 3224 794 malum?
3253 741 3522 811 siquidem
3545 745 3688 797 enim

2098 830 2251 885 nihil.
2278 831 2394 885 Non
2421 833 2563 887 enim
2592 843 2675 887 est
2714 848 2889 902 neque
2921 833 3143 897 bonum,
3177 847 3352 903 neque
3374 835 3599 889 malum.
3630 834 3692 891 Si

2096 930 2285 974 autem
2318 921 2588 990 quomodo
2626 921 2913 975 existentia
2941 929 3155 989 oportet
3195 922 3377 976 omnia
3411 938 3476 977 ex
3508 922 3689 991 bono,

2095 1020 2163 1087 et}!
2190 1010 2302 1080 ipsa
2342 1026 2408 1065 ex
2448 1012 2588 1065 bono
2618 1008 2981 1078 relinquitur?
3020 1011 3085 1065 Et
3124 1013 3167 1066 si
3202 1011 3399 1066 bonum
3448 1012 3581 1067 mali
3615 1013 3692 1068 fa-

2095 1098 2333 1165 clivum,
2354 1101 2425 1155 sit
2463 1099 2663 1154 malum
2701 1111 2757 1155 ut
2787 1117 2854 1156 ex
2898 1102 3039 1155 bono
3078 1099 3134 1156 ὃν
3167 1102 3388 1168 bonum,
3439 1112 3534 1157 aut
3576 1119 3691 1158 ma-

2096 1187 2205 1242 lum
2231 1190 2353 1243 boni
2380 1188 2661 1253 factivum,
2692 1191 2763 1243 sit
2790 1199 2844 1244 et
2874 1190 3073 1244 bonum
3098 1199 3157 1243 ut
3183 1205 3251 1244 ex
3290 1189 3435 1245 malo
3464 1191 3688 1247 malum.

2096 1278 2201 1332 Aut
2247 1278 2353 1333 duo
2401 1258 2594 1333 iterum
2638 1279 2902 1350 principia
2930 1319 2947 1345 ,
2989 1289 3045 1334 et
3070 1278 3206 1334 haec
3239 1280 3346 1335 alio
3371 1294 3480 1335 uno
3503 1281 3691 1350 juncta

2068 1369 2317 1454 overtice.
2360 1367 2417 1423 Si
2460 1381 2642 1424 autem
2672 1371 3039 1425 necessarium
3081 1372 3272 1426 dicunt
3301 1372 3585 1425 materiem
3623 1370 3695 1427 ad

2096 1458 2482 1527 plenitudinem
2507 1460 2669 1515 totius
2692 1462 2897 1527 mundi,
2916 1463 3183 1530 quomodo
3204 1466 3433 1518 materia
3460 1463 3692 1518 malum!

2094 1551 2255 1605 Aliud
2309 1553 2453 1606 enim
2512 1554 2734 1620 bonum,
2780 1556 2921 1623 quod
2956 1557 3348 1611 necessarium.
3410 1556 3695 1624 Quomodo

2096 1652 2275 1695 autem
2292 1644 2530 1713 optimus
2548 1660 2615 1698 ex
2632 1644 2773 1699 malo
2785 1645 3277 1715 adducitquaedam
3298 1647 3366 1700 ad
3387 1648 3695 1717 generatio-

2099 1752 2220 1790 nem
2234 1735 2375 1790 ?Aut
2393 1738 2665 1807 quomodo
2686 1737 2883 1792 malum
2900 1739 3105 1808 Optimo
3119 1738 3521 1793 necessarium?
3535 1738 3695 1809 Fugit

2029 1812 2070 1870 Β
2098 1826 2241 1880 enim
2266 1827 2732 1897 optimi'naturam
2758 1826 2983 1883 malum.
3012 1828 3293 1895 Quomodo
3316 1838 3500 1882 autem
3522 1829 3694 1899 gignit

2076 1931 2133 1975 et
2152 1921 2585 1975 nutritnaturam
2606 1920 2833 1973 materia
2857 1918 2998 1972 mala
3016 1918 3291 1973 existens?
3313 1917 3510 1972 Malum
3524 1921 3689 1984 enim,

2096 2011 2390 2066 secundum
2425 2011 2568 2080 quod
2601 2013 2672 2066 sit
2717 2011 2938 2076 malum,
2984 2010 3182 2065 nullius
3226 2020 3313 2065 est
3365 2011 3690 2080 genitivum,

2099 2110 2192 2154 aut
2214 2102 2552 2166 nutritivum,
2576 2111 2669 2155 aut
2689 2103 2912 2156 omnino
2933 2100 3212 2165 factivum,
3234 2110 3327 2154 aut
3344 2101 3684 2181 salvativum.

2098 2191 2153 2247 Si
2173 2203 2350 2247 autem
2367 2191 2633 2257 dicerent,
2651 2195 2821 2263 ipsam
2848 2193 3064 2262 quidem
3093 2208 3198 2247 non
3228 2191 3406 2247 facere
3428 2194 3690 2248 malitiam

2097 2282 2150 2336 in
2176 2283 2460 2337 animabus
2485 2323 2500 2347 ,
2546 2284 2821 2337 attrahere
2846 2298 2976 2337 vero
3020 2297 3112 2337 eas
3137 2322 3152 2343 .
3182 2290 3238 2336 et
3277 2283 3552 2351 quomodo
3589 2283 3692 2336 erit

2098 2375 2201 2429 hoc
2222 2374 2449 2429 verum?
2473 2375 2696 2428 Multum
2728 2374 2870 2429 enim
2900 2389 3055 2428 suum
3083 2373 3135 2427 in
3164 2372 3365 2427 bonum
3395 2371 3687 2442 aspiciunt.

2099 2464 2164 2518 Et
2199 2465 2416 2534 quidem
2444 2465 2713 2534 quomodo
2737 2463 2831 2517 Iiat
2857 2464 2983 2528 hoc,
3007 2462 3231 2516 materia
3268 2463 3493 2516 omnino
3518 2475 3616 2515 eas
3637 2460 3689 2513 in

2097 2555 2294 2608 malum
2316 2554 2661 2609 attrahente?
2682 2553 2865 2623 Itaque
2879 2567 2982 2606 non
3003 2567 3069 2607 ex
3088 2553 3311 2605 materia
3328 2550 3381 2604 in
3408 2549 3691 2604 animabus

2097 2645 2320 2709 malum,
2339 2647 2431 2700 sed
2454 2661 2520 2699 ex
2537 2646 2650 2715 ipso
2666 2645 2883 2700 delicto.
2906 2643 2962 2699 Si
2987 2652 3169 2698 autem
3190 2643 3365 2697 ethoc
3382 2643 3556 2705 aiunt,
3577 2657 3691 2695 ma-

2099 2739 2289 2792 teriam
2322 2738 2631 2792 onmimode
2665 2746 2965 2807 sequuntur
2991 2744 3047 2789 et
3081 2733 3392 2789 necessaria
3422 2732 3693 2787 instabilis

2098 2831 2321 2884 materia
2354 2844 2421 2883 ex
2443 2828 2745 2897 semetipsis
2773 2828 3027 2883 collocari
3059 2843 3165 2882 non
3196 2825 3529 2889 valentibus,
3555 2840 3695 2894 quo-

2099 2918 2258 2973 modo
2286 2918 2484 2972 malmn
2517 2916 2915 2982 necessarium,
2943 2924 3037 2969 aut
3061 2914 3429 2969 necessarium
3452 2912 3694 2971 malum?

2173 3008 2280 3063 Sed
2307 3023 2481 3078 neque
2510 3010 2612 3064 hoc
2650 3009 2793 3079 quod
2828 3007 3059 3063 dicimus
3105 3006 3325 3076 privare
3345 3046 3361 3072 ,
3389 3006 3691 3061 secundum

2102 3103 2356 3155 virtutem
2388 3103 2659 3172 pmpriam
2712 3110 2915 3173 pugnat
2963 3101 3124 3155 bono.
3172 3097 3507 3154 Universalis
3545 3100 3693 3153 enim

1102 3159 1109 3160 ,
1149 3159 1175 3161 ,,
1424 3159 1470 3163 η-
1516 3159 1907 3179 -r---------_--.,
1943 3159 1991 3165 --
2388 3159 2404 3172 .
2490 3159 2501 3171 .
2712 3159 2726 3172 .
2785 3159 2815 3173 υ

411 3196 694 3251 virtutum.
730 3197 794 3249 Et
820 3197 862 3251 si
890 3198 1090 3262 omnia,
1124 3214 1262 3268 quae
1289 3209 1414 3254 sunt
1442 3215 1537 3268 per
1561 3202 1989 3271 generationem,
2018 3159 2071 3222 Ο
2096 3194 2326 3265 privatio
2374 3193 2754 3248 ιιηίνθνδαίίῑεΐ
2806 3195 3078 3263 ίῐηΡοιθηδ
3104 3209 3117 3246 ³
3152 3190 3501 3262 Ρ³Γ¹ί⁶⁵¹¹¹³¹⁵ί⁸
3550 3205 3686 3247 νοω

413 3285 468 3339 in
502 3296 740 3355 tempore
770 3288 971 3341 habent
1011 3289 1527 3345 consummationem
1548 3331 1561 3352 ,
1597 3306 1770 3363 neque
1800 3293 1993 3363 imper-

413 3374 613 3430 fectum
640 3377 859 3431 omnino
886 3387 1072 3431 contra
1102 3394 1316 3432 onmem
1343 3388 1609 3434 naturam.

484 3467 590 3522 Sed
638 3482 814 3538 neque
868 3468 919 3523 in
967 3477 1079 3523 tota
1127 3480 1320 3525 natura
1367 3472 1587 3526 malum.
1630 3471 1687 3528 Si
1718 3475 1863 3529 enim
1891 3492 1997 3532 non

411 3575 602 3615 ournes
630 3560 902 3616 naturales
933 3562 1171 3616 rationes
1201 3571 1391 3617 contra
1434 3564 1812 3620 universaliter
1842 3565 1863 3598 ³
1903 3583 1999 3622 na-

416 3658 620 3714 t‘tram,
652 3650 785 3703 nihil
811 3659 894 3705 est
920 3650 967 3703 ei
993 3652 1324 3705 contrarium
1358 3669 1371 3704 :
1407 3652 1524 3722 ejus
1561 3663 1738 3710 autem
1767 3672 1864 3727 per
1887 3659 1997 3713 sin-

415 3740 561 3810 gula,
599 3741 699 3793 hoc
728 3740 944 3809 quidem
979 3743 1273 3796 secundum
1304 3753 1552 3798 naturam
1578 3747 1713 3813 erit,
1743 3746 1847 3804 hoc
1873 3762 1999 3804 vero

416 3848 522 3886 non
575 3833 867 3885 secundum
923 3820 1193 3887 naturam.
1249 3832 1354 3888 Alii
1409 3833 1553 3889 enim
1610 3835 1755 3892 aliud
1811 3848 1997 3894 centra

418 3934 666 3976 naturam
688 3922 710 3953 ⁸
739 3941 751 3976 :
785 3931 840 3978 et
871 3923 1116 3978 hocinde
1141 3932 1327 3979 contra
1357 3935 1630 3993 naturam,
1658 3937 1718 3982 ut
1743 3930 1947 3986 malitia
1981 3949 1994 3986 :

416 4012 519 4068 hoc
564 4022 752 4068 contra
801 4023 1047 4070 naturam
1095 4017 1327 4085 privatio
1383 4032 1571 4072 eorum
1601 4059 1617 4085 ,
1685 4035 1825 4090 quae
1872 4030 2000 4077 sunt

417 4114 662 4161 naturae.
690 4104 876 4174 Itaque
904 4121 1007 4160 non
1040 4118 1123 4160 est
1154 4104 1290 4160 mala
1320 4120 1512 4164 natura
1537 4151 1552 4175 ,
1583 4111 1675 4165 sed
1712 4112 1813 4166 hoc
1845 4122 1999 4168 natu-

416 4208 508 4248 rae
537 4193 761 4258 malum,
790 4209 897 4247 non
926 4208 1085 4263 posse
1134 4209 1275 4264 quae
1304 4209 1431 4250 sunt
1468 4200 1718 4268 propriae
1750 4210 1977 4256 naturae

413 4284 693 4354 perficere.

490 4374 594 4430 Sed
613 4390 785 4444 neque
811 4376 862 4431 in
878 4375 1194 4446 corporibus
1210 4375 1429 4434 malum.
1446 4375 1564 4435 Vile
1590 4378 1734 4436 enim
1760 4389 1815 4436 et
1844 4381 1995 4437 inﬁr-

2098 3303 2201 3342 non
2241 3289 2534 3343 secundum
2574 3286 2717 3358 quod
2739 3286 3006 3357 privatio,
3052 3285 3215 3340 habet
3245 3284 3499 3339 virtutem
3524 3323 3542 3348 ,
3591 3283 3689 3338 sed

2099 3378 2396 3442 secundum
2425 3380 2568 3448 quod
2604 3394 2709 3433 non
2751 3377 3079 3432 universalis
3110 3385 3194 3431 est
3217 3376 3475 3446 privatio.
3503 3373 3687 3429 Priva-

2102 3470 2245 3526 tione
2261 3473 2404 3525 enim
2425 3469 2545 3525 boui
2561 3468 2874 3540 particulari
2892 3469 3179 3532 existente,
3199 3465 3436 3520 nondum
3451 3464 3683 3518 malum:

2099 3574 2155 3619 et
2190 3562 2354 3627 facta,
2381 3572 2436 3619 et
2465 3562 2591 3617 mali
2624 3571 2819 3617 natura
2841 3559 3023 3630 periit.

2168 3654 2453 3724 Colligenti
2500 3663 2683 3707 autem
2725 3652 3017 3731 dicendum
3061 3669 3073 3704 :
3110 3649 3318 3703 Bonum
3370 3661 3437 3702 ex
3485 3661 3591 3700 una
3632 3654 3687 3699 et

2100 3753 2210 3799 tota
2243 3759 2407 3799 causa
2434 3784 2450 3810 ,
2500 3743 2703 3798 malum
2741 3755 2809 3796 ex
2842 3741 3027 3796 multis
3054 3749 3109 3795 et
3144 3736 3570 3809 particularibus
3596 3735 3690 3790 de-

2099 3835 2354 3892 feetibus.

2144 3912 2286 3982 .Scit
2308 3926 2451 3981 Deus
2474 3923 2699 3990 malum,
2721 3939 2789 3978 an
2808 3923 3012 3979 bonum
3047 3928 3102 3976 et
3129 3919 3270 3990 apud
3296 3918 3475 3988 ipsum
3498 3929 3689 3971 causae

2097 4018 2364 4075 malorum
2404 4019 2632 4071 virtutes
2660 4023 2787 4071 sunt
2813 4013 3113 4070 beneﬁcae.

2170 4108 2229 4165 Si
2266 4108 2467 4163 malum
2494 4118 2795 4171 aeternum,
2827 4115 2881 4160 et
2907 4111 3078 4169 creat,
3105 4111 3159 4158 et
3182 4110 3363 4172 potest
3381 4140 3405 4165 τ
3427 4104 3612 4162 etest,
3633 4103 3689 4151 et

2098 4202 2247 4274 agit:
2273 4202 2415 4256 unde
2435 4201 2484 4256 ei
2517 4201 2650 4255 haec
2673 4200 2695 4253 ?
2725 4199 2831 4253 Aut
2858 4212 2926 4252 ex
2955 4198 3116 4261 bono,
3147 4202 3243 4248 aut
3266 4194 3410 4248 bono
3433 4206 3503 4246 ex
3527 4187 3686 4255 malo,

2098 4302 2192 4347 aut
2216 4293 2478 4347 ambobus
2508 4307 2574 4345 ex
2600 4290 2703 4345 alia
2736 4305 2923 4346 causa.

2168 4382 2343 4440 Omne
2362 4384 2504 4453 quod
2533 4384 2827 4438 secundum
2876 4390 3150 4441 naturam,
3176 4393 3242 4433 ex
3271 4392 3441 4431 causa
3468 4374 3687 4430 deﬁnita

415 4481 562 4520 mum
605 4464 845 4521 defectus
875 4465 1081 4522 formae
1105 4477 1161 4523 et
1186 4469 1417 4539 privatio
1465 4470 1672 4525 ordinis
1702 4490 1715 4525 :
1751 4472 1853 4544 hoc
1900 4488 1996 4527 au-
2027 4501 2076 4562 υ
2100 4475 2372 4547 gignitur:
2405 4476 2451 4529 si
2488 4474 2686 4528 malum
2716 4472 2988 4527 incausale
3027 4480 3083 4526 et
3127 4470 3395 4524 inﬁnitum
3425 4510 3441 4534 ,
3468 4483 3576 4522 non
3610 4480 3692 4520 se-

417 4564 523 4609 tcnt
555 4574 656 4612 non
681 4559 900 4613 omnino
928 4559 1147 4621 malum,
1180 4560 1274 4616 sed
1299 4559 1477 4617 minus
1505 4560 1724 4617 bonum.
1757 4561 1813 4616 Si
1850 4566 1994 4619 enim

415 4646 635 4701 Omttin
665 4648 755 4702 Iiat
795 4648 992 4703 solutio
1024 4651 1170 4716 boni,
1199 4657 1253 4704 et
1291 4649 1520 4717 Iormae,
1552 4653 1778 4718 ordinis,
1803 4652 2002 4724 peribit

418 4743 473 4788 et
508 4737 679 4802 ipsum
725 4753 937 4807 corpus.
980 4739 1114 4806 Quia
1160 4756 1289 4796 vero
1334 4757 1509 4813 neque
1555 4743 1795 4799 malitiae
1833 4760 1998 4799 causa

418 4829 632 4880 a;.imae
655 4843 866 4899 corpus,
897 4831 1099 4887 clarum
1127 4848 1190 4887 ex
1224 4834 1350 4899 hoc,
1375 4836 1631 4904 possibile
1645 4852 1788 4901 esse,
1811 4846 1865 4893 et
1880 4838 1999 4894 sine

414 4933 644 4988 corpore
709 4930 859 4973 extra
924 4922 1221 4977 subsistere
1274 4923 1575 4989 malitiam,
1629 4926 1771 4980 sicut
1830 4936 1885 4981 et
1940 4927 1995 4983 in

414 5009 789 5064 ditt'lllOltibtlS.
823 5009 934 5065 Iloc
953 5012 1096 5066 enim
1117 5025 1171 5069 et
1197 5014 1580 5081 intellectihus,
1603 5025 1657 5071 et
1684 5018 1989 5086 animabus,

413 5108 470 5155 et
516 5103 831 5172 corporibus
866 5103 1063 5157 malum
1091 5144 1106 5171 ,
1148 5106 1476 5163 habitudinis
1522 5110 1861 5180 propriorum
1893 5111 1992 5167 bo-

412 5210 608 5249 norum
638 5193 924 5250 infirmitas
948 5203 1003 5249 et
1043 5211 1221 5250 casus.

485 5286 590 5340 Sed
631 5302 803 5356 neque
841 5286 1065 5341 multum
1102 5266 1401 5343 murmukrat
1426 5290 1478 5344 in
1509 5291 1736 5345 materia
1768 5291 1987 5355 malum,

406 5387 471 5430 ut
509 5378 689 5441 aiunt,
731 5379 1027 5433 secundum
1065 5378 1208 5447 quod
1241 5380 1486 5433 materia.
1519 5380 1729 5434 Etenim
1789 5391 1843 5436 et
1877 5382 1991 5451 ipsa

406 5476 654 5534 ornatus,
679 5481 733 5524 et
754 5468 983 5534 formae,
1008 5480 1062 5525 et
1088 5469 1287 5539 speciei
1314 5469 1472 5525 habet
1498 5471 1988 5541 participationem.

2100 4568 2335 4622 cundum
2362 4576 2635 4620 naturam.
2660 4564 2845 4634 Neque
2869 4564 3015 4618 enim
3046 4562 3099 4616 in
3131 4571 3322 4615 natura
3349 4559 3474 4631 ejus
3500 4568 3686 4614 contra

2100 4666 2370 4718 naturam,
2400 4671 2576 4727 neque
2606 4653 2963 4710 inartiﬁcialia
2988 4652 3039 4706 in
3075 4660 3192 4705 arte
3223 4650 3383 4704 ratio.

2172 4746 2338 4817 Igitur
2363 4747 2542 4799 anima
2581 4744 2846 4798 malorum
2891 4755 3079 4804 causa,
3121 4741 3262 4795 sicut
3306 4740 3452 4810 ignis
3495 4738 3689 4795 calefa-

2100 4840 2275 4896 ciendi
2300 4858 2314 4893 :
2341 4850 2396 4894 et
2423 4838 2625 4903 omnia,
2649 4837 3057 4907 quibuscuuqne
3080 4833 3255 4888 vicina
3280 4832 3452 4886 fuerit
3482 4831 3685 4887 malitia

2102 4928 2292 4998 replet.
2325 4928 2473 4982 Bona
2505 4927 2720 4996 quidem
2766 4926 2978 4978 animae
3007 4933 3199 4976 natura
3230 4939 3247 4975 :
3276 4921 3686 4988 operationibus

2102 5027 2282 5073 autem
2307 5017 2594 5086 aliquando
2640 5016 2855 5085 quidem
2882 5016 2959 5068 sic
3007 5014 3169 5067 habet
3194 5053 3210 5077 ,
3237 5012 3531 5080 aliquando
3558 5026 3686 5064 vero

2107 5109 2206 5165 sic.
2236 5109 2513 5179 Siquidem
2538 5122 2603 5162 ex
2628 5115 2820 5161 natura
2844 5115 3039 5159 etesse
3065 5103 3423 5173 ejusmalum,
3458 5111 3517 5157 et
3544 5102 3685 5155 unde

2098 5204 2146 5259 ei
2164 5200 2320 5257 esse?
2371 5199 2449 5253 Ex
2498 5197 2761 5253 creatrice
2805 5194 3045 5250 omnium
3089 5193 3439 5247 existentium
3480 5190 3684 5260 optima

2099 5306 2285 5346 causa.
2321 5286 2427 5343 Sed
2465 5286 2509 5342 si
2532 5302 2596 5341 ex
2641 5302 2726 5351 ea,
2770 5284 3036 5353 quomodo
3065 5282 3361 5337 secundum
3389 5280 3683 5333 essentiam

2094 5379 2329 5436 malum?
2359 5377 2505 5432 Bona
2537 5378 2679 5431 enim
2711 5375 2892 5430 omnia
2929 5373 3117 5428 eadem
3147 5371 3380 5442 egenita.
3414 5369 3470 5424 Si
3497 5380 3680 5423 autem

2092 5471 2495 5542 operationibus
2523 5507 2539 5535 ,
2581 5467 2625 5521 si
2667 5476 2847 5522 autem
2901 5467 3004 5520 hoc
3052 5477 3158 5517 non
3202 5462 3558 5532 praemissum
3631 5461 3679 5514 si

1714 5585 1970 5642 VARIAE
2008 5583 2412 5644 LECTIONES.

489 5695 504 5774 ξ
536 5695 628 5749 Sic
906 5712 1117 5774 semp”
1142 5696 1195 5750 ἕη
1236 5694 1380 5758 luce.“
1416 5694 1456 5748 Ε
1496 5694 1780 5774 Haesura
1817 5696 1930 5752 luce
1968 5707 2071 5752 est.
2148 5699 2167 5729 ²
2207 5697 2298 5751 Sic
2335 5694 2409 5762 A;
2448 5652 2591 5749 BEII.
2623 5691 2919 5747 animabus.
2976 5690 3017 5774 .'
3052 5689 3142 5744 Sic
3182 5686 3346 5754 BEII;
3390 5689 3413 5733 \
3443 5684 3651 5740 nutu-r-

413 5763 600 5815 salrm.
679 5762 698 5795 ⁸
736 5762 1324 5821 AtiiCItiiit421ntut'aiit
1364 5782 1471 5819 out.
1518 5764 1623 5820 ΒΗ.
