  <div class='ocr_page' id='page_1' title='image "/cluster/home/n/w/nwhite01/storage/ocr_20150623/122/hvd.32044054759840/610.png"; bbox 0 0 3978 6160; ppageno 0'>
   <div class='ocr_carea' id='block_1_1' title="bbox 276 260 423 320">
    <p class='ocr_par' dir='ltr' id='par_1_1' title="bbox 276 260 423 320">
     <span class='ocr_line' id='line_1_1' title="bbox 276 260 423 320; baseline -0.027 0"><span class='ocrx_word' id='word_1_1' title='bbox 276 260 423 320; x_wconf 69' lang='grc' dir='ltr'><strong>Ἦιό</strong></span> 
     </span>
    </p>
   </div>
   <div class='ocr_carea' id='block_1_2' title="bbox 939 251 2919 315">
    <p class='ocr_par' dir='ltr' id='par_1_2' title="bbox 939 251 2919 315">
     <span class='ocr_line' id='line_1_2' title="bbox 939 251 2919 315; baseline 0.002 -4"><span class='ocrx_word' id='word_1_2' title='bbox 939 254 1188 313; x_wconf 77' lang='lat' dir='ltr'><strong>VERSIO</strong></span> <span class='ocrx_word' id='word_1_3' title='bbox 1225 253 1511 311; x_wconf 71' lang='lat' dir='ltr'><strong>OPERUM</strong></span> <span class='ocrx_word' id='word_1_4' title='bbox 1549 255 1607 310; x_wconf 90' lang='lat' dir='ltr'><strong>S.</strong></span> <span class='ocrx_word' id='word_1_5' title='bbox 1643 255 1968 312; x_wconf 70' lang='lat' dir='ltr'><strong>DIONYSII.</strong></span> <span class='ocrx_word' id='word_1_6' title='bbox 2008 251 2076 296; x_wconf 74' lang='lat'><strong>-—°</strong></span> <span class='ocrx_word' id='word_1_7' title='bbox 2116 256 2202 311; x_wconf 79' lang='lat' dir='ltr'><strong>DE</strong></span> <span class='ocrx_word' id='word_1_8' title='bbox 2242 257 2489 313; x_wconf 74' lang='lat' dir='ltr'><strong>DlVlNlS</strong></span> <span class='ocrx_word' id='word_1_9' title='bbox 2530 258 2919 315; x_wconf 72' lang='lat' dir='ltr'><strong>NOMINIBUS.</strong></span> 
     </span>
    </p>
   </div>
   <div class='ocr_carea' id='block_1_3' title="bbox 3407 263 3543 319">
    <p class='ocr_par' dir='ltr' id='par_1_3' title="bbox 3407 263 3543 319">
     <span class='ocr_line' id='line_1_3' title="bbox 3407 263 3543 319; baseline 0.015 -2"><span class='ocrx_word' id='word_1_10' title='bbox 3407 263 3543 319; x_wconf 66' lang='grc'><strong>1140</strong></span> 
     </span>
    </p>
   </div>
   <div class='ocr_carea' id='block_1_4' title="bbox 282 365 3547 443">
    <p class='ocr_par' dir='ltr' id='par_1_4' title="bbox 282 365 3547 443">
     <span class='ocr_line' id='line_1_4' title="bbox 282 365 3547 443; baseline 0.001 -18"><span class='ocrx_word' id='word_1_11' title='bbox 282 381 462 426; x_wconf 84' lang='lat' dir='ltr'><strong>autem</strong></span> <span class='ocrx_word' id='word_1_12' title='bbox 492 407 508 436; x_wconf 88' lang='lat'><strong>,</strong></span> <span class='ocrx_word' id='word_1_13' title='bbox 558 365 819 436; x_wconf 89' lang='lat' dir='ltr'><strong>numquid</strong></span> <span class='ocrx_word' id='word_1_14' title='bbox 869 367 1013 421; x_wconf 89' lang='lat' dir='ltr'><strong>unde</strong></span> <span class='ocrx_word' id='word_1_15' title='bbox 1051 368 1317 422; x_wconf 76' lang='lat' dir='ltr'><strong>virtutes?</strong></span> <span class='ocrx_word' id='word_1_16' title='bbox 1361 366 1629 437; x_wconf 85' lang='lat' dir='ltr'><strong>Numquid</strong></span> <span class='ocrx_word' id='word_1_17' title='bbox 1664 376 1718 423; x_wconf 89' lang='lat' dir='ltr'><strong>et</strong></span> <span class='ocrx_word' id='word_1_18' title='bbox 1745 367 1863 422; x_wconf 91' lang='lat' dir='ltr'><strong>dei-</strong></span> <span class='ocrx_word' id='word_1_19' title='bbox 1890 375 1933 429; x_wconf 89' lang='grc' dir='ltr'>Λ</span> <span class='ocrx_word' id='word_1_20' title='bbox 1969 376 2095 432; x_wconf 89' lang='lat' dir='ltr'><strong>tem,</strong></span> <span class='ocrx_word' id='word_1_21' title='bbox 2149 379 2203 424; x_wconf 91' lang='lat' dir='ltr'><strong>et</strong></span> <span class='ocrx_word' id='word_1_22' title='bbox 2258 371 2473 440; x_wconf 86' lang='lat' dir='ltr'><strong>proprie</strong></span> <span class='ocrx_word' id='word_1_23' title='bbox 2526 371 2818 439; x_wconf 70' lang='lat' dir='ltr'><strong>unicuique</strong></span> <span class='ocrx_word' id='word_1_24' title='bbox 2864 370 3214 427; x_wconf 76' lang='lat' dir='ltr'><strong>existentium</strong></span> <span class='ocrx_word' id='word_1_25' title='bbox 3275 375 3547 443; x_wconf 77' lang='lat' dir='ltr'><strong>providet.</strong></span> 
     </span>
    </p>
   </div>
   <div class='ocr_carea' id='block_1_5' title="bbox 277 456 1862 528">
    <p class='ocr_par' dir='ltr' id='par_1_5' title="bbox 277 456 1862 528">
     <span class='ocr_line' id='line_1_5' title="bbox 277 456 1862 528; baseline -0.004 -11"><span class='ocrx_word' id='word_1_26' title='bbox 277 460 559 517; x_wconf 76' lang='lat' dir='ltr'><strong>lormitale</strong></span> <span class='ocrx_word' id='word_1_27' title='bbox 592 456 709 525; x_wconf 82' lang='lat' dir='ltr'><strong>ejus</strong></span> <span class='ocrx_word' id='word_1_28' title='bbox 750 456 932 512; x_wconf 80' lang='lat' dir='ltr'><strong>facta?</strong></span> <span class='ocrx_word' id='word_1_29' title='bbox 965 457 1307 526; x_wconf 83' lang='lat' dir='ltr'><strong>Relinquitur</strong></span> <span class='ocrx_word' id='word_1_30' title='bbox 1338 471 1466 528; x_wconf 85' lang='lat' dir='ltr'><strong>ergo</strong></span> <span class='ocrx_word' id='word_1_31' title='bbox 1488 497 1503 523; x_wconf 93' lang='lat'><strong>,</strong></span> <span class='ocrx_word' id='word_1_32' title='bbox 1543 457 1740 511; x_wconf 87' lang='lat' dir='ltr'><strong>malum</strong></span> <span class='ocrx_word' id='word_1_33' title='bbox 1777 457 1862 511; x_wconf 86' lang='lat' dir='ltr'><strong>in-</strong></span> 
     </span>
    </p>
   </div>
   <div class='ocr_carea' id='block_1_6' title="bbox 267 547 1199 605">
    <p class='ocr_par' dir='ltr' id='par_1_6' title="bbox 267 547 1199 605">
     <span class='ocr_line' id='line_1_6' title="bbox 267 547 1199 605; baseline -0.005 0"><span class='ocrx_word' id='word_1_34' title='bbox 267 550 512 605; x_wconf 60' lang='lat' dir='ltr'><strong>ﬁrmitas</strong></span> <span class='ocrx_word' id='word_1_35' title='bbox 534 556 590 603; x_wconf 90' lang='lat' dir='ltr'><strong>et</strong></span> <span class='ocrx_word' id='word_1_36' title='bbox 632 547 874 604; x_wconf 74' lang='lat' dir='ltr'><strong>defectus</strong></span> <span class='ocrx_word' id='word_1_37' title='bbox 907 548 1033 603; x_wconf 88' lang='lat' dir='ltr'><strong>boni</strong></span> <span class='ocrx_word' id='word_1_38' title='bbox 1059 564 1199 603; x_wconf 87' lang='lat' dir='ltr'><strong>esse.</strong></span> 
     </span>
    </p>
   </div>
   <div class='ocr_carea' id='block_1_7' title="bbox 1967 459 3549 533">
    <p class='ocr_par' dir='ltr' id='par_1_7' title="bbox 1967 459 3549 533">
     <span class='ocr_line' id='line_1_7' title="bbox 1967 459 3549 533; baseline 0.006 -21"><span class='ocrx_word' id='word_1_39' title='bbox 1967 459 2257 529; x_wconf 76' lang='lat' dir='ltr'><strong>Propterea</strong></span> <span class='ocrx_word' id='word_1_40' title='bbox 2297 472 2349 516; x_wconf 90' lang='lat' dir='ltr'><strong>et</strong></span> <span class='ocrx_word' id='word_1_41' title='bbox 2372 477 2562 516; x_wconf 87' lang='lat' dir='ltr'><strong>vanam</strong></span> <span class='ocrx_word' id='word_1_42' title='bbox 2586 472 2679 516; x_wconf 89' lang='lat' dir='ltr'><strong>aut</strong></span> <span class='ocrx_word' id='word_1_43' title='bbox 2705 464 3096 533; x_wconf 85' lang='lat' dir='ltr'><strong>disceptantem</strong></span> <span class='ocrx_word' id='word_1_44' title='bbox 3126 463 3416 519; x_wconf 90' lang='lat' dir='ltr'><strong>multorum</strong></span> <span class='ocrx_word' id='word_1_45' title='bbox 3441 481 3549 521; x_wconf 91' lang='lat' dir='ltr'><strong>non</strong></span> 
     </span>
    </p>
   </div>
   <div class='ocr_carea' id='block_1_8' title="bbox 1970 553 3553 625">
    <p class='ocr_par' dir='ltr' id='par_1_8' title="bbox 1970 553 3553 625">
     <span class='ocr_line' id='line_1_8' title="bbox 1970 553 3553 625; baseline 0.006 -21"><span class='ocrx_word' id='word_1_46' title='bbox 1970 553 2259 620; x_wconf 87' lang='lat' dir='ltr'><strong>recipimus</strong></span> <span class='ocrx_word' id='word_1_47' title='bbox 2290 557 2575 619; x_wconf 88' lang='lat' dir='ltr'><strong>rationem,</strong></span> <span class='ocrx_word' id='word_1_48' title='bbox 2605 556 2695 625; x_wconf 89' lang='lat' dir='ltr'><strong>qui</strong></span> <span class='ocrx_word' id='word_1_49' title='bbox 2720 565 2972 625; x_wconf 82' lang='lat' dir='ltr'><strong>oportere</strong></span> <span class='ocrx_word' id='word_1_50' title='bbox 2993 555 3143 608; x_wconf 86' lang='lat' dir='ltr'><strong>aiunt</strong></span> <span class='ocrx_word' id='word_1_51' title='bbox 3164 558 3553 624; x_wconf 78' lang='lat' dir='ltr'><strong>providentiam</strong></span> 
     </span>
    </p>
   </div>
   <div class='ocr_carea' id='block_1_9' title="bbox 353 637 3552 717">
    <p class='ocr_par' dir='ltr' id='par_1_9' title="bbox 353 637 3552 717">
     <span class='ocr_line' id='line_1_9' title="bbox 353 637 3552 717; baseline 0.002 -19"><span class='ocrx_word' id='word_1_52' title='bbox 353 637 688 708; x_wconf 77' lang='lat' dir='ltr'><strong>Optimol‘um</strong></span> <span class='ocrx_word' id='word_1_53' title='bbox 717 653 880 693; x_wconf 80' lang='lat' dir='ltr'><strong>causa</strong></span> <span class='ocrx_word' id='word_1_54' title='bbox 905 655 1033 701; x_wconf 74' lang='lat' dir='ltr'><strong>una,</strong></span> <span class='ocrx_word' id='word_1_55' title='bbox 1056 639 1262 707; x_wconf 73' lang='lat' dir='ltr'><strong>optimo</strong></span> <span class='ocrx_word' id='word_1_56' title='bbox 1284 637 1481 692; x_wconf 77' lang='lat' dir='ltr'><strong>malum</strong></span> <span class='ocrx_word' id='word_1_57' title='bbox 1511 639 1863 701; x_wconf 73' lang='lat' dir='ltr'><strong>contrarium.</strong></span> <span class='ocrx_word' id='word_1_58' title='bbox 1889 690 1899 710; x_wconf 88' lang='lat'><strong>,</strong></span> <span class='ocrx_word' id='word_1_59' title='bbox 1966 652 2021 698; x_wconf 89' lang='lat' dir='ltr'><strong>et</strong></span> <span class='ocrx_word' id='word_1_60' title='bbox 2047 643 2243 698; x_wconf 87' lang='lat' dir='ltr'><strong>invitos</strong></span> <span class='ocrx_word' id='word_1_61' title='bbox 2273 660 2370 699; x_wconf 93' lang='lat' dir='ltr'><strong>nos</strong></span> <span class='ocrx_word' id='word_1_62' title='bbox 2402 647 2453 700; x_wconf 93' lang='lat' dir='ltr'><strong>in</strong></span> <span class='ocrx_word' id='word_1_63' title='bbox 2483 647 2732 702; x_wconf 82' lang='lat' dir='ltr'><strong>virtutem</strong></span> <span class='ocrx_word' id='word_1_64' title='bbox 2767 649 2983 702; x_wconf 88' lang='lat' dir='ltr'><strong>ducere.</strong></span> <span class='ocrx_word' id='word_1_65' title='bbox 3017 647 3379 717; x_wconf 89' lang='lat' dir='ltr'><strong>Corrumpere</strong></span> <span class='ocrx_word' id='word_1_66' title='bbox 3408 651 3552 705; x_wconf 88' lang='lat' dir='ltr'><strong>enim</strong></span> 
     </span>
    </p>
   </div>
   <div class='ocr_carea' id='block_1_10' title="bbox 282 726 1870 798">
    <p class='ocr_par' dir='ltr' id='par_1_10' title="bbox 282 726 1870 798">
     <span class='ocr_line' id='line_1_10' title="bbox 282 726 1870 798; baseline -0.002 -14"><span class='ocrx_word' id='word_1_67' title='bbox 282 729 411 784; x_wconf 84' lang='lat' dir='ltr'><strong>mali</strong></span> <span class='ocrx_word' id='word_1_68' title='bbox 425 743 621 784; x_wconf 81' lang='lat' dir='ltr'><strong>causae</strong></span> <span class='ocrx_word' id='word_1_69' title='bbox 640 728 858 783; x_wconf 87' lang='lat' dir='ltr'><strong>multae.</strong></span> <span class='ocrx_word' id='word_1_70' title='bbox 877 728 992 784; x_wconf 86' lang='lat' dir='ltr'><strong>Non</strong></span> <span class='ocrx_word' id='word_1_71' title='bbox 1008 727 1226 798; x_wconf 84' lang='lat' dir='ltr'><strong>quidem</strong></span> <span class='ocrx_word' id='word_1_72' title='bbox 1242 726 1473 781; x_wconf 79' lang='lat' dir='ltr'><strong>factivae</strong></span> <span class='ocrx_word' id='word_1_73' title='bbox 1493 726 1753 781; x_wconf 89' lang='lat' dir='ltr'><strong>malorum</strong></span> <span class='ocrx_word' id='word_1_74' title='bbox 1782 743 1870 781; x_wconf 78' lang='lat' dir='ltr'><strong>ra-</strong></span> 
     </span>
    </p>
   </div>
   <div class='ocr_carea' id='block_1_11' title="bbox 284 815 1869 886">
    <p class='ocr_par' dir='ltr' id='par_1_11' title="bbox 284 815 1869 886">
     <span class='ocr_line' id='line_1_11' title="bbox 284 815 1869 886; baseline -0.002 -14"><span class='ocrx_word' id='word_1_75' title='bbox 284 821 460 875; x_wconf 81' lang='lat' dir='ltr'><strong>tiones</strong></span> <span class='ocrx_word' id='word_1_76' title='bbox 472 819 786 883; x_wconf 78' lang='lat' dir='ltr'><strong>etvirtutes,</strong></span> <span class='ocrx_word' id='word_1_77' title='bbox 803 818 895 873; x_wconf 90' lang='lat' dir='ltr'><strong>sed</strong></span> <span class='ocrx_word' id='word_1_78' title='bbox 918 817 1322 886; x_wconf 89' lang='lat' dir='ltr'><strong>impotentia,et</strong></span> <span class='ocrx_word' id='word_1_79' title='bbox 1345 815 1649 879; x_wconf 87' lang='lat' dir='ltr'><strong>inﬁrmitas,</strong></span> <span class='ocrx_word' id='word_1_80' title='bbox 1664 817 1869 871; x_wconf 76' lang='lat' dir='ltr'><strong>etmix-</strong></span> 
     </span>
    </p>
   </div>
   <div class='ocr_carea' id='block_1_12' title="bbox 272 904 1870 975">
    <p class='ocr_par' dir='ltr' id='par_1_12' title="bbox 272 904 1870 975">
     <span class='ocr_line' id='line_1_12' title="bbox 272 904 1870 975; baseline -0.004 -11"><span class='ocrx_word' id='word_1_81' title='bbox 272 921 412 965; x_wconf 59' lang='lat' dir='ltr'><strong>«tura</strong></span> <span class='ocrx_word' id='word_1_82' title='bbox 446 908 790 964; x_wconf 76' lang='lat' dir='ltr'><strong>dissimilium</strong></span> <span class='ocrx_word' id='word_1_83' title='bbox 832 908 1211 962; x_wconf 88' lang='lat' dir='ltr'><strong>immoderata.</strong></span> <span class='ocrx_word' id='word_1_84' title='bbox 1240 904 1427 975; x_wconf 83' lang='lat' dir='ltr'><strong>Neque</strong></span> <span class='ocrx_word' id='word_1_85' title='bbox 1457 905 1750 960; x_wconf 80' lang='lat' dir='ltr'><strong>immobilia</strong></span> <span class='ocrx_word' id='word_1_86' title='bbox 1773 945 1788 969; x_wconf 94' lang='lat'><strong>,</strong></span> <span class='ocrx_word' id='word_1_87' title='bbox 1816 916 1870 959; x_wconf 89' lang='lat' dir='ltr'><strong>et</strong></span> 
     </span>
    </p>
   </div>
   <div class='ocr_carea' id='block_1_13' title="bbox 270 997 1872 1071">
    <p class='ocr_par' dir='ltr' id='par_1_13' title="bbox 270 997 1872 1071">
     <span class='ocr_line' id='line_1_13' title="bbox 270 997 1872 1071; baseline -0.004 -15"><span class='ocrx_word' id='word_1_88' title='bbox 270 1015 509 1071; x_wconf 55' lang='lat' dir='ltr'><strong>semper</strong></span> <span class='ocrx_word' id='word_1_89' title='bbox 529 1000 690 1055; x_wconf 83' lang='lat' dir='ltr'><strong>sicsic</strong></span> <span class='ocrx_word' id='word_1_90' title='bbox 711 999 959 1054; x_wconf 81' lang='lat' dir='ltr'><strong>habentia</strong></span> <span class='ocrx_word' id='word_1_91' title='bbox 976 1000 1137 1063; x_wconf 88' lang='lat' dir='ltr'><strong>mala,</strong></span> <span class='ocrx_word' id='word_1_92' title='bbox 1165 998 1257 1053; x_wconf 88' lang='lat' dir='ltr'><strong>sed</strong></span> <span class='ocrx_word' id='word_1_93' title='bbox 1281 998 1470 1062; x_wconf 86' lang='lat' dir='ltr'><strong>multa,</strong></span> <span class='ocrx_word' id='word_1_94' title='bbox 1493 1006 1547 1050; x_wconf 92' lang='lat' dir='ltr'><strong>et</strong></span> <span class='ocrx_word' id='word_1_95' title='bbox 1564 997 1794 1059; x_wconf 89' lang='lat' dir='ltr'><strong>inﬁnita,</strong></span> <span class='ocrx_word' id='word_1_96' title='bbox 1816 1005 1872 1052; x_wconf 90' lang='lat' dir='ltr'><strong>et</strong></span> 
     </span>
    </p>
   </div>
   <div class='ocr_carea' id='block_1_14' title="bbox 266 1088 1869 1155">
    <p class='ocr_par' dir='ltr' id='par_1_14' title="bbox 266 1088 1869 1155">
     <span class='ocr_line' id='line_1_14' title="bbox 266 1088 1869 1155; baseline -0.003 -9"><span class='ocrx_word' id='word_1_97' title='bbox 266 1092 337 1146; x_wconf 82' lang='lat' dir='ltr'><strong>in</strong></span> <span class='ocrx_word' id='word_1_98' title='bbox 365 1093 579 1147; x_wconf 86' lang='lat' dir='ltr'><strong>diversa</strong></span> <span class='ocrx_word' id='word_1_99' title='bbox 624 1090 853 1146; x_wconf 81' lang='lat' dir='ltr'><strong>ferentia</strong></span> <span class='ocrx_word' id='word_1_100' title='bbox 874 1129 890 1155; x_wconf 94' lang='lat'><strong>,</strong></span> <span class='ocrx_word' id='word_1_101' title='bbox 919 1099 973 1145; x_wconf 89' lang='lat' dir='ltr'><strong>et</strong></span> <span class='ocrx_word' id='word_1_102' title='bbox 1008 1091 1093 1145; x_wconf 89' lang='lat' dir='ltr'><strong>his</strong></span> <span class='ocrx_word' id='word_1_103' title='bbox 1131 1089 1314 1143; x_wconf 90' lang='lat' dir='ltr'><strong>multis</strong></span> <span class='ocrx_word' id='word_1_104' title='bbox 1342 1090 1594 1143; x_wconf 90' lang='lat' dir='ltr'><strong>omnibus</strong></span> <span class='ocrx_word' id='word_1_105' title='bbox 1615 1098 1669 1142; x_wconf 89' lang='lat' dir='ltr'><strong>et</strong></span> <span class='ocrx_word' id='word_1_106' title='bbox 1697 1088 1869 1143; x_wconf 89' lang='lat' dir='ltr'><strong>malis.</strong></span> 
     </span>
    </p>
   </div>
   <div class='ocr_carea' id='block_1_15' title="bbox 350 1178 1846 1250">
    <p class='ocr_par' dir='ltr' id='par_1_15' title="bbox 350 1178 1846 1250">
     <span class='ocr_line' id='line_1_15' title="bbox 350 1178 1846 1250; baseline -0.002 -16"><span class='ocrx_word' id='word_1_107' title='bbox 350 1180 685 1250; x_wconf 88' lang='lat' dir='ltr'><strong>Principium</strong></span> <span class='ocrx_word' id='word_1_108' title='bbox 715 1189 769 1235; x_wconf 90' lang='lat' dir='ltr'><strong>et</strong></span> <span class='ocrx_word' id='word_1_109' title='bbox 797 1180 920 1234; x_wconf 81' lang='lat' dir='ltr'><strong>ﬁnis</strong></span> <span class='ocrx_word' id='word_1_110' title='bbox 949 1180 1054 1234; x_wconf 90' lang='lat' dir='ltr'><strong>erit</strong></span> <span class='ocrx_word' id='word_1_111' title='bbox 1092 1180 1310 1234; x_wconf 90' lang='lat' dir='ltr'><strong>bonum.</strong></span> <span class='ocrx_word' id='word_1_112' title='bbox 1349 1180 1575 1250; x_wconf 86' lang='lat' dir='ltr'><strong>Propter</strong></span> <span class='ocrx_word' id='word_1_113' title='bbox 1607 1178 1750 1231; x_wconf 92' lang='lat' dir='ltr'><strong>enim</strong></span> <span class='ocrx_word' id='word_1_114' title='bbox 1779 1178 1846 1231; x_wconf 91' lang='lat' dir='ltr'><strong>bo</strong></span> 
     </span>
    </p>
   </div>
   <div class='ocr_carea' id='block_1_16' title="bbox 266 1269 1874 1339">
    <p class='ocr_par' dir='ltr' id='par_1_16' title="bbox 266 1269 1874 1339">
     <span class='ocr_line' id='line_1_16' title="bbox 266 1269 1874 1339; baseline -0.002 -14"><span class='ocrx_word' id='word_1_115' title='bbox 266 1286 414 1325; x_wconf 66' lang='grc' dir='ltr'><strong>⁸ιιιιιιι</strong></span> <span class='ocrx_word' id='word_1_116' title='bbox 434 1272 637 1335; x_wconf 78' lang='lat' dir='ltr'><strong>omnia,</strong></span> <span class='ocrx_word' id='word_1_117' title='bbox 661 1280 717 1325; x_wconf 89' lang='lat' dir='ltr'><strong>et</strong></span> <span class='ocrx_word' id='word_1_118' title='bbox 744 1285 1096 1339; x_wconf 85' lang='lat' dir='ltr'><strong>quaecunque</strong></span> <span class='ocrx_word' id='word_1_119' title='bbox 1115 1273 1409 1325; x_wconf 90' lang='lat' dir='ltr'><strong>contraria.</strong></span> <span class='ocrx_word' id='word_1_120' title='bbox 1428 1271 1636 1325; x_wconf 83' lang='lat' dir='ltr'><strong>Etenim</strong></span> <span class='ocrx_word' id='word_1_121' title='bbox 1659 1278 1715 1323; x_wconf 89' lang='lat' dir='ltr'><strong>et</strong></span> <span class='ocrx_word' id='word_1_122' title='bbox 1739 1269 1874 1322; x_wconf 88' lang='lat' dir='ltr'><strong>haec</strong></span> 
     </span>
    </p>
   </div>
   <div class='ocr_carea' id='block_1_17' title="bbox 280 1360 1875 1431">
    <p class='ocr_par' dir='ltr' id='par_1_17' title="bbox 280 1360 1875 1431">
     <span class='ocr_line' id='line_1_17' title="bbox 280 1360 1875 1431; baseline 0 -18"><span class='ocrx_word' id='word_1_123' title='bbox 280 1361 495 1431; x_wconf 74' lang='lat' dir='ltr'><strong>agimus</strong></span> <span class='ocrx_word' id='word_1_124' title='bbox 530 1361 728 1416; x_wconf 80' lang='lat' dir='ltr'><strong>bonum</strong></span> <span class='ocrx_word' id='word_1_125' title='bbox 764 1360 1151 1415; x_wconf 85' lang='lat' dir='ltr'><strong>desiderantes.</strong></span> <span class='ocrx_word' id='word_1_126' title='bbox 1188 1360 1357 1416; x_wconf 87' lang='lat' dir='ltr'><strong>Nemo</strong></span> <span class='ocrx_word' id='word_1_127' title='bbox 1383 1362 1524 1415; x_wconf 85' lang='lat' dir='ltr'><strong>enim</strong></span> <span class='ocrx_word' id='word_1_128' title='bbox 1566 1360 1761 1413; x_wconf 87' lang='lat' dir='ltr'><strong>malmn</strong></span> <span class='ocrx_word' id='word_1_129' title='bbox 1792 1374 1875 1413; x_wconf 78' lang='lat' dir='ltr'><strong>re-</strong></span> 
     </span>
    </p>
   </div>
   <div class='ocr_carea' id='block_1_18' title="bbox 281 1448 1873 1520">
    <p class='ocr_par' dir='ltr' id='par_1_18' title="bbox 281 1448 1873 1520">
     <span class='ocr_line' id='line_1_18' title="bbox 281 1448 1873 1520; baseline 0 -17"><span class='ocrx_word' id='word_1_130' title='bbox 281 1451 524 1519; x_wconf 87' lang='lat' dir='ltr'><strong>spiciens</strong></span> <span class='ocrx_word' id='word_1_131' title='bbox 554 1450 682 1506; x_wconf 86' lang='lat' dir='ltr'><strong>facit</strong></span> <span class='ocrx_word' id='word_1_132' title='bbox 712 1466 853 1520; x_wconf 86' lang='lat' dir='ltr'><strong>quae</strong></span> <span class='ocrx_word' id='word_1_133' title='bbox 868 1450 1027 1505; x_wconf 66' lang='lat' dir='ltr'><strong>Iacit.</strong></span> <span class='ocrx_word' id='word_1_134' title='bbox 1068 1448 1300 1505; x_wconf 88' lang='lat' dir='ltr'><strong>Proinde</strong></span> <span class='ocrx_word' id='word_1_135' title='bbox 1326 1465 1498 1520; x_wconf 85' lang='lat' dir='ltr'><strong>neque</strong></span> <span class='ocrx_word' id='word_1_136' title='bbox 1518 1450 1873 1505; x_wconf 79' lang='lat' dir='ltr'><strong>substantiam</strong></span> 
     </span>
    </p>
   </div>
   <div class='ocr_carea' id='block_1_19' title="bbox 285 1538 1875 1609">
    <p class='ocr_par' dir='ltr' id='par_1_19' title="bbox 285 1538 1875 1609">
     <span class='ocr_line' id='line_1_19' title="bbox 285 1538 1875 1609; baseline 0.001 -18"><span class='ocrx_word' id='word_1_137' title='bbox 285 1538 452 1593; x_wconf 86' lang='lat' dir='ltr'><strong>habet</strong></span> <span class='ocrx_word' id='word_1_138' title='bbox 479 1539 700 1604; x_wconf 90' lang='lat' dir='ltr'><strong>malum,</strong></span> <span class='ocrx_word' id='word_1_139' title='bbox 751 1539 847 1593; x_wconf 89' lang='lat' dir='ltr'><strong>sed</strong></span> <span class='ocrx_word' id='word_1_140' title='bbox 894 1549 1085 1593; x_wconf 81' lang='lat' dir='ltr'><strong>contra</strong></span> <span class='ocrx_word' id='word_1_141' title='bbox 1113 1539 1491 1605; x_wconf 85' lang='lat' dir='ltr'><strong>substantiam,</strong></span> <span class='ocrx_word' id='word_1_142' title='bbox 1530 1549 1750 1609; x_wconf 82' lang='lat' dir='ltr'><strong>propter</strong></span> <span class='ocrx_word' id='word_1_143' title='bbox 1776 1538 1875 1594; x_wconf 89' lang='lat' dir='ltr'><strong>bo-</strong></span> 
     </span>
    </p>
   </div>
   <div class='ocr_carea' id='block_1_20' title="bbox 284 1626 1097 1691">
    <p class='ocr_par' dir='ltr' id='par_1_20' title="bbox 284 1626 1097 1691">
     <span class='ocr_line' id='line_1_20' title="bbox 284 1626 1097 1691; baseline 0.002 -10"><span class='ocrx_word' id='word_1_144' title='bbox 284 1642 439 1691; x_wconf 87' lang='lat' dir='ltr'><strong>num,</strong></span> <span class='ocrx_word' id='word_1_145' title='bbox 466 1637 523 1685; x_wconf 91' lang='lat' dir='ltr'><strong>et</strong></span> <span class='ocrx_word' id='word_1_146' title='bbox 553 1643 659 1683; x_wconf 89' lang='lat' dir='ltr'><strong>non</strong></span> <span class='ocrx_word' id='word_1_147' title='bbox 690 1643 757 1684; x_wconf 85' lang='lat' dir='ltr'><strong>ex</strong></span> <span class='ocrx_word' id='word_1_148' title='bbox 782 1643 850 1682; x_wconf 90' lang='lat' dir='ltr'><strong>eo</strong></span> <span class='ocrx_word' id='word_1_149' title='bbox 875 1626 1097 1683; x_wconf 77' lang='lat' dir='ltr'><strong>factum.</strong></span> 
     </span>
    </p>
   </div>
   <div class='ocr_carea' id='block_1_21' title="bbox 357 1716 1878 1792">
    <p class='ocr_par' dir='ltr' id='par_1_21' title="bbox 357 1716 1878 1792">
     <span class='ocr_line' id='line_1_21' title="bbox 357 1716 1878 1792; baseline 0.003 -21"><span class='ocrx_word' id='word_1_150' title='bbox 357 1716 495 1773; x_wconf 77' lang='lat' dir='ltr'><strong>Malo</strong></span> <span class='ocrx_word' id='word_1_151' title='bbox 533 1733 654 1774; x_wconf 88' lang='lat' dir='ltr'><strong>esse</strong></span> <span class='ocrx_word' id='word_1_152' title='bbox 693 1719 996 1789; x_wconf 90' lang='lat' dir='ltr'><strong>ponendum</strong></span> <span class='ocrx_word' id='word_1_153' title='bbox 1042 1720 1337 1775; x_wconf 89' lang='lat' dir='ltr'><strong>secundum</strong></span> <span class='ocrx_word' id='word_1_154' title='bbox 1372 1719 1644 1785; x_wconf 85' lang='lat' dir='ltr'><strong>accidens,</strong></span> <span class='ocrx_word' id='word_1_155' title='bbox 1680 1728 1736 1775; x_wconf 89' lang='lat' dir='ltr'><strong>et</strong></span> <span class='ocrx_word' id='word_1_156' title='bbox 1782 1736 1878 1792; x_wconf 89' lang='lat' dir='ltr'><strong>per</strong></span> 
     </span>
    </p>
   </div>
   <div class='ocr_carea' id='block_1_22' title="bbox 268 1806 1877 1881">
    <p class='ocr_par' dir='ltr' id='par_1_22' title="bbox 268 1806 1877 1881">
     <span class='ocr_line' id='line_1_22' title="bbox 268 1806 1877 1881; baseline 0.003 -20"><span class='ocrx_word' id='word_1_157' title='bbox 268 1806 456 1875; x_wconf 73' lang='lat' dir='ltr'><strong>aliud,</strong></span> <span class='ocrx_word' id='word_1_158' title='bbox 493 1817 550 1865; x_wconf 94' lang='lat' dir='ltr'><strong>et</strong></span> <span class='ocrx_word' id='word_1_159' title='bbox 579 1824 684 1864; x_wconf 90' lang='lat' dir='ltr'><strong>non</strong></span> <span class='ocrx_word' id='word_1_160' title='bbox 713 1824 783 1864; x_wconf 88' lang='lat' dir='ltr'><strong>ex</strong></span> <span class='ocrx_word' id='word_1_161' title='bbox 823 1810 1090 1880; x_wconf 89' lang='lat' dir='ltr'><strong>principio</strong></span> <span class='ocrx_word' id='word_1_162' title='bbox 1118 1826 1355 1881; x_wconf 84' lang='lat' dir='ltr'><strong>pr0prto.</strong></span> <span class='ocrx_word' id='word_1_163' title='bbox 1394 1811 1580 1880; x_wconf 79' lang='lat' dir='ltr'><strong>Itaque</strong></span> <span class='ocrx_word' id='word_1_164' title='bbox 1610 1813 1750 1881; x_wconf 89' lang='lat' dir='ltr'><strong>quod</strong></span> <span class='ocrx_word' id='word_1_165' title='bbox 1796 1812 1877 1866; x_wconf 80' lang='lat' dir='ltr'><strong>la-</strong></span> 
     </span>
    </p>
   </div>
   <div class='ocr_carea' id='block_1_23' title="bbox 281 1899 1878 1975">
    <p class='ocr_par' dir='ltr' id='par_1_23' title="bbox 281 1899 1878 1975">
     <span class='ocr_line' id='line_1_23' title="bbox 281 1899 1878 1975; baseline 0.002 -22"><span class='ocrx_word' id='word_1_166' title='bbox 281 1905 463 1960; x_wconf 77' lang='lat' dir='ltr'><strong>etum,</strong></span> <span class='ocrx_word' id='word_1_167' title='bbox 496 1905 705 1975; x_wconf 85' lang='lat' dir='ltr'><strong>rectum</strong></span> <span class='ocrx_word' id='word_1_168' title='bbox 731 1899 948 1967; x_wconf 87' lang='lat' dir='ltr'><strong>quidem</strong></span> <span class='ocrx_word' id='word_1_169' title='bbox 982 1915 1103 1954; x_wconf 88' lang='lat' dir='ltr'><strong>esse</strong></span> <span class='ocrx_word' id='word_1_170' title='bbox 1131 1900 1424 1969; x_wconf 87' lang='lat' dir='ltr'><strong>putandum</strong></span> <span class='ocrx_word' id='word_1_171' title='bbox 1442 1939 1460 1963; x_wconf 91' lang='lat'><strong>,</strong></span> <span class='ocrx_word' id='word_1_172' title='bbox 1488 1901 1611 1969; x_wconf 87' lang='lat' dir='ltr'><strong>quia</strong></span> <span class='ocrx_word' id='word_1_173' title='bbox 1639 1917 1702 1955; x_wconf 83' lang='lat' dir='ltr'><strong>ex</strong></span> <span class='ocrx_word' id='word_1_174' title='bbox 1737 1902 1878 1956; x_wconf 90' lang='lat' dir='ltr'><strong>bono</strong></span> 
     </span>
    </p>
   </div>
   <div class='ocr_carea' id='block_1_24' title="bbox 264 1986 1877 2057">
    <p class='ocr_par' dir='ltr' id='par_1_24' title="bbox 264 1986 1877 2057">
     <span class='ocr_line' id='line_1_24' title="bbox 264 1986 1877 2057; baseline 0.006 -22"><span class='ocrx_word' id='word_1_175' title='bbox 264 2001 409 2042; x_wconf 80' lang='lat' dir='ltr'><strong>.esse</strong></span> <span class='ocrx_word' id='word_1_176' title='bbox 424 1988 758 2056; x_wconf 67' lang='lat' dir='ltr'><strong>putandum,</strong></span> <span class='ocrx_word' id='word_1_177' title='bbox 783 1986 907 2056; x_wconf 90' lang='lat' dir='ltr'><strong>quia</strong></span> <span class='ocrx_word' id='word_1_178' title='bbox 938 1997 1160 2057; x_wconf 85' lang='lat' dir='ltr'><strong>propter</strong></span> <span class='ocrx_word' id='word_1_179' title='bbox 1186 1989 1388 2041; x_wconf 86' lang='lat' dir='ltr'><strong>bonum</strong></span> <span class='ocrx_word' id='word_1_180' title='bbox 1423 1989 1501 2054; x_wconf 91' lang='lat' dir='ltr'><strong>ﬁt,</strong></span> <span class='ocrx_word' id='word_1_181' title='bbox 1531 1991 1757 2045; x_wconf 84' lang='lat' dir='ltr'><strong>veritate</strong></span> <span class='ocrx_word' id='word_1_182' title='bbox 1783 2006 1877 2045; x_wconf 89' lang='lat' dir='ltr'><strong>au-</strong></span> 
     </span>
    </p>
   </div>
   <div class='ocr_carea' id='block_1_25' title="bbox 284 2066 1874 2149">
    <p class='ocr_par' dir='ltr' id='par_1_25' title="bbox 284 2066 1874 2149">
     <span class='ocr_line' id='line_1_25' title="bbox 284 2066 1874 2149; baseline 0.004 -19"><span class='ocrx_word' id='word_1_183' title='bbox 284 2088 401 2130; x_wconf 88' lang='lat' dir='ltr'><strong>tem</strong></span> <span class='ocrx_word' id='word_1_184' title='bbox 434 2091 541 2130; x_wconf 91' lang='lat' dir='ltr'><strong>non</strong></span> <span class='ocrx_word' id='word_1_185' title='bbox 573 2084 780 2131; x_wconf 90' lang='lat' dir='ltr'><strong>rectum</strong></span> <span class='ocrx_word' id='word_1_186' title='bbox 810 2091 947 2133; x_wconf 85' lang='lat' dir='ltr'><strong>esse.</strong></span> <span class='ocrx_word' id='word_1_187' title='bbox 966 2066 1330 2145; x_wconf 80' lang='lat' dir='ltr'><strong>Quamobrem</strong></span> <span class='ocrx_word' id='word_1_188' title='bbox 1356 2080 1623 2149; x_wconf 89' lang='lat' dir='ltr'><strong>quodnon</strong></span> <span class='ocrx_word' id='word_1_189' title='bbox 1654 2081 1874 2149; x_wconf 86' lang='lat' dir='ltr'><strong>bonum,</strong></span> 
     </span>
    </p>
   </div>
   <div class='ocr_carea' id='block_1_26' title="bbox 283 2164 1357 2219">
    <p class='ocr_par' dir='ltr' id='par_1_26' title="bbox 283 2164 1357 2219">
     <span class='ocr_line' id='line_1_26' title="bbox 283 2164 1357 2219; baseline 0.001 0"><span class='ocrx_word' id='word_1_190' title='bbox 283 2167 488 2219; x_wconf 88' lang='lat' dir='ltr'><strong>bonum</strong></span> <span class='ocrx_word' id='word_1_191' title='bbox 517 2164 870 2219; x_wconf 88' lang='lat' dir='ltr'><strong>arbitramur.</strong></span> <span class='ocrx_word' id='word_1_192' title='bbox 1323 2168 1357 2201; x_wconf 76' lang='grc'><strong><em>⁸</em></strong></span> 
     </span>
    </p>
   </div>
   <div class='ocr_carea' id='block_1_27' title="bbox 363 2253 1876 2325">
    <p class='ocr_par' dir='ltr' id='par_1_27' title="bbox 363 2253 1876 2325">
     <span class='ocr_line' id='line_1_27' title="bbox 363 2253 1876 2325; baseline 0.003 -16"><span class='ocrx_word' id='word_1_193' title='bbox 363 2253 683 2309; x_wconf 90' lang='lat' dir='ltr'><strong>Ostenditur</strong></span> <span class='ocrx_word' id='word_1_194' title='bbox 720 2254 867 2310; x_wconf 88' lang='lat' dir='ltr'><strong>aliud</strong></span> <span class='ocrx_word' id='word_1_195' title='bbox 894 2255 910 2287; x_wconf 86' lang='grc'>¹</span> <span class='ocrx_word' id='word_1_196' title='bbox 939 2256 1379 2325; x_wconf 89' lang='lat' dir='ltr'><strong>concupiscibile,</strong></span> <span class='ocrx_word' id='word_1_197' title='bbox 1404 2266 1460 2312; x_wconf 93' lang='lat' dir='ltr'><strong>et</strong></span> <span class='ocrx_word' id='word_1_198' title='bbox 1487 2257 1631 2313; x_wconf 86' lang='lat' dir='ltr'><strong>aliud</strong></span> <span class='ocrx_word' id='word_1_199' title='bbox 1657 2257 1876 2314; x_wconf 78' lang='lat' dir='ltr'><strong>facturn.</strong></span> 
     </span>
    </p>
   </div>
   <div class='ocr_carea' id='block_1_28' title="bbox 285 2343 1877 2416">
    <p class='ocr_par' dir='ltr' id='par_1_28' title="bbox 285 2343 1877 2416">
     <span class='ocr_line' id='line_1_28' title="bbox 285 2343 1877 2416; baseline 0.004 -18"><span class='ocrx_word' id='word_1_200' title='bbox 285 2343 411 2399; x_wconf 83' lang='lat' dir='ltr'><strong>Non</strong></span> <span class='ocrx_word' id='word_1_201' title='bbox 441 2346 607 2414; x_wconf 83' lang='lat' dir='ltr'><strong>igitur</strong></span> <span class='ocrx_word' id='word_1_202' title='bbox 640 2344 841 2399; x_wconf 89' lang='lat' dir='ltr'><strong>malum</strong></span> <span class='ocrx_word' id='word_1_203' title='bbox 873 2354 955 2401; x_wconf 91' lang='lat' dir='ltr'><strong>est</strong></span> <span class='ocrx_word' id='word_1_204' title='bbox 980 2361 1049 2400; x_wconf 81' lang='lat' dir='ltr'><strong>ex</strong></span> <span class='ocrx_word' id='word_1_205' title='bbox 1076 2347 1197 2411; x_wconf 80' lang='lat' dir='ltr'><strong>via,</strong></span> <span class='ocrx_word' id='word_1_206' title='bbox 1224 2362 1398 2416; x_wconf 90' lang='lat' dir='ltr'><strong>neque</strong></span> <span class='ocrx_word' id='word_1_207' title='bbox 1424 2358 1504 2403; x_wconf 88' lang='lat' dir='ltr'><strong>est</strong></span> <span class='ocrx_word' id='word_1_208' title='bbox 1551 2363 1618 2402; x_wconf 84' lang='lat' dir='ltr'><strong>ex</strong></span> <span class='ocrx_word' id='word_1_209' title='bbox 1648 2349 1877 2416; x_wconf 87' lang='lat' dir='ltr'><strong>visione,</strong></span> 
     </span>
    </p>
   </div>
   <div class='ocr_carea' id='block_1_29' title="bbox 285 2445 1883 2511">
    <p class='ocr_par' dir='ltr' id='par_1_29' title="bbox 285 2445 1883 2511">
     <span class='ocr_line' id='line_1_29' title="bbox 285 2445 1883 2511; baseline 0.003 -19"><span class='ocrx_word' id='word_1_210' title='bbox 285 2451 468 2507; x_wconf 85' lang='lat' dir='ltr'><strong>neque</strong></span> <span class='ocrx_word' id='word_1_211' title='bbox 495 2446 661 2493; x_wconf 81' lang='lat' dir='ltr'><strong>estex</strong></span> <span class='ocrx_word' id='word_1_212' title='bbox 692 2445 916 2503; x_wconf 89' lang='lat' dir='ltr'><strong>natura,</strong></span> <span class='ocrx_word' id='word_1_213' title='bbox 945 2452 1121 2509; x_wconf 89' lang='lat' dir='ltr'><strong>neque</strong></span> <span class='ocrx_word' id='word_1_214' title='bbox 1153 2448 1234 2495; x_wconf 88' lang='lat' dir='ltr'><strong>est</strong></span> <span class='ocrx_word' id='word_1_215' title='bbox 1266 2454 1334 2494; x_wconf 84' lang='lat' dir='ltr'><strong>ex</strong></span> <span class='ocrx_word' id='word_1_216' title='bbox 1376 2455 1540 2495; x_wconf 88' lang='lat' dir='ltr'><strong>causa</strong></span> <span class='ocrx_word' id='word_1_217' title='bbox 1560 2481 1575 2505; x_wconf 93' lang='lat'><strong>,</strong></span> <span class='ocrx_word' id='word_1_218' title='bbox 1599 2456 1773 2511; x_wconf 89' lang='lat' dir='ltr'><strong>neque</strong></span> <span class='ocrx_word' id='word_1_219' title='bbox 1799 2451 1883 2497; x_wconf 84' lang='lat' dir='ltr'><strong>est</strong></span> 
     </span>
    </p>
   </div>
   <div class='ocr_carea' id='block_1_30' title="bbox 285 2528 1885 2601">
    <p class='ocr_par' dir='ltr' id='par_1_30' title="bbox 285 2528 1885 2601">
     <span class='ocr_line' id='line_1_30' title="bbox 285 2528 1885 2601; baseline 0.003 -18"><span class='ocrx_word' id='word_1_220' title='bbox 285 2544 360 2583; x_wconf 81' lang='lat' dir='ltr'><strong>ex</strong></span> <span class='ocrx_word' id='word_1_221' title='bbox 384 2528 682 2598; x_wconf 87' lang='lat' dir='ltr'><strong>principio,</strong></span> <span class='ocrx_word' id='word_1_222' title='bbox 720 2543 895 2597; x_wconf 90' lang='lat' dir='ltr'><strong>neque</strong></span> <span class='ocrx_word' id='word_1_223' title='bbox 926 2538 1012 2584; x_wconf 91' lang='lat' dir='ltr'><strong>est</strong></span> <span class='ocrx_word' id='word_1_224' title='bbox 1036 2545 1100 2584; x_wconf 87' lang='lat' dir='ltr'><strong>ex</strong></span> <span class='ocrx_word' id='word_1_225' title='bbox 1137 2529 1242 2583; x_wconf 91' lang='lat' dir='ltr'><strong>ﬁne</strong></span> <span class='ocrx_word' id='word_1_226' title='bbox 1269 2570 1284 2596; x_wconf 93' lang='lat'><strong>,</strong></span> <span class='ocrx_word' id='word_1_227' title='bbox 1334 2545 1510 2601; x_wconf 87' lang='lat' dir='ltr'><strong>neque</strong></span> <span class='ocrx_word' id='word_1_228' title='bbox 1545 2541 1629 2586; x_wconf 88' lang='lat' dir='ltr'><strong>est</strong></span> <span class='ocrx_word' id='word_1_229' title='bbox 1668 2547 1733 2586; x_wconf 85' lang='lat' dir='ltr'><strong>ex</strong></span> <span class='ocrx_word' id='word_1_230' title='bbox 1773 2542 1885 2588; x_wconf 88' lang='lat' dir='ltr'><strong>ter-</strong></span> 
     </span>
    </p>
   </div>
   <div class='ocr_carea' id='block_1_31' title="bbox 287 2620 1880 2690">
    <p class='ocr_par' dir='ltr' id='par_1_31' title="bbox 287 2620 1880 2690">
     <span class='ocr_line' id='line_1_31' title="bbox 287 2620 1880 2690; baseline 0.002 -18"><span class='ocrx_word' id='word_1_231' title='bbox 287 2620 442 2674; x_wconf 86' lang='lat' dir='ltr'><strong>mino</strong></span> <span class='ocrx_word' id='word_1_232' title='bbox 472 2622 516 2684; x_wconf 66' lang='lat'><strong>”,</strong></span> <span class='ocrx_word' id='word_1_233' title='bbox 556 2633 731 2689; x_wconf 85' lang='lat' dir='ltr'><strong>neque</strong></span> <span class='ocrx_word' id='word_1_234' title='bbox 754 2627 839 2674; x_wconf 91' lang='lat' dir='ltr'><strong>est</strong></span> <span class='ocrx_word' id='word_1_235' title='bbox 861 2633 929 2674; x_wconf 83' lang='lat' dir='ltr'><strong>ex</strong></span> <span class='ocrx_word' id='word_1_236' title='bbox 954 2620 1198 2684; x_wconf 89' lang='lat' dir='ltr'><strong>consilio,</strong></span> <span class='ocrx_word' id='word_1_237' title='bbox 1221 2635 1397 2690; x_wconf 90' lang='lat' dir='ltr'><strong>neque</strong></span> <span class='ocrx_word' id='word_1_238' title='bbox 1420 2629 1504 2675; x_wconf 91' lang='lat' dir='ltr'><strong>est</strong></span> <span class='ocrx_word' id='word_1_239' title='bbox 1533 2637 1601 2677; x_wconf 87' lang='lat' dir='ltr'><strong>ex</strong></span> <span class='ocrx_word' id='word_1_240' title='bbox 1626 2622 1880 2678; x_wconf 87' lang='lat' dir='ltr'><strong>substan-</strong></span> 
     </span>
    </p>
   </div>
   <div class='ocr_carea' id='block_1_32' title="bbox 290 2708 1881 2779">
    <p class='ocr_par' dir='ltr' id='par_1_32' title="bbox 290 2708 1881 2779">
     <span class='ocr_line' id='line_1_32' title="bbox 290 2708 1881 2779; baseline 0.001 -16"><span class='ocrx_word' id='word_1_241' title='bbox 290 2711 389 2763; x_wconf 89' lang='lat' dir='ltr'><strong>tia.</strong></span> <span class='ocrx_word' id='word_1_242' title='bbox 418 2708 658 2772; x_wconf 76' lang='lat' dir='ltr'><strong>Privatio</strong></span> <span class='ocrx_word' id='word_1_243' title='bbox 688 2709 852 2779; x_wconf 82' lang='lat' dir='ltr'><strong>igitur</strong></span> <span class='ocrx_word' id='word_1_244' title='bbox 881 2717 964 2763; x_wconf 90' lang='lat' dir='ltr'><strong>est</strong></span> <span class='ocrx_word' id='word_1_245' title='bbox 1000 2708 1221 2774; x_wconf 88' lang='lat' dir='ltr'><strong>malum,</strong></span> <span class='ocrx_word' id='word_1_246' title='bbox 1260 2718 1316 2764; x_wconf 90' lang='lat' dir='ltr'><strong>et</strong></span> <span class='ocrx_word' id='word_1_247' title='bbox 1349 2709 1610 2775; x_wconf 79' lang='lat' dir='ltr'><strong>defectus,</strong></span> <span class='ocrx_word' id='word_1_248' title='bbox 1647 2720 1702 2766; x_wconf 89' lang='lat' dir='ltr'><strong>et</strong></span> <span class='ocrx_word' id='word_1_249' title='bbox 1727 2711 1881 2765; x_wconf 85' lang='lat' dir='ltr'><strong>inﬁr—</strong></span> 
     </span>
    </p>
   </div>
   <div class='ocr_carea' id='block_1_33' title="bbox 290 2799 1885 2871">
    <p class='ocr_par' dir='ltr' id='par_1_33' title="bbox 290 2799 1885 2871">
     <span class='ocr_line' id='line_1_33' title="bbox 290 2799 1885 2871; baseline 0 -16"><span class='ocrx_word' id='word_1_250' title='bbox 290 2800 481 2864; x_wconf 88' lang='lat' dir='ltr'><strong>mitas,</strong></span> <span class='ocrx_word' id='word_1_251' title='bbox 527 2808 582 2853; x_wconf 91' lang='lat' dir='ltr'><strong>et</strong></span> <span class='ocrx_word' id='word_1_252' title='bbox 626 2799 1066 2864; x_wconf 89' lang='lat' dir='ltr'><strong>immoderantia,</strong></span> <span class='ocrx_word' id='word_1_253' title='bbox 1097 2808 1149 2852; x_wconf 85' lang='lat' dir='ltr'><strong>et</strong></span> <span class='ocrx_word' id='word_1_254' title='bbox 1179 2807 1480 2869; x_wconf 88' lang='lat' dir='ltr'><strong>peccatum,</strong></span> <span class='ocrx_word' id='word_1_255' title='bbox 1527 2810 1582 2856; x_wconf 90' lang='lat' dir='ltr'><strong>et</strong></span> <span class='ocrx_word' id='word_1_256' title='bbox 1617 2801 1885 2871; x_wconf 90' lang='lat' dir='ltr'><strong>inconspi-</strong></span> 
     </span>
    </p>
   </div>
   <div class='ocr_carea' id='block_1_34' title="bbox 289 2887 1882 2963">
    <p class='ocr_par' dir='ltr' id='par_1_34' title="bbox 289 2887 1882 2963">
     <span class='ocr_line' id='line_1_34' title="bbox 289 2887 1882 2963; baseline 0.001 -19"><span class='ocrx_word' id='word_1_257' title='bbox 289 2904 485 2951; x_wconf 89' lang='lat' dir='ltr'><strong>cuum,</strong></span> <span class='ocrx_word' id='word_1_258' title='bbox 511 2896 565 2942; x_wconf 88' lang='lat' dir='ltr'><strong>et</strong></span> <span class='ocrx_word' id='word_1_259' title='bbox 594 2887 845 2952; x_wconf 80' lang='lat' dir='ltr'><strong>informe,</strong></span> <span class='ocrx_word' id='word_1_260' title='bbox 878 2896 933 2941; x_wconf 86' lang='lat' dir='ltr'><strong>et</strong></span> <span class='ocrx_word' id='word_1_261' title='bbox 960 2903 1065 2942; x_wconf 86' lang='lat' dir='ltr'><strong>non</strong></span> <span class='ocrx_word' id='word_1_262' title='bbox 1096 2888 1301 2954; x_wconf 82' lang='lat' dir='ltr'><strong>vivens,</strong></span> <span class='ocrx_word' id='word_1_263' title='bbox 1328 2898 1386 2944; x_wconf 87' lang='lat' dir='ltr'><strong>et</strong></span> <span class='ocrx_word' id='word_1_264' title='bbox 1422 2906 1527 2945; x_wconf 92' lang='lat' dir='ltr'><strong>non</strong></span> <span class='ocrx_word' id='word_1_265' title='bbox 1556 2890 1882 2963; x_wconf 75' lang='lat' dir='ltr'><strong>intelligens,</strong></span> 
     </span>
    </p>
   </div>
   <div class='ocr_carea' id='block_1_35' title="bbox 291 2976 1885 3047">
    <p class='ocr_par' dir='ltr' id='par_1_35' title="bbox 291 2976 1885 3047">
     <span class='ocr_line' id='line_1_35' title="bbox 291 2976 1885 3047; baseline 0 -13"><span class='ocrx_word' id='word_1_266' title='bbox 291 2988 352 3034; x_wconf 89' lang='lat' dir='ltr'><strong>et</strong></span> <span class='ocrx_word' id='word_1_267' title='bbox 391 2977 735 3042; x_wconf 86' lang='lat' dir='ltr'><strong>irrationale,</strong></span> <span class='ocrx_word' id='word_1_268' title='bbox 772 2989 825 3033; x_wconf 91' lang='lat' dir='ltr'><strong>et</strong></span> <span class='ocrx_word' id='word_1_269' title='bbox 866 2976 1270 3047; x_wconf 81' lang='lat' dir='ltr'><strong>imperfectum,</strong></span> <span class='ocrx_word' id='word_1_270' title='bbox 1298 2987 1353 3034; x_wconf 90' lang='lat' dir='ltr'><strong>et</strong></span> <span class='ocrx_word' id='word_1_271' title='bbox 1389 2979 1761 3036; x_wconf 85' lang='lat' dir='ltr'><strong>ineollocatum</strong></span> <span class='ocrx_word' id='word_1_272' title='bbox 1785 3021 1801 3047; x_wconf 91' lang='lat'><strong>,</strong></span> <span class='ocrx_word' id='word_1_273' title='bbox 1828 2989 1885 3035; x_wconf 89' lang='lat' dir='ltr'><strong>et</strong></span> 
     </span>
    </p>
   </div>
   <div class='ocr_carea' id='block_1_36' title="bbox 1969 735 3559 807">
    <p class='ocr_par' dir='ltr' id='par_1_36' title="bbox 1969 735 3559 807">
     <span class='ocr_line' id='line_1_36' title="bbox 1969 735 3559 807; baseline 0.004 -22"><span class='ocrx_word' id='word_1_274' title='bbox 1969 741 2241 797; x_wconf 87' lang='lat' dir='ltr'><strong>naturam,</strong></span> <span class='ocrx_word' id='word_1_275' title='bbox 2276 751 2381 788; x_wconf 93' lang='lat' dir='ltr'><strong>non</strong></span> <span class='ocrx_word' id='word_1_276' title='bbox 2409 745 2489 789; x_wconf 88' lang='lat' dir='ltr'><strong>est</strong></span> <span class='ocrx_word' id='word_1_277' title='bbox 2510 737 2898 807; x_wconf 63' lang='lat' dir='ltr'><strong>providentiae.</strong></span> <span class='ocrx_word' id='word_1_278' title='bbox 2917 735 3070 791; x_wconf 88' lang='lat' dir='ltr'><strong>Unde</strong></span> <span class='ocrx_word' id='word_1_279' title='bbox 3096 748 3154 790; x_wconf 90' lang='lat' dir='ltr'><strong>ut</strong></span> <span class='ocrx_word' id='word_1_280' title='bbox 3173 737 3196 767; x_wconf 86' lang='grc'><strong><em>³</em></strong></span> <span class='ocrx_word' id='word_1_281' title='bbox 3219 736 3559 805; x_wconf 84' lang='lat' dir='ltr'><strong>providentia</strong></span> 
     </span>
    </p>
   </div>
   <div class='ocr_carea' id='block_1_37' title="bbox 1971 821 3559 894">
    <p class='ocr_par' dir='ltr' id='par_1_37' title="bbox 1971 821 3559 894">
     <span class='ocr_line' id='line_1_37' title="bbox 1971 821 3559 894; baseline 0.004 -21"><span class='ocrx_word' id='word_1_282' title='bbox 1971 821 2393 893; x_wconf 84' lang='lat' dir='ltr'><strong>uniuscujusque</strong></span> <span class='ocrx_word' id='word_1_283' title='bbox 2442 834 2664 879; x_wconf 89' lang='lat' dir='ltr'><strong>naturae</strong></span> <span class='ocrx_word' id='word_1_284' title='bbox 2722 824 2977 879; x_wconf 87' lang='lat' dir='ltr'><strong>salvatrix</strong></span> <span class='ocrx_word' id='word_1_285' title='bbox 3022 840 3117 894; x_wconf 88' lang='lat' dir='ltr'><strong>per</strong></span> <span class='ocrx_word' id='word_1_286' title='bbox 3152 826 3358 894; x_wconf 89' lang='lat' dir='ltr'><strong>seipsos</strong></span> <span class='ocrx_word' id='word_1_287' title='bbox 3389 834 3559 879; x_wconf 90' lang='lat' dir='ltr'><strong>moto—</strong></span> 
     </span>
    </p>
   </div>
   <div class='ocr_carea' id='block_1_38' title="bbox 1973 913 3561 983">
    <p class='ocr_par' dir='ltr' id='par_1_38' title="bbox 1973 913 3561 983">
     <span class='ocr_line' id='line_1_38' title="bbox 1973 913 3561 983; baseline 0.003 -21"><span class='ocrx_word' id='word_1_288' title='bbox 1973 925 2111 974; x_wconf 85' lang='lat' dir='ltr'><strong>rum,</strong></span> <span class='ocrx_word' id='word_1_289' title='bbox 2147 921 2202 965; x_wconf 92' lang='lat' dir='ltr'><strong>ut</strong></span> <span class='ocrx_word' id='word_1_290' title='bbox 2230 927 2326 981; x_wconf 87' lang='lat' dir='ltr'><strong>per</strong></span> <span class='ocrx_word' id='word_1_291' title='bbox 2351 913 2560 983; x_wconf 91' lang='lat' dir='ltr'><strong>seipsos</strong></span> <span class='ocrx_word' id='word_1_292' title='bbox 2588 924 2877 980; x_wconf 90' lang='lat' dir='ltr'><strong>motorum,</strong></span> <span class='ocrx_word' id='word_1_293' title='bbox 2905 915 3169 983; x_wconf 73' lang='lat' dir='ltr'><strong>providet,</strong></span> <span class='ocrx_word' id='word_1_294' title='bbox 3194 924 3250 970; x_wconf 90' lang='lat' dir='ltr'><strong>et</strong></span> <span class='ocrx_word' id='word_1_295' title='bbox 3272 916 3475 981; x_wconf 88' lang='lat' dir='ltr'><strong>omnia,</strong></span> <span class='ocrx_word' id='word_1_296' title='bbox 3501 920 3561 971; x_wconf 89' lang='lat' dir='ltr'><strong>et</strong></span> 
     </span>
    </p>
   </div>
   <div class='ocr_carea' id='block_1_39' title="bbox 1970 1000 3556 1072">
    <p class='ocr_par' dir='ltr' id='par_1_39' title="bbox 1970 1000 3556 1072">
     <span class='ocr_line' id='line_1_39' title="bbox 1970 1000 3556 1072; baseline 0.004 -22"><span class='ocrx_word' id='word_1_297' title='bbox 1970 1010 2033 1050; x_wconf 90' lang='lat' dir='ltr'><strong>ea</strong></span> <span class='ocrx_word' id='word_1_298' title='bbox 2058 1014 2156 1068; x_wconf 90' lang='lat' dir='ltr'><strong>per</strong></span> <span class='ocrx_word' id='word_1_299' title='bbox 2176 1000 2409 1070; x_wconf 78' lang='lat' dir='ltr'><strong>singula,</strong></span> <span class='ocrx_word' id='word_1_300' title='bbox 2426 1001 2674 1057; x_wconf 89' lang='lat' dir='ltr'><strong>similiter</strong></span> <span class='ocrx_word' id='word_1_301' title='bbox 2697 1002 2949 1057; x_wconf 87' lang='lat' dir='ltr'><strong>universo</strong></span> <span class='ocrx_word' id='word_1_302' title='bbox 2971 1014 3026 1056; x_wconf 91' lang='lat' dir='ltr'><strong>et</strong></span> <span class='ocrx_word' id='word_1_303' title='bbox 3047 1004 3356 1072; x_wconf 83' lang='lat' dir='ltr'><strong>unicuique,</strong></span> <span class='ocrx_word' id='word_1_304' title='bbox 3380 1019 3556 1072; x_wconf 87' lang='lat' dir='ltr'><strong>quan-</strong></span> 
     </span>
    </p>
   </div>
   <div class='ocr_carea' id='block_1_40' title="bbox 1974 1092 3561 1164">
    <p class='ocr_par' dir='ltr' id='par_1_40' title="bbox 1974 1092 3561 1164">
     <span class='ocr_line' id='line_1_40' title="bbox 1974 1092 3561 1164; baseline 0.004 -22"><span class='ocrx_word' id='word_1_305' title='bbox 1974 1098 2088 1144; x_wconf 89' lang='lat' dir='ltr'><strong>tum</strong></span> <span class='ocrx_word' id='word_1_306' title='bbox 2120 1092 2451 1160; x_wconf 82' lang='lat' dir='ltr'><strong>provisorum</strong></span> <span class='ocrx_word' id='word_1_307' title='bbox 2486 1102 2675 1155; x_wconf 85' lang='lat' dir='ltr'><strong>natura</strong></span> <span class='ocrx_word' id='word_1_308' title='bbox 2711 1094 2900 1163; x_wconf 89' lang='lat' dir='ltr'><strong>recipit</strong></span> <span class='ocrx_word' id='word_1_309' title='bbox 2944 1095 3109 1148; x_wconf 86' lang='lat' dir='ltr'><strong>totius</strong></span> <span class='ocrx_word' id='word_1_310' title='bbox 3135 1104 3189 1148; x_wconf 91' lang='lat' dir='ltr'><strong>et</strong></span> <span class='ocrx_word' id='word_1_311' title='bbox 3219 1094 3561 1164; x_wconf 80' lang='lat' dir='ltr'><strong>largissimae</strong></span> 
     </span>
    </p>
   </div>
   <div class='ocr_carea' id='block_1_41' title="bbox 1971 1181 3563 1256">
    <p class='ocr_par' dir='ltr' id='par_1_41' title="bbox 1971 1181 3563 1256">
     <span class='ocr_line' id='line_1_41' title="bbox 1971 1181 3563 1256; baseline 0.006 -25"><span class='ocrx_word' id='word_1_312' title='bbox 1971 1181 2342 1249; x_wconf 89' lang='lat' dir='ltr'><strong>providentiae</strong></span> <span class='ocrx_word' id='word_1_313' title='bbox 2376 1182 2550 1237; x_wconf 90' lang='lat' dir='ltr'><strong>editas</strong></span> <span class='ocrx_word' id='word_1_314' title='bbox 2591 1184 3067 1254; x_wconf 87' lang='lat' dir='ltr'><strong>proportionaliter</strong></span> <span class='ocrx_word' id='word_1_315' title='bbox 3108 1186 3399 1254; x_wconf 89' lang='lat' dir='ltr'><strong>unicuique</strong></span> <span class='ocrx_word' id='word_1_316' title='bbox 3435 1201 3563 1256; x_wconf 90' lang='lat' dir='ltr'><strong>pro-</strong></span> 
     </span>
    </p>
   </div>
   <div class='ocr_carea' id='block_1_42' title="bbox 1973 1267 2496 1324">
    <p class='ocr_par' dir='ltr' id='par_1_42' title="bbox 1973 1267 2496 1324">
     <span class='ocr_line' id='line_1_42' title="bbox 1973 1267 2496 1324; baseline 0.01 -5"><span class='ocrx_word' id='word_1_317' title='bbox 1973 1267 2127 1321; x_wconf 87' lang='lat' dir='ltr'><strong>vidas</strong></span> <span class='ocrx_word' id='word_1_318' title='bbox 2153 1269 2441 1324; x_wconf 88' lang='lat' dir='ltr'><strong>bonitates.</strong></span> <span class='ocrx_word' id='word_1_319' title='bbox 2484 1302 2496 1312; x_wconf 87' lang='lat'><em>-</em></span> 
     </span>
    </p>
   </div>
   <div class='ocr_carea' id='block_1_43' title="bbox 2045 1355 3559 1431">
    <p class='ocr_par' dir='ltr' id='par_1_43' title="bbox 2045 1355 3559 1431">
     <span class='ocr_line' id='line_1_43' title="bbox 2045 1355 3559 1431; baseline 0.004 -22"><span class='ocrx_word' id='word_1_320' title='bbox 2045 1355 2160 1410; x_wconf 88' lang='lat' dir='ltr'><strong>Non</strong></span> <span class='ocrx_word' id='word_1_321' title='bbox 2193 1358 2357 1428; x_wconf 79' lang='lat' dir='ltr'><strong>igitur</strong></span> <span class='ocrx_word' id='word_1_322' title='bbox 2383 1357 2434 1413; x_wconf 82' lang='grc' dir='ltr'><strong>ὃν</strong></span> <span class='ocrx_word' id='word_1_323' title='bbox 2452 1361 2868 1431; x_wconf 87' lang='lat' dir='ltr'><strong>malum,-neque</strong></span> <span class='ocrx_word' id='word_1_324' title='bbox 2886 1362 2938 1415; x_wconf 92' lang='lat' dir='ltr'><strong>in</strong></span> <span class='ocrx_word' id='word_1_325' title='bbox 2954 1362 3312 1418; x_wconf 42' lang='lat' dir='ltr'><strong>existi&#39;ntibus</strong></span> <span class='ocrx_word' id='word_1_326' title='bbox 3338 1362 3559 1416; x_wconf 91' lang='lat' dir='ltr'><strong>malum.</strong></span> 
     </span>
    </p>
   </div>
   <div class='ocr_carea' id='block_1_44' title="bbox 1976 1443 3562 1517">
    <p class='ocr_par' dir='ltr' id='par_1_44' title="bbox 1976 1443 3562 1517">
     <span class='ocr_line' id='line_1_44' title="bbox 1976 1443 3562 1517; baseline 0.005 -18"><span class='ocrx_word' id='word_1_327' title='bbox 1976 1443 2091 1500; x_wconf 87' lang='lat' dir='ltr'><strong>Non</strong></span> <span class='ocrx_word' id='word_1_328' title='bbox 2118 1449 2337 1501; x_wconf 87' lang='lat' dir='ltr'><strong>omnino</strong></span> <span class='ocrx_word' id='word_1_329' title='bbox 2364 1450 2506 1504; x_wconf 90' lang='lat' dir='ltr'><strong>enim</strong></span> <span class='ocrx_word' id='word_1_330' title='bbox 2545 1450 2768 1517; x_wconf 87' lang='lat' dir='ltr'><strong>malum,</strong></span> <span class='ocrx_word' id='word_1_331' title='bbox 2796 1463 2952 1506; x_wconf 89' lang='lat' dir='ltr'><strong>vacat</strong></span> <span class='ocrx_word' id='word_1_332' title='bbox 2982 1452 3182 1505; x_wconf 89' lang='lat' dir='ltr'><strong>malum</strong></span> <span class='ocrx_word' id='word_1_333' title='bbox 3220 1463 3275 1506; x_wconf 91' lang='lat' dir='ltr'><strong>et</strong></span> <span class='ocrx_word' id='word_1_334' title='bbox 3306 1452 3417 1506; x_wconf 88' lang='lat' dir='ltr'><strong>ﬁeri</strong></span> <span class='ocrx_word' id='word_1_335' title='bbox 3447 1469 3562 1507; x_wconf 87' lang='lat' dir='ltr'><strong>ma-</strong></span> 
     </span>
    </p>
   </div>
   <div class='ocr_carea' id='block_1_45' title="bbox 1975 1537 3570 1611">
    <p class='ocr_par' dir='ltr' id='par_1_45' title="bbox 1975 1537 3570 1611">
     <span class='ocr_line' id='line_1_45' title="bbox 1975 1537 3570 1611; baseline 0.004 -21"><span class='ocrx_word' id='word_1_336' title='bbox 1975 1537 2087 1591; x_wconf 92' lang='lat' dir='ltr'><strong>lum</strong></span> <span class='ocrx_word' id='word_1_337' title='bbox 2121 1543 2412 1594; x_wconf 87' lang='lat' dir='ltr'><strong>secundum</strong></span> <span class='ocrx_word' id='word_1_338' title='bbox 2457 1542 2731 1608; x_wconf 84' lang='lat' dir='ltr'><strong>virtutem,</strong></span> <span class='ocrx_word' id='word_1_339' title='bbox 2774 1543 2866 1596; x_wconf 87' lang='lat' dir='ltr'><strong>sed</strong></span> <span class='ocrx_word' id='word_1_340' title='bbox 2913 1558 3010 1611; x_wconf 87' lang='lat' dir='ltr'><strong>per</strong></span> <span class='ocrx_word' id='word_1_341' title='bbox 3053 1543 3442 1597; x_wconf 88' lang='lat' dir='ltr'><strong>inﬁrmitatem.</strong></span> <span class='ocrx_word' id='word_1_342' title='bbox 3497 1544 3570 1597; x_wconf 88' lang='lat' dir='ltr'><strong>Et</strong></span> 
     </span>
    </p>
   </div>
   <div class='ocr_carea' id='block_1_46' title="bbox 1977 1628 3562 1700">
    <p class='ocr_par' dir='ltr' id='par_1_46' title="bbox 1977 1628 3562 1700">
     <span class='ocr_line' id='line_1_46' title="bbox 1977 1628 3562 1700; baseline 0 -18"><span class='ocrx_word' id='word_1_343' title='bbox 1977 1628 2349 1695; x_wconf 81' lang='lat' dir='ltr'><strong>daemonibus,</strong></span> <span class='ocrx_word' id='word_1_344' title='bbox 2375 1632 2517 1700; x_wconf 88' lang='lat' dir='ltr'><strong>quod</strong></span> <span class='ocrx_word' id='word_1_345' title='bbox 2540 1632 2754 1700; x_wconf 86' lang='lat' dir='ltr'><strong>quidem</strong></span> <span class='ocrx_word' id='word_1_346' title='bbox 2781 1643 2903 1686; x_wconf 91' lang='lat' dir='ltr'><strong>sunt</strong></span> <span class='ocrx_word' id='word_1_347' title='bbox 2920 1641 2973 1685; x_wconf 92' lang='lat' dir='ltr'><strong>et</strong></span> <span class='ocrx_word' id='word_1_348' title='bbox 2995 1647 3061 1686; x_wconf 78' lang='lat' dir='ltr'><strong>ex</strong></span> <span class='ocrx_word' id='word_1_349' title='bbox 3084 1632 3249 1696; x_wconf 90' lang='lat' dir='ltr'><strong>bono,</strong></span> <span class='ocrx_word' id='word_1_350' title='bbox 3273 1645 3325 1686; x_wconf 88' lang='lat' dir='ltr'><strong>et</strong></span> <span class='ocrx_word' id='word_1_351' title='bbox 3341 1633 3562 1686; x_wconf 88' lang='lat' dir='ltr'><strong>bonum.</strong></span> 
     </span>
    </p>
   </div>
   <div class='ocr_carea' id='block_1_47' title="bbox 1904 1702 3566 1793">
    <p class='ocr_par' dir='ltr' id='par_1_47' title="bbox 1904 1702 3566 1793">
     <span class='ocr_line' id='line_1_47' title="bbox 1904 1702 3566 1793; baseline 0.002 -19"><span class='ocrx_word' id='word_1_352' title='bbox 1904 1702 1951 1762; x_wconf 75' lang='grc' dir='ltr'><strong>Β</strong></span> <span class='ocrx_word' id='word_1_353' title='bbox 1980 1720 2172 1774; x_wconf 86' lang='lat' dir='ltr'><strong>Malum</strong></span> <span class='ocrx_word' id='word_1_354' title='bbox 2204 1731 2385 1776; x_wconf 87' lang='lat' dir='ltr'><strong>autem</strong></span> <span class='ocrx_word' id='word_1_355' title='bbox 2420 1723 2551 1792; x_wconf 74' lang='lat' dir='ltr'><strong>ipsis</strong></span> <span class='ocrx_word' id='word_1_356' title='bbox 2582 1740 2645 1777; x_wconf 82' lang='lat' dir='ltr'><strong>ex</strong></span> <span class='ocrx_word' id='word_1_357' title='bbox 2679 1725 2912 1793; x_wconf 84' lang='lat' dir='ltr'><strong>propriis</strong></span> <span class='ocrx_word' id='word_1_358' title='bbox 2945 1725 3098 1779; x_wconf 90' lang='lat' dir='ltr'><strong>bonis</strong></span> <span class='ocrx_word' id='word_1_359' title='bbox 3124 1740 3253 1779; x_wconf 87' lang='lat' dir='ltr'><strong>casu</strong></span> <span class='ocrx_word' id='word_1_360' title='bbox 3308 1735 3362 1779; x_wconf 89' lang='lat' dir='ltr'><strong>et</strong></span> <span class='ocrx_word' id='word_1_361' title='bbox 3391 1735 3566 1779; x_wconf 88' lang='lat' dir='ltr'><strong>muta-</strong></span> 
     </span>
    </p>
   </div>
   <div class='ocr_carea' id='block_1_48' title="bbox 1977 1809 3566 1882">
    <p class='ocr_par' dir='ltr' id='par_1_48' title="bbox 1977 1809 3566 1882">
     <span class='ocr_line' id='line_1_48' title="bbox 1977 1809 3566 1882; baseline 0.002 -18"><span class='ocrx_word' id='word_1_362' title='bbox 1977 1809 2236 1876; x_wconf 85' lang='lat' dir='ltr'><strong>bilitatcs,</strong></span> <span class='ocrx_word' id='word_1_363' title='bbox 2260 1813 2520 1882; x_wconf 82' lang='lat' dir='ltr'><strong>circaque</strong></span> <span class='ocrx_word' id='word_1_364' title='bbox 2555 1812 2960 1868; x_wconf 86' lang='lat' dir='ltr'><strong>similitudinem</strong></span> <span class='ocrx_word' id='word_1_365' title='bbox 2984 1824 3037 1867; x_wconf 88' lang='lat' dir='ltr'><strong>et</strong></span> <span class='ocrx_word' id='word_1_366' title='bbox 3062 1813 3302 1868; x_wconf 83' lang='lat' dir='ltr'><strong>habitum</strong></span> <span class='ocrx_word' id='word_1_367' title='bbox 3337 1814 3566 1867; x_wconf 89' lang='lat' dir='ltr'><strong>inﬁrmi-</strong></span> 
     </span>
    </p>
   </div>
   <div class='ocr_carea' id='block_1_49' title="bbox 1979 1903 3570 1975">
    <p class='ocr_par' dir='ltr' id='par_1_49' title="bbox 1979 1903 3570 1975">
     <span class='ocr_line' id='line_1_49' title="bbox 1979 1903 3570 1975; baseline 0.001 -19"><span class='ocrx_word' id='word_1_368' title='bbox 1979 1909 2063 1956; x_wconf 90' lang='lat' dir='ltr'><strong>tas</strong></span> <span class='ocrx_word' id='word_1_369' title='bbox 2100 1913 2364 1973; x_wconf 77' lang='lat' dir='ltr'><strong>cognatae</strong></span> <span class='ocrx_word' id='word_1_370' title='bbox 2392 1903 2523 1973; x_wconf 84' lang='lat' dir='ltr'><strong>ipsis</strong></span> <span class='ocrx_word' id='word_1_371' title='bbox 2549 1904 2571 1935; x_wconf 73' lang='grc'><strong><em>⁵</em></strong></span> <span class='ocrx_word' id='word_1_372' title='bbox 2596 1904 2873 1974; x_wconf 81' lang='lat' dir='ltr'><strong>angelicae</strong></span> <span class='ocrx_word' id='word_1_373' title='bbox 2903 1904 3269 1973; x_wconf 80' lang='lat' dir='ltr'><strong>perfectionis.</strong></span> <span class='ocrx_word' id='word_1_374' title='bbox 3306 1905 3372 1959; x_wconf 86' lang='lat' dir='ltr'><strong>Et</strong></span> <span class='ocrx_word' id='word_1_375' title='bbox 3405 1921 3570 1975; x_wconf 86' lang='lat' dir='ltr'><strong>appe-</strong></span> 
     </span>
    </p>
   </div>
   <div class='ocr_carea' id='block_1_50' title="bbox 1979 1994 3566 2063">
    <p class='ocr_par' dir='ltr' id='par_1_50' title="bbox 1979 1994 3566 2063">
     <span class='ocr_line' id='line_1_50' title="bbox 1979 1994 3566 2063; baseline 0.002 -17"><span class='ocrx_word' id='word_1_376' title='bbox 1979 1999 2098 2047; x_wconf 89' lang='lat' dir='ltr'><strong>tunt</strong></span> <span class='ocrx_word' id='word_1_377' title='bbox 2127 1994 2322 2048; x_wconf 89' lang='lat' dir='ltr'><strong>bonum</strong></span> <span class='ocrx_word' id='word_1_378' title='bbox 2342 2033 2357 2057; x_wconf 94' lang='lat'><strong>,</strong></span> <span class='ocrx_word' id='word_1_379' title='bbox 2387 1995 2677 2047; x_wconf 79' lang='lat' dir='ltr'><strong>secundum</strong></span> <span class='ocrx_word' id='word_1_380' title='bbox 2706 1995 2847 2063; x_wconf 89' lang='lat' dir='ltr'><strong>quod</strong></span> <span class='ocrx_word' id='word_1_381' title='bbox 2876 2003 2931 2047; x_wconf 89' lang='lat' dir='ltr'><strong>et</strong></span> <span class='ocrx_word' id='word_1_382' title='bbox 2958 2010 3080 2049; x_wconf 90' lang='lat' dir='ltr'><strong>esse</strong></span> <span class='ocrx_word' id='word_1_383' title='bbox 3101 2004 3155 2049; x_wconf 86' lang='lat' dir='ltr'><strong>et</strong></span> <span class='ocrx_word' id='word_1_384' title='bbox 3182 1997 3363 2051; x_wconf 82' lang='lat' dir='ltr'><strong>vivere</strong></span> <span class='ocrx_word' id='word_1_385' title='bbox 3398 2006 3453 2051; x_wconf 91' lang='lat' dir='ltr'><strong>et</strong></span> <span class='ocrx_word' id='word_1_386' title='bbox 3480 1997 3566 2049; x_wconf 90' lang='lat' dir='ltr'><strong>in-</strong></span> 
     </span>
    </p>
   </div>
   <div class='ocr_carea' id='block_1_51' title="bbox 1980 2081 3565 2155">
    <p class='ocr_par' dir='ltr' id='par_1_51' title="bbox 1980 2081 3565 2155">
     <span class='ocr_line' id='line_1_51' title="bbox 1980 2081 3565 2155; baseline 0.003 -20"><span class='ocrx_word' id='word_1_387' title='bbox 1980 2081 2216 2152; x_wconf 89' lang='lat' dir='ltr'><strong>telligere</strong></span> <span class='ocrx_word' id='word_1_388' title='bbox 2242 2082 2662 2137; x_wconf 82' lang='lat' dir='ltr'><strong>substituuntur.</strong></span> <span class='ocrx_word' id='word_1_389' title='bbox 2688 2084 2755 2138; x_wconf 88' lang='lat' dir='ltr'><strong>Et</strong></span> <span class='ocrx_word' id='word_1_390' title='bbox 2773 2085 2817 2138; x_wconf 91' lang='lat' dir='ltr'><strong>si</strong></span> <span class='ocrx_word' id='word_1_391' title='bbox 2845 2101 2949 2138; x_wconf 90' lang='lat' dir='ltr'><strong>non</strong></span> <span class='ocrx_word' id='word_1_392' title='bbox 2977 2097 3235 2155; x_wconf 87' lang='lat' dir='ltr'><strong>appetunt</strong></span> <span class='ocrx_word' id='word_1_393' title='bbox 3258 2087 3482 2151; x_wconf 89' lang='lat' dir='ltr'><strong>bonum,</strong></span> <span class='ocrx_word' id='word_1_394' title='bbox 3513 2087 3565 2140; x_wconf 93' lang='lat' dir='ltr'><strong>id</strong></span> 
     </span>
    </p>
   </div>
   <div class='ocr_carea' id='block_1_52' title="bbox 1979 2174 3566 2248">
    <p class='ocr_par' dir='ltr' id='par_1_52' title="bbox 1979 2174 3566 2248">
     <span class='ocr_line' id='line_1_52' title="bbox 1979 2174 3566 2248; baseline 0.003 -21"><span class='ocrx_word' id='word_1_395' title='bbox 1979 2174 2122 2242; x_wconf 88' lang='lat' dir='ltr'><strong>quod</strong></span> <span class='ocrx_word' id='word_1_396' title='bbox 2145 2188 2248 2227; x_wconf 91' lang='lat' dir='ltr'><strong>non</strong></span> <span class='ocrx_word' id='word_1_397' title='bbox 2271 2183 2355 2228; x_wconf 89' lang='lat' dir='ltr'><strong>est</strong></span> <span class='ocrx_word' id='word_1_398' title='bbox 2377 2184 2633 2244; x_wconf 90' lang='lat' dir='ltr'><strong>appetunt</strong></span> <span class='ocrx_word' id='word_1_399' title='bbox 2659 2175 2718 2229; x_wconf 76' lang='lat'><strong>&#39;:</strong></span> <span class='ocrx_word' id='word_1_400' title='bbox 2756 2185 2811 2231; x_wconf 94' lang='lat' dir='ltr'><strong>et</strong></span> <span class='ocrx_word' id='word_1_401' title='bbox 2838 2191 2944 2231; x_wconf 90' lang='lat' dir='ltr'><strong>non</strong></span> <span class='ocrx_word' id='word_1_402' title='bbox 2979 2178 3082 2231; x_wconf 87' lang='lat' dir='ltr'><strong>erit</strong></span> <span class='ocrx_word' id='word_1_403' title='bbox 3122 2178 3223 2232; x_wconf 78' lang='lat' dir='ltr'><strong>hec</strong></span> <span class='ocrx_word' id='word_1_404' title='bbox 3259 2178 3529 2248; x_wconf 82' lang='lat' dir='ltr'><strong>appetitus</strong></span> <span class='ocrx_word' id='word_1_405' title='bbox 3550 2218 3566 2243; x_wconf 96' lang='lat'><strong>,</strong></span> 
     </span>
    </p>
   </div>
   <div class='ocr_carea' id='block_1_53' title="bbox 1981 2266 2848 2336">
    <p class='ocr_par' dir='ltr' id='par_1_53' title="bbox 1981 2266 2848 2336">
     <span class='ocr_line' id='line_1_53' title="bbox 1981 2266 2848 2336; baseline 0 -16"><span class='ocrx_word' id='word_1_406' title='bbox 1981 2266 2077 2320; x_wconf 88' lang='lat' dir='ltr'><strong>sed</strong></span> <span class='ocrx_word' id='word_1_407' title='bbox 2100 2280 2225 2320; x_wconf 91' lang='lat' dir='ltr'><strong>vere</strong></span> <span class='ocrx_word' id='word_1_408' title='bbox 2246 2271 2516 2335; x_wconf 84' lang='lat' dir='ltr'><strong>appetitus</strong></span> <span class='ocrx_word' id='word_1_409' title='bbox 2543 2276 2848 2336; x_wconf 86' lang='lat' dir='ltr'><strong>peccatum.</strong></span> 
     </span>
    </p>
   </div>
   <div class='ocr_carea' id='block_1_54' title="bbox 2050 2355 3569 2429">
    <p class='ocr_par' dir='ltr' id='par_1_54' title="bbox 2050 2355 3569 2429">
     <span class='ocr_line' id='line_1_54' title="bbox 2050 2355 3569 2429; baseline 0.002 -19"><span class='ocrx_word' id='word_1_410' title='bbox 2050 2355 2107 2411; x_wconf 86' lang='lat' dir='ltr'><strong>In</strong></span> <span class='ocrx_word' id='word_1_411' title='bbox 2144 2357 2369 2411; x_wconf 88' lang='lat' dir='ltr'><strong>scientia</strong></span> <span class='ocrx_word' id='word_1_412' title='bbox 2446 2367 2623 2412; x_wconf 88' lang='lat' dir='ltr'><strong>autem</strong></span> <span class='ocrx_word' id='word_1_413' title='bbox 2672 2367 2960 2429; x_wconf 86' lang='lat' dir='ltr'><strong>peccantes</strong></span> <span class='ocrx_word' id='word_1_414' title='bbox 2986 2359 3006 2391; x_wconf 82' lang='grc'><strong><em>⁸</em></strong></span> <span class='ocrx_word' id='word_1_415' title='bbox 3034 2368 3232 2413; x_wconf 89' lang='lat' dir='ltr'><strong>vocant</strong></span> <span class='ocrx_word' id='word_1_416' title='bbox 3295 2359 3513 2427; x_wconf 88' lang='lat' dir='ltr'><strong>eloquia</strong></span> <span class='ocrx_word' id='word_1_417' title='bbox 3540 2370 3569 2403; x_wconf 72' lang='grc' dir='ltr'><strong>ι</strong></span> 
     </span>
    </p>
   </div>
   <div class='ocr_carea' id='block_1_55' title="bbox 1983 2446 3567 2504">
    <p class='ocr_par' dir='ltr' id='par_1_55' title="bbox 1983 2446 3567 2504">
     <span class='ocr_line' id='line_1_55' title="bbox 1983 2446 3567 2504; baseline 0.002 -3"><span class='ocrx_word' id='word_1_418' title='bbox 1983 2446 2124 2501; x_wconf 90' lang='lat' dir='ltr'><strong>circa</strong></span> <span class='ocrx_word' id='word_1_419' title='bbox 2140 2461 2420 2502; x_wconf 89' lang='lat' dir='ltr'><strong>erroneam</strong></span> <span class='ocrx_word' id='word_1_420' title='bbox 2436 2446 2560 2501; x_wconf 90' lang='lat' dir='ltr'><strong>boni</strong></span> <span class='ocrx_word' id='word_1_421' title='bbox 2575 2449 2857 2503; x_wconf 88' lang='lat' dir='ltr'><strong>scientiam</strong></span> <span class='ocrx_word' id='word_1_422' title='bbox 2873 2459 2964 2502; x_wconf 91' lang='lat' dir='ltr'><strong>aut</strong></span> <span class='ocrx_word' id='word_1_423' title='bbox 2980 2449 3248 2503; x_wconf 89' lang='lat' dir='ltr'><strong>actionem</strong></span> <span class='ocrx_word' id='word_1_424' title='bbox 3277 2449 3522 2504; x_wconf 90' lang='lat' dir='ltr'><strong>inﬁrmos</strong></span> <span class='ocrx_word' id='word_1_425' title='bbox 3550 2464 3567 2503; x_wconf 74' lang='grc' dir='ltr'><strong><em>τ</em></strong></span> 
     </span>
    </p>
   </div>
   <div class='ocr_carea' id='block_1_56' title="bbox 1983 2537 3565 2610">
    <p class='ocr_par' dir='ltr' id='par_1_56' title="bbox 1983 2537 3565 2610">
     <span class='ocr_line' id='line_1_56' title="bbox 1983 2537 3565 2610; baseline 0.001 -18"><span class='ocrx_word' id='word_1_426' title='bbox 1983 2546 2037 2592; x_wconf 92' lang='lat' dir='ltr'><strong>et</strong></span> <span class='ocrx_word' id='word_1_427' title='bbox 2049 2537 2280 2592; x_wconf 91' lang='lat' dir='ltr'><strong>scientes</strong></span> <span class='ocrx_word' id='word_1_428' title='bbox 2293 2538 2641 2603; x_wconf 85' lang='lat' dir='ltr'><strong>voluntatem,</strong></span> <span class='ocrx_word' id='word_1_429' title='bbox 2660 2548 2716 2593; x_wconf 89' lang='lat' dir='ltr'><strong>et</strong></span> <span class='ocrx_word' id='word_1_430' title='bbox 2727 2555 2829 2593; x_wconf 89' lang='lat' dir='ltr'><strong>non</strong></span> <span class='ocrx_word' id='word_1_431' title='bbox 2847 2539 3109 2594; x_wconf 72' lang='lat' dir='ltr'><strong>iacientes</strong></span> <span class='ocrx_word' id='word_1_432' title='bbox 3128 2558 3139 2592; x_wconf 87' lang='lat'><strong>:</strong></span> <span class='ocrx_word' id='word_1_433' title='bbox 3157 2541 3432 2595; x_wconf 90' lang='lat' dir='ltr'><strong>auditores</strong></span> <span class='ocrx_word' id='word_1_434' title='bbox 3447 2541 3565 2610; x_wconf 84' lang='lat' dir='ltr'><strong>qui-</strong></span> 
     </span>
    </p>
   </div>
   <div class='ocr_carea' id='block_1_57' title="bbox 1984 2629 3564 2702">
    <p class='ocr_par' dir='ltr' id='par_1_57' title="bbox 1984 2629 3564 2702">
     <span class='ocr_line' id='line_1_57' title="bbox 1984 2629 3564 2702; baseline 0.003 -19"><span class='ocrx_word' id='word_1_435' title='bbox 1984 2629 2104 2684; x_wconf 88' lang='lat' dir='ltr'><strong>dem</strong></span> <span class='ocrx_word' id='word_1_436' title='bbox 2137 2629 2378 2686; x_wconf 87' lang='lat' dir='ltr'><strong>inﬁrmos</strong></span> <span class='ocrx_word' id='word_1_437' title='bbox 2398 2639 2491 2685; x_wconf 91' lang='lat' dir='ltr'><strong>aut</strong></span> <span class='ocrx_word' id='word_1_438' title='bbox 2512 2633 2658 2686; x_wconf 87' lang='lat' dir='ltr'><strong>circa</strong></span> <span class='ocrx_word' id='word_1_439' title='bbox 2682 2632 2862 2696; x_wconf 90' lang='lat' dir='ltr'><strong>ﬁdem,</strong></span> <span class='ocrx_word' id='word_1_440' title='bbox 2889 2642 2979 2686; x_wconf 91' lang='lat' dir='ltr'><strong>aut</strong></span> <span class='ocrx_word' id='word_1_441' title='bbox 2999 2634 3370 2702; x_wconf 87' lang='lat' dir='ltr'><strong>operationem</strong></span> <span class='ocrx_word' id='word_1_442' title='bbox 3396 2634 3522 2689; x_wconf 88' lang='lat' dir='ltr'><strong>boni</strong></span> <span class='ocrx_word' id='word_1_443' title='bbox 3548 2651 3564 2688; x_wconf 89' lang='lat'><strong>:</strong></span> 
     </span>
    </p>
   </div>
   <div class='ocr_carea' id='block_1_58' title="bbox 1985 2706 3575 2794">
    <p class='ocr_par' dir='ltr' id='par_1_58' title="bbox 1985 2706 3575 2794">
     <span class='ocr_line' id='line_1_58' title="bbox 1985 2706 3575 2794; baseline 0.004 -22"><span class='ocrx_word' id='word_1_444' title='bbox 1985 2727 2040 2772; x_wconf 92' lang='lat' dir='ltr'><strong>et</strong></span> <span class='ocrx_word' id='word_1_445' title='bbox 2069 2718 2360 2774; x_wconf 83' lang='lat' dir='ltr'><strong>nolentiam</strong></span> <span class='ocrx_word' id='word_1_446' title='bbox 2383 2721 2704 2789; x_wconf 86' lang='lat' dir='ltr'><strong>quihusdam</strong></span> <span class='ocrx_word' id='word_1_447' title='bbox 2734 2706 3024 2776; x_wconf 81' lang='lat' dir='ltr'><strong>convenire</strong></span> <span class='ocrx_word' id='word_1_448' title='bbox 3060 2721 3447 2777; x_wconf 79' lang='lat' dir='ltr'><strong>benefaciendo</strong></span> <span class='ocrx_word' id='word_1_449' title='bbox 3477 2738 3575 2794; x_wconf 85' lang='lat' dir='ltr'><strong>per</strong></span> 
     </span>
    </p>
   </div>
   <div class='ocr_carea' id='block_1_59' title="bbox 1986 2807 3571 2867">
    <p class='ocr_par' dir='ltr' id='par_1_59' title="bbox 1986 2807 3571 2867">
     <span class='ocr_line' id='line_1_59' title="bbox 1986 2807 3571 2867; baseline 0.004 -6"><span class='ocrx_word' id='word_1_450' title='bbox 1986 2807 2179 2863; x_wconf 78' lang='lat' dir='ltr'><strong>falsam</strong></span> <span class='ocrx_word' id='word_1_451' title='bbox 2230 2811 2637 2866; x_wconf 88' lang='lat' dir='ltr'><strong>conversionem</strong></span> <span class='ocrx_word' id='word_1_452' title='bbox 2673 2817 2695 2850; x_wconf 76' lang='grc' dir='ltr'><strong><em>τ</em></strong></span> <span class='ocrx_word' id='word_1_453' title='bbox 2726 2821 2821 2865; x_wconf 90' lang='lat' dir='ltr'><strong>aut</strong></span> <span class='ocrx_word' id='word_1_454' title='bbox 2854 2811 3225 2867; x_wconf 89' lang='lat' dir='ltr'><strong>inﬁrmitatem</strong></span> <span class='ocrx_word' id='word_1_455' title='bbox 3256 2812 3571 2867; x_wconf 88' lang='lat' dir='ltr'><strong>voluntatis.</strong></span> 
     </span>
    </p>
   </div>
   <div class='ocr_carea' id='block_1_60' title="bbox 1986 2898 3576 2969">
    <p class='ocr_par' dir='ltr' id='par_1_60' title="bbox 1986 2898 3576 2969">
     <span class='ocr_line' id='line_1_60' title="bbox 1986 2898 3576 2969; baseline 0.001 -15"><span class='ocrx_word' id='word_1_456' title='bbox 1986 2898 2055 2954; x_wconf 87' lang='lat' dir='ltr'><strong>Et</strong></span> <span class='ocrx_word' id='word_1_457' title='bbox 2070 2899 2384 2953; x_wconf 88' lang='lat' dir='ltr'><strong>sieomniuo</strong></span> <span class='ocrx_word' id='word_1_458' title='bbox 2407 2899 2633 2965; x_wconf 87' lang='lat' dir='ltr'><strong>malum,</strong></span> <span class='ocrx_word' id='word_1_459' title='bbox 2657 2908 2714 2953; x_wconf 90' lang='lat' dir='ltr'><strong>ut</strong></span> <span class='ocrx_word' id='word_1_460' title='bbox 2737 2914 2897 2969; x_wconf 88' lang='lat' dir='ltr'><strong>saepe</strong></span> <span class='ocrx_word' id='word_1_461' title='bbox 2920 2900 3175 2963; x_wconf 83' lang='lat' dir='ltr'><strong>diximus,</strong></span> <span class='ocrx_word' id='word_1_462' title='bbox 3195 2899 3501 2964; x_wconf 88' lang='lat' dir='ltr'><strong>inﬁrmitas,</strong></span> <span class='ocrx_word' id='word_1_463' title='bbox 3518 2909 3576 2956; x_wconf 85' lang='lat' dir='ltr'><strong>et</strong></span> 
     </span>
    </p>
   </div>
   <div class='ocr_carea' id='block_1_61' title="bbox 1990 2991 3577 3061">
    <p class='ocr_par' dir='ltr' id='par_1_61' title="bbox 1990 2991 3577 3061">
     <span class='ocr_line' id='line_1_61' title="bbox 1990 2991 3577 3061; baseline -0.001 -16"><span class='ocrx_word' id='word_1_464' title='bbox 1990 2992 2409 3061; x_wconf 86' lang='lat' dir='ltr'><strong>impossibilitas,</strong></span> <span class='ocrx_word' id='word_1_465' title='bbox 2441 3001 2495 3047; x_wconf 92' lang='lat' dir='ltr'><strong>et</strong></span> <span class='ocrx_word' id='word_1_466' title='bbox 2525 2991 2766 3047; x_wconf 82' lang='lat' dir='ltr'><strong>defectus</strong></span> <span class='ocrx_word' id='word_1_467' title='bbox 2791 3001 2873 3047; x_wconf 90' lang='lat' dir='ltr'><strong>est</strong></span> <span class='ocrx_word' id='word_1_468' title='bbox 2901 3001 2994 3045; x_wconf 93' lang='lat' dir='ltr'><strong>aut</strong></span> <span class='ocrx_word' id='word_1_469' title='bbox 3034 2992 3320 3054; x_wconf 85' lang='lat' dir='ltr'><strong>scientiae,</strong></span> <span class='ocrx_word' id='word_1_470' title='bbox 3358 2998 3450 3044; x_wconf 88' lang='lat' dir='ltr'><strong>aut</strong></span> <span class='ocrx_word' id='word_1_471' title='bbox 3486 3005 3577 3044; x_wconf 86' lang='lat' dir='ltr'><strong>er-</strong></span> 
     </span>
    </p>
   </div>
   <div class='ocr_carea' id='block_1_62' title="bbox 292 3042 1881 3159">
    <p class='ocr_par' dir='ltr' id='par_1_62' title="bbox 292 3058 1881 3142">
     <span class='ocr_line' id='line_1_62' title="bbox 292 3058 1881 3142; baseline -0.001 -16"><span class='ocrx_word' id='word_1_472' title='bbox 292 3070 606 3136; x_wconf 89' lang='lat' dir='ltr'><strong>incausale,</strong></span> <span class='ocrx_word' id='word_1_473' title='bbox 637 3080 693 3124; x_wconf 88' lang='lat' dir='ltr'><strong>et</strong></span> <span class='ocrx_word' id='word_1_474' title='bbox 723 3070 1033 3133; x_wconf 84' lang='lat' dir='ltr'><strong>inﬁnitum,</strong></span> <span class='ocrx_word' id='word_1_475' title='bbox 1064 3080 1119 3124; x_wconf 85' lang='lat' dir='ltr'><strong>et</strong></span> <span class='ocrx_word' id='word_1_476' title='bbox 1146 3058 1510 3133; x_wconf 79' lang='lat' dir='ltr'><strong>infecundum,</strong></span> <span class='ocrx_word' id='word_1_477' title='bbox 1567 3081 1621 3126; x_wconf 92' lang='lat' dir='ltr'><strong>et</strong></span> <span class='ocrx_word' id='word_1_478' title='bbox 1644 3072 1881 3142; x_wconf 77' lang='lat' dir='ltr'><strong>pigrum,</strong></span> 
     </span>
    </p>
   </div>
   <div class='ocr_carea' id='block_1_63' title="bbox 1986 3042 3577 3159">
    <p class='ocr_par' dir='ltr' id='par_1_63' title="bbox 1991 3084 3577 3159">
     <span class='ocr_line' id='line_1_63' title="bbox 1991 3084 3577 3159; baseline -0.002 -21"><span class='ocrx_word' id='word_1_479' title='bbox 1991 3085 2161 3140; x_wconf 88' lang='lat' dir='ltr'><strong>rantis</strong></span> <span class='ocrx_word' id='word_1_480' title='bbox 2190 3084 2468 3149; x_wconf 87' lang='lat' dir='ltr'><strong>scientiae,</strong></span> <span class='ocrx_word' id='word_1_481' title='bbox 2508 3093 2602 3139; x_wconf 89' lang='lat' dir='ltr'><strong>aut</strong></span> <span class='ocrx_word' id='word_1_482' title='bbox 2626 3084 2769 3150; x_wconf 86' lang='lat' dir='ltr'><strong>ﬁdei,</strong></span> <span class='ocrx_word' id='word_1_483' title='bbox 2813 3092 2906 3138; x_wconf 90' lang='lat' dir='ltr'><strong>aut</strong></span> <span class='ocrx_word' id='word_1_484' title='bbox 2948 3084 3224 3146; x_wconf 84' lang='lat' dir='ltr'><strong>desiderii,</strong></span> <span class='ocrx_word' id='word_1_485' title='bbox 3257 3092 3351 3136; x_wconf 93' lang='lat' dir='ltr'><strong>aut</strong></span> <span class='ocrx_word' id='word_1_486' title='bbox 3377 3098 3577 3159; x_wconf 78' lang='lat' dir='ltr'><strong>opera-</strong></span> 
     </span>
    </p>
   </div>
   <div class='ocr_carea' id='block_1_64' title="bbox 291 3159 1887 3225">
    <p class='ocr_par' dir='ltr' id='par_1_64' title="bbox 291 3159 1887 3225">
     <span class='ocr_line' id='line_1_64' title="bbox 291 3159 1887 3225; baseline -0.001 -10"><span class='ocrx_word' id='word_1_487' title='bbox 291 3171 348 3215; x_wconf 79' lang='lat' dir='ltr'><strong>et</strong></span> <span class='ocrx_word' id='word_1_488' title='bbox 391 3160 684 3225; x_wconf 89' lang='lat' dir='ltr'><strong>inﬁrmum,</strong></span> <span class='ocrx_word' id='word_1_489' title='bbox 727 3169 781 3215; x_wconf 90' lang='lat' dir='ltr'><strong>et</strong></span> <span class='ocrx_word' id='word_1_490' title='bbox 826 3159 1210 3224; x_wconf 89' lang='lat' dir='ltr'><strong>inordinatum,</strong></span> <span class='ocrx_word' id='word_1_491' title='bbox 1251 3168 1309 3214; x_wconf 90' lang='lat' dir='ltr'><strong>et</strong></span> <span class='ocrx_word' id='word_1_492' title='bbox 1353 3159 1633 3225; x_wconf 88' lang='lat' dir='ltr'><strong>dissimile,</strong></span> <span class='ocrx_word' id='word_1_493' title='bbox 1673 3170 1727 3214; x_wconf 92' lang='lat' dir='ltr'><strong>et</strong></span> <span class='ocrx_word' id='word_1_494' title='bbox 1753 3160 1887 3214; x_wconf 84' lang='lat' dir='ltr'><strong>mul-</strong></span> 
     </span>
    </p>
   </div>
   <div class='ocr_carea' id='block_1_65' title="bbox 295 3248 1885 3320">
    <p class='ocr_par' dir='ltr' id='par_1_65' title="bbox 295 3248 1885 3320">
     <span class='ocr_line' id='line_1_65' title="bbox 295 3248 1885 3320; baseline 0.001 -16"><span class='ocrx_word' id='word_1_495' title='bbox 295 3260 434 3316; x_wconf 84' lang='lat' dir='ltr'><strong>tum,</strong></span> <span class='ocrx_word' id='word_1_496' title='bbox 465 3259 519 3306; x_wconf 92' lang='lat' dir='ltr'><strong>et</strong></span> <span class='ocrx_word' id='word_1_497' title='bbox 549 3252 994 3317; x_wconf 54' lang='lat' dir='ltr'><strong>tenebrosum,“</strong></span> <span class='ocrx_word' id='word_1_498' title='bbox 1014 3248 1380 3315; x_wconf 89' lang='lat' dir='ltr'><strong>inessentiale,</strong></span> <span class='ocrx_word' id='word_1_499' title='bbox 1401 3258 1457 3304; x_wconf 92' lang='lat' dir='ltr'><strong>et</strong></span> <span class='ocrx_word' id='word_1_500' title='bbox 1482 3251 1585 3305; x_wconf 91' lang='lat' dir='ltr'><strong>hoc</strong></span> <span class='ocrx_word' id='word_1_501' title='bbox 1613 3266 1885 3320; x_wconf 90' lang='lat' dir='ltr'><strong>nunquam</strong></span> 
     </span>
    </p>
   </div>
   <div class='ocr_carea' id='block_1_66' title="bbox 294 3339 902 3413">
    <p class='ocr_par' dir='ltr' id='par_1_66' title="bbox 294 3339 902 3413">
     <span class='ocr_line' id='line_1_66' title="bbox 294 3339 902 3413; baseline -0.003 -16"><span class='ocrx_word' id='word_1_502' title='bbox 294 3356 562 3413; x_wconf 85' lang='lat' dir='ltr'><strong>nusquam</strong></span> <span class='ocrx_word' id='word_1_503' title='bbox 591 3342 794 3398; x_wconf 92' lang='lat' dir='ltr'><strong>nullum</strong></span> <span class='ocrx_word' id='word_1_504' title='bbox 825 3339 902 3397; x_wconf 74' lang='grc' dir='ltr'><strong>ὅν.</strong></span> 
     </span>
    </p>
   </div>
   <div class='ocr_carea' id='block_1_67' title="bbox 369 3434 1887 3506">
    <p class='ocr_par' dir='ltr' id='par_1_67' title="bbox 369 3434 1887 3506">
     <span class='ocr_line' id='line_1_67' title="bbox 369 3434 1887 3506; baseline 0 -17"><span class='ocrx_word' id='word_1_505' title='bbox 369 3436 651 3504; x_wconf 85' lang='lat' dir='ltr'><strong>Quomodo</strong></span> <span class='ocrx_word' id='word_1_506' title='bbox 697 3436 917 3491; x_wconf 90' lang='lat' dir='ltr'><strong>omnino</strong></span> <span class='ocrx_word' id='word_1_507' title='bbox 960 3443 1141 3506; x_wconf 87' lang='lat' dir='ltr'><strong>potest</strong></span> <span class='ocrx_word' id='word_1_508' title='bbox 1194 3434 1395 3490; x_wconf 91' lang='lat' dir='ltr'><strong>malum</strong></span> <span class='ocrx_word' id='word_1_509' title='bbox 1451 3436 1519 3489; x_wconf 89' lang='lat' dir='ltr'><strong>ad</strong></span> <span class='ocrx_word' id='word_1_510' title='bbox 1566 3436 1764 3491; x_wconf 89' lang='lat' dir='ltr'><strong>bonum</strong></span> <span class='ocrx_word' id='word_1_511' title='bbox 1819 3450 1887 3490; x_wconf 83' lang='lat' dir='ltr'><strong>ex</strong></span> 
     </span>
    </p>
   </div>
   <div class='ocr_carea' id='block_1_68' title="bbox 294 3527 1889 3597">
    <p class='ocr_par' dir='ltr' id='par_1_68' title="bbox 294 3527 1889 3597">
     <span class='ocr_line' id='line_1_68' title="bbox 294 3527 1889 3597; baseline 0.001 -15"><span class='ocrx_word' id='word_1_512' title='bbox 294 3527 574 3582; x_wconf 79' lang='lat' dir='ltr'><strong>mixtura?</strong></span> <span class='ocrx_word' id='word_1_513' title='bbox 603 3527 754 3594; x_wconf 82' lang='lat' dir='ltr'><strong>Quod</strong></span> <span class='ocrx_word' id='word_1_514' title='bbox 792 3527 936 3581; x_wconf 92' lang='lat' dir='ltr'><strong>enim</strong></span> <span class='ocrx_word' id='word_1_515' title='bbox 975 3528 1121 3581; x_wconf 88' lang='lat' dir='ltr'><strong>omni</strong></span> <span class='ocrx_word' id='word_1_516' title='bbox 1167 3527 1310 3581; x_wconf 90' lang='lat' dir='ltr'><strong>bono</strong></span> <span class='ocrx_word' id='word_1_517' title='bbox 1350 3541 1565 3596; x_wconf 81' lang='lat' dir='ltr'><strong>expers,</strong></span> <span class='ocrx_word' id='word_1_518' title='bbox 1601 3541 1775 3597; x_wconf 89' lang='lat' dir='ltr'><strong>neque</strong></span> <span class='ocrx_word' id='word_1_519' title='bbox 1803 3537 1889 3583; x_wconf 90' lang='lat' dir='ltr'><strong>est</strong></span> 
     </span>
    </p>
   </div>
   <div class='ocr_carea' id='block_1_69' title="bbox 294 3615 1890 3690">
    <p class='ocr_par' dir='ltr' id='par_1_69' title="bbox 294 3615 1890 3690">
     <span class='ocr_line' id='line_1_69' title="bbox 294 3615 1890 3690; baseline 0 -19"><span class='ocrx_word' id='word_1_520' title='bbox 294 3618 450 3690; x_wconf 90' lang='lat' dir='ltr'><strong>quid,</strong></span> <span class='ocrx_word' id='word_1_521' title='bbox 500 3633 677 3687; x_wconf 89' lang='lat' dir='ltr'><strong>neque</strong></span> <span class='ocrx_word' id='word_1_522' title='bbox 718 3626 913 3687; x_wconf 87' lang='lat' dir='ltr'><strong>potest.</strong></span> <span class='ocrx_word' id='word_1_523' title='bbox 960 3617 1171 3672; x_wconf 86' lang='lat' dir='ltr'><strong>Etenim</strong></span> <span class='ocrx_word' id='word_1_524' title='bbox 1216 3617 1261 3671; x_wconf 88' lang='lat' dir='ltr'><strong>si</strong></span> <span class='ocrx_word' id='word_1_525' title='bbox 1302 3617 1500 3672; x_wconf 88' lang='lat' dir='ltr'><strong>bonum</strong></span> <span class='ocrx_word' id='word_1_526' title='bbox 1527 3626 1581 3672; x_wconf 91' lang='lat' dir='ltr'><strong>et</strong></span> <span class='ocrx_word' id='word_1_527' title='bbox 1606 3615 1660 3672; x_wconf 84' lang='grc' dir='ltr'><strong>ὃν</strong></span> <span class='ocrx_word' id='word_1_528' title='bbox 1689 3626 1793 3682; x_wconf 89' lang='lat' dir='ltr'><strong>est,</strong></span> <span class='ocrx_word' id='word_1_529' title='bbox 1834 3626 1890 3673; x_wconf 91' lang='lat' dir='ltr'><strong>et</strong></span> 
     </span>
    </p>
   </div>
   <div class='ocr_carea' id='block_1_70' title="bbox 296 3708 1890 3779">
    <p class='ocr_par' dir='ltr' id='par_1_70' title="bbox 296 3708 1890 3779">
     <span class='ocr_line' id='line_1_70' title="bbox 296 3708 1890 3779; baseline 0.002 -16"><span class='ocrx_word' id='word_1_530' title='bbox 296 3708 694 3764; x_wconf 88' lang='lat' dir='ltr'><strong>consultorium</strong></span> <span class='ocrx_word' id='word_1_531' title='bbox 720 3748 735 3774; x_wconf 90' lang='lat'><strong>,</strong></span> <span class='ocrx_word' id='word_1_532' title='bbox 765 3717 820 3763; x_wconf 90' lang='lat' dir='ltr'><strong>et</strong></span> <span class='ocrx_word' id='word_1_533' title='bbox 841 3709 978 3764; x_wconf 87' lang='lat' dir='ltr'><strong>bene</strong></span> <span class='ocrx_word' id='word_1_534' title='bbox 1006 3718 1197 3778; x_wconf 89' lang='lat' dir='ltr'><strong>potens</strong></span> <span class='ocrx_word' id='word_1_535' title='bbox 1221 3749 1236 3774; x_wconf 94' lang='lat'><strong>,</strong></span> <span class='ocrx_word' id='word_1_536' title='bbox 1267 3716 1317 3763; x_wconf 91' lang='lat' dir='ltr'><strong>et</strong></span> <span class='ocrx_word' id='word_1_537' title='bbox 1343 3709 1597 3774; x_wconf 88' lang='lat' dir='ltr'><strong>activum,</strong></span> <span class='ocrx_word' id='word_1_538' title='bbox 1621 3711 1890 3779; x_wconf 90' lang='lat' dir='ltr'><strong>quomodo</strong></span> 
     </span>
    </p>
   </div>
   <div class='ocr_carea' id='block_1_71' title="bbox 296 3798 1886 3870">
    <p class='ocr_par' dir='ltr' id='par_1_71' title="bbox 296 3798 1886 3870">
     <span class='ocr_line' id='line_1_71' title="bbox 296 3798 1886 3870; baseline 0.003 -18"><span class='ocrx_word' id='word_1_539' title='bbox 296 3801 502 3863; x_wconf 82' lang='lat' dir='ltr'><strong>poterit</strong></span> <span class='ocrx_word' id='word_1_540' title='bbox 534 3799 663 3870; x_wconf 90' lang='lat' dir='ltr'><strong>quid</strong></span> <span class='ocrx_word' id='word_1_541' title='bbox 692 3799 1026 3854; x_wconf 86' lang='lat' dir='ltr'><strong>contrarium</strong></span> <span class='ocrx_word' id='word_1_542' title='bbox 1065 3800 1228 3864; x_wconf 90' lang='lat' dir='ltr'><strong>bono,</strong></span> <span class='ocrx_word' id='word_1_543' title='bbox 1254 3807 1323 3854; x_wconf 87' lang='lat' dir='ltr'><strong>et</strong></span> <span class='ocrx_word' id='word_1_544' title='bbox 1359 3798 1661 3855; x_wconf 88' lang='lat' dir='ltr'><strong>substantia</strong></span> <span class='ocrx_word' id='word_1_545' title='bbox 1699 3810 1754 3855; x_wconf 90' lang='lat' dir='ltr'><strong>et</strong></span> <span class='ocrx_word' id='word_1_546' title='bbox 1795 3815 1886 3856; x_wconf 86' lang='lat' dir='ltr'><strong>sa-</strong></span> 
     </span>
    </p>
   </div>
   <div class='ocr_carea' id='block_1_72' title="bbox 278 3889 1607 3964">
    <p class='ocr_par' dir='ltr' id='par_1_72' title="bbox 278 3889 1607 3964">
     <span class='ocr_line' id='line_1_72' title="bbox 278 3889 1607 3964; baseline -0.003 -17"><span class='ocrx_word' id='word_1_547' title='bbox 278 3891 510 3964; x_wconf 51' lang='lat' dir='ltr'><strong>.pientia</strong></span> <span class='ocrx_word' id='word_1_548' title='bbox 528 3899 595 3946; x_wconf 84' lang='lat' dir='ltr'><strong>et</strong></span> <span class='ocrx_word' id='word_1_549' title='bbox 630 3890 825 3946; x_wconf 86' lang='lat' dir='ltr'><strong>virtute</strong></span> <span class='ocrx_word' id='word_1_550' title='bbox 853 3898 909 3944; x_wconf 91' lang='lat' dir='ltr'><strong>et</strong></span> <span class='ocrx_word' id='word_1_551' title='bbox 938 3889 1255 3959; x_wconf 89' lang='lat' dir='ltr'><strong>operatione</strong></span> <span class='ocrx_word' id='word_1_552' title='bbox 1297 3889 1607 3959; x_wconf 82' lang='lat' dir='ltr'><strong>privatum?</strong></span> 
     </span>
    </p>
   </div>
   <div class='ocr_carea' id='block_1_73' title="bbox 369 3982 1888 4048">
    <p class='ocr_par' dir='ltr' id='par_1_73' title="bbox 369 3982 1888 4048">
     <span class='ocr_line' id='line_1_73' title="bbox 369 3982 1888 4048; baseline -0.003 -7"><span class='ocrx_word' id='word_1_553' title='bbox 369 3984 492 4041; x_wconf 72' lang='lat' dir='ltr'><strong>Non</strong></span> <span class='ocrx_word' id='word_1_554' title='bbox 519 3983 701 4039; x_wconf 90' lang='lat' dir='ltr'><strong>omnia</strong></span> <span class='ocrx_word' id='word_1_555' title='bbox 731 3984 1003 4048; x_wconf 88' lang='lat' dir='ltr'><strong>omnibus,</strong></span> <span class='ocrx_word' id='word_1_556' title='bbox 1033 3991 1088 4039; x_wconf 88' lang='lat' dir='ltr'><strong>et</strong></span> <span class='ocrx_word' id='word_1_557' title='bbox 1130 3984 1351 4041; x_wconf 88' lang='lat' dir='ltr'><strong>omnino</strong></span> <span class='ocrx_word' id='word_1_558' title='bbox 1378 3984 1563 4039; x_wconf 88' lang='lat' dir='ltr'><strong>eadem</strong></span> <span class='ocrx_word' id='word_1_559' title='bbox 1593 3982 1888 4038; x_wconf 83' lang='lat' dir='ltr'><strong>secundum</strong></span> 
     </span>
    </p>
   </div>
   <div class='ocr_carea' id='block_1_74' title="bbox 283 4061 1889 4147">
    <p class='ocr_par' dir='ltr' id='par_1_74' title="bbox 283 4061 1889 4147">
     <span class='ocr_line' id='line_1_74' title="bbox 283 4061 1889 4147; baseline 0.001 -18"><span class='ocrx_word' id='word_1_560' title='bbox 283 4077 536 4147; x_wconf 80' lang='lat' dir='ltr'><strong>.idipsum</strong></span> <span class='ocrx_word' id='word_1_561' title='bbox 577 4077 734 4131; x_wconf 88' lang='lat' dir='ltr'><strong>mala.</strong></span> <span class='ocrx_word' id='word_1_562' title='bbox 788 4075 1052 4130; x_wconf 87' lang='lat' dir='ltr'><strong>Daemoni</strong></span> <span class='ocrx_word' id='word_1_563' title='bbox 1102 4061 1322 4142; x_wconf 90' lang='lat' dir='ltr'><strong>malum,</strong></span> <span class='ocrx_word' id='word_1_564' title='bbox 1361 4062 1549 4132; x_wconf 71' lang='lat' dir='ltr'><strong>contra</strong></span> <span class='ocrx_word' id='word_1_565' title='bbox 1575 4073 1889 4131; x_wconf 83' lang='lat' dir='ltr'><strong>deiformem</strong></span> 
     </span>
    </p>
   </div>
   <div class='ocr_carea' id='block_1_75' title="bbox 302 4164 1889 4239">
    <p class='ocr_par' dir='ltr' id='par_1_75' title="bbox 302 4164 1889 4239">
     <span class='ocr_line' id='line_1_75' title="bbox 302 4164 1889 4239; baseline 0 -20"><span class='ocrx_word' id='word_1_566' title='bbox 302 4166 637 4222; x_wconf 75' lang='lat' dir='ltr'><strong>intellectum</strong></span> <span class='ocrx_word' id='word_1_567' title='bbox 663 4180 783 4221; x_wconf 87' lang='lat' dir='ltr'><strong>esse</strong></span> <span class='ocrx_word' id='word_1_568' title='bbox 809 4183 838 4239; x_wconf 48' lang='grc' dir='ltr'><strong>ε,</strong></span> <span class='ocrx_word' id='word_1_569' title='bbox 854 4164 1094 4231; x_wconf 87' lang='lat' dir='ltr'><strong>animae,</strong></span> <span class='ocrx_word' id='word_1_570' title='bbox 1118 4173 1307 4221; x_wconf 89' lang='lat' dir='ltr'><strong>contra</strong></span> <span class='ocrx_word' id='word_1_571' title='bbox 1334 4166 1600 4222; x_wconf 87' lang='lat' dir='ltr'><strong>rationem</strong></span> <span class='ocrx_word' id='word_1_572' title='bbox 1622 4165 1889 4235; x_wconf 90' lang='lat' dir='ltr'><strong>:eorpori,</strong></span> 
     </span>
    </p>
   </div>
   <div class='ocr_carea' id='block_1_76' title="bbox 297 4265 791 4313">
    <p class='ocr_par' dir='ltr' id='par_1_76' title="bbox 297 4265 791 4313">
     <span class='ocr_line' id='line_1_76' title="bbox 297 4265 791 4313; baseline 0 -1"><span class='ocrx_word' id='word_1_573' title='bbox 297 4266 494 4313; x_wconf 72' lang='grc' dir='ltr'>εοιιιη</span> <span class='ocrx_word' id='word_1_574' title='bbox 517 4265 791 4313; x_wconf 88' lang='lat' dir='ltr'><strong>naturam.</strong></span> 
     </span>
    </p>
   </div>
   <div class='ocr_carea' id='block_1_77' title="bbox 375 4346 1888 4418">
    <p class='ocr_par' dir='ltr' id='par_1_77' title="bbox 375 4346 1888 4418">
     <span class='ocr_line' id='line_1_77' title="bbox 375 4346 1888 4418; baseline 0 -14"><span class='ocrx_word' id='word_1_575' title='bbox 375 4349 660 4415; x_wconf 81' lang='lat' dir='ltr'><strong>Quomodo</strong></span> <span class='ocrx_word' id='word_1_576' title='bbox 686 4349 909 4404; x_wconf 89' lang='lat' dir='ltr'><strong>omnino</strong></span> <span class='ocrx_word' id='word_1_577' title='bbox 929 4347 1092 4413; x_wconf 86' lang='lat' dir='ltr'><strong>mala,</strong></span> <span class='ocrx_word' id='word_1_578' title='bbox 1113 4346 1448 4418; x_wconf 87' lang='lat' dir='ltr'><strong>providentia</strong></span> <span class='ocrx_word' id='word_1_579' title='bbox 1461 4346 1761 4404; x_wconf 77' lang='lat' dir='ltr'><strong>existente?</strong></span> <span class='ocrx_word' id='word_1_580' title='bbox 1774 4346 1888 4404; x_wconf 92' lang='lat' dir='ltr'><strong>Non</strong></span> 
     </span>
    </p>
   </div>
   <div class='ocr_carea' id='block_1_78' title="bbox 288 4433 1891 4507">
    <p class='ocr_par' dir='ltr' id='par_1_78' title="bbox 288 4433 1891 4507">
     <span class='ocr_line' id='line_1_78' title="bbox 288 4433 1891 4507; baseline 0 -13"><span class='ocrx_word' id='word_1_581' title='bbox 288 4448 389 4494; x_wconf 77' lang='lat' dir='ltr'><strong>est</strong></span> <span class='ocrx_word' id='word_1_582' title='bbox 419 4437 643 4503; x_wconf 88' lang='lat' dir='ltr'><strong>malum,</strong></span> <span class='ocrx_word' id='word_1_583' title='bbox 679 4437 726 4493; x_wconf 90' lang='lat' dir='ltr'><strong>si</strong></span> <span class='ocrx_word' id='word_1_584' title='bbox 766 4438 966 4492; x_wconf 90' lang='lat' dir='ltr'><strong>malum</strong></span> <span class='ocrx_word' id='word_1_585' title='bbox 1001 4452 1175 4507; x_wconf 91' lang='lat' dir='ltr'><strong>neque</strong></span> <span class='ocrx_word' id='word_1_586' title='bbox 1214 4433 1287 4500; x_wconf 79' lang='grc' dir='ltr'><strong>ὅν.</strong></span> <span class='ocrx_word' id='word_1_587' title='bbox 1326 4452 1501 4506; x_wconf 87' lang='lat' dir='ltr'><strong>neque</strong></span> <span class='ocrx_word' id='word_1_588' title='bbox 1526 4437 1578 4491; x_wconf 91' lang='lat' dir='ltr'><strong>in</strong></span> <span class='ocrx_word' id='word_1_589' title='bbox 1609 4438 1891 4495; x_wconf 81' lang='lat' dir='ltr'><strong>existenti—</strong></span> 
     </span>
    </p>
   </div>
   <div class='ocr_carea' id='block_1_79' title="bbox 296 4525 1893 4597">
    <p class='ocr_par' dir='ltr' id='par_1_79' title="bbox 296 4525 1893 4597">
     <span class='ocr_line' id='line_1_79' title="bbox 296 4525 1893 4597; baseline 0.001 -14"><span class='ocrx_word' id='word_1_590' title='bbox 296 4532 433 4595; x_wconf 73' lang='lat' dir='ltr'><strong>bus,</strong></span> <span class='ocrx_word' id='word_1_591' title='bbox 460 4535 516 4583; x_wconf 90' lang='lat' dir='ltr'><strong>et</strong></span> <span class='ocrx_word' id='word_1_592' title='bbox 555 4525 689 4582; x_wconf 90' lang='lat' dir='ltr'><strong>nihil</strong></span> <span class='ocrx_word' id='word_1_593' title='bbox 726 4528 1074 4584; x_wconf 80' lang='lat' dir='ltr'><strong>existentium</strong></span> <span class='ocrx_word' id='word_1_594' title='bbox 1130 4528 1503 4597; x_wconf 82' lang='lat' dir='ltr'><strong>improvisum.</strong></span> <span class='ocrx_word' id='word_1_595' title='bbox 1534 4526 1718 4597; x_wconf 77' lang='lat' dir='ltr'><strong>NeQue</strong></span> <span class='ocrx_word' id='word_1_596' title='bbox 1746 4529 1893 4585; x_wconf 91' lang='lat' dir='ltr'><strong>enim</strong></span> 
     </span>
    </p>
   </div>
   <div class='ocr_carea' id='block_1_80' title="bbox 300 4614 1898 4688">
    <p class='ocr_par' dir='ltr' id='par_1_80' title="bbox 300 4614 1898 4688">
     <span class='ocr_line' id='line_1_80' title="bbox 300 4614 1898 4688; baseline -0.002 -14"><span class='ocrx_word' id='word_1_597' title='bbox 300 4629 392 4674; x_wconf 81' lang='lat' dir='ltr'><strong>est</strong></span> <span class='ocrx_word' id='word_1_598' title='bbox 419 4619 619 4672; x_wconf 90' lang='lat' dir='ltr'><strong>malum</strong></span> <span class='ocrx_word' id='word_1_599' title='bbox 642 4614 717 4684; x_wconf 80' lang='grc' dir='ltr'><strong>ὅν,</strong></span> <span class='ocrx_word' id='word_1_600' title='bbox 746 4619 1093 4688; x_wconf 89' lang='lat' dir='ltr'><strong>conspicuum</strong></span> <span class='ocrx_word' id='word_1_601' title='bbox 1116 4617 1416 4673; x_wconf 87' lang='lat' dir='ltr'><strong>subsistens</strong></span> <span class='ocrx_word' id='word_1_602' title='bbox 1439 4618 1600 4673; x_wconf 90' lang='lat' dir='ltr'><strong>bono.</strong></span> <span class='ocrx_word' id='word_1_603' title='bbox 1624 4619 1755 4674; x_wconf 80' lang='lat' dir='ltr'><strong>Etsi</strong></span> <span class='ocrx_word' id='word_1_604' title='bbox 1778 4617 1898 4672; x_wconf 88' lang='lat' dir='ltr'><strong>nul-</strong></span> 
     </span>
    </p>
   </div>
   <div class='ocr_carea' id='block_1_81' title="bbox 307 4708 1894 4782">
    <p class='ocr_par' dir='ltr' id='par_1_81' title="bbox 307 4708 1894 4782">
     <span class='ocr_line' id='line_1_81' title="bbox 307 4708 1894 4782; baseline -0.001 -16"><span class='ocrx_word' id='word_1_605' title='bbox 307 4713 420 4767; x_wconf 87' lang='lat' dir='ltr'><strong>lum</strong></span> <span class='ocrx_word' id='word_1_606' title='bbox 451 4713 796 4768; x_wconf 84' lang='lat' dir='ltr'><strong>existentium</strong></span> <span class='ocrx_word' id='word_1_607' title='bbox 842 4727 947 4766; x_wconf 93' lang='lat' dir='ltr'><strong>non</strong></span> <span class='ocrx_word' id='word_1_608' title='bbox 993 4711 1262 4782; x_wconf 79' lang='lat' dir='ltr'><strong>particeps</strong></span> <span class='ocrx_word' id='word_1_609' title='bbox 1288 4708 1435 4773; x_wconf 88' lang='lat' dir='ltr'><strong>boni,</strong></span> <span class='ocrx_word' id='word_1_610' title='bbox 1484 4710 1684 4764; x_wconf 84' lang='lat' dir='ltr'><strong>malum</strong></span> <span class='ocrx_word' id='word_1_611' title='bbox 1712 4720 1894 4765; x_wconf 86' lang='lat' dir='ltr'><strong>autem</strong></span> 
     </span>
    </p>
   </div>
   <div class='ocr_carea' id='block_1_82' title="bbox 307 4798 1898 4870">
    <p class='ocr_par' dir='ltr' id='par_1_82' title="bbox 307 4798 1898 4870">
     <span class='ocr_line' id='line_1_82' title="bbox 307 4798 1898 4870; baseline 0.001 -15"><span class='ocrx_word' id='word_1_612' title='bbox 307 4798 556 4858; x_wconf 80' lang='lat' dir='ltr'><strong>defectus</strong></span> <span class='ocrx_word' id='word_1_613' title='bbox 604 4803 729 4858; x_wconf 91' lang='lat' dir='ltr'><strong>boui</strong></span> <span class='ocrx_word' id='word_1_614' title='bbox 761 4841 777 4867; x_wconf 93' lang='lat'><strong>,</strong></span> <span class='ocrx_word' id='word_1_615' title='bbox 821 4801 956 4856; x_wconf 86' lang='lat' dir='ltr'><strong>nihil</strong></span> <span class='ocrx_word' id='word_1_616' title='bbox 1007 4810 1190 4855; x_wconf 90' lang='lat' dir='ltr'><strong>autem</strong></span> <span class='ocrx_word' id='word_1_617' title='bbox 1258 4799 1604 4854; x_wconf 82' lang='lat' dir='ltr'><strong>existentium</strong></span> <span class='ocrx_word' id='word_1_618' title='bbox 1652 4801 1898 4870; x_wconf 85' lang='lat' dir='ltr'><strong>privatur</strong></span> 
     </span>
    </p>
   </div>
   <div class='ocr_carea' id='block_1_83' title="bbox 307 4892 1965 4954">
    <p class='ocr_par' dir='ltr' id='par_1_83' title="bbox 307 4892 1965 4954">
     <span class='ocr_line' id='line_1_83' title="bbox 307 4892 1965 4954; baseline 0.001 -6"><span class='ocrx_word' id='word_1_619' title='bbox 307 4895 694 4950; x_wconf 68' lang='lat' dir='ltr'><strong>nuniversaliter</strong></span> <span class='ocrx_word' id='word_1_620' title='bbox 727 4894 905 4954; x_wconf 86' lang='lat' dir='ltr'><strong>bono:</strong></span> <span class='ocrx_word' id='word_1_621' title='bbox 947 4894 1000 4948; x_wconf 93' lang='lat' dir='ltr'><strong>in</strong></span> <span class='ocrx_word' id='word_1_622' title='bbox 1022 4894 1273 4948; x_wconf 89' lang='lat' dir='ltr'><strong>omnibus</strong></span> <span class='ocrx_word' id='word_1_623' title='bbox 1313 4892 1673 4949; x_wconf 84' lang='lat' dir='ltr'><strong>existentibus</strong></span> <span class='ocrx_word' id='word_1_624' title='bbox 1710 4895 1892 4950; x_wconf 88' lang='lat' dir='ltr'><strong>divina</strong></span> <span class='ocrx_word' id='word_1_625' title='bbox 1961 4897 1965 4902; x_wconf 88' lang='grc'><em>’</em></span> 
     </span>
    </p>
   </div>
   <div class='ocr_carea' id='block_1_84' title="bbox 310 4986 1891 5059">
    <p class='ocr_par' dir='ltr' id='par_1_84' title="bbox 310 4986 1891 5059">
     <span class='ocr_line' id='line_1_84' title="bbox 310 4986 1891 5059; baseline 0.001 -17"><span class='ocrx_word' id='word_1_626' title='bbox 310 4989 676 5059; x_wconf 83' lang='lat' dir='ltr'><strong>providentia,</strong></span> <span class='ocrx_word' id='word_1_627' title='bbox 710 4996 766 5042; x_wconf 92' lang='lat' dir='ltr'><strong>et</strong></span> <span class='ocrx_word' id='word_1_628' title='bbox 796 4986 927 5041; x_wconf 88' lang='lat' dir='ltr'><strong>nihil</strong></span> <span class='ocrx_word' id='word_1_629' title='bbox 951 4986 1295 5040; x_wconf 85' lang='lat' dir='ltr'><strong>existentium</strong></span> <span class='ocrx_word' id='word_1_630' title='bbox 1331 4999 1436 5038; x_wconf 91' lang='lat' dir='ltr'><strong>non</strong></span> <span class='ocrx_word' id='word_1_631' title='bbox 1460 4986 1756 5054; x_wconf 90' lang='lat' dir='ltr'><strong>provisum.</strong></span> <span class='ocrx_word' id='word_1_632' title='bbox 1785 4986 1891 5043; x_wconf 89' lang='lat' dir='ltr'><strong>Sed</strong></span> 
     </span>
    </p>
   </div>
   <div class='ocr_carea' id='block_1_85' title="bbox 312 5075 1894 5148">
    <p class='ocr_par' dir='ltr' id='par_1_85' title="bbox 312 5075 1894 5148">
     <span class='ocr_line' id='line_1_85' title="bbox 312 5075 1894 5148; baseline -0.001 -15"><span class='ocrx_word' id='word_1_633' title='bbox 312 5089 370 5133; x_wconf 88' lang='lat' dir='ltr'><strong>et</strong></span> <span class='ocrx_word' id='word_1_634' title='bbox 401 5079 559 5134; x_wconf 80' lang='lat' dir='ltr'><strong>factis</strong></span> <span class='ocrx_word' id='word_1_635' title='bbox 589 5079 745 5133; x_wconf 87' lang='lat' dir='ltr'><strong>malis</strong></span> <span class='ocrx_word' id='word_1_636' title='bbox 762 5078 963 5148; x_wconf 91' lang='lat' dir='ltr'><strong>optime</strong></span> <span class='ocrx_word' id='word_1_637' title='bbox 990 5085 1045 5130; x_wconf 91' lang='lat' dir='ltr'><strong>et</strong></span> <span class='ocrx_word' id='word_1_638' title='bbox 1072 5076 1296 5146; x_wconf 88' lang='lat' dir='ltr'><strong>pulchre</strong></span> <span class='ocrx_word' id='word_1_639' title='bbox 1326 5075 1659 5145; x_wconf 85' lang='lat' dir='ltr'><strong>providentia</strong></span> <span class='ocrx_word' id='word_1_640' title='bbox 1690 5090 1785 5130; x_wconf 88' lang='lat' dir='ltr'><strong>usa</strong></span> <span class='ocrx_word' id='word_1_641' title='bbox 1811 5083 1894 5131; x_wconf 87' lang='lat' dir='ltr'><strong>est</strong></span> 
     </span>
    </p>
   </div>
   <div class='ocr_carea' id='block_1_86' title="bbox 314 5162 1893 5223">
    <p class='ocr_par' dir='ltr' id='par_1_86' title="bbox 314 5162 1893 5223">
     <span class='ocr_line' id='line_1_86' title="bbox 314 5162 1893 5223; baseline 0 -3"><span class='ocrx_word' id='word_1_642' title='bbox 314 5168 384 5223; x_wconf 86' lang='lat' dir='ltr'><strong>ad</strong></span> <span class='ocrx_word' id='word_1_643' title='bbox 418 5177 661 5221; x_wconf 89' lang='lat' dir='ltr'><strong>nostram</strong></span> <span class='ocrx_word' id='word_1_644' title='bbox 689 5174 780 5220; x_wconf 92' lang='lat' dir='ltr'><strong>aut</strong></span> <span class='ocrx_word' id='word_1_645' title='bbox 805 5165 1031 5219; x_wconf 90' lang='lat' dir='ltr'><strong>aliorum</strong></span> <span class='ocrx_word' id='word_1_646' title='bbox 1052 5174 1145 5218; x_wconf 91' lang='lat' dir='ltr'><strong>aut</strong></span> <span class='ocrx_word' id='word_1_647' title='bbox 1168 5162 1540 5218; x_wconf 80' lang='lat' dir='ltr'><strong>formationem</strong></span> <span class='ocrx_word' id='word_1_648' title='bbox 1569 5171 1663 5217; x_wconf 90' lang='lat' dir='ltr'><strong>aut</strong></span> <span class='ocrx_word' id='word_1_649' title='bbox 1689 5165 1893 5220; x_wconf 84' lang='lat' dir='ltr'><strong>utilita-</strong></span> 
     </span>
    </p>
   </div>
   <div class='ocr_carea' id='block_1_87' title="bbox 1991 3172 3573 3242">
    <p class='ocr_par' dir='ltr' id='par_1_87' title="bbox 1991 3172 3573 3242">
     <span class='ocr_line' id='line_1_87' title="bbox 1991 3172 3573 3242; baseline -0.001 -15"><span class='ocrx_word' id='word_1_650' title='bbox 1991 3174 2148 3229; x_wconf 88' lang='lat' dir='ltr'><strong>tionis</strong></span> <span class='ocrx_word' id='word_1_651' title='bbox 2179 3175 2324 3228; x_wconf 90' lang='lat' dir='ltr'><strong>boui.</strong></span> <span class='ocrx_word' id='word_1_652' title='bbox 2353 3173 2420 3227; x_wconf 85' lang='lat' dir='ltr'><strong>Et</strong></span> <span class='ocrx_word' id='word_1_653' title='bbox 2450 3174 2665 3242; x_wconf 90' lang='lat' dir='ltr'><strong>quidem</strong></span> <span class='ocrx_word' id='word_1_654' title='bbox 2696 3173 2893 3227; x_wconf 80' lang='lat' dir='ltr'><strong>dixerit</strong></span> <span class='ocrx_word' id='word_1_655' title='bbox 2920 3173 3061 3241; x_wconf 88' lang='lat' dir='ltr'><strong>quis,</strong></span> <span class='ocrx_word' id='word_1_656' title='bbox 3104 3187 3211 3225; x_wconf 91' lang='lat' dir='ltr'><strong>non</strong></span> <span class='ocrx_word' id='word_1_657' title='bbox 3244 3172 3573 3226; x_wconf 88' lang='lat' dir='ltr'><strong>vindicabile</strong></span> 
     </span>
    </p>
   </div>
   <div class='ocr_carea' id='block_1_88' title="bbox 1987 3260 3576 3329">
    <p class='ocr_par' dir='ltr' id='par_1_88' title="bbox 1987 3260 3576 3329">
     <span class='ocr_line' id='line_1_88' title="bbox 1987 3260 3576 3329; baseline -0.004 -10"><span class='ocrx_word' id='word_1_658' title='bbox 1987 3266 2297 3329; x_wconf 87' lang='lat' dir='ltr'><strong>inﬁrmitas,</strong></span> <span class='ocrx_word' id='word_1_659' title='bbox 2358 3264 2665 3319; x_wconf 90' lang='lat' dir='ltr'><strong>econtrario</strong></span> <span class='ocrx_word' id='word_1_660' title='bbox 2711 3277 2841 3316; x_wconf 90' lang='lat' dir='ltr'><strong>vero</strong></span> <span class='ocrx_word' id='word_1_661' title='bbox 2876 3260 3228 3316; x_wconf 88' lang='lat' dir='ltr'><strong>concessibile</strong></span> <span class='ocrx_word' id='word_1_662' title='bbox 3260 3277 3273 3312; x_wconf 92' lang='lat'><strong>:</strong></span> <span class='ocrx_word' id='word_1_663' title='bbox 3307 3260 3576 3329; x_wconf 88' lang='lat' dir='ltr'><strong>siquidem</strong></span> 
     </span>
    </p>
   </div>
   <div class='ocr_carea' id='block_1_89' title="bbox 1988 3351 3578 3424">
    <p class='ocr_par' dir='ltr' id='par_1_89' title="bbox 1988 3351 3578 3424">
     <span class='ocr_line' id='line_1_89' title="bbox 1988 3351 3578 3424; baseline -0.004 -13"><span class='ocrx_word' id='word_1_664' title='bbox 1988 3374 2092 3413; x_wconf 91' lang='lat' dir='ltr'><strong>non</strong></span> <span class='ocrx_word' id='word_1_665' title='bbox 2111 3357 2314 3412; x_wconf 87' lang='lat' dir='ltr'><strong>licitum</strong></span> <span class='ocrx_word' id='word_1_666' title='bbox 2338 3367 2455 3409; x_wconf 90' lang='lat' dir='ltr'><strong>erat</strong></span> <span class='ocrx_word' id='word_1_667' title='bbox 2482 3369 2662 3424; x_wconf 90' lang='lat' dir='ltr'><strong>posse,</strong></span> <span class='ocrx_word' id='word_1_668' title='bbox 2691 3355 2827 3408; x_wconf 90' lang='lat' dir='ltr'><strong>bene</strong></span> <span class='ocrx_word' id='word_1_669' title='bbox 2861 3354 2907 3407; x_wconf 87' lang='lat' dir='ltr'><strong>si</strong></span> <span class='ocrx_word' id='word_1_670' title='bbox 2943 3353 3170 3407; x_wconf 89' lang='lat' dir='ltr'><strong>haberet</strong></span> <span class='ocrx_word' id='word_1_671' title='bbox 3201 3351 3374 3407; x_wconf 89' lang='lat' dir='ltr'><strong>ratio:</strong></span> <span class='ocrx_word' id='word_1_672' title='bbox 3401 3351 3447 3405; x_wconf 90' lang='lat' dir='ltr'><strong>si</strong></span> <span class='ocrx_word' id='word_1_673' title='bbox 3477 3367 3578 3405; x_wconf 88' lang='lat' dir='ltr'><strong>au-</strong></span> 
     </span>
    </p>
   </div>
   <div class='ocr_carea' id='block_1_90' title="bbox 1989 3442 3575 3525">
    <p class='ocr_par' dir='ltr' id='par_1_90' title="bbox 1989 3442 3575 3525">
     <span class='ocr_line' id='line_1_90' title="bbox 1989 3442 3575 3525; baseline -0.004 -23"><span class='ocrx_word' id='word_1_674' title='bbox 1989 3456 2096 3503; x_wconf 87' lang='lat' dir='ltr'><strong>tem</strong></span> <span class='ocrx_word' id='word_1_675' title='bbox 2123 3463 2189 3500; x_wconf 83' lang='lat' dir='ltr'><strong>ex</strong></span> <span class='ocrx_word' id='word_1_676' title='bbox 2218 3447 2357 3501; x_wconf 91' lang='lat' dir='ltr'><strong>bono</strong></span> <span class='ocrx_word' id='word_1_677' title='bbox 2386 3460 2577 3516; x_wconf 90' lang='lat' dir='ltr'><strong>posse,</strong></span> <span class='ocrx_word' id='word_1_678' title='bbox 2624 3446 2785 3525; x_wconf 79' lang='lat' dir='ltr'><strong>dante</strong></span> <span class='ocrx_word' id='word_1_679' title='bbox 2827 3443 2983 3514; x_wconf 81' lang='lat' dir='ltr'><strong>juxta</strong></span> <span class='ocrx_word' id='word_1_680' title='bbox 3015 3442 3227 3511; x_wconf 89' lang='lat' dir='ltr'><strong>eloquia</strong></span> <span class='ocrx_word' id='word_1_681' title='bbox 3265 3443 3293 3482; x_wconf 66' lang='grc' dir='ltr'>δ</span> <span class='ocrx_word' id='word_1_682' title='bbox 3316 3458 3403 3505; x_wconf 90' lang='lat' dir='ltr'><strong>ea,</strong></span> <span class='ocrx_word' id='word_1_683' title='bbox 3431 3456 3575 3511; x_wconf 89' lang='lat' dir='ltr'><strong>quae</strong></span> 
     </span>
    </p>
   </div>
   <div class='ocr_carea' id='block_1_91' title="bbox 1990 3534 3577 3609">
    <p class='ocr_par' dir='ltr' id='par_1_91' title="bbox 1990 3534 3577 3609">
     <span class='ocr_line' id='line_1_91' title="bbox 1990 3534 3577 3609; baseline -0.003 -14"><span class='ocrx_word' id='word_1_684' title='bbox 1990 3550 2115 3595; x_wconf 87' lang='lat' dir='ltr'><strong>sunt</strong></span> <span class='ocrx_word' id='word_1_685' title='bbox 2132 3549 2432 3609; x_wconf 90' lang='lat' dir='ltr'><strong>opportuna</strong></span> <span class='ocrx_word' id='word_1_686' title='bbox 2458 3536 2731 3601; x_wconf 90' lang='lat' dir='ltr'><strong>omnibus,</strong></span> <span class='ocrx_word' id='word_1_687' title='bbox 2747 3535 3066 3606; x_wconf 85' lang='lat' dir='ltr'><strong>simpliciter</strong></span> <span class='ocrx_word' id='word_1_688' title='bbox 3082 3550 3188 3589; x_wconf 91' lang='lat' dir='ltr'><strong>non</strong></span> <span class='ocrx_word' id='word_1_689' title='bbox 3216 3534 3485 3591; x_wconf 88' lang='lat' dir='ltr'><strong>laudabile</strong></span> <span class='ocrx_word' id='word_1_690' title='bbox 3508 3550 3577 3591; x_wconf 84' lang='lat' dir='ltr'><strong>ex</strong></span> 
     </span>
    </p>
   </div>
   <div class='ocr_carea' id='block_1_92' title="bbox 1988 3612 3581 3702">
    <p class='ocr_par' dir='ltr' id='par_1_92' title="bbox 1988 3612 3581 3702">
     <span class='ocr_line' id='line_1_92' title="bbox 1988 3612 3581 3702; baseline -0.003 -14"><span class='ocrx_word' id='word_1_691' title='bbox 1988 3634 2114 3690; x_wconf 89' lang='lat' dir='ltr'><strong>boni</strong></span> <span class='ocrx_word' id='word_1_692' title='bbox 2157 3633 2493 3702; x_wconf 87' lang='lat' dir='ltr'><strong>propriorum</strong></span> <span class='ocrx_word' id='word_1_693' title='bbox 2525 3631 2790 3686; x_wconf 89' lang='lat' dir='ltr'><strong>bonorum</strong></span> <span class='ocrx_word' id='word_1_694' title='bbox 2819 3630 3005 3684; x_wconf 89' lang='lat' dir='ltr'><strong>habitu</strong></span> <span class='ocrx_word' id='word_1_695' title='bbox 3038 3638 3318 3698; x_wconf 84' lang='lat' dir='ltr'><strong>peccatum</strong></span> <span class='ocrx_word' id='word_1_696' title='bbox 3357 3638 3413 3683; x_wconf 91' lang='lat' dir='ltr'><strong>et</strong></span> <span class='ocrx_word' id='word_1_697' title='bbox 3442 3612 3581 3683; x_wconf 75' lang='lat' dir='ltr'><strong>irra-</strong></span> 
     </span>
    </p>
   </div>
   <div class='ocr_carea' id='block_1_93' title="bbox 1992 3716 3580 3789">
    <p class='ocr_par' dir='ltr' id='par_1_93' title="bbox 1992 3716 3580 3789">
     <span class='ocr_line' id='line_1_93' title="bbox 1992 3716 3580 3789; baseline -0.004 -12"><span class='ocrx_word' id='word_1_698' title='bbox 1992 3722 2267 3778; x_wconf 90' lang='lat' dir='ltr'><strong>tionabilis</strong></span> <span class='ocrx_word' id='word_1_699' title='bbox 2285 3721 2584 3786; x_wconf 88' lang='lat' dir='ltr'><strong>conversio,</strong></span> <span class='ocrx_word' id='word_1_700' title='bbox 2613 3730 2668 3775; x_wconf 92' lang='lat' dir='ltr'><strong>et</strong></span> <span class='ocrx_word' id='word_1_701' title='bbox 2693 3719 2840 3789; x_wconf 82' lang='lat' dir='ltr'><strong>fuga,</strong></span> <span class='ocrx_word' id='word_1_702' title='bbox 2867 3728 2923 3774; x_wconf 91' lang='lat' dir='ltr'><strong>et</strong></span> <span class='ocrx_word' id='word_1_703' title='bbox 2948 3734 3123 3773; x_wconf 91' lang='lat' dir='ltr'><strong>casus.</strong></span> <span class='ocrx_word' id='word_1_704' title='bbox 3159 3716 3266 3772; x_wconf 88' lang='lat' dir='ltr'><strong>Sed</strong></span> <span class='ocrx_word' id='word_1_705' title='bbox 3300 3719 3433 3773; x_wconf 90' lang='lat' dir='ltr'><strong>haec</strong></span> <span class='ocrx_word' id='word_1_706' title='bbox 3457 3719 3580 3787; x_wconf 87' lang='lat' dir='ltr'><strong>qui-</strong></span> 
     </span>
    </p>
   </div>
   <div class='ocr_carea' id='block_1_94' title="bbox 1990 3808 3577 3880">
    <p class='ocr_par' dir='ltr' id='par_1_94' title="bbox 1990 3808 3577 3880">
     <span class='ocr_line' id='line_1_94' title="bbox 1990 3808 3577 3880; baseline -0.003 -13"><span class='ocrx_word' id='word_1_707' title='bbox 1990 3813 2112 3867; x_wconf 88' lang='lat' dir='ltr'><strong>dem</strong></span> <span class='ocrx_word' id='word_1_708' title='bbox 2136 3827 2167 3866; x_wconf 94' lang='lat' dir='ltr'><strong>a</strong></span> <span class='ocrx_word' id='word_1_709' title='bbox 2201 3811 2357 3867; x_wconf 92' lang='lat' dir='ltr'><strong>nobis</strong></span> <span class='ocrx_word' id='word_1_710' title='bbox 2382 3811 2435 3866; x_wconf 93' lang='lat' dir='ltr'><strong>in</strong></span> <span class='ocrx_word' id='word_1_711' title='bbox 2472 3812 2574 3874; x_wconf 93' lang='lat' dir='ltr'><strong>his,</strong></span> <span class='ocrx_word' id='word_1_712' title='bbox 2604 3826 2744 3880; x_wconf 87' lang='lat' dir='ltr'><strong>quae</strong></span> <span class='ocrx_word' id='word_1_713' title='bbox 2771 3819 2897 3863; x_wconf 89' lang='lat' dir='ltr'><strong>sunt</strong></span> <span class='ocrx_word' id='word_1_714' title='bbox 2934 3810 3001 3864; x_wconf 90' lang='lat' dir='ltr'><strong>de</strong></span> <span class='ocrx_word' id='word_1_715' title='bbox 3030 3810 3175 3879; x_wconf 86' lang='lat' dir='ltr'><strong>jnsta</strong></span> <span class='ocrx_word' id='word_1_716' title='bbox 3205 3818 3259 3864; x_wconf 91' lang='lat' dir='ltr'><strong>et</strong></span> <span class='ocrx_word' id='word_1_717' title='bbox 3279 3809 3460 3863; x_wconf 88' lang='lat' dir='ltr'><strong>divina</strong></span> <span class='ocrx_word' id='word_1_718' title='bbox 3483 3808 3577 3877; x_wconf 83' lang='lat' dir='ltr'><strong>ju-</strong></span> 
     </span>
    </p>
   </div>
   <div class='ocr_carea' id='block_1_95' title="bbox 1990 3900 3578 3965">
    <p class='ocr_par' dir='ltr' id='par_1_95' title="bbox 1990 3900 3578 3965">
     <span class='ocr_line' id='line_1_95' title="bbox 1990 3900 3578 3965; baseline -0.004 -6"><span class='ocrx_word' id='word_1_719' title='bbox 1990 3904 2331 3959; x_wconf 90' lang='lat' dir='ltr'><strong>stiﬁcationis</strong></span> <span class='ocrx_word' id='word_1_720' title='bbox 2375 3902 2750 3965; x_wconf 87' lang='lat' dir='ltr'><strong>observantia,</strong></span> <span class='ocrx_word' id='word_1_721' title='bbox 2792 3901 2926 3954; x_wconf 86' lang='lat' dir='ltr'><strong>satis</strong></span> <span class='ocrx_word' id='word_1_722' title='bbox 2981 3900 3276 3954; x_wconf 87' lang='lat' dir='ltr'><strong>secundum</strong></span> <span class='ocrx_word' id='word_1_723' title='bbox 3325 3902 3578 3954; x_wconf 86' lang='lat' dir='ltr'><strong>virtutem</strong></span> 
     </span>
    </p>
   </div>
   <div class='ocr_carea' id='block_1_96' title="bbox 1991 3989 3582 4061">
    <p class='ocr_par' dir='ltr' id='par_1_96' title="bbox 1991 3989 3582 4061">
     <span class='ocr_line' id='line_1_96' title="bbox 1991 3989 3582 4061; baseline -0.006 -10"><span class='ocrx_word' id='word_1_724' title='bbox 1991 3996 2135 4051; x_wconf 88' lang='lat' dir='ltr'><strong>dicta</strong></span> <span class='ocrx_word' id='word_1_725' title='bbox 2170 4004 2314 4058; x_wconf 90' lang='lat' dir='ltr'><strong>sunt,</strong></span> <span class='ocrx_word' id='word_1_726' title='bbox 2350 3995 2643 4048; x_wconf 90' lang='lat' dir='ltr'><strong>secundum</strong></span> <span class='ocrx_word' id='word_1_727' title='bbox 2693 4007 2856 4061; x_wconf 89' lang='lat' dir='ltr'><strong>quam</strong></span> <span class='ocrx_word' id='word_1_728' title='bbox 2905 4006 3114 4045; x_wconf 88' lang='lat' dir='ltr'><strong>sacram</strong></span> <span class='ocrx_word' id='word_1_729' title='bbox 3154 3989 3420 4043; x_wconf 90' lang='lat' dir='ltr'><strong>actionem</strong></span> <span class='ocrx_word' id='word_1_730' title='bbox 3468 3990 3582 4043; x_wconf 87' lang='lat' dir='ltr'><strong>elo-</strong></span> 
     </span>
    </p>
   </div>
   <div class='ocr_carea' id='block_1_97' title="bbox 1992 4081 3583 4158">
    <p class='ocr_par' dir='ltr' id='par_1_97' title="bbox 1992 4081 3583 4158">
     <span class='ocr_line' id='line_1_97' title="bbox 1992 4081 3583 4158; baseline -0.004 -17"><span class='ocrx_word' id='word_1_731' title='bbox 1992 4087 2241 4158; x_wconf 90' lang='lat' dir='ltr'><strong>quiorum</strong></span> <span class='ocrx_word' id='word_1_732' title='bbox 2289 4085 2488 4139; x_wconf 85' lang='lat' dir='ltr'><strong>veritas</strong></span> <span class='ocrx_word' id='word_1_733' title='bbox 2520 4084 2763 4152; x_wconf 75' lang='lat' dir='ltr'><strong>sopbisti.</strong></span> <span class='ocrx_word' id='word_1_734' title='bbox 2784 4098 2844 4136; x_wconf 87' lang='lat' dir='ltr'><strong>as</strong></span> <span class='ocrx_word' id='word_1_735' title='bbox 2871 4092 2926 4136; x_wconf 92' lang='lat' dir='ltr'><strong>ct</strong></span> <span class='ocrx_word' id='word_1_736' title='bbox 2974 4082 3254 4136; x_wconf 71' lang='lat' dir='ltr'><strong>\‘etitatem</strong></span> <span class='ocrx_word' id='word_1_737' title='bbox 3286 4091 3340 4135; x_wconf 91' lang='lat' dir='ltr'><strong>et</strong></span> <span class='ocrx_word' id='word_1_738' title='bbox 3376 4081 3583 4137; x_wconf 83' lang='lat' dir='ltr'><strong>falsita-</strong></span> 
     </span>
    </p>
   </div>
   <div class='ocr_carea' id='block_1_98' title="bbox 1996 4174 3576 4245">
    <p class='ocr_par' dir='ltr' id='par_1_98' title="bbox 1996 4174 3576 4245">
     <span class='ocr_line' id='line_1_98' title="bbox 1996 4174 3576 4245; baseline -0.004 -11"><span class='ocrx_word' id='word_1_739' title='bbox 1996 4189 2103 4235; x_wconf 90' lang='lat' dir='ltr'><strong>tem</strong></span> <span class='ocrx_word' id='word_1_740' title='bbox 2158 4186 2344 4232; x_wconf 88' lang='lat' dir='ltr'><strong>contra</strong></span> <span class='ocrx_word' id='word_1_741' title='bbox 2402 4177 2567 4230; x_wconf 89' lang='lat' dir='ltr'><strong>Deum</strong></span> <span class='ocrx_word' id='word_1_742' title='bbox 2624 4176 2902 4245; x_wconf 89' lang='lat' dir='ltr'><strong>loquentes</strong></span> <span class='ocrx_word' id='word_1_743' title='bbox 2957 4174 3266 4238; x_wconf 86' lang='lat' dir='ltr'><strong>inﬁrmavit,</strong></span> <span class='ocrx_word' id='word_1_744' title='bbox 3324 4182 3576 4242; x_wconf 87' lang='lat' dir='ltr'><strong>tanquam</strong></span> 
     </span>
    </p>
   </div>
   <div class='ocr_carea' id='block_1_99' title="bbox 1994 4267 3576 4342">
    <p class='ocr_par' dir='ltr' id='par_1_99' title="bbox 1994 4267 3576 4342">
     <span class='ocr_line' id='line_1_99' title="bbox 1994 4267 3576 4342; baseline -0.004 -17"><span class='ocrx_word' id='word_1_745' title='bbox 1994 4284 2247 4342; x_wconf 85' lang='lat' dir='ltr'><strong>perverse</strong></span> <span class='ocrx_word' id='word_1_746' title='bbox 2290 4269 2564 4338; x_wconf 87' lang='lat' dir='ltr'><strong>sapientes</strong></span> <span class='ocrx_word' id='word_1_747' title='bbox 2607 4269 2862 4321; x_wconf 86' lang='lat' dir='ltr'><strong>rationes.</strong></span> <span class='ocrx_word' id='word_1_748' title='bbox 2899 4267 3049 4319; x_wconf 85' lang='lat' dir='ltr'><strong>Nunc</strong></span> <span class='ocrx_word' id='word_1_749' title='bbox 3076 4276 3280 4330; x_wconf 90' lang='lat' dir='ltr'><strong>autem,</strong></span> <span class='ocrx_word' id='word_1_750' title='bbox 3316 4275 3576 4335; x_wconf 89' lang='lat' dir='ltr'><strong>quantum</strong></span> 
     </span>
    </p>
   </div>
   <div class='ocr_carea' id='block_1_100' title="bbox 1994 4340 3582 4426">
    <p class='ocr_par' dir='ltr' id='par_1_100' title="bbox 1994 4340 3582 4426">
     <span class='ocr_line' id='line_1_100' title="bbox 1994 4340 3582 4426; baseline -0.003 -9"><span class='ocrx_word' id='word_1_751' title='bbox 1994 4340 2289 4418; x_wconf 75' lang='lat' dir='ltr'><strong>secundum</strong></span> <span class='ocrx_word' id='word_1_752' title='bbox 2336 4375 2455 4426; x_wconf 89' lang='lat' dir='ltr'><strong>nos,</strong></span> <span class='ocrx_word' id='word_1_753' title='bbox 2512 4358 2839 4415; x_wconf 74' lang='lat' dir='ltr'><strong>sufﬁcienter</strong></span> <span class='ocrx_word' id='word_1_754' title='bbox 2892 4340 2915 4390; x_wconf 60' lang='grc' dir='ltr'>δ</span> <span class='ocrx_word' id='word_1_755' title='bbox 2957 4358 3204 4412; x_wconf 81' lang='lat' dir='ltr'><strong>latnlatur</strong></span> <span class='ocrx_word' id='word_1_756' title='bbox 3250 4357 3467 4420; x_wconf 90' lang='lat' dir='ltr'><strong>bonum,</strong></span> <span class='ocrx_word' id='word_1_757' title='bbox 3521 4369 3582 4414; x_wconf 90' lang='lat' dir='ltr'><strong>ut</strong></span> 
     </span>
    </p>
   </div>
   <div class='ocr_carea' id='block_1_101' title="bbox 1934 4451 3581 4522">
    <p class='ocr_par' dir='ltr' id='par_1_101' title="bbox 1934 4451 3581 4522">
     <span class='ocr_line' id='line_1_101' title="bbox 1934 4451 3581 4522; baseline -0.002 -14"><span class='ocrx_word' id='word_1_758' title='bbox 1934 4498 1937 4503; x_wconf 87' lang='lat'><strong>.</strong></span> <span class='ocrx_word' id='word_1_759' title='bbox 2000 4470 2127 4510; x_wconf 87' lang='lat' dir='ltr'><strong>vere</strong></span> <span class='ocrx_word' id='word_1_760' title='bbox 2148 4453 2410 4516; x_wconf 86' lang='lat' dir='ltr'><strong>mirabile,</strong></span> <span class='ocrx_word' id='word_1_761' title='bbox 2437 4463 2494 4506; x_wconf 91' lang='lat' dir='ltr'><strong>ut</strong></span> <span class='ocrx_word' id='word_1_762' title='bbox 2516 4453 2836 4522; x_wconf 86' lang='lat' dir='ltr'><strong>principiqu</strong></span> <span class='ocrx_word' id='word_1_763' title='bbox 2859 4459 2910 4506; x_wconf 90' lang='lat' dir='ltr'><strong>et</strong></span> <span class='ocrx_word' id='word_1_764' title='bbox 2937 4451 3058 4505; x_wconf 89' lang='lat' dir='ltr'><strong>ﬁnis</strong></span> <span class='ocrx_word' id='word_1_765' title='bbox 3079 4453 3340 4514; x_wconf 89' lang='lat' dir='ltr'><strong>omnium,</strong></span> <span class='ocrx_word' id='word_1_766' title='bbox 3369 4460 3425 4504; x_wconf 89' lang='lat' dir='ltr'><strong>ut</strong></span> <span class='ocrx_word' id='word_1_767' title='bbox 3451 4466 3581 4505; x_wconf 80' lang='lat' dir='ltr'><strong>con-</strong></span> 
     </span>
    </p>
   </div>
   <div class='ocr_carea' id='block_1_102' title="bbox 2001 4540 3577 4606">
    <p class='ocr_par' dir='ltr' id='par_1_102' title="bbox 2001 4540 3577 4606">
     <span class='ocr_line' id='line_1_102' title="bbox 2001 4540 3577 4606; baseline -0.003 -8"><span class='ocrx_word' id='word_1_768' title='bbox 2001 4543 2226 4598; x_wconf 86' lang='lat' dir='ltr'><strong>tiuentia</strong></span> <span class='ocrx_word' id='word_1_769' title='bbox 2257 4543 2623 4603; x_wconf 84' lang='lat' dir='ltr'><strong>existentinm,</strong></span> <span class='ocrx_word' id='word_1_770' title='bbox 2645 4552 2701 4595; x_wconf 91' lang='lat' dir='ltr'><strong>ut</strong></span> <span class='ocrx_word' id='word_1_771' title='bbox 2724 4540 3044 4594; x_wconf 82' lang='lat' dir='ltr'><strong>formiﬁcum</strong></span> <span class='ocrx_word' id='word_1_772' title='bbox 3079 4556 3180 4593; x_wconf 91' lang='lat' dir='ltr'><strong>non</strong></span> <span class='ocrx_word' id='word_1_773' title='bbox 3210 4541 3577 4606; x_wconf 85' lang='lat' dir='ltr'><strong>existentinm,</strong></span> 
     </span>
    </p>
   </div>
   <div class='ocr_carea' id='block_1_103' title="bbox 1999 4632 3576 4696">
    <p class='ocr_par' dir='ltr' id='par_1_103' title="bbox 1999 4632 3576 4696">
     <span class='ocr_line' id='line_1_103' title="bbox 1999 4632 3576 4696; baseline -0.001 -7"><span class='ocrx_word' id='word_1_774' title='bbox 1999 4643 2061 4689; x_wconf 90' lang='lat' dir='ltr'><strong>ut</strong></span> <span class='ocrx_word' id='word_1_775' title='bbox 2089 4635 2328 4689; x_wconf 67' lang='lat' dir='ltr'><strong>cimnium</strong></span> <span class='ocrx_word' id='word_1_776' title='bbox 2355 4635 2620 4688; x_wconf 89' lang='lat' dir='ltr'><strong>bonorqu</strong></span> <span class='ocrx_word' id='word_1_777' title='bbox 2647 4632 2888 4696; x_wconf 88' lang='lat' dir='ltr'><strong>causale,</strong></span> <span class='ocrx_word' id='word_1_778' title='bbox 2922 4641 2981 4685; x_wconf 91' lang='lat' dir='ltr'><strong>ut</strong></span> <span class='ocrx_word' id='word_1_779' title='bbox 3009 4633 3271 4686; x_wconf 89' lang='lat' dir='ltr'><strong>malorum</strong></span> <span class='ocrx_word' id='word_1_780' title='bbox 3302 4648 3408 4688; x_wconf 88' lang='lat' dir='ltr'><strong>non</strong></span> <span class='ocrx_word' id='word_1_781' title='bbox 3446 4650 3576 4688; x_wconf 86' lang='lat' dir='ltr'><strong>cau-</strong></span> 
     </span>
    </p>
   </div>
   <div class='ocr_carea' id='block_1_104' title="bbox 2000 4722 3580 4795">
    <p class='ocr_par' dir='ltr' id='par_1_104' title="bbox 2000 4722 3580 4795">
     <span class='ocr_line' id='line_1_104' title="bbox 2000 4722 3580 4795; baseline -0.002 -12"><span class='ocrx_word' id='word_1_782' title='bbox 2000 4726 2130 4789; x_wconf 85' lang='lat' dir='ltr'><strong>sale,</strong></span> <span class='ocrx_word' id='word_1_783' title='bbox 2162 4736 2221 4779; x_wconf 90' lang='grc' dir='ltr'><strong>ιιι</strong></span> <span class='ocrx_word' id='word_1_784' title='bbox 2243 4724 2577 4795; x_wconf 81' lang='lat' dir='ltr'><strong>providentia</strong></span> <span class='ocrx_word' id='word_1_785' title='bbox 2617 4734 2671 4777; x_wconf 91' lang='lat' dir='ltr'><strong>et</strong></span> <span class='ocrx_word' id='word_1_786' title='bbox 2715 4722 2928 4776; x_wconf 90' lang='lat' dir='ltr'><strong>bonitas</strong></span> <span class='ocrx_word' id='word_1_787' title='bbox 2968 4723 3311 4787; x_wconf 85' lang='lat' dir='ltr'><strong>universalis,</strong></span> <span class='ocrx_word' id='word_1_788' title='bbox 3345 4736 3398 4777; x_wconf 91' lang='lat' dir='ltr'><strong>et</strong></span> <span class='ocrx_word' id='word_1_789' title='bbox 3421 4741 3580 4795; x_wconf 86' lang='lat' dir='ltr'><strong>snpe-</strong></span> 
     </span>
    </p>
   </div>
   <div class='ocr_carea' id='block_1_105' title="bbox 1999 4813 3577 4881">
    <p class='ocr_par' dir='ltr' id='par_1_105' title="bbox 1999 4813 3577 4881">
     <span class='ocr_line' id='line_1_105' title="bbox 1999 4813 3577 4881; baseline -0.001 -9"><span class='ocrx_word' id='word_1_790' title='bbox 1999 4832 2127 4872; x_wconf 89' lang='lat' dir='ltr'><strong>rans</strong></span> <span class='ocrx_word' id='word_1_791' title='bbox 2156 4816 2441 4872; x_wconf 86' lang='lat' dir='ltr'><strong>existentia</strong></span> <span class='ocrx_word' id='word_1_792' title='bbox 2475 4823 2530 4871; x_wconf 89' lang='lat' dir='ltr'><strong>et</strong></span> <span class='ocrx_word' id='word_1_793' title='bbox 2571 4830 2676 4869; x_wconf 92' lang='lat' dir='ltr'><strong>non</strong></span> <span class='ocrx_word' id='word_1_794' title='bbox 2706 4813 3015 4877; x_wconf 86' lang='lat' dir='ltr'><strong>existentia,</strong></span> <span class='ocrx_word' id='word_1_795' title='bbox 3046 4822 3102 4868; x_wconf 89' lang='lat' dir='ltr'><strong>et</strong></span> <span class='ocrx_word' id='word_1_796' title='bbox 3137 4814 3304 4881; x_wconf 81' lang='lat' dir='ltr'><strong>mala,</strong></span> <span class='ocrx_word' id='word_1_797' title='bbox 3340 4823 3395 4869; x_wconf 89' lang='lat' dir='ltr'><strong>et</strong></span> <span class='ocrx_word' id='word_1_798' title='bbox 3425 4832 3577 4871; x_wconf 89' lang='lat' dir='ltr'><strong>suam</strong></span> 
     </span>
    </p>
   </div>
   <div class='ocr_carea' id='block_1_106' title="bbox 1998 4907 3573 4981">
    <p class='ocr_par' dir='ltr' id='par_1_106' title="bbox 1998 4907 3573 4981">
     <span class='ocr_line' id='line_1_106' title="bbox 1998 4907 3573 4981; baseline -0.001 -17"><span class='ocrx_word' id='word_1_799' title='bbox 1998 4910 2355 4980; x_wconf 88' lang='lat' dir='ltr'><strong>privationem</strong></span> <span class='ocrx_word' id='word_1_800' title='bbox 2384 4908 2580 4963; x_wconf 88' lang='lat' dir='ltr'><strong>bonam</strong></span> <span class='ocrx_word' id='word_1_801' title='bbox 2612 4907 2932 4962; x_wconf 87' lang='lat' dir='ltr'><strong>existentem</strong></span> <span class='ocrx_word' id='word_1_802' title='bbox 2971 4909 3221 4964; x_wconf 90' lang='lat' dir='ltr'><strong>omnibus</strong></span> <span class='ocrx_word' id='word_1_803' title='bbox 3264 4910 3573 4981; x_wconf 83' lang='lat' dir='ltr'><strong>appetibile,</strong></span> 
     </span>
    </p>
   </div>
   <div class='ocr_carea' id='block_1_107' title="bbox 1998 4998 3576 5070">
    <p class='ocr_par' dir='ltr' id='par_1_107' title="bbox 1998 4998 3576 5070">
     <span class='ocr_line' id='line_1_107' title="bbox 1998 4998 3576 5070; baseline -0.001 -14"><span class='ocrx_word' id='word_1_804' title='bbox 1998 5011 2052 5057; x_wconf 90' lang='lat' dir='ltr'><strong>et</strong></span> <span class='ocrx_word' id='word_1_805' title='bbox 2084 5000 2335 5065; x_wconf 89' lang='lat' dir='ltr'><strong>amabile,</strong></span> <span class='ocrx_word' id='word_1_806' title='bbox 2364 5008 2418 5052; x_wconf 91' lang='lat' dir='ltr'><strong>et</strong></span> <span class='ocrx_word' id='word_1_807' title='bbox 2447 4998 2791 5063; x_wconf 87' lang='lat' dir='ltr'><strong>delectabile,</strong></span> <span class='ocrx_word' id='word_1_808' title='bbox 2823 5006 2875 5052; x_wconf 92' lang='lat' dir='ltr'><strong>et</strong></span> <span class='ocrx_word' id='word_1_809' title='bbox 2904 5014 3258 5070; x_wconf 88' lang='lat' dir='ltr'><strong>quaecunque</strong></span> <span class='ocrx_word' id='word_1_810' title='bbox 3283 5002 3385 5055; x_wconf 90' lang='lat' dir='ltr'><strong>alia</strong></span> <span class='ocrx_word' id='word_1_811' title='bbox 3410 5002 3461 5055; x_wconf 91' lang='lat' dir='ltr'><strong>in</strong></span> <span class='ocrx_word' id='word_1_812' title='bbox 3494 5000 3576 5055; x_wconf 87' lang='lat' dir='ltr'><strong>his</strong></span> 
     </span>
    </p>
   </div>
   <div class='ocr_carea' id='block_1_108' title="bbox 1997 5087 3175 5160">
    <p class='ocr_par' dir='ltr' id='par_1_108' title="bbox 1997 5087 3175 5160">
     <span class='ocr_line' id='line_1_108' title="bbox 1997 5087 3175 5160; baseline 0.001 -17"><span class='ocrx_word' id='word_1_813' title='bbox 1997 5088 2171 5160; x_wconf 87' lang='lat' dir='ltr'><strong>palam</strong></span> <span class='ocrx_word' id='word_1_814' title='bbox 2199 5103 2326 5144; x_wconf 83' lang='lat' dir='ltr'><strong>vera</strong></span> <span class='ocrx_word' id='word_1_815' title='bbox 2355 5087 2612 5153; x_wconf 89' lang='lat' dir='ltr'><strong>ostendit,</strong></span> <span class='ocrx_word' id='word_1_816' title='bbox 2640 5096 2699 5141; x_wconf 91' lang='lat' dir='ltr'><strong>ut</strong></span> <span class='ocrx_word' id='word_1_817' title='bbox 2726 5088 2982 5154; x_wconf 84' lang='lat' dir='ltr'><strong>arbitror,</strong></span> <span class='ocrx_word' id='word_1_818' title='bbox 3018 5090 3175 5145; x_wconf 89' lang='lat' dir='ltr'><strong>ratio.</strong></span> 
     </span>
    </p>
   </div>
   <div class='ocr_carea' id='block_1_109' title="bbox 1594 5256 2283 5317">
    <p class='ocr_par' dir='ltr' id='par_1_109' title="bbox 1594 5256 2283 5317">
     <span class='ocr_line' id='line_1_109' title="bbox 1594 5256 2283 5317; baseline 0.006 -6"><span class='ocrx_word' id='word_1_819' title='bbox 1594 5256 1847 5313; x_wconf 76' lang='lat' dir='ltr'><strong>VARIAE</strong></span> <span class='ocrx_word' id='word_1_820' title='bbox 1882 5258 2283 5317; x_wconf 73' lang='lat' dir='ltr'><strong>LECTIONES.</strong></span> 
     </span>
    </p>
   </div>
   <div class='ocr_carea' id='block_1_110' title="bbox 395 5343 1869 5414">
    <p class='ocr_par' dir='ltr' id='par_1_110' title="bbox 395 5343 1869 5414">
     <span class='ocr_line' id='line_1_110' title="bbox 395 5343 1869 5414; baseline -0.001 -11"><span class='ocrx_word' id='word_1_821' title='bbox 395 5351 411 5380; x_wconf 92' lang='grc'>¹</span> <span class='ocrx_word' id='word_1_822' title='bbox 451 5349 495 5403; x_wconf 83' lang='grc' dir='ltr'>Ε</span> <span class='ocrx_word' id='word_1_823' title='bbox 522 5359 694 5402; x_wconf 75' lang='lat' dir='ltr'><strong>autem</strong></span> <span class='ocrx_word' id='word_1_824' title='bbox 747 5348 909 5402; x_wconf 90' lang='lat' dir='ltr'><strong>aliud.</strong></span> <span class='ocrx_word' id='word_1_825' title='bbox 986 5348 1006 5378; x_wconf 84' lang='grc'>²</span> <span class='ocrx_word' id='word_1_826' title='bbox 1045 5347 1088 5402; x_wconf 87' lang='lat' dir='ltr'><strong>E</strong></span> <span class='ocrx_word' id='word_1_827' title='bbox 1132 5363 1195 5400; x_wconf 82' lang='lat' dir='ltr'><strong>ex</strong></span> <span class='ocrx_word' id='word_1_828' title='bbox 1226 5346 1548 5414; x_wconf 79' lang='lat' dir='ltr'><strong>deﬁnitione.</strong></span> <span class='ocrx_word' id='word_1_829' title='bbox 1626 5343 1647 5375; x_wconf 85' lang='grc'>³</span> <span class='ocrx_word' id='word_1_830' title='bbox 1688 5345 1775 5398; x_wconf 83' lang='lat' dir='ltr'><strong>El]</strong></span> <span class='ocrx_word' id='word_1_831' title='bbox 1800 5356 1869 5401; x_wconf 78' lang='lat' dir='ltr'><strong>et.</strong></span> 
     </span>
    </p>
   </div>
   <div class='ocr_carea' id='block_1_111' title="bbox 321 5418 765 5474">
    <p class='ocr_par' dir='ltr' id='par_1_111' title="bbox 321 5418 765 5474">
     <span class='ocr_line' id='line_1_111' title="bbox 321 5418 765 5474; baseline 0.002 -1"><span class='ocrx_word' id='word_1_832' title='bbox 321 5430 436 5474; x_wconf 80' lang='lat' dir='ltr'><strong>tum</strong></span> <span class='ocrx_word' id='word_1_833' title='bbox 480 5436 587 5474; x_wconf 86' lang='lat' dir='ltr'><strong>om.</strong></span> <span class='ocrx_word' id='word_1_834' title='bbox 612 5418 765 5474; x_wconf 71' lang='lat' dir='ltr'><strong>BEll.</strong></span> 
     </span>
    </p>
   </div>
   <div class='ocr_carea' id='block_1_112' title="bbox 397 5596 1884 5666">
    <p class='ocr_par' dir='ltr' id='par_1_112' title="bbox 397 5596 1884 5666">
     <span class='ocr_line' id='line_1_112' title="bbox 397 5596 1884 5666; baseline -0.001 -15"><span class='ocrx_word' id='word_1_835' title='bbox 397 5608 427 5637; x_wconf 75' lang='grc'><strong>⁸</strong></span> <span class='ocrx_word' id='word_1_836' title='bbox 467 5597 589 5653; x_wconf 87' lang='lat' dir='ltr'><strong>Isai.</strong></span> <span class='ocrx_word' id='word_1_837' title='bbox 613 5598 826 5666; x_wconf 70' lang='lat' dir='ltr'><strong>XLVII;</strong></span> <span class='ocrx_word' id='word_1_838' title='bbox 861 5600 1000 5657; x_wconf 82' lang='lat' dir='ltr'><strong>Psal.</strong></span> <span class='ocrx_word' id='word_1_839' title='bbox 1032 5599 1258 5663; x_wconf 69' lang='lat' dir='ltr'><strong>XXXV;</strong></span> <span class='ocrx_word' id='word_1_840' title='bbox 1297 5598 1426 5653; x_wconf 83' lang='lat' dir='ltr'><strong>Luc.</strong></span> <span class='ocrx_word' id='word_1_841' title='bbox 1460 5596 1576 5662; x_wconf 78' lang='lat' dir='ltr'><strong>XII;</strong></span> <span class='ocrx_word' id='word_1_842' title='bbox 1617 5596 1771 5655; x_wconf 81' lang='lat' dir='ltr'><strong>Rom.</strong></span> <span class='ocrx_word' id='word_1_843' title='bbox 1805 5597 1884 5666; x_wconf 82' lang='lat' dir='ltr'><strong>ll;</strong></span> 
     </span>
    </p>
   </div>
   <div class='ocr_carea' id='block_1_113' title="bbox 326 5667 780 5734">
    <p class='ocr_par' dir='ltr' id='par_1_113' title="bbox 326 5667 780 5734">
     <span class='ocr_line' id='line_1_113' title="bbox 326 5667 780 5734; baseline -0.002 -10"><span class='ocrx_word' id='word_1_844' title='bbox 326 5667 436 5724; x_wconf 74' lang='lat' dir='ltr'><strong>Tit.</strong></span> <span class='ocrx_word' id='word_1_845' title='bbox 467 5668 519 5734; x_wconf 84' lang='lat' dir='ltr'><strong>l;</strong></span> <span class='ocrx_word' id='word_1_846' title='bbox 555 5667 667 5724; x_wconf 79' lang='lat' dir='ltr'><strong>Jac.</strong></span> <span class='ocrx_word' id='word_1_847' title='bbox 695 5671 780 5723; x_wconf 74' lang='grc' dir='ltr'><strong>ιγ.</strong></span> 
     </span>
    </p>
   </div>
   <div class='ocr_carea' id='block_1_114' title="bbox 1958 5347 3575 5419">
    <p class='ocr_par' dir='ltr' id='par_1_114' title="bbox 1958 5347 3575 5419">
     <span class='ocr_line' id='line_1_114' title="bbox 1958 5347 3575 5419; baseline -0.004 -17"><span class='ocrx_word' id='word_1_848' title='bbox 1958 5349 1980 5381; x_wconf 73' lang='grc'>⁸</span> <span class='ocrx_word' id='word_1_849' title='bbox 2017 5349 2104 5404; x_wconf 86' lang='grc' dir='ltr'><strong>ΒΕ</strong></span> <span class='ocrx_word' id='word_1_850' title='bbox 2159 5350 2344 5419; x_wconf 80' lang='lat' dir='ltr'><strong>ipsius.</strong></span> <span class='ocrx_word' id='word_1_851' title='bbox 2418 5349 2440 5383; x_wconf 85' lang='grc'><strong><em>⁸</em></strong></span> <span class='ocrx_word' id='word_1_852' title='bbox 2470 5347 2572 5404; x_wconf 76' lang='lat' dir='ltr'><strong>&#39;Sic</strong></span> <span class='ocrx_word' id='word_1_853' title='bbox 2606 5350 2684 5417; x_wconf 84' lang='lat' dir='ltr'><strong>A;</strong></span> <span class='ocrx_word' id='word_1_854' title='bbox 2716 5347 2784 5405; x_wconf 83' lang='lat' dir='ltr'><strong>Et</strong></span> <span class='ocrx_word' id='word_1_855' title='bbox 2823 5350 2867 5405; x_wconf 81' lang='lat' dir='ltr'><strong>si</strong></span> <span class='ocrx_word' id='word_1_856' title='bbox 2898 5364 3001 5404; x_wconf 85' lang='lat' dir='ltr'><strong>non</strong></span> <span class='ocrx_word' id='word_1_857' title='bbox 3037 5356 3283 5417; x_wconf 70' lang='lat' dir='ltr'><strong>appetunt</strong></span> <span class='ocrx_word' id='word_1_858' title='bbox 3321 5373 3385 5387; x_wconf 72' lang='grc' dir='ltr'><strong>ο-</strong></span> <span class='ocrx_word' id='word_1_859' title='bbox 3417 5363 3575 5419; x_wconf 81' lang='lat' dir='ltr'><strong>appe.</strong></span> 
     </span>
    </p>
   </div>
   <div class='ocr_carea' id='block_1_115' title="bbox 843 5414 2003 5487">
    <p class='ocr_par' dir='ltr' id='par_1_115' title="bbox 843 5414 2003 5487">
     <span class='ocr_line' id='line_1_115' title="bbox 843 5414 2003 5487; baseline 0 -15"><span class='ocrx_word' id='word_1_860' title='bbox 843 5419 863 5449; x_wconf 81' lang='grc'>⁸</span> <span class='ocrx_word' id='word_1_861' title='bbox 905 5417 989 5472; x_wconf 85' lang='lat' dir='ltr'><strong>Bll</strong></span> <span class='ocrx_word' id='word_1_862' title='bbox 1011 5430 1322 5487; x_wconf 78' lang='lat' dir='ltr'><strong>peccatores.</strong></span> <span class='ocrx_word' id='word_1_863' title='bbox 1399 5417 1418 5445; x_wconf 70' lang='grc' dir='ltr'><strong>ν</strong></span> <span class='ocrx_word' id='word_1_864' title='bbox 1462 5414 1503 5468; x_wconf 83' lang='grc' dir='ltr'>Ε</span> <span class='ocrx_word' id='word_1_865' title='bbox 1541 5418 2003 5472; x_wconf 78' lang='lat' dir='ltr'><strong>conversationem.</strong></span> 
     </span>
    </p>
   </div>
   <div class='ocr_carea' id='block_1_116' title="bbox 1827 5505 2075 5566">
    <p class='ocr_par' dir='ltr' id='par_1_116' title="bbox 1827 5505 2075 5566">
     <span class='ocr_line' id='line_1_116' title="bbox 1827 5505 2075 5566; baseline 0.02 -5"><span class='ocrx_word' id='word_1_866' title='bbox 1827 5505 2075 5566; x_wconf 85' lang='lat' dir='ltr'><strong>NOTAE.</strong></span> 
     </span>
    </p>
   </div>
   <div class='ocr_carea' id='block_1_117' title="bbox 2102 5419 2621 5489">
    <p class='ocr_par' dir='ltr' id='par_1_117' title="bbox 2102 5419 2621 5489">
     <span class='ocr_line' id='line_1_117' title="bbox 2102 5419 2621 5489; baseline 0.004 -16"><span class='ocrx_word' id='word_1_867' title='bbox 2102 5420 2125 5452; x_wconf 79' lang='grc'>⁸</span> <span class='ocrx_word' id='word_1_868' title='bbox 2163 5419 2251 5473; x_wconf 80' lang='grc' dir='ltr'><strong>ΒΗ</strong></span> <span class='ocrx_word' id='word_1_869' title='bbox 2281 5419 2621 5489; x_wconf 76' lang='lat' dir='ltr'><strong>sufﬁcientes.</strong></span> 
     </span>
    </p>
   </div>
   <div class='ocr_carea' id='block_1_118' title="bbox 2068 5603 2382 5660">
    <p class='ocr_par' dir='ltr' id='par_1_118' title="bbox 2068 5603 2382 5660">
     <span class='ocr_line' id='line_1_118' title="bbox 2068 5603 2382 5660; baseline 0 0"><span class='ocrx_word' id='word_1_870' title='bbox 2068 5603 2093 5643; x_wconf 70' lang='grc' dir='ltr'>δ</span> <span class='ocrx_word' id='word_1_871' title='bbox 2131 5604 2316 5660; x_wconf 71' lang='lat' dir='ltr'><strong>lcob.</strong></span> <span class='ocrx_word' id='word_1_872' title='bbox 2344 5605 2382 5660; x_wconf 89' lang='grc' dir='ltr'><strong>Ι.</strong></span> 
     </span>
    </p>
   </div>
  </div>
