3978 6160
483 250 615 307 lli?

1018 362 1416 420 CAPITULUM
1459 363 1519 418 ν.

676 491 753 549 De
784 504 899 549 eme
930 494 943 526 ¹
976 495 1029 548 in
1054 496 1155 566 quo
1185 502 1233 548 et
1277 493 1342 549 de
1363 492 1834 565 paradigmalibus.

549 627 956 682 Transeundum
1011 636 1190 682 autem
1252 643 1398 682 nunc
1445 628 1498 682 in
1549 641 1677 681 vere
1727 626 2049 681 existentem

482 732 606 771 vere
669 717 812 771 entis
868 714 1222 785 theologicam
1276 716 1553 771 essentiae
1600 714 2046 770 nominationem.

481 808 713 862 Tantum
744 818 924 861 autem
965 808 1393 871 admonebimus,
1433 809 1560 877 quia
1587 807 1779 862 rationi
1821 807 2052 861 intentio

478 908 576 957 est,
602 912 703 949 non
731 896 1234 966 superessentialem
1276 897 1601 962 essentiam,
1642 911 1784 965 quae
1804 910 2053 965 superes-

476 989 719 1042 sentialis
765 998 878 1050 est,
932 987 1301 1043 manifestare.
1334 987 1612 1043 lueﬂ‘abile
1658 989 1803 1043 enim
1852 988 1955 1043 hoc
1998 996 2053 1041 et

479 1079 893 1148 incognoseibile
918 1090 1002 1134 est
1022 1120 1036 1143 ,
1067 1087 1122 1135 et
1145 1080 1519 1135 universaliter
1550 1079 1970 1150 inexplauabile,
1996 1087 2054 1134 et

479 1172 646 1237 ipsum
677 1169 1131 1238 supeiexaltatam
1162 1173 1444 1233 unitatem,
1473 1171 1567 1225 sed
1616 1170 2050 1225 substantilieam

478 1258 527 1309 in
586 1259 870 1311 existentia
936 1260 1117 1312 omnia
1166 1260 1379 1313 divinae
1424 1260 1693 1315 essentiae
1741 1259 2054 1330 principalis

476 1349 876 1414 processionem
909 1346 1148 1402 laudare.
1179 1348 1392 1401 Etenim
1427 1348 1617 1416 optimi
1663 1349 1843 1403 divina
1880 1349 2054 1403 nomi-

479 1438 654 1500 natio,
705 1446 845 1491 totas
894 1438 1134 1491 omnium
1172 1438 1405 1493 causalis
1456 1440 1832 1507 processiones
1884 1439 2056 1493 mani-

477 1525 699 1587 festans,
731 1528 864 1581 etin
895 1528 1181 1582 existentia
1209 1538 1264 1583 et
1287 1529 1337 1581 in
1367 1544 1471 1584 non
1505 1530 1797 1584 existentia
1824 1530 2007 1585 omnia
2029 1531 2050 1561 '

474 1615 817 1678 extenditur,
870 1624 927 1669 et
972 1631 1135 1684 super
1159 1617 1444 1671 existentia
1491 1625 1547 1671 et
1573 1633 1733 1686 super
1773 1633 1878 1672 non
1905 1619 2052 1674 exis-

1846 246 2132 306 UOANNIS
2169 246 2365 306 S'COTI

2079 366 2127 424 Α
2147 358 2299 427 jores
2324 374 2392 414 ex
2424 374 2490 413 eo
2533 359 2852 415 donationes
2901 362 3249 433 accipientes,
3278 368 3422 422 sicut
3451 377 3508 423 et
3549 380 3727 427 cetera

3590 262 3619 317 ἰ
3635 261 3727 317 ηε

2146 448 2483 504 censualium
2508 459 2767 519 superant
2790 450 2919 505 ditia
2947 466 3015 506 ex
3044 456 3535 524 superabundantia
3559 462 3728 518 ratio-

2152 539 2283 606 nis;
2314 548 2371 593 et
2401 540 2536 594 haec
2578 554 2762 604 sensu,
2790 549 2843 594 et
2874 542 2978 596 alia
3009 544 3139 597 vita.
3168 545 3235 599 Et
3257 558 3358 610 est,
3390 558 3452 601 ut
3475 550 3724 616 arbitror,

2152 627 2255 683 hoc
2284 643 2494 692 verum,
2519 629 2646 697 quia
2679 631 2849 701 magis
2878 632 2976 701 ipsi
3000 643 3128 689 sunt
3154 638 3485 704 proximiora
3509 651 3570 695 et
3593 643 3728 698 divi-

2147 715 2307 770 niora
2336 716 2576 786 reliquis.
2628 717 2890 784 Quoniam
2919 721 3137 790 quidem
3162 732 3219 778 et
3246 724 3314 780 de
3356 727 3443 780 his
3477 728 3725 796 diximus,

2154 819 2254 874 age
2275 807 2561 876 optimum,
2588 818 2646 862 ut
2675 824 2822 875 vere,
2853 820 2910 865 et
2937 813 3284 869 existentium
3319 819 3568 873 omnium
3611 822 3729 877 sub-

2152 896 2478 950 stantiticum
2527 897 2850 953 laudemus:
2917 898 2986 955 ὢν
3044 904 3210 957 totius
3262 919 3384 959 esse
3436 910 3727 964 secundum

2154 985 2408 1039 virtutem
2440 988 2947 1055 superessentialem
3001 1002 3084 1046 est
3108 994 3446 1052 substituens
3469 1012 3656 1061 causa.
3680 1010 3728 1055 et

2154 1084 2368 1129 creator
2397 1078 2683 1132 existentis
2708 1078 3097 1136 subsistentiae
3117 1123 3133 1147 ,
3159 1086 3524 1153 substantiae,
3552 1104 3728 1146 essea-

2157 1167 2285 1229 tiae,
2315 1180 2543 1223 naturae
2589 1170 3016 1242 principium,,et
3044 1190 3296 1231 mensura
3322 1180 3656 1245 seculorum,
3679 1193 3728 1237 et

2150 1262 2456 1324 temporum
2488 1261 2888 1326 essentialitas,
2920 1273 2976 1316 et
2998 1267 3293 1321 aeternitas
3341 1271 3725 1335 existentium,

2158 1352 2370 1413 tempus
2422 1346 2709 1411 factorum,
2756 1366 2883 1406 esse
2939 1365 3233 1425 utcumque
3264 1360 3445 1414 tactis.
3479 1362 3559 1416 Ex
3609 1375 3729 1419 oute

2153 1444 2455 1500 aeternum,
2471 1446 2526 1491 et
2552 1440 2811 1502 essentia,
2840 1450 2896 1496 et
2920 1441 2996 1509 ὃν,
3021 1456 3323 1517 ettempus,
3350 1462 3408 1505 et
3434 1457 3726 1521 generatio,

2156 1533 2210 1577 et
2236 1522 2458 1578 factum.
2488 1524 2548 1580 ln
2577 1528 2831 1583 existenti
2861 1533 3170 1597 existentia,
3202 1547 3260 1591 et
3293 1548 3588 1611 utrumque
3617 1545 3733 1599 sub-

2158 1616 2405 1668 sistentia
2430 1624 2484 1669 et
2505 1616 2824 1673 substantia.
2858 1621 3070 1677 Etenim
3096 1623 3240 1680 Deus
3278 1632 3518 1697 nondum
3542 1642 3627 1686 est
3645 1634 3728 1699 ὅ..

479 1708 644 1760 tentia
693 1716 797 1761 est.
870 1707 1013 1761 Haec
1061 1722 1193 1762 vero
1238 1710 1380 1763 entia
1429 1709 1482 1763 in
1536 1708 1716 1763 omnia
1760 1709 2048 1763 existentia
2079 1703 2128 1760 Β
2155 1706 2247 1758 sed
2269 1705 2586 1774 simpliciter
2604 1718 2660 1762 et
2688 1709 3103 1769 incircumi‘niite
3130 1724 3302 1772 totum
3329 1720 3383 1772 in
3413 1722 3731 1792 seipsoesse

474 1797 803 1861 extenditur,
857 1807 911 1851 et
955 1812 1116 1866 super
1166 1799 1346 1852 omnia
1401 1808 1503 1853 est.
1555 1800 1654 1854 Ast
1683 1800 1794 1869 ipsa
1825 1802 1967 1855 vitae
1998 1800 2051 1853 in

476 1887 659 1939 omnia
675 1886 910 1940 viventia
934 1887 1261 1951 extenditur,
1289 1896 1344 1941 et
1369 1903 1528 1957 super
1554 1889 1790 1943 viventia
1818 1899 1916 1943 est.
1935 1889 2051 1959 Ipsa

476 1977 599 2030 dein
637 1976 939 2044 sapientiae
967 1975 1020 2029 in
1057 1977 1237 2031 omnia
1265 1977 1647 2031 intellectualia
1678 1986 1733 2033 et
1772 1978 2051 2033 rationalia

475 2077 530 2120 et
559 2068 829 2120 sensualia
880 2068 1213 2132 extenditur,
1258 2078 1313 2123 et
1342 2084 1505 2140 super
1547 2072 1681 2127 haec
1724 2073 1905 2126 omnia
1947 2082 2049 2128 est.

474 2157 584 2211 llas
617 2172 746 2227 ergo
778 2158 916 2213 ratio
950 2159 1165 2219 laudare
1188 2160 1461 2215 desiderat
1483 2164 1852 2231 providentiae
1881 2163 2054 2217 mani-

473 2247 755 2303 festativas
782 2250 991 2304 divinas
1017 2252 1432 2307 nominationes.
1463 2252 1578 2308 Non
1611 2255 1753 2309 enim
1784 2269 2054 2324 exponere

472 2337 590 2405 ejus
645 2341 1150 2409 supet‘essentialem
1182 2344 1510 2409 bonitatem,
1539 2353 1594 2399 et
1634 2347 1925 2401 essentiam
1951 2386 1968 2411 ,
1999 2357 2054 2401 et

475 2435 665 2496 vitam,
689 2443 744 2489 et
771 2436 1093 2504 sapientiam
1121 2451 1178 2491 se
1201 2438 1669 2506 superessentialis
1691 2439 2054 2508 deitatis-pro-

473 2523 662 2586 mittit,
691 2537 828 2592 quae
850 2534 933 2578 est
963 2540 1126 2595 sul-er
1150 2540 1365 2580 omnem
1396 2527 1693 2583 bonitatam
1722 2538 1776 2584 et
1800 2530 2052 2584 deitatem

471 2623 529 2666 et
569 2616 858 2668 essentiam
906 2626 964 2670 et
991 2619 1313 2687 sapientiam
1346 2629 1403 2674 et
1432 2622 1596 2676 vitam
1634 2623 1686 2677 in
1716 2624 1964 2689 occultis,
1995 2632 2054 2678 ut

473 2700 683 2770 eloquia
722 2714 749 2742 ι
791 2704 995 2769 dicunt,
1027 2708 1488 2776 supercollocata,
1524 2712 1620 2766 sed
1665 2714 2052 2782 exprimentem

473 2790 772 2846 beneﬁcam
823 2796 1213 2862 providentiam
1239 2838 1255 2863 ,
1305 2801 1794 2868 supereminentem
1842 2804 2053 2857 bonita-

456 2863 606 2946 tem,
631 2892 688 2937 et
711 2885 1036 2953 optimorum
1059 2889 1301 2942 omnium
1327 2863 1548 2945 causam
1574 2891 1776 2956 laudat,
1808 2902 1864 2948 et
1890 2890 1965 2956 ὅν,
1997 2902 2052 2948 et

475 2974 661 3038 vitam,
693 2986 747 3029 et
776 2980 1098 3046 sapientiam
1123 2982 1556 3038 substantiticam
1580 2994 1635 3039 et
1672 2974 1965 3051 viviﬁcam,
1997 2997 2052 3042 et

2153 1795 2483 1850 coamhieus.
2520 1796 2756 1853 Proinde
2794 1809 2851 1854 et
2874 1816 2969 1855 rex
3002 1804 3203 1860 dicitur
3233 1808 3582 1878 seculorum,
3616 1823 3728 1869 lall-

2153 1901 2313 1954 quam
2331 1886 2379 1940 in
2395 1890 2682 1958 semetipso
2695 1902 2749 1945 et
2768 1892 2912 1946 circa
2936 1895 3168 1964 seipsum
3192 1907 3358 1956 totius
3376 1912 3501 1959 esse
3523 1915 3579 1958 et
3597 1908 3732 1962 antis

2152 1978 2492 2032 substitutor.
2504 1977 2568 2032 Et
2582 1995 2755 2050 neque
2766 1993 2901 2047 erat,
2922 1999 3094 2055 neque
3107 1991 3232 2055 erit,
3250 2006 3424 2061 neque
3442 1993 3726 2062 factusest,

2148 2080 2327 2135 neque
2351 2068 2429 2131 iit,
2462 2084 2634 2137 neque
2656 2071 2767 2125 tiet.
2794 2073 2961 2142 Magis
2973 2086 3153 2131 autem
3177 2094 3351 2150 neque
3380 2094 3485 2145 est,
3510 2090 3605 2139 sed
3628 2090 3727 2156 ipse

2154 2165 2237 2209 est
2266 2171 2384 2210 esse
2413 2160 2792 2227 existentibus,
2848 2173 2902 2218 et
2930 2181 3036 2220 non
3061 2170 3352 2226 existentia
3394 2176 3603 2241 solum,
3644 2181 3728 2232 sed

2153 2245 2327 2314 ipsum
2350 2261 2468 2301 esse
2488 2249 2833 2305 existentium
2856 2268 2921 2308 ex
2950 2265 3075 2312 ante
3096 2263 3442 2319 aeternaliter
3459 2277 3608 2321 onte.
3623 2268 3726 2337 Ipse

2152 2335 2297 2388 enim
2317 2346 2400 2391 est
2418 2340 2712 2393 secundum
2739 2342 3039 2400 seculorum
3060 2351 3362 2407 subsiSteus
3382 2366 3513 2409 ante
3531 2335 3723 2411 secula.

2148 2424 2494 2496 liecipieiites
2514 2430 2675 2500 igitur
2693 2433 2954 2502 dicamus,
2971 2439 3095 2506 quia
3109 2443 3359 2497 omnibus
3373 2448 3725 2504 existentibus

2152 2528 2207 2573 et
2239 2520 2433 2576 seculis
2457 2536 2577 2577 esse
2603 2539 2670 2579 ex
2700 2528 3016 2594 providente
3043 2535 3208 2586 ontis.
3241 2535 3307 2589 Et
3326 2552 3492 2592 omne
3518 2542 3727 2609 quidem

2148 2612 2391 2666 seculum
2420 2624 2477 2667 et
2498 2624 2709 2685 tempus
2747 2633 2815 2672 ex
2846 2620 2962 2688 ipso
2994 2638 3007 2675 :
3054 2626 3219 2680 totius
3249 2639 3431 2684 autem
3473 2644 3530 2687 et
3571 2635 3729 2689 seculi

2148 2711 2206 2754 et
2252 2705 2535 2771 temporis,
2569 2715 2624 2759 et
2648 2708 2824 2763 omnis
2851 2719 3139 2784 utcumque
3177 2717 3340 2783 oatis,
3382 2721 3474 2789 qui
3501 2733 3585 2775 est
3616 2734 3734 2777 ante

2153 2791 2243 2858 ὧν,
2273 2796 2597 2865 principium
2622 2811 2679 2853 et
2704 2815 2890 2867 causa,
2916 2812 2967 2857 et
2986 2808 3169 2860 omnia
3188 2809 3358 2877 ipsum
3386 2816 3731 2883 participant,

2150 2891 2206 2937 et
2223 2898 2253 2935 a
2283 2883 2428 2938 nullo
2446 2887 2791 2943 existentium
2818 2894 3040 2957 recedit,
3063 2905 3116 2950 et
3139 2898 3249 2965 ipse
3271 2911 3348 2954 est
3375 2912 3507 2957 ante
3531 2908 3730 2974 omnia,

2148 2979 2206 3024 et
2239 2973 2423 3047 omnia
2462 2974 2515 3027 in
2564 2990 2625 3030 se
2654 2979 2955 3046 constituit,
2979 2993 3034 3036 et
3080 2986 3397 3055 simpliciter
3419 2991 3465 3046 si
3506 2996 3631 3062 quis
3659 3010 3735 3049 ut-

473 3064 769 3132 sapientiae
796 3067 1057 3124 datrieem
1097 3085 1317 3127 causam
1364 3077 1667 3142 essentiae,
1705 3086 1762 3132 et
1792 3079 1936 3133 vitae
1956 3118 1971 3143 ,
2001 3088 2051 3133 et

2158 3078 2389 3134 cumque
2422 3075 2525 3132 est,
2553 3068 2604 3121 in
2635 3078 2760 3124 ante
2800 3080 2928 3126 onte
2965 3083 3023 3128 et
3071 3085 3173 3141 est,
3208 3088 3264 3132 et
3298 3078 3641 3154 intelligitur,
3683 3096 3734 3140 et

469 3153 799 3220 intellectus,
834 3169 888 3211 et
915 3162 1159 3227 rationis,
1177 3172 1231 3217 et
1258 3179 1450 3219 sensus
1480 3168 1911 3237 percipientium.
1942 3169 2056 3222 Non

465 3246 616 3301 aliud
638 3259 818 3303 autem
841 3266 961 3306 esse
973 3256 1234 3323 optimum
1252 3257 1402 3321 dicit,
1425 3260 1635 3314 etaliud
1663 3258 1808 3325 3a,et
1828 3262 1970 3317 aliud
1984 3263 2058 3316 vi-

474 3346 710 3401 tam,aut
732 3341 1074 3408 sapientiam,
1100 3361 1273 3415 neque
1291 3349 1455 3403 multa
1470 3352 1731 3417 causalia,
1756 3363 1810 3406 et
1828 3352 2055 3408 aliorum

474 3426 612 3482 alias
632 3431 928 3486 creatriees
963 3434 1189 3489 deitates
1215 3440 1681 3506 supereminentes
1701 3451 1757 3496 et
1777 3443 2052 3498 subditas:

472 3518 567 3571 sed
596 3522 754 3574 unius
782 3520 874 3574 Dei
906 3531 1043 3577 totas
1067 3518 1716 3597 optinias'processiones,
1748 3542 1804 3587 et
1838 3549 1870 3587 a
1902 3534 2056 3589 nobis

469 3604 718 3661 laudatas
733 3610 941 3665 divinas
962 3615 1175 3667 nomina
1185 3615 1385 3673 tiones:
1404 3628 1459 3672 et
1471 3634 1591 3674 esse
1613 3622 1830 3691 quidem
1850 3625 2058 3679 univer-

469 3696 601 3751 salis
624 3699 779 3753 uuius
795 3701 887 3755 Dei
909 3705 1276 3770 providentiae
1294 3709 1764 3778 inanil'estativam,
1794 3717 2055 3785 quasdam

473 3798 655 3842 autem
700 3790 1144 3849 universaliorum
1176 3796 1417 3867 ejusdem
1463 3810 1519 3855 et
1557 3804 2050 3871 particulariorum.

472 3879 538 3932 Et
570 3882 786 3949 quidem
827 3885 1027 3939 dixerit
1060 3888 1182 3956 quis
1205 3899 1393 3944 contra
1423 3890 1548 3957 hoc,
1575 3894 1764 3967 eodem
1789 3896 2056 3951 existente

469 3971 658 4035 vitam,
690 3982 743 4027 et
781 3975 890 4029 vita
915 3978 1233 4045 sapientiam
1272 3990 1735 4052 superextentam,
1765 3985 2053 4040 existentia

466 4064 688 4133 quidem
719 4067 972 4132 viventia,
1006 4087 1068 4124 ea
1091 4081 1663 4146 antem,quaecunque
1690 4077 1894 4143 vivunt,
1927 4092 2053 4133 sen-

466 4157 684 4222 sualia,
723 4168 779 4212 et
829 4161 1020 4215 eadem
1075 4163 1403 4229 rationalia,
1454 4176 1511 4222 et
1553 4168 1841 4223 rationalia
1896 4169 1916 4200 ⁸
1963 4169 2050 4224 in-

472 4246 723 4301 tellectus
771 4251 1216 4319 supereminent,
1261 4262 1319 4309 et
1373 4256 1520 4312 circa
1568 4257 1734 4312 Deum
1787 4268 1949 4326 sunt,
1999 4268 2055 4316 et

470 4340 641 4408 magis
669 4340 721 4394 ei
770 4343 1168 4409 approximant.
1200 4345 1266 4400 Et
1306 4348 1522 4416 quidem
1552 4351 1839 4418 oportebat
1880 4352 2053 4408 maxi-

472 4443 684 4482 marum
714 4445 779 4484 ex
808 4430 915 4486 Deo
943 4433 1288 4490 donationum
1316 4440 1697 4509 participantia
1743 4450 1800 4496 et
1820 4442 2045 4497 meliora

467 4534 610 4584 esse,
632 4528 689 4575 et
708 4531 891 4576 cetera
910 4526 1330 4593 supereminere.
1356 4527 1464 4585 Sed
1506 4532 1551 4585 si
1570 4532 1788 4601 quidem
1812 4533 2050 4589 inessen-

475 4609 621 4662 tialia
647 4620 702 4664 et
728 4612 982 4667 anitnalia
1010 4616 1132 4684 quis
1153 4616 1444 4673 substituat
1473 4620 1880 4686 intellectualia,
1909 4623 2046 4680 bene

468 4699 694 4754 haberet
715 4703 873 4756 ratio.
905 4703 962 4758 Si
1000 4715 1179 4761 autem
1221 4716 1276 4762 et
1322 4719 1449 4765 sunt
1495 4710 1663 4766 divini
1689 4713 1858 4768 animi
1884 4728 2048 4785 super

465 4789 674 4860 reliqua
698 4795 1012 4862 existentia,
1041 4807 1098 4852 et
1125 4800 1315 4854 vivunt
1344 4817 1505 4871 super
1551 4803 1657 4859 alia
1703 4807 1962 4871 viventia,
1991 4815 2050 4862 et

463 4880 793 4952 intelligunt,
815 4896 869 4940 et
895 4901 1225 4959 cognoscunt
1243 4907 1406 4961 super
1433 4903 1730 4963 sensumet
1753 4896 2039 4963 rationem,

458 4979 518 5025 et
561 4971 703 5028 ultra
733 4977 912 5032 omnia
949 4979 1233 5035 existentia
1273 4983 1470 5037 bonum
1500 4992 1555 5038 et
1582 4985 1845 5053 optimum
1873 5002 2039 5057 appeo

459 5070 588 5118 tunt
607 5073 661 5120 et
687 5067 1037 5139 participant,
1079 5071 1181 5140 ipsi
1223 5072 1394 5142 magis
1419 5083 1547 5128 sunt
1576 5074 1722 5130 circa
1751 5077 2041 5147 optimum,

459 5154 828 5214 abundantius
873 5160 1042 5230 ipsius
1083 5162 1502 5232 participantes,
1536 5176 1591 5220 et
1639 5166 1819 5236 plures
1848 5178 1902 5222 et
1930 5184 2044 5223 ma-

2157 3154 2416 3209 salvatur.
2442 3157 2507 3211 Et
2528 3169 2655 3213 ante
2684 3162 2789 3216 alia
2819 3163 2901 3217 sui
2924 3166 3304 3237 participantia
3330 3187 3453 3229 esse
3484 3179 3734 3245 praemii.

2159 3246 2307 3311 titur,
2340 3256 2394 3302 et
2424 3258 2509 3304 est
2535 3250 2708 3320 ipsum
2733 3266 2830 3324 per
2853 3270 2916 3311 se
2948 3272 3069 3313 esse
3092 3263 3413 3331 maximum,
3441 3283 3543 3336 per
3573 3285 3635 3324 se
3658 3273 3731 3324 vi-

2159 3349 2267 3394 tam
2295 3347 2546 3410 esscndo,
2593 3364 2772 3417 perse
2813 3354 3130 3421 sapientiam
3175 3362 3427 3426 essendo,
3454 3373 3513 3417 et
3554 3380 3731 3434 perse

2155 3431 2560 3489 similitudinem
2607 3439 2843 3495 divinam
2872 3448 3119 3512 essendo,
3144 3459 3198 3502 et
3233 3449 3336 3504 alia
3381 3431 3730 3522 quaecunque

2154 3526 2556 3596 participantia,
2605 3541 2729 3587 ante
2771 3537 2955 3590 omnia
2982 3553 3103 3594 esse
3138 3542 3537 3612 participando.
3570 3545 3728 3617 Magis

2156 3629 2211 3675 et
2231 3622 2363 3680 haec
2385 3638 2481 3693 per
2501 3637 2560 3678 se
2578 3627 2757 3681 omnia
2783 3628 2852 3684 ὢν
2871 3631 3155 3686 existentia
3179 3638 3557 3705 participando
3603 3640 3732 3708 idip—

2156 3726 2274 3765 sum
2298 3724 2395 3782 per
2423 3727 2482 3767 se
2502 3730 2623 3770 esse
2646 3720 2976 3789 participant
3002 3722 3044 3778 ⁸.
3090 3725 3158 3781 Et
3185 3728 3318 3781 nihil
3346 3740 3431 3783 est
3477 3733 3727 3794 essentia,

2158 3815 2214 3859 et
2256 3808 2550 3862 secundum
2579 3810 2631 3864 id
2674 3811 2847 3881 ipsum
2880 3830 3002 3871 esse
3028 3821 3290 3874 omnium.
3325 3821 3526 3878 Merito
3566 3825 3683 3878 aliis
3710 3824 3731 3855 ⁸

2156 3896 2209 3949 in
2234 3898 2781 3970 principalius,ut¢2n,
2802 3906 2941 3962 Deus
2955 3923 3022 3963 ex
3051 3913 3381 3979 praestantia
3409 3915 3640 3970 aliorum
3654 3918 3730 3971 sui

2155 3988 2417 4045 bonorum
2440 3991 2707 4048 laudatur.
2729 3996 2938 4053 Etenim
2971 4015 3225 4070 praeesse
3253 4013 3309 4059 et
3336 4021 3630 4075 superesse
3659 4008 3734 4063 [ε-

2156 4080 2383 4147 stlnans,
2420 4093 2475 4137 et
2508 4097 2768 4154 superans
2812 4102 2952 4156 esse,
2986 4105 3166 4158 omne,
3211 4096 3315 4148 hoc
3359 4096 3485 4152 dico
3534 4114 3633 4168 per
3678 4115 3735 4153 se

2154 4185 2295 4240 esse,
2332 4182 2459 4231 ante
2497 4174 2755 4244 substitit,
2786 4188 2842 4235 et
2867 4196 2934 4236 ex
2966 4182 3083 4252 ipso
3113 4199 3234 4241 esse
3262 4189 3439 4243 omnis
3458 4207 3478 4246 :
3509 4206 3735 4261 quomo-

2166 4263 2238 4317 do
2277 4280 2406 4334 ergo
2434 4262 2493 4320 ὃν
2527 4267 2800 4323 substitit?
2844 4270 2910 4325 Et
2940 4274 3156 4342 quidem
3198 4276 3464 4347 principia
3495 4283 3732 4335 existen-

2080 4405 2130 4464 Β
2159 4352 2292 4407 tium
2315 4358 2517 4421 omnia,
2576 4358 2742 4427 ipsius
2773 4374 2897 4417 esse
2940 4367 3343 4437 participantia,
3367 4382 3425 4425 et
3481 4382 3627 4437 sunt,
3679 4382 3729 4427 et

2152 4444 2417 4514 principia
2451 4455 2599 4510 sunt,
2629 4459 2683 4502 et
2704 4452 2881 4519 primo
2902 4462 3049 4518 sunt,
3077 4457 3271 4511 deinde
3302 4461 3564 4531 principia
3586 4473 3727 4517 sunt.

2152 4531 2222 4587 Et
2253 4534 2301 4588 si
2332 4535 2443 4589 vult
2486 4539 2803 4605 viventium,
2840 4552 2902 4596 ut
2926 4545 3247 4612 viventium,
3294 4555 3623 4623 principium
3648 4555 3729 4609 di-

2151 4638 2276 4680 cere
2325 4638 2423 4694 per
2464 4628 2699 4698 seipsaut
2727 4632 2916 4697 vitam,
2952 4645 3008 4691 et
3049 4638 3327 4706 similium,
3365 4654 3427 4697 ut
3454 4646 3727 4710 similium,

2151 4732 2250 4787 per
2284 4719 2518 4787 seipsam
2565 4722 2995 4793 similitudinem,
3021 4739 3078 4783 et
3105 4734 3401 4799 unitomm,
3455 4747 3517 4791 ut
3557 4739 3732 4792 unito-

2149 4821 2292 4872 rum,
2316 4822 2414 4878 per
2457 4809 2690 4879 seipsam
2732 4815 3018 4883 unitatem,
3048 4828 3104 4872 et
3123 4821 3524 4890 ordinaturum,
3556 4835 3613 4879 ut
3637 4841 3729 4880 or-

2149 4898 2474 4965 dinaturum,
2521 4916 2620 4971 per
2668 4905 2901 4973 seipsam
2932 4909 3352 4969 ordinationem.
3396 4915 3729 4980 etaliorum,

2149 5004 2499 5062 quaecunque
2551 4994 2726 5064 hujus,
2787 4998 2903 5054 sive
2982 5001 3162 5071 hujus,
3209 5003 3323 5059 sive
3362 5005 3393 5037 ⁸
3425 5008 3724 5071 amborum,

2146 5080 2439 5135 multorum
2463 5085 2861 5153 participantia.
2886 5090 3006 5153 hoc,
3030 5100 3123 5144 aut
3152 5093 3274 5158 hoc,
3297 5104 3391 5149 aut
3420 5100 3600 5160 ambo,
3630 5107 3727 5150 aut

2146 5172 2312 5225 multa
2338 5181 2495 5227 sunt:
2514 5189 2611 5245 per
2630 5178 2807 5248 seipsa
2834 5181 3115 5251 [mrticipia
3139 5185 3382 5240 invenies
3412 5188 3577 5256 ipsius
3604 5202 3730 5241 esse

1740 5261 1995 5319 VARIAE
2052 5264 2455 5322 LECTIONES.

540 5340 693 5422 fusa;
729 5344 1095 5422 cnddnindex
1122 5347 1780 5422 capitulorumjexistente.
1858 5356 1880 5385 ⁸
1917 5356 2091 5409 omnia
2113 5370 2222 5410 om.
2256 5358 2367 5413 ΑΕ.
2444 5358 2467 5392 ³
2503 5361 2589 5417 Βη
2614 5362 2972 5422 irrationalia.

459 5408 629 5496 lilii];
662 5412 702 5464 A
740 5413 985 5496 Etnnibil
1013 5425 1097 5470 est
1120 5408 1384 5483 essentia,
1415 5420 1566 5490 cujus
1595 5439 1697 5476 non
1736 5424 1804 5476 sit
1853 5408 2437 5496 essentiuetnseenl—unt,

460 5480 489 5508 ⁸
513 5479 615 5534 sive
641 5497 750 5534 om.
774 5481 863 5537 BH
880 5521 896 5536 .

3050 5369 3072 5399 ⁸
3100 5367 3190 5442 BE
3204 5371 3509 5442 participat.
3584 5373 3613 5405 ⁸
3634 5371 3728 5429 Sic

2486 5432 2710 5501 “ipsum
2751 5451 2846 5505 per
2894 5453 2949 5492 se
2984 5454 3112 5494 esse.
3164 5432 3360 5496 Merita
3394 5432 3722 5512 igiturah'ia.

1972 5563 2150 5620 ~lVO'l‘A
2159 5566 2220 5621 Ε.

538 5631 570 5657 II
601 5618 753 5674 Psal.
788 5621 922 5677 XVII
944 5642 957 5688 ;
983 5622 1101 5680 Job.
1129 5626 1357 5683 XXVIII.
