3978 6160
331 255 461 315 “59

956 255 1205 314 VERSIO
1240 256 1525 313 OPERUM
1556 258 1627 313 ‘S.
1672 252 1986 313 DIONYSII.
2020 285 2089 294 —
2137 255 2223 310 DE
2262 255 2510 312 DiVlNlS
2550 256 2945 315 NOMINIBUS.

3443 268 3575 321 “720

324 368 552 439 primum
583 378 647 420 ea
668 365 1068 436 participantur,
1090 376 1233 422 eteo
1259 381 1381 424 esse
1408 368 1641 438 primum
1674 367 1889 436 quidem
1919 370 1963 429 Α
1993 366 2207 428 stentia,
2242 376 2297 420 et
2346 366 2483 422 bene
2526 369 2837 434 existentia,
2867 380 2924 426 et
2943 386 3011 426 ex
3063 372 3177 440 ipso
3201 374 3473 440 inchoata,
3518 394 3576 436 et

325 457 632 520 existentia,
663 458 855 511 deinde
872 456 1032 524 hujus
1062 467 1156 512 aut
1186 455 1342 524 hujus
1370 459 1632 527 principia
1658 458 1895 511 existen-

327 548 423 612 tia,
458 556 513 601 et
543 548 914 616 participando
949 562 1015 601 eo
1057 563 1196 611 esse,
1237 548 1520 602 existentia
1555 548 1893 617 participata.

326 634 382 689 Si
425 644 604 690 autem
644 636 775 690 haec
802 638 1220 705 participatione
1268 652 1388 691 esse
1415 647 1563 700 sunt,
1596 637 1760 690 tuulto
1787 651 1897 688 ma-

321 716 405 798 gis
448 745 637 784 eorum
683 728 1079 801 patti'éipantia.
1123 730 1357 784 Primam
1406 730 1571 799 igitur
1600 730 1765 797 ipsius
1802 743 1899 797 per

320 822 555 890 seipsmu
586 836 708 875 esse
724 822 1098 882 donationem,
1135 836 1230 889 per
1253 822 1484 889 seipsam
1511 836 1719 875 summa
1740 820 1889 874 honi-

324 917 435 967 tate
485 910 806 977 praemissa,
856 920 912 963 et
947 912 1176 963 maxima
1235 911 1406 979 prima
1463 911 1894 980 participantium

323 1000 562 1053 laudant.
591 1000 655 1053 Et
691 1010 817 1053 sunt
857 1017 921 1054 ex
948 1002 1083 1069 ipsa,
1125 1012 1177 1056 et
1207 1003 1259 1056 in
1292 1005 1426 1072 ipsa,
1469 1014 1527 1058 et
1556 1003 1727 1072 ipsum
1749 1018 1893 1069 esse,

321 1101 377 1146 et
426 1092 772 1146 existentium
824 1094 1109 1161 principia,
1159 1103 1211 1146 et
1276 1095 1559 1147 mistentia
1596 1095 1801 1158 omnia,
1841 1104 1896 1150 et

298 1192 775 1251 quaeutcumque
801 1183 869 1235 ab
897 1199 1019 1237 esse
1045 1184 1392 1237 continentur
1425 1201 1438 1235 :
1464 1192 1518 1235 et
1546 1185 1645 1237 hoc
1677 1184 1897 1237 immen-

321 1282 522 1334 surate,
580 1282 633 1325 et
678 1272 978 1336 convolute,
1001 1282 1058 1326 et
1105 1275 1271 1326 unite.
1303 1273 1514 1327 Etenim
1566 1275 1617 1327 in
1670 1276 1896 1329 mnnade

318 1363 500 1416 omnis
550 1378 806 1417 numerus
834 1364 1263 1433 antcgatbsistit,
1311 1373 1367 1417 et
1416 1364 1574 1418 habet
1615 1380 1896 1418 numerum

299 1467 539 1507 -omnetn
595 1466 782 1506 mouas
831 1451 885 1505 itt
932 1454 1220 1521 semetipsa
1247 1454 1612 1522 singulariter,
1643 1464 1699 1509 et
1722 1456 1897 1509 omnis

302 1558 581 1597 'numerus
613 1544 797 1596 unitur
840 1544 1057 1621 quidem
1110 1546 1162 1598 in
1204 1547 1432 1600 mouade
1466 1563 1479 1599 :
1513 1556 1771 1615 quantum
1801 1563 1897 1600 au-

322 1643 433 1687 tem
458 1634 690 1689 mouade
717 1635 986 1703 provenit,
1012 1643 1220 1689 tantum
1269 1637 1597 1691 discernitur
1623 1648 1679 1693 et
1718 1638 1897 1691 multi-

2000 456 2051 508 in
2083 456 2199 524 ipso
2223 457 2509 521 custodita,
2547 467 2601 511 ct
2633 459 2683 511 in
2720 460 2890 529 ipsum
2931 474 3326 517 consummata.
3362 466 3426 518 Et
3454 473 3574 537 qui-

1995 545 2116 601 dem
2150 546 2613 601 hmturahitissima
2660 547 2959 615 ipsiusesse
2989 551 3227 604 tribuunt
3263 554 3577 612 melioribus

1996 646 2027 686 e
2057 634 2247 689 sentiis
2272 674 2287 698 ,
2334 650 2468 703 quas
2522 646 2578 689 et
2620 647 2872 691 aeternas
2928 650 3118 694 \ocant
3170 642 3380 712 clnqttitl
3412 663 3425 698 :
3458 662 3577 701 esse

1997 734 2174 780 autem
2219 726 2391 795 ipsum
2443 727 2802 782 existentibus
2838 732 3088 785 omnibus
3113 749 3385 803 nunquam
3418 740 3575 792 dest:-

1996 812 2150 865 ritur.
2185 814 2248 867 Et
2297 816 2468 883 ipsum
2505 830 2631 870 vero
2674 831 2794 871 esse
2815 834 2879 872 ex
2929 829 3055 873 ante
3079 832 3226 884 onte,
3268 834 3320 878 et
3364 828 3433 880 ab
3460 827 3576 895 ipso

1996 911 2078 957 est
2110 917 2250 967 esse,
2287 914 2343 958 et
2378 921 2481 958 non
2509 906 2619 974 ipse
2655 922 2795 970 esse,
2826 919 2880 963 et
2911 923 3032 963 eum
3062 910 3223 964 habet
3257 929 3396 977 esse,
3427 926 3475 968 et
3509 916 3577 972 ὢν

1996 993 2313 1063 principium
2353 1005 2406 1049 et
2445 1012 2716 1061 mensura,
2754 1009 2878 1053 ante
2932 1003 3200 1056 ρεηυιιιίειε
3225 1003 3291 1058 ὧν
3322 1014 3377 1059 et
3410 1010 3574 1069 nntis,

1995 1092 2051 1137 et
2082 1084 2268 1147 seculi,
2298 1096 2349 1138 et
2386 1087 2626 1141 omnium
2674 1090 3106 1144 suhsmntiticunt
3140 1096 3485 1164 principium.
3523 1111 3577 1153 et

1998 1174 2277 1236 medietas,
2299 1184 2353 1227 et
2376 1177 2784 1229 consummatio.
2813 1178 2877 1232 Et
2913 1191 3191 1248 propterea
3223 1186 3292 1237 ah
3345 1186 3575 1256 eloquiis

1998 1263 2110 1333 ipse
2154 1278 2277 1316 vere
2325 1264 2548 1320 autc-iw
2571 1266 2724 1331 juxta
2754 1282 2968 1321 onmem
2998 1272 3343 1326 existentiutn
3382 1276 3574 1330 intelli-

1996 1354 2227 1427 gentiam
2253 1355 2656 1424 multiplicatur,
2693 1366 2747 1410 et
2776 1360 2918 1425 quod
2958 1369 3078 1413 erat
3106 1362 3156 1414 itt
3184 1362 3321 1430 ipso,
3351 1374 3404 1417 et
3428 1367 3576 1434 quod

1996 1452 2100 1506 est,
2124 1454 2178 1496 et
2201 1446 2344 1512 quod
2379 1445 2504 1509 erit,
2542 1454 2597 1499 et
2637 1448 2779 1513 quod
2810 1446 3012 1501 factum
3039 1459 3143 1512 est,
3188 1462 3241 1505 et
3271 1453 3350 1517 fit,
3381 1467 3435 1509 et
3463 1458 3574 1520 lict,

1998 1536 2211 1604 proprie
2234 1537 2501 1592 laudatur.
2531 1538 2675 1595 Haec
2702 1541 2847 1594 enim
2869 1541 3050 1594 omnia
3098 1543 3355 1598 divinitus
3381 1548 3579 1601 intelli-

1998 1626 2246 1694 gentibus
2325 1628 2616 1682 secundum
2648 1698 2653 1701 _
2689 1645 2905 1683 omnem
2964 1633 3417 1703 exeogttalionem
3488 1639 3571 1707 ip-

319 1722 573 1791 ’,ιίρηηη⁸
610 1724 673 1776 Et
723 1725 775 1776 in
824 1733 1012 1777 comm
1036 1740 1226 1779 οηιηθε
1256 1726 1442 1799 circuli
1470 1726 1642 1781 lineae
1698 1743 1890 1783 seum.
1924 1709 1967 1763 Β
1999 1731 2116 1770 sum
2170 1719 2690 1787 supercssentialitcr
2733 1734 2854 1774 esse
2906 1721 3233 1788 signiﬁcant.
3270 1735 3326 1781 et
3371 1727 3570 1796 ubique

317 1818 449 1867 dum
480 1814 706 1882 primam
734 1815 993 1869 unitatem
1037 1817 1462 1872 consubstitutae
1500 1829 1645 1872 sunt.
1679 1819 1745 1873 Et
1775 1835 1896 1873 om-

298 1918 419 1957 .nes
461 1904 622 1958 habet
656 1903 865 1972 signum
903 1904 955 1958 in
989 1908 1279 1976 semetipso
1309 1908 1531 1977 sintplas
1558 1908 1899 1962 uniformiter

317 1998 502 2050 unitas
532 1995 596 2050 ad
644 2010 703 2050 se
752 1995 1007 2060 invicem,
1052 2005 1107 2049 et
1157 1998 1223 2051 ad
1254 2014 1417 2051 unmn
1455 2000 1896 2069 principium,“

314 2101 429 2153 quo
459 2088 841 2155 procedebant,
879 2096 932 2140 et
965 2087 1016 2140 in
1068 2088 1184 2156 ipso
1215 2087 1231 2119 ‘
1277 2090 1494 2155 quidem
1548 2101 1736 2145 centro
1772 2091 1895 2144 uui-

314 2175 605 2231 versaliter
651 2177 973 2230 adnitantur.
1015 2176 1260 2231 Breviter
1289 2189 1466 2232 autem
1506 2196 1571 2233 eo
1610 2181 1895 2245 distantes,

315 2270 558 2324 breviter
598 2278 653 2323 et
679 2269 1099 2324 discernuntur:
1149 2273 1321 2340 magis
1346 2282 1522 2326 autem
1558 2275 1893 2337 recedentes,

316 2359 513 2428 magis.
564 2359 629 2412 Et
672 2359 1009 2427 simpliciter,
1035 2371 1237 2429 quanto
1299 2373 1486 2416 centro
1539 2364 1896 2433 proxiutiores

316 2462 470 2512 sunt,
498 2459 706 2504 tantum
752 2460 808 2504 et
848 2452 948 2520 ipsi
975 2462 1032 2506 et
1057 2453 1158 2506 sibi
1195 2453 1422 2507 invicem
1453 2458 1759 2508 alunantur
1790 2472 1804 2508 :
1840 2464 1896 2508 et

314 2550 582 2609 quantum
611 2555 697 2603 eo,
731 2550 940 2596 tantum
963 2550 1019 2595 et
1043 2558 1073 2596 a
1098 2557 1158 2596 se
1188 2542 1416 2596 invicem
1452 2544 1675 2597 distant.
1708 2543 1813 2598 Sed
1839 2552 1895 2599 et

318 2632 377 2684 in
409 2639 518 2683 tota
538 2631 776 2684 omnium
803 2641 990 2684 natura
1017 2648 1208 2687 omnes
1238 2635 1530 2687 secundum
1558 2624 1893 2704 singula'na-

317 2727 476 2773 turae
506 2719 743 2773 rationes
768 2720 1087 2775 convolutae
1112 2732 1234 2776 sunt
1258 2737 1352 2791 per
1374 2739 1532 2777 unam
1557 2724 1893 2778 inconfusam

316 2811 583 2865 unitatem
612 2830 626 2864 :
650 2822 703 2866 et
731 2812 784 2865 in
814 2813 990 2866 anima
1022 2813 1364 2868 uniformiter
1397 2815 1691 2870 secundum
1714 2827 1895 2885 partes

314 2902 561 2956 mmtiutn
592 2904 847 2972 providae
874 2906 1034 2959 totius
1057 2907 1302 2975 corporis
1326 2909 1573 2962 virtutes.
1599 2907 1743 2963 Nihil
1764 2925 1894 2979 ergo

316 2994 733 3063 inconsequens,
774 3010 839 3048 ex
898 2997 1142 3051 obscuris
1198 2998 1521 3067 imaginibus
1559 2999 1611 3053 in
1651 3001 1890 3055 omnimn

315 3084 542 3138 causale
567 3087 945 3150 ascendentes,
978 3090 1433 3157 supermundanis
1460 3091 1633 3146 oculis
1652 3101 1894 3146 contem-

315 3172 456 3241 plari
484 3174 663 3228 omnia
695 3175 746 3229 in
795 3177 1032 3230 omnium
1056 3178 1281 3241 causali,
1314 3186 1369 3233 et
1408 3179 1509 3234 sibi
1542 3182 1771 3236 invicem
1801 3197 1895 3251 op-

317 3262 494 3328 posita
541 3262 881 3319 uniformiter
920 3275 976 3318 et
1031 3267 1198 3321 unite.
1241 3267 1571 3338 Principium
1619 3272 1762 3325 enim
1811 3282 1896 3327 est

317 3353 696 3419 existentium,
720 3371 783 3410 ex
810 3371 917 3424 quo
955 3366 1009 3410 et
1034 3358 1206 3427 ipsum
1234 3374 1375 3423 esse,
1405 3369 1457 3414 et
1501 3362 1680 3416 omnia
1705 3369 1897 3417 utcun-

316 3462 427 3516 que
448 3448 757 3511 existentia,
781 3464 941 3503 omne
963 3450 1305 3520 principium,
1333 3453 1511 3507 omnis
1550 3453 1695 3520 linis,
1720 3457 1898 3511 onmis

315 3538 454 3602 vita,
502 3539 680 3592 omnis
710 3539 1106 3608 immortalitas,
1155 3542 1332 3597 omnis
1385 3544 1674 3610 sapientia,
1720 3546 1896 3600 omnis

316 3627 476 3690 ordo,
499 3628 674 3681 omnis
697 3628 997 3694 harmonia,
1019 3631 1196 3684 omnis
1211 3632 1399 3695 virtus,
1422 3634 1601 3687 omnis
1626 3636 1892 3701 custodia,

317 3718 499 3771 omnis
535 3717 815 3772 collocatio
839 3721 885 3785 ⁸,
909 3721 1085 3775 omnis
1109 3722 1439 3789 distributio,
1465 3726 1640 3780 omnis
1689 3723 1898 3783 intelle-

318 3818 464 3871 ctus,
484 3810 662 3863 omnis
692 3810 849 3874 ratio,
877 3813 1056 3867 omnis
1080 3829 1287 3877 sensus,
1317 3816 1494 3870 omnis
1524 3817 1760 3879 habitus,
1781 3832 1897 3872 om-

318 3901 408 3953 nis
434 3909 629 3965 status,
655 3903 833 3956 omnis
863 3911 1060 3969 motus,
1096 3906 1274 3960 omnis
1314 3906 1519 3971 unitas,
1550 3921 1710 3961 oume
1755 3906 1897 3974 judi-

316 3994 489 4055 cium,
515 3995 691 4048 omnis
734 3996 992 4062 amicitia,
1021 3998 1198 4051 omnis
1225 3999 1553 4067 compactio,
1578 4000 1751 4054 omnis
1782 4001 1894 4054 dis-

316 4083 522 4147 cretio,
556 4085 731 4138 oumis
763 4088 1050 4151 terminus,
1081 4095 1135 4139 et
1165 4087 1268 4140 alia
1299 4100 1657 4157 quaecunque
1682 4087 1751 4142 ab
1776 4102 1897 4143 esse

315 4175 614 4229 cxistentia
638 4177 816 4231 omnia
848 4178 1302 4232 characterizaut.
1332 4178 1397 4233 Et
1423 4195 1486 4233 ex
1517 4179 1629 4249 ipsa
1655 4180 1894 4233 omnium

316 4278 485 4317 causa
540 4264 835 4319 invisibiles
861 4274 916 4320 ct
937 4267 1329 4323 intellectuales
1353 4268 1690 4324 deifortuium
1729 4283 1894 4339 ange-

318 4353 803 4417 lorumcssentiae,
835 4365 888 4409 et
912 4358 1212 4411 animarum
1242 4367 1296 4411 et
1349 4360 1511 4414 totius
1552 4360 1735 4413 mundi
1795 4377 1892 4415 na-

322 4451 470 4503 tura,
509 4452 563 4496 et
605 4459 743 4511 quae
774 4454 1043 4513 utcunque
1070 4455 1162 4500 aut
1190 4446 1242 4501 in
1287 4447 1408 4503 aliis
1456 4449 1768 4515 subsistere,
1804 4460 1898 4506 aut

318 4532 626 4588 secundum
655 4535 1103 4603 excogitationem
1128 4551 1248 4593 esse
1276 4538 1548 4594 dicuntur.
1578 4539 1645 4594 Et
1676 4543 1892 4610 quidem

315 4624 486 4693 igitur
512 4622 884 4681 sanctissimae
903 4634 957 4679 et
980 4630 1479 4696 praestantissimae
1511 4633 1740 4689 virtutes
1769 4651 1895 4691 vere

315 4713 636 4775 existentes,
689 4722 744 4771 et
793 4714 940 4769 velut
996 4717 1049 4770 in
1096 4718 1372 4773 vestibulis
1425 4722 1895 4790 superessentialis

316 4800 607 4855 Trinitatis
646 4802 937 4867 stabilitae,
981 4806 1048 4860 ab
1081 4806 1215 4875 ipsa,
1244 4817 1299 4861 et
1344 4809 1395 4862 in
1428 4808 1540 4880 ipsa
1568 4820 1624 4864 et
1672 4827 1810 4878 esse,
1840 4823 1897 4870 et

316 4890 659 4948 deiformiter
686 4906 809 4949 esse
837 4894 1056 4960 habent,
1079 4905 1133 4949 et
1157 4907 1278 4966 post
1301 4896 1420 4952 illas
1441 4899 1687 4955 subditae
1712 4900 1893 4972 subje-

315 4994 494 5045 cmm,
519 4991 573 5037 et
603 4985 925 5042 novissimae
954 4995 1276 5053 extremum,
1318 4999 1578 5059 quantum
1615 4991 1681 5046 ad
1732 5008 1897 5063 ange-

216 5094 229 5099 -
316 5070 401 5127 lus
432 5088 445 5124 :
480 5082 740 5142 quantum
768 5090 897 5130 vero
919 5078 984 5133 ad
1015 5094 1133 5142 nos,
1157 5081 1671 5149 supermundanum.
1700 5082 1766 5138 Et
1790 5083 1893 5138 alia

317 5164 502 5216 omnia
547 5166 831 5220 existentia
868 5182 964 5235 per
1002 5168 1225 5223 eandem
1283 5171 1542 5226 rationem
1590 5181 1809 5239 etesse,
1841 5183 1897 5229 et

320 5252 461 5306 bene
491 5267 611 5308 esse
650 5255 849 5309 habent
895 5271 910 5309 :
955 5268 1009 5310 et
1051 5266 1194 5321 sunt,
1226 5268 1281 5313 et
1321 5260 1455 5315 bene
1494 5271 1637 5324 sunt.
1667 5277 1735 5317 ex
1766 5273 1893 5318 ante

320 5352 449 5396 onte
492 5358 628 5407 esse,
657 5354 712 5398 et
741 5345 879 5401 bene
907 5358 1026 5402 esse
1070 5349 1319 5403 habentia
1353 5359 1444 5406 :et
1468 5351 1518 5405 in
1549 5353 1663 5421 ipso
1685 5363 1739 5408 et
1776 5355 1889 5409 exi-

1924 4411 1973 4470 D

2002 1810 2341 1864 existentium
2363 1811 2647 1866 causalem.
2669 1812 2878 1866 Etenim
2896 1829 3070 1882 neque
3097 1817 3313 1885 quidem
3341 1828 3425 1874 est
3449 1821 3572 1886 hoc,

2000 1900 2102 1956 hoc
2131 1911 2309 1956 autem
2342 1917 2445 1957 non
2476 1912 2558 1957 est
2582 1920 2595 1955 :
2623 1917 2797 1971 neque
2825 1904 2896 1958 ibi
2921 1906 3136 1972 quidem
3165 1917 3268 1972 est,
3295 1908 3365 1964 ibi
3395 1922 3572 1966 autem

2001 2009 2105 2048 non
2128 1976 2248 2048 est:
2279 1996 2371 2048 sed
2423 1994 2603 2049 omnia
2648 2003 2751 2058 est,
2780 2005 2836 2049 ut
2881 1996 3114 2051 causalis
3142 2001 3405 2067 omnium,
3435 2011 3489 2056 et
3522 2004 3575 2058 in

2000 2087 2116 2156 ipso
2143 2087 2320 2140 omnia
2366 2086 2652 2157 principia,
2691 2102 2881 2143 omnes
2932 2091 3192 2155 confines,
3228 2107 3417 2148 omnes
3446 2109 3578 2150 cou-

1997 2177 2293 2240 clusiones,
2349 2179 2529 2231 omnia
2577 2179 2861 2233 existentia
2899 2182 3211 2237 eoamhiens
3253 2192 3305 2237 et
3350 2186 3579 2257 praelia-

1997 2266 2149 2330 bens,
2180 2276 2235 2322 et
2268 2283 2429 2336 super
2479 2268 2659 2321 omnia
2711 2278 2818 2331 est,
2846 2278 2904 2322 ut
2935 2269 2955 2301 ³
2981 2281 3107 2326 ante
3152 2272 3334 2327 omnia
3390 2289 3577 2343 super—

1996 2357 2359 2412 essentialiter
2397 2359 2674 2426 super-Iw.
2713 2358 2943 2413 Proinde
2989 2369 3047 2416 et
3088 2362 3269 2415 omnia
3321 2363 3387 2418 de
3416 2380 3479 2419 eo
3521 2374 3579 2420 et

1997 2447 2155 2501 simul
2203 2447 2606 2515 praedicantur,
2660 2456 2713 2500 et
2744 2448 2875 2502 nihil
2912 2457 2996 2503 est
3027 2450 3375 2505 existentium
3407 2471 3420 2504 :
3455 2452 3566 2506 for-

1997 2538 2383 2602 mosissinnun,
2408 2537 2887 2608 speciosissimum,
2926 2539 3044 2594 sine
3072 2540 3265 2606 forma,
3298 2543 3416 2598 sine
3445 2559 3571 2612 spe—

1996 2630 2097 2693 cie,
2122 2629 2382 2699 principia
2421 2638 2476 2685 et
2502 2631 2673 2685 media
2695 2639 2751 2685 et
2782 2630 2916 2686 ﬁnes
2954 2633 3301 2687 existentiqu
3339 2635 3570 2691 immcn-
3646 2636 3649 2641 ”

1996 2732 2179 2777 surate
2222 2730 2277 2776 et
2321 2730 2527 2776 remote
2554 2721 2606 2775 in
2633 2722 2925 2791 semetipso
2947 2723 3344 2792 praeambiens,
3375 2735 3429 2779 et
3456 2740 3574 2781 om-

1996 2811 2155 2865 nibus
2177 2826 2297 2865 esse
2323 2810 2477 2879 juxta
2501 2812 2728 2881 primam
2760 2819 2813 2867 et
2835 2813 3206 2882 superunitam
3232 2829 3450 2869 causam
3485 2816 3569 2871 in-

1997 2902 2358 2955 contaminate
2388 2901 2687 2955 declarans.
2720 2901 2775 2956 Si
2798 2903 2942 2956 enim
2965 2914 3118 2971 Juxta
3162 2920 3260 2959 nos
3289 2904 3368 2959 sol
3399 2906 3574 2960 sensi-

1997 2992 2186 3046 bilium
2230 2992 2495 3047 essentias
2532 3000 2587 3046 et
2624 2991 2935 3062 qualitates,
2969 3002 3022 3046 et
3051 2994 3266 3062 quidem
3300 2994 3492 3049 multas
3517 3005 3573 3049 et

1998 3084 2261 3138 discretas
2280 3083 2597 3147 existentes,
2623 3091 2800 3136 tamen
2832 3082 2945 3152 ipse
2972 3098 3110 3136 unus
3139 3091 3329 3147 ens,et
3360 3083 3571 3137 unifor-

1996 3174 2101 3229 mis
2129 3172 2436 3227 illtttninans
2478 3172 2567 3225 lux
2627 3184 2871 3234 renovat,
2908 3181 2960 3226 et
2990 3174 3181 3237 n'utrit,
3214 3181 3269 3227 et
3313 3174 3569 3238 custodit,

1996 3274 2051 3321 et
2071 3265 2302 3336 perlicit,
2332 3274 2383 3319 et
2403 3264 2686 3327 discernit,
2715 3272 2769 3318 et
2794 3264 2931 3327 nnit,
2961 3274 3015 3317 et
3048 3262 3273 3327 refovet,
3302 3272 3358 3317 et
3383 3264 3570 3319 fecun-

1996 3356 2061 3412 da
2111 3370 2231 3410 esse
2284 3354 2433 3417 facit,
2465 3363 2519 3408 et
2563 3362 2741 3424 auget,
2793 3363 2848 3407 et
2896 3364 3088 3418 mutat,
3128 3364 3183 3408 et
3222 3354 3471 3420 collocat,
3519 3363 3575 3410 et

1994 3448 2220 3519 plantat,
2248 3455 2302 3501 et
2339 3455 2599 3508 removet,
2652 3453 2706 3499 et
2734 3444 2972 3499 viviﬁcat
2997 3444 3201 3509 omnia,
3229 3454 3283 3497 et
3329 3444 3572 3498 omnium

1997 3539 2413 3609 unumquodque
2441 3538 2659 3608 praprie
2694 3537 2796 3593 sibi
2840 3539 3068 3591 eundem
3106 3546 3161 3589 et
3195 3551 3359 3590 unum
3406 3534 3573 3589 solem

1996 3631 2303 3702 participat,
2352 3639 2408 3685 et
2457 3628 2747 3684 multorum
2796 3627 3234 3697 participantium
3308 3640 3448 3679 unus
3493 3624 3575 3677 sol

1997 3736 2187 3776 causas
2207 3721 2272 3785 _in
2303 3721 2481 3791 seipse
2507 3718 2843 3775 uniformiter
2891 3715 3191 3787 praeamhit
3218 3733 3231 3769 :
3266 3716 3433 3769 nmlto
3464 3731 3575 3769 ma-

1996 3814 2078 3884 gis
2098 3828 2262 3883 super
2289 3821 2467 3866 terrae
2502 3820 2557 3866 et
2592 3810 2761 3879 ipsius
2788 3819 2843 3863 et
2866 3808 3108 3863 omnium
3137 3807 3394 3871 causalis,
3421 3822 3578 3877 prac-

2000 3905 2200 3962 texisse
2229 3905 2340 3974 ipse
2364 3904 2606 3958 omnium
2631 3901 2977 3956 existentium
3000 3900 3368 3970 paradigmata
3392 3914 3582 3955 secun.

1998 3996 2121 4050 dum
2149 4010 2310 4048 uuam
2339 3989 2841 4062 superessentialem
2870 3989 3128 4043 unitatem
3155 3990 3573 4045 concedendum.

1998 4085 2198 4140 Deinde
2224 4093 2276 4137 et
2307 4082 2572 4136 essentias
2600 4078 2818 4132 adducit
2853 4077 3005 4147 juxta
3040 4077 3106 4131 ab
3128 4078 3363 4131 essentia
3394 4093 3577 4147 egres-

1998 4176 2226 4231 sionem.
2248 4171 2625 4239 Paradigmata
2648 4177 2824 4223 autent
2843 4167 3072 4222 dicimus
3087 4181 3206 4221 esse
3231 4166 3374 4237 ipsas
3395 4168 3447 4220 in
3467 4167 3576 4222 Deo

1997 4266 2345 4322 cxistentium
2376 4260 2777 4319 substantilicas
2811 4269 2867 4314 et
2896 4258 3239 4314 uniformiter
3268 4267 3577 4328 praetextas

2000 4360 2258 4417 rationes,
2298 4370 2433 4425 quas
2482 4348 2745 4424 theologia
2773 4350 3292 4421 praedestinationes
3324 4357 3500 4413 vocat,
3523 4360 3577 4404 et

2000 4450 2212 4506 divinas
2240 4456 2296 4502 et
2318 4446 2549 4515 optimas
2576 4443 2901 4505 voluntates,
2933 4439 3285 4494 existentium
3322 4438 3572 4494 discreti-

2002 4558 2097 4596 vas
2117 4550 2171 4594 et
2207 4538 2446 4596 factivas.
2477 4535 2769 4590 secundum
2797 4546 2931 4601 quas
2969 4530 3082 4599 ipse
3110 4528 3576 4599 superessentialis

2002 4629 2288 4686 existentia
2311 4625 2491 4682 omnia
2516 4632 2571 4680 et
2607 4615 3027 4693 praedestinavit
3047 4630 3101 4675 et
3121 4620 3364 4675 adduxit.
3395 4618 3450 4677 Si
3481 4635 3575 4675 au-

2003 4733 2109 4777 tem
2138 4721 2486 4792 philosophus
2514 4718 2732 4787 dignum
2758 4715 2904 4771 ducit
2925 4713 3174 4769 Clemens
3211 4712 3255 4778 ⁸,
3288 4723 3344 4768 et
3374 4713 3438 4767 ad
3474 4714 3574 4769 ali-

2002 4813 2128 4883 quid
2174 4810 2539 4883 paradigmata
2588 4805 2691 4861 dici
2736 4805 2791 4859 in
2841 4805 3200 4861 existentibus
3243 4805 3571 4875 antiquiora,

1999 4902 2246 4977 provenit
2267 4902 2481 4973 quidem
2522 4913 2628 4954 non
2654 4910 2751 4968 per
2780 4896 2994 4967 propria
3015 4905 3070 4952 et
3095 4898 3334 4969 perfecta
3357 4908 3413 4953 et
3438 4898 3572 4952 sim-

1999 4995 2085 5065 pla
2116 4993 2329 5048 nomiua
2382 4991 2520 5046 ratio
2579 4988 2703 5059 ipsi.
2734 4986 3105 5043 Concedentes
3154 4998 3332 5043 autem
3381 4987 3573 5042 ethoc

2001 5096 2147 5140 recte
2195 5083 2296 5137 dici
2332 5079 2629 5150 theologiae
2674 5078 3099 5145 memorandum,
3148 5077 3393 5138 dicentis,
3445 5076 3568 5145 quia

2000 5192 2105 5231 non
2148 5171 2354 5227 ostendi
2380 5168 2473 5225 tibi
2503 5169 2635 5223 haec
2658 5167 2806 5221 exire
2834 5178 2953 5236 post
2977 5182 3063 5230 ea,
3094 5166 3186 5221 sed
3225 5174 3283 5218 ut
3311 5177 3404 5231 per
3434 5163 3572 5217 haec

1999 5261 2380 5337 proportionali
2395 5260 2617 5318 scientia
2634 5258 2685 5311 in
2699 5258 2935 5312 omnium
2951 5270 3167 5311 causam
3179 5295 3192 5318 ,
3207 5262 3465 5321 quantum
3482 5266 3573 5321 po-

2001 5365 2175 5410 tentes
2195 5365 2399 5416 sumus,
2430 5352 2804 5421 ascendamus.
2834 5345 3022 5401 Omnia
3047 5358 3175 5414 ergo
3200 5342 3322 5396 huic
3335 5340 3577 5396 existen-

1618 5506 1871 5565 VARIAE
1912 5470 2315 5565 Leértoxss.

394 5632 410 5661 ⁸
442 5630 534 5684 Βιι
576 5638 629 5687 cl
664 5634 764 5703 ipsi
792 5634 1029 5704 quidem.
1106 5634 1243 5693 ἈΗ
1290 5638 1519 5695 collatio.
1598 5642 1617 5673 ³
1640 5644 1729 5697 ΛΕ
1751 5653 1815 5698 et.
1894 5648 1895 5667 ³

1997 5642 2025 5696 Ε
2067 5641 2244 5695 clintes
2271 5637 2437 5711 (quod
2465 5644 2547 5693 est
2577 5646 2833 5703 graecum
2866 5629 3103 5702 ιλὴμης).
