3978 6160
446 252 592 308 MM

1811 239 2091 300 IOANNlS
2145 241 2341 303 SCOTI

3571 261 3711 324 “5‘3

458 367 529 421 tia
583 360 880 419 secundum
933 374 1095 414 unam
1149 358 1388 413 omnium
1440 359 1707 415 excelsam
1757 361 2038 416 scientiam
2067 369 2114 425 Α
2142 370 2196 417 et
2238 361 2308 416 ab
2351 376 2416 415 ea
2453 375 2551 432 per
2594 360 2801 433 singula
2836 376 2957 417 esse
3003 362 3241 432 proprie,
3290 365 3556 435 szngulam
3586 384 3706 425 aes-

454 453 820 516 referendnm,
867 450 1120 520 quoniam
1151 451 1367 519 quidem
1410 466 1475 505 ex
1514 466 1634 506 esse
1663 453 2034 508 substantiﬁca

453 544 798 618 processione
834 551 888 596 et
914 542 1152 596 bonitate
1192 542 1472 608 inclinans,
1513 551 1568 596 et
1614 559 1711 613 per
1732 543 1911 597 omnia
1944 558 2037 598 ve-

454 639 634 700 niens,
661 643 717 688 et
750 633 929 685 omnia
962 646 1026 684 ex
1055 631 1231 700 seipsa
1267 640 1328 685 ut
1358 631 1469 686 sint
1495 632 1740 700 implens,
1767 642 1822 686 et
1843 633 1895 686 in
1919 648 2037 686 om-

454 729 612 785 nibus
632 723 986 780 existentibus
1016 722 1284 787 exultans,
1321 722 1501 776 omnia
1525 724 1740 792 quidem
1778 723 1829 776 in
1859 723 2035 793 seipsa

453 823 692 886 superat,
713 813 1004 867 secundum
1022 811 1250 879 primam
1276 810 1641 880 simplicitatis
1663 810 2033 865 excellentiam

451 920 665 959 omnem
693 902 1058 972 dnplicitatcm
1084 892 1447 969 respuentem.
1471 899 1664 956 Omnia
1683 910 1864 955 autem
1886 901 2037 956 simi-

446 999 575 1053 liter
635 997 889 1050 ‘continet
938 994 1235 1047 secundum
1291 992 1814 1062 supersimplicatam
1878 1008 2034 1046 suam

452 1086 875 1146 multitudinem,
898 1091 956 1137 et
993 1082 1061 1136 ab
1094 1082 1344 1137 omnibus
1373 1082 1720 1153 singulariter
1742 1082 2035 1151 participa-

452 1187 540 1231 tnr
588 1193 601 1229 :
654 1177 793 1231 sicut
825 1184 881 1230 et
916 1191 1021 1228 vox
1049 1189 1154 1227 una
1188 1175 1427 1229 existens
1463 1184 1517 1227 et
1570 1175 1758 1228 eadem
1791 1190 1821 1227 a
1849 1174 2035 1230 multis

449 1268 793 1321 audientibus
839 1266 987 1320 velut
1047 1280 1150 1319 una
1194 1265 1567 1334 partieipatur.
1609 1263 1859 1319 Omnium
1901 1279 2030 1334 ergo

446 1359 768 1430 principium
822 1366 876 1411 et
908 1355 1029 1409 linis
1052 1354 1395 1409 existentinm
1419 1354 1638 1409 ante-ais
1666 1371 1679 1407 :
1708 1354 2031 1423 principium

448 1452 688 1519 quidem,
728 1457 787 1502 ιιι
809 1446 1042 1502 causalis
1076 1462 1090 1511 ;
1133 1445 1253 1498 linis
1293 1460 1444 1509 vero,
1477 1456 1534 1498 ut
1568 1455 1790 1515 propter
1824 1460 1980 1513 quem
2016 1461 2030 1510 ;

448 1554 503 1599 et
523 1552 822 1598 extremum
856 1539 1119 1602 omnium,
1150 1547 1204 1590 et
1236 1537 1521 1591 multitudo
1551 1537 1712 1590 totius
1735 1535 2029 1589 multitudi-

448 1637 535 1691 nis
565 1643 619 1689 et
655 1629 1013 1688 extremitatis
1035 1628 1521 1698 supereminenter,
1551 1636 1608 1680 ut
1638 1626 2028 1696 oppositurum.

446 1729 505 1785 1ιι
531 1744 638 1783 ιιιιο
683 1728 847 1790 enim,
882 1732 939 1778 ut
968 1737 1128 1791 saepe
1156 1722 1358 1774 dietmu
1389 1727 1505 1781 est,
1539 1717 1823 1772 existentia
1850 1717 2030 1771 omnia

447 1829 503 1874 ct
529 1827 750 1888 superat
778 1825 833 1870 et
857 1812 1153 1873 substituit,
1171 1825 1428 1880 praesens
1454 1808 1709 1861 omnibus
1734 1816 1789 1861 et
1810 1807 2028 1875 ubique,

445 1919 500 1964 et
525 1909 822 1965 sechmlum
851 1920 1016 1959 unum
1038 1912 1093 1958 et
1123 1903 1374 1971 idipsum,
1400 1910 1453 1954 et
1478 1901 1771 1953 secundum
1797 1897 2031 1967 idipsnm

446 2014 630 2062 omne,
652 2006 706 2052 et
729 1998 782 2051 in
811 1995 991 2050 omnia
1020 1993 1367 2062 proveniens,
1395 1998 1451 2043 et
1478 2004 1705 2043 manens
1733 1989 1785 2042 in
1825 1988 2028 2057 seipse,

445 2097 499 2142 et
521 2097 692 2150 stans,
721 2094 777 2140 et
804 2093 982 2139 motus
1014 2100 1027 2135 :
1059 2095 1232 2151 neque
1275 2090 1444 2143 stans,
1483 2094 1658 2147 neque
1689 2088 1904 2132 motus:
1935 2093 2030 2132 ne-

446 2194 552 2246 que
575 2175 895 2247 principium
940 2174 1145 2227 habens
1167 2179 1261 2224 aut
1294 2169 1526 2223 medium
1569 2176 1664 2221 aut
1699 2168 1860 2221 tinem
1890 2185 1903 2220 :
1937 2183 2032 2222 ne—

445 2285 550 2338 que
576 2270 629 2323 in
656 2268 888 2337 quodam
904 2264 1271 2327 existentinm,
1290 2277 1464 2330 neque
1488 2262 1616 2331 quid
1644 2261 1992 2315 existentium
2011 2262 2028 2292 ⁸

445 2376 562 2414 σ-ιιε.
604 2360 670 2414 Ει
694 2372 867 2427 neque
894 2356 1119 2410 omnino
1149 2354 1247 2423 ipsi
1279 2354 1677 2423 appropinquat
1702 2352 1830 2422 quid
1854 2362 2030 2407 aetero

446 2452 642 2506 naliter
676 2449 1026 2505 existentinm
1081 2447 1118 2512 ι,
1172 2454 1267 2499 aut
1321 2444 1689 2513 temporaliter
1714 2443 2030 2498 substituto-

447 2559 589 2607 rnm,
623 2542 717 2597 sed
755 2548 811 2594 et
855 2548 1096 2609 tempore
1140 2546 1196 2591 et
1230 2544 1450 2589 aeterno
1491 2543 1545 2587 et
1594 2534 1645 2588 in
1700 2542 1927 2588 aeterno
1975 2541 2030 2586 et

445 2649 586 2702 quae
610 2632 665 2686 in
691 2639 931 2698 tempore
962 2635 1108 2691 sunt,
1142 2624 1391 2679 omnibus
1438 2634 1767 2678 removetur.
1799 2620 2031 2677 Proinde

445 2734 504 2777 et
530 2724 702 2792 ipsum
746 2728 1046 2782 aeternum,
1089 2726 1146 2771 et
1169 2715 1457 2770 existentia
1510 2724 1565 2768 et
1615 2729 1875 2768 mensura
1917 2714 2030 2768 exi—

446 2812 727 2876 stentium,
753 2818 807 2864 et
836 2815 1146 2863 mensurata
1175 2820 1271 2874 per
1302 2805 1500 2874 ipsum,
1526 2813 1581 2858 et
1600 2804 1668 2858 ab
1700 2804 1837 2874 ipso.

975 2917 1375 2976 CAPITULUM
1416 2916 1500 2972 Vi.

1112 3009 1191 3063 De
1228 3008 1353 3062 vita.

519 3108 625 3164 Sed
663 3107 727 3162 de
757 3105 842 3161 his
872 3103 1089 3175 quidem
1120 3102 1173 3155 in
1207 3100 1329 3154 aliis
1364 3098 1733 3169 opportuniori
1786 3106 2026 3165 tempore

447 3201 678 3256 dicatur.
724 3196 881 3251 Nunc
930 3202 1112 3248 autem
1157 3191 1421 3245 laudanda
1461 3197 1544 3243 est
1591 3186 1869 3241 laudabilis
1915 3186 2025 3239 vita

446 3304 694 3355 aeterna,
731 3306 799 3344 ex
828 3303 935 3358 qua
970 3302 1067 3356 per
1095 3284 1327 3354 seipsam
1360 3282 1490 3346 vita,
1522 3291 1575 3335 et
1607 3280 1782 3334 omnis
1816 3278 1945 3355 vita,
1973 3285 2029 3331 et

445 3401 475 3438 a
512 3398 616 3452 qua
649 3380 701 3435 in
732 3379 931 3442 omnia,
966 3386 1256 3444 utcumque
1296 3374 1462 3428 vitam
1511 3370 1912 3442 participantia,
1941 3367 2024 3421 vl-

444 3489 575 3529 verc
623 3470 841 3542 proprie
886 3467 1180 3533 unicuique
1209 3464 1600 3519 cxseminatur.
1639 3460 1804 3530 Igitur
1838 3467 1890 3511 et
1926 3457 2024 3511 int-

445 3563 757 3620 tnorlalinm
795 3558 1112 3629 angelorum
1143 3555 1276 3619 vita,
1310 3561 1364 3606 et
1396 3550 1795 3612 immortalitas,
1828 3555 1881 3601 et
1920 3547 2016 3599 im-

444 3651 704 3725 pcrdibile
730 3650 903 3718 ipsum
927 3646 1202 3716 angelicae
1216 3657 1431 3712 semper
1446 3639 1721 3704 motionis,
1741 3653 1805 3691 ex
1840 3637 1952 3706 ipsa
1971 3644 2027 3690 et

444 3761 543 3817 per
573 3744 742 3812 ipsam
766 3749 849 3795 est
871 3748 929 3793 et
947 3737 1209 3792 substitit.
1244 3733 1455 3790 Idcirco
1475 3741 1528 3787 et
1552 3732 1793 3786 viventes
1811 3742 2025 3798 semper

443 3844 501 3892 et
530 3831 866 3890 immortales
900 3829 1178 3893 dicuntur,
1209 3834 1397 3882 etnon
1440 3822 1771 3878 immortales
1802 3821 2023 3886 iterum,

445 3927 572 3998 quia
623 3940 727 3979 non
783 3937 814 3976 a
865 3920 1057 3991 seipsis
1107 3919 1309 3974 habent
1360 3915 1738 3972 immortaliter
1783 3925 1925 3976 esse,
1969 3917 2025 3964 et

445 4015 797 4072 aeternaliter
840 4012 1061 4075 vivere,
1101 4011 1195 4064 sed
1230 4024 1297 4063 ex
1342 4004 1556 4061 viviﬁca
1599 4012 1655 4057 et
1681 4003 1844 4057 totius
1882 4002 2024 4054 vitae

444 4107 669 4162 factrice
713 4113 769 4159 et
820 4099 1211 4156 continualrice
1259 4113 1443 4152 causa.
1495 4094 1564 4148 Et
1603 4095 1743 4148 sicut
1795 4092 1847 4146 in
1897 4100 2023 4149 ante

444 4197 718 4257 dicimus,
777 4192 899 4263 quia
969 4200 1024 4244 et
1082 4181 1320 4256 ejus’dem
1385 4200 1506 4241 esse
1581 4192 1662 4239 est
1739 4184 2020 4249 causalis,

445 4288 525 4342 sic
580 4296 635 4341 et
708 4284 779 4339 ibi
853 4284 1087 4344 iterum,
1154 4279 1280 4348 quia
1337 4286 1392 4331 et
1458 4290 1554 4344 per
1614 4274 1844 4343 seipsam
1911 4274 2022 4329 vita

444 4388 529 4434 est
556 4377 735 4432 divina
784 4375 893 4429 vita
934 4371 1116 4428 vitalis
1183 4379 1239 4425 et
1283 4366 1653 4424 substantialis
1684 4406 1698 4431 ,
1746 4375 1800 4419 et
1843 4365 2021 4420 onmis
2048 4406 2098 4465 Β

443 4472 553 4524 vita
584 4477 639 4524 et
672 4467 854 4522 vitalis
882 4472 1059 4519 motus
1109 4475 1178 4515 ex
1213 4460 1322 4515 vita
1372 4460 1507 4530 ipsa,
1555 4472 1697 4527 quae
1726 4464 1810 4510 est
1858 4470 2022 4525 super

446 4575 662 4615 omnem
698 4557 886 4621 vitam,
916 4564 973 4610 et
997 4565 1158 4608 omne
1183 4549 1510 4622 principium
1539 4546 1705 4602 totius
1744 4547 1905 4600 vitae.
1942 4545 2018 4599 Ex

447 4652 561 4720 ipsa
624 4657 679 4703 et
737 4647 953 4701 animae
994 4640 1333 4713 imperdibile
1376 4638 1618 4701 habent,
1673 4642 1729 4690 et
1768 4634 2020 4689 animalia

447 4739 630 4795 omnia
676 4745 731 4792 et
776 4736 1020 4806 germina
1076 4730 1370 4788 secundum
1427 4727 1774 4782 novissimam
1824 4738 2018 4779 conso-

449 4830 687 4886 nantiam
720 4828 929 4881 animae
982 4825 1183 4880 habent
1220 4822 1421 4876 vivere.
1478 4818 1594 4884 Qua
1646 4816 1824 4871 ablata
1863 4814 2017 4885 juxta

447 4923 719 4992 eloquium
745 4934 770 4962 α
819 4921 998 4976 deﬁcit
1038 4920 1146 4975 vita
1179 4918 1355 4974 omnis
1398 4916 1466 4971 ad
1507 4923 1704 4969 terram
1738 4932 1752 4968 :
1792 4922 1847 4968 et
1885 4912 2019 4967 deﬁ-

448 5014 645 5070 cientia
690 5013 757 5068 ad
804 5012 1233 5082 participandum
1262 5024 1382 5066 eam
1435 5007 1767 5072 inﬁrmitate,
1824 5006 2017 5061 iterum

447 5120 732 5169 cotn'ersa,
763 5104 957 5158 iterum
983 5102 1234 5157 animalia
1263 5101 1416 5155 (lunt.
1448 5100 1516 5153 Et
1544 5098 1778 5152 donatur
1800 5097 2016 5165 quidem

445 5200 622 5273 primo
651 5214 747 5269 per
776 5197 1008 5265 seipsam
1043 5196 1203 5261 vitae,
1240 5209 1359 5249 esse
1385 5192 1567 5255 vitam,
1595 5199 1648 5245 et
1689 5190 1834 5244 omni
1873 5189 2017 5242 vitae

2138 452 2366 506 timatur
2427 461 2620 506 natura
2664 452 2979 507 subsistere.
3031 453 3097 505 Et
3141 454 3356 521 quidem
3418 470 3706 523 snpereae-

2137 540 2365 598 lestibns
2429 545 2625 599 animis
2668 544 3077 600 immaterialem
3144 554 3201 598 et
3264 545 3605 609 deifortuem,
3656 559 3711 602 et

2138 633 2529 689 immutabilem
2563 634 3043 699 immortalitatem,
3082 643 3139 690 et
3175 633 3520 690 inﬂexibilem
3551 647 3604 692 et
3635 638 3710 690 ir-

2136 721 2614 790 reprehensibilem
2638 736 2854 791 semper
2874 724 3187 784 motionem,
3214 734 3599 792 superexteMa
3615 740 3714 795 per

2135 811 2561 880 magnitudinem
2592 811 2874 877 bonitatis,
2892 823 2948 867 et
2970 813 3023 867 in
3064 814 3443 870 daemonicam
3471 813 3494 849 ³
3522 816 3709 872 vitam.

2136 898 2324 969 Neque
2362 901 2507 955 enim
2551 901 2642 955 illa
2673 915 2796 956 esse
2836 903 2905 957 ab
2930 902 3034 956 alia
3065 918 3248 967 causa,
3279 904 3372 960 sed
3397 922 3466 960 ex
3499 907 3617 976 ipsa
3660 916 3713 962 et

2134 1005 2257 1046 esse
2286 980 2474 1057 vitam,
2504 999 2560 1046 et
2589 993 3023 1062 permanentiam
3056 994 3237 1048 habet.
3283 994 3498 1049 Donans
3534 1006 3712 1051 autem

2133 1089 2191 1134 et
2234 1081 2399 1145 viris,
2448 1091 2508 1135 ut
2559 1082 2868 1136 commixtis
2896 1121 2911 1145 ,
2969 1084 3353 1151 acceptabilem
3393 1086 3713 1140 subeuntem

2136 1171 2433 1242 angelicam
2473 1173 2659 1236 vitam,
2709 1181 2765 1227 et
2793 1174 3198 1243 supermananti
3247 1175 3608 1238 humanitate,
3663 1186 3714 1230 et

2136 1260 2431 1316 redeuntes
2468 1277 2566 1317 nos
2596 1262 2648 1317 in
2680 1263 2918 1333 seipsam
2958 1266 3301 1318 convertens'
3327 1274 3383 1318 et
3425 1280 3709 1320 revocans.

2133 1348 2202 1403 Et
2246 1349 2347 1403 hoc
2382 1359 2561 1404 autem
2600 1351 2859 1415 divinius,
2887 1352 3014 1421 quia
3059 1360 3117 1407 et
3151 1361 3295 1406 totos
3338 1367 3462 1417 nos,
3507 1354 3715 1409 animas

2136 1438 2257 1493 dico
2287 1448 2341 1493 et
2372 1440 2656 1511 coniugata
2686 1456 2941 1511 corpora,
2969 1444 3035 1496 ad
3066 1443 3518 1512 perfectissimam
3551 1446 3713 1498 vitam

2135 1539 2191 1585 et
2247 1531 2610 1586 immortalem
2676 1534 2946 1603 promittit
3005 1535 3561 1589 transmutationem:
3602 1550 3713 1590 rem

2139 1622 2394 1675 vetustati
2441 1622 2658 1690 quidem
2710 1637 2883 1692 aeque
2939 1632 3129 1678 contra
3190 1632 3441 1677 naturam
3501 1625 3711 1690 visam,

2062 1697 2107 1755 Β
2136 1709 2268 1762 mihi
2317 1718 2497 1765 autem
2541 1720 2600 1781 et
2618 1712 2713 1767 tibi
2754 1722 2810 1766 et
2853 1713 3085 1776 veritati,
3132 1724 3186 1767 ct
3230 1713 3497 1780 divinam,
3527 1724 3587 1767 et
3620 1729 3711 1768 su-

2134 1814 2233 1869 per
2279 1812 2547 1855 naturam.
2594 1802 2768 1872 Super
2807 1811 3058 1857 naturam
3101 1814 3282 1858 autem
3325 1805 3399 1868 ei,
3438 1820 3585 1875 quae
3624 1820 3710 1859 se-

2134 1890 2369 1943 cundum
2415 1906 2511 1945 nos
2554 1901 2660 1955 est,
2702 1892 2824 1946 dico
2862 1891 3150 1955 visibilem,
3200 1908 3306 1945 non
3350 1890 3705 1947 fortissimam

2133 1979 2346 2034 divinae
2392 1980 2556 2036 vitae.
2607 1980 2712 2050 Ipsi
2756 1982 2899 2035 enim
2952 1979 3099 2034 velut
3153 1981 3399 2034 omnium
3454 1980 3709 2036 existenti

2131 2070 2366 2127 vitarum
2397 2082 2627 2126 naturae
2649 2110 2665 2135 ,
2697 2079 2753 2125 et
2790 2071 3024 2125 maxime
3054 2071 3383 2134 divinorum,
3418 2070 3573 2124 nulla
3606 2071 3707 2125 vita

2131 2169 2319 2214 contra
2364 2169 2615 2213 naturam
2654 2167 2749 2213 aut
2781 2174 2943 2227 super
2979 2168 3227 2213 naturam
3271 2157 3315 2211 ‘.
3360 2158 3555 2228 Itaque
3602 2159 3707 2227 ipsa

2131 2248 2198 2303 de
2227 2250 2331 2305 hoc
2361 2249 2602 2323 insaniae
2644 2248 2881 2304 Simonis
2910 2249 3328 2303 contradictoria
3363 2249 3533 2303 verba
3559 2249 3705 2318 longe

2132 2339 2313 2394 divino
2345 2340 2483 2403 loco,
2517 2348 2572 2394 et
2602 2347 2691 2395 tua
2744 2356 2903 2394 sacra
2932 2340 3111 2394 anima
3146 2340 3458 2410 abigantur.
3485 2339 3704 2393 Latuerc

2130 2434 2274 2487 enim
2319 2446 2464 2496 eum,
2496 2441 2555 2485 ut
2580 2432 2839 2496 arbitror,
2871 2432 3005 2486 haec
3032 2431 3331 2501 sapientem
3364 2431 3703 2485 aestimatum

2129 2536 2252 2577 esse
2279 2562 2294 2585 ,
2347 2537 2454 2576 non
2506 2529 2759 2591 oportere
2802 2522 2939 2574 bene
2977 2520 3275 2588 sapientem
3318 2517 3704 2587 praedicationi

2129 2604 2323 2669 sensus
2366 2613 2575 2667 ratione
2610 2611 2915 2691 auxiliante
2960 2610 3037 2664 uti
3096 2616 3283 2663 contra
3324 2608 3570 2662 omnium
3615 2622 3705 2661 oc-

2130 2703 2328 2759 cultam
2362 2717 2602 2757 cansam.
2654 2701 2722 2754 Et
2757 2701 2861 2756 hoc
2908 2701 3080 2770 ipsum
3129 2708 3213 2754 est
3256 2698 3573 2764 dicendum,
3610 2700 3707 2753 hoc

2129 2803 2321 2849 contra
2358 2803 2607 2848 naturam
2638 2793 2840 2847 dicere.
2873 2791 2980 2861 ipsi
3006 2790 3149 2846 enim
3181 2790 3314 2844 nihil
3345 2789 3702 2844 contrarium.

2131 2885 2212 2940 Ex
2245 2884 2362 2955 ipsa
2394 2883 2741 2938 viviﬁcantur
2768 2891 2820 2937 et
2859 2882 3322 2938 circumfoventur
3354 2889 3409 2935 et
3451 2879 3706 2934 animalia

2133 2978 2315 3034 omnia
2346 2988 2401 3032 et
2445 2978 2709 3045 germina.
2743 2976 2812 3030 Et
2853 2975 2971 3029 sive
3007 2973 3423 3029 intellectualem
3477 2972 3704 3037 dixeris,

2054 3064 2099 3125 C
2129 3068 2248 3123 sive
2299 3066 2640 3129 rationalem,
2693 3064 2809 3119 sive
2861 3063 3187 3127 sensualem,
3230 3063 3346 3116 sive
3392 3062 3704 3116 nutritivam

2129 3167 2184 3214 et
2227 3158 2495 3212 auetivam
2520 3196 2536 3222 ,
2582 3156 2695 3211 sive
2733 3154 3166 3226 qualemcunque
3212 3154 3401 3218 vitam,
3428 3162 3527 3206 aut
3566 3153 3705 3206 vitae

2126 3250 2473 3320 principium,
2504 3258 2598 3303 aut
2624 3247 2768 3303 vitae
2796 3246 3107 3311 essentiam,
3138 3258 3202 3299 ex
3234 3245 3347 3314 ipsa
3395 3254 3451 3300 et
3490 3246 3626 3298 vivit
3652 3252 3703 3298 et

2127 3343 2339 3405 vivunt,
2385 3355 2523 3409 quae
2565 3348 2651 3394 est
2695 3352 2859 3408 super
2903 3322 3118 3390 omnem
3164 3336 3446 3399 vitam,et
3491 3335 3545 3389 in
3590 3336 3699 3405 ipsa

2126 3432 2422 3488 secundum
2469 3446 2689 3486 causam
2745 3426 3092 3483 uniformiter
3148 3434 3275 3479 ante
3318 3409 3584 3480 substitit.
3643 3424 3697 3478 Si

2125 3526 2269 3580 enim
2302 3524 2582 3594 plusquam
2611 3522 2741 3587 vita,
2770 3528 2825 3574 et
2868 3519 3098 3573 vitarum
3142 3517 3457 3587 principalis
3498 3516 3624 3579 vita,
3648 3522 3699 3570 et

2124 3616 2303 3671 oumis
2350 3614 2495 3668 vitae
2531 3621 2615 3666 est
2658 3625 2846 3676 causa,
2905 3618 2960 3664 et
3008 3610 3152 3663 vitae
3189 3608 3460 3677 genitrix,
3505 3615 3562 3661 et
3610 3622 3695 3661 re-

2123 3705 2321 3776 pletiva
2371 3711 2426 3759 et
2471 3701 2762 3757 discretiva
2800 3701 2948 3764 vita,
2991 3712 3058 3753 ex
3098 3698 3246 3753 omni
3291 3697 3403 3751 vita
3455 3696 3699 3750 laudatur

2123 3792 2418 3850 secundum
2457 3789 2808 3861 multiplicem
2855 3787 3256 3858 generationem
3283 3785 3525 3840 omnium
3565 3785 3697 3839 vita.

2123 3901 2263 3949 rum,
2294 3894 2354 3940 ut
2383 3883 2685 3954 largissima
2715 3890 2769 3937 et
2795 3880 2977 3937 omnis
3016 3879 3126 3933 vita
3172 3876 3614 3947 contemplativa,
3644 3884 3696 3930 et

2123 3976 2361 4040 laudata,
2385 3984 2442 4030 et
2462 3983 2521 4028 ut
2550 3988 2656 4028 non
2695 3971 2944 4042 indigens
2968 3988 2982 4023 :
3008 3968 3181 4039 magis
3205 3977 3386 4022 autem
3414 3967 3693 4037 plusquam

2120 4067 2277 4136 plena
2325 4065 2433 4119 vita
2478 4078 2576 4133 per
2620 4063 2855 4132 seipsam
2894 4061 3081 4115 vivens
3107 4099 3124 4127 ,
3163 4069 3221 4113 et
3268 4072 3433 4128 super
3482 4071 3692 4112 omnem

2123 4157 2288 4212 vitam
2344 4153 2662 4219 viviﬁcans,
2718 4162 2772 4207 et
2834 4151 3118 4221 plusquam
3161 4150 3370 4215 vivens,
3416 4158 3514 4203 aut
3566 4162 3695 4219 quo-

2122 4264 2229 4319 quo
2275 4247 2436 4303 modo
2470 4246 2591 4317 quis
2631 4245 2797 4299 vitam
2845 4240 3169 4298 ineffabilem
3216 4242 3535 4296 humanitus
3582 4241 3693 4294 lau-

2122 4341 2291 4393 dm".
2633 4422 3031 4481 CAPITULUM
3075 4421 3193 4478 Vll.‘

2215 4528 2293 4582 De
2317 4531 2594 4597 sapientia,
2632 4523 2913 4587 intellectu,
2943 4524 3166 4586 ratione,
3194 4520 3431 4584 veritate,
3463 4519 3590 4588 ﬁde.

2191 4630 2331 4687 Fer'
2343 4636 2545 4693 autem,
2562 4629 2606 4683 si
2623 4627 2853 4690 videtur,
2867 4626 3126 4696 Optimam
3147 4631 3205 4678 et
3216 4632 3496 4677 aeternam
3510 4622 3683 4683 vitam,

2120 4731 2177 4778 et
2211 4731 2268 4776 ut
2291 4722 2611 4791 sapientem,
2633 4725 2687 4772 et
2711 4727 2770 4771 ut
2797 4721 2899 4788 per
2913 4716 3141 4785 seipsam
3162 4715 3485 4784 sapientiam
3511 4713 3682 4768 lande-

2122 4833 2281 4872 mus:
2313 4815 2484 4886 magis
2525 4823 2706 4867 autem
2752 4812 2948 4865 iterum
2992 4808 3170 4864 omnis
3224 4806 3526 4876 sapientiae
3568 4803 3682 4857 sub-

2119 4907 2449 4970 stantialem,
2495 4912 2549 4958 et
2587 4917 2751 4972 super
2781 4916 2995 4955 omnem
3039 4899 3357 4968 sapientiam
3389 4905 3447 4951 et
3490 4892 3681 4949 intellc.

2119 5010 2264 5053 ctum
2296 4995 2796 5067 snperexistentem.
2844 4991 2958 5045 Non
2999 4990 3143 5044 enim
3187 4987 3524 5043 solummodo
3550 4983 3684 5038 Deus

2121 5091 2401 5159 plusquam
2451 5083 2723 5156 plenitudo
2751 5089 2834 5136 est
2868 5080 3174 5150 sapientiae,
3226 5087 3273 5131 et
3318 5075 3689 5143 intelligentiae

2119 5184 2232 5252 ejus
2263 5186 2363 5234 non
2386 5187 2458 5231 est
2485 5192 2726 5231 numerus
2752 5174 2924 5227 b:sed
2953 5182 3005 5227 et
3031 5170 3174 5227 omni
3205 5170 3425 5233 rationi,
3456 5177 3510 5223 et
3533 5164 3687 5220 intel-

1724 5277 1979 5334 VARIAE
2017 5270 2413 5331 LECTIONES.

520 5376 722 5473 tneque
774 5400 900 5473 quid
930 5397 1282 5473 assistentium
1329 5410 1437 5473 om.
1483 5394 1541 5447 Ε.

1621 5395 1641 5425 ²
1671 5410 1832 5463 neque
1876 5391 2000 5461 quid
2046 5385 2374 5463 exigendum
2406 5413 2465 5424 -
2506 5380 2840 5463 πρίει-παρίει
2870 5379 3227 5463 fati-strauit"!
3255 5392 3365 5463 om.
3400 5375 3509 5431 BH.
3580 5372 3601 5404 ³
3641 5371 3684 5427 Δ

447 5447 1279 5537 ducamur-un:
1328 5447 1351 5497 ‘7
1387 5474 1475 5519 aut
1520 5480 1675 5533 super
1718 5447 1960 5518 n'uturr'rm
1996 5475 2106 5514 om.
2147 5455 2283 5521 BIL,
2333 5469 2493 5523 supra
2523 5452 2698 5506 adscr.
2732 5451 2774 5504 Ε
2868 5450 2890 5481 ⁵
2928 5449 3015 5504 BH
3042 5447 3175 5501 Fere
3200 5450 3385 5524 (φέρι).

1943 5550 2119 5606 ΝΟΤΑ
2130 5550 2191 5603 Ε.

521 5663 545 5690 “
570 5652 708 5708 Psal.
751 5650 881 5707 Clll.

2197 5639 2239 5704 δ’
2263 5636 2303 5690 Ρ
