3978 6160
305 205 432 263 H53

933 205 1179 262 VERSIO
1216 199 1500 262 OPERUM
1540 203 1598 260 S.
1642 197 1970 259 DIONYSII.
1994 231 2063 241 -—
2089 201 2175 256 DE
2214 196 2460 255 DIYINIS
2500 194 2885 253 NOMINIBUS.

3404 200 3533 255 llfii

299 319 479 381 lectui,
508 324 562 370 et
594 316 910 386 sapientiae,
941 318 1421 389 supercollocatur.
1463 317 1532 372 Et
1558 316 1660 372 hoc
1690 314 1870 372 excel-
1896 314 1942 376 Α
1973 329 2069 383 per
2114 311 2740 395 divinamﬂsapientiam.
2777 312 2839 365 Et
2886 311 3099 366 animae
3146 311 3402 367 rationale
3443 314 3537 368 ha-

297 409 466 466 lenter
494 411 793 483 intelligens
823 412 1036 467 divinus
1062 428 1187 468 vere
1212 413 1315 477 vir,
1345 411 1647 468 communis
1686 418 1869 465 nostra

296 509 349 554 et
382 502 625 572 magistri
660 503 886 569 laetitia,
914 506 1130 558 stultum
1165 503 1262 558 Dei
1289 504 1573 573 sapientius
1602 510 1678 557 est
1706 501 1871 554 homi-

296 589 467 655 nibus,
519 591 697 661 inquit
724 604 775 657 ι,
804 608 914 648 non
944 593 1116 648 solum
1152 593 1276 663 quia
1303 594 1480 648 omnis
1516 593 1749 647 humana
1779 590 1872 645 de-

293 678 543 735 liberatio
568 696 724 736 error
756 683 972 752 quidem
1011 691 1095 737 est
1141 682 1407 753 iudicata,
1453 682 1522 737 ad
1562 681 1773 752 pondus
1817 686 1874 732 et

293 775 623 829 manentium
654 776 958 830 divinarum
1009 785 1064 831 et
1112 776 1624 847 perfectissimarum
1673 771 1870 828 intelli-

293 869 617 937 gentiarum,
673 870 764 924 sed
819 870 940 937 quia
979 878 1033 924 et
1084 870 1417 923 consuetudo
1464 875 1547 924 est
1592 866 1870 935 theologis,

291 959 565 1011 contrario
593 959 790 1013 mentis
828 957 1020 1013 aﬂ'ectu
1069 959 1120 1013 in
1160 960 1293 1023 Deo,
1321 973 1461 1031 quae
1503 965 1650 1021 sunt,
1696 956 1874 1026 priva-

295 1050 443 1103 tione
473 1049 735 1117 depellere
785 1067 799 1103 :
843 1052 983 1105 sicut
1014 1058 1069 1104 et
1118 1049 1440 1104 invisibilem
1489 1048 1637 1102 aiunt
1664 1046 1875 1115 eloquia

293 1138 499 1193 claram
534 1139 735 1203 lucem,
764 1149 818 1193 et
867 1140 1091 1193 multum
1137 1138 1481 1204 laudabilem,
1533 1146 1589 1192 et
1627 1137 1875 1192 multivo-

292 1243 436 1288 cum,
461 1225 803 1292 ineffabilem,
822 1239 872 1287 et
887 1229 1348 1294 innominabilem,
1373 1237 1425 1283 et
1446 1227 1693 1282 omnibus
1713 1240 1873 1296 prae-

291 1328 526 1381 sentem,
556 1328 610 1370 et
649 1334 716 1371 ex
741 1319 990 1373 omnibus
1022 1319 1321 1384 inventum,
1356 1315 1874 1388 incomprehensibi-

290 1411 399 1464 lem
429 1421 483 1466 et
512 1410 956 1482 investigabilem.
994 1413 1193 1468 Eodem
1224 1414 1381 1469 modo
1415 1422 1470 1466 et
1500 1428 1641 1467 nunc
1665 1412 1876 1466 divinus

290 1500 582 1571 Apostolus
602 1500 631 1540 δ
653 1501 902 1557 laudasse
922 1502 1118 1557 dicitur
1146 1503 1425 1558 stultitiam
1459 1503 1573 1566 Dei,
1604 1502 1745 1571 quod
1780 1517 1876 1571 ap-

289 1600 449 1660 paret
503 1593 554 1645 in
603 1607 666 1647 ea
712 1602 899 1647 contra
955 1594 1219 1648 rationem
1272 1603 1327 1647 et
1375 1593 1787 1661 inconsequens,
1821 1591 1874 1644 in

291 1655 617 1735 ineffabilem
644 1689 699 1734 et
744 1690 869 1735 ante
898 1696 1113 1737 omnem
1148 1681 1416 1736 rationem
1462 1655 1702 1735 referens
1730 1655 1873 1734 veri-
1905 1655 1951 1714 Β
1977 1676 2032 1723 ei
2061 1668 2325 1728 CUSlOdia‘a
2355 1674 2411 1722 θῐ
2437 1656 2560 1722 “ftis
2601 1666 2799 1722 άίεῖιιιτ
2852 1685 2865 1721 ³

291 1782 483 1826 tatem.
529 1769 633 1826 Sed
663 1774 805 1841 quod
831 1773 1047 1841 quidem
1098 1773 1151 1827 in
1200 1772 1326 1829 aliis
1370 1771 1625 1836 diximus,
1659 1771 1877 1842 proprie

289 1862 472 1925 nobis,
501 1876 639 1931 quae
662 1871 786 1916 sunt
811 1878 971 1932 super
995 1879 1091 1918 nos
1116 1863 1156 1928 ⁸,
1189 1863 1535 1932 accipientes,
1558 1871 1754 1918 etcum
1778 1878 1883 1917 nu-

292 1953 555 2007 trimento
595 1967 849 2007 sensuum
896 1954 1138 2018 adunati,
1190 1961 1242 2007 et
1288 1954 1393 2016 bis,
1420 1967 1557 2021 quae
1586 1951 1878 2007 secundum

291 2058 397 2097 nos
423 2043 601 2097 divina
628 2041 1002 2107 conferentes,
1027 2043 1334 2097 seducimur
1358 2043 1712 2107 ',secundum
1739 2039 1880 2111 quod

292 2133 535 2197 videtur,
564 2133 798 2186 divinam
827 2140 881 2186 et
912 2130 1238 2186 ineffabilem
1269 2131 1530 2186 rationem
1551 2144 1877 2200 persequen-

291 2230 398 2277 tes.
439 2220 662 2291 Oportet
704 2221 862 2285 scire,
887 2230 1131 2275 nostrum
1156 2220 1396 2275 animum
1433 2220 1635 2276 habere
1662 2220 1880 2288 quidem

295 2312 551 2364 virtutem
608 2311 675 2363 ad
726 2309 1164 2380 intelligendum,
1215 2325 1313 2380 per
1367 2323 1530 2379 quam
1592 2307 1881 2363 invisibilia

295 2401 467 2462 videt,
487 2400 852 2467 unitatemque
872 2399 1351 2468 superexaltatam,
1376 2408 1756 2467 naturamque,
1785 2410 1883 2465 per

296 2508 462 2563 quam
512 2493 853 2547 connectitur
889 2491 911 2522 ³
952 2491 1018 2545 ad
1065 2506 1275 2549 summa
1321 2488 1346 2521 δ
1384 2490 1485 2545 sui.
1538 2488 1698 2546 Juxta
1744 2489 1883 2543 hanc

296 2583 468 2653 igitur
494 2580 676 2635 divina
704 2580 1125 2649 intelligendum,
1172 2595 1279 2635 non
1305 2578 1598 2634 secundum
1626 2593 1744 2641 nos,
1787 2576 1882 2633 sed

299 2680 446 2726 totos
472 2685 570 2726 nos
599 2671 724 2725 totis
758 2671 890 2740 ipsis
933 2672 1245 2735 existentes,
1274 2678 1329 2724 et
1373 2678 1513 2724 totos
1539 2667 1649 2723 Deo
1688 2666 1879 2723 factos.

298 2762 491 2817 Melius
518 2763 683 2827 enim,
719 2777 839 2816 esse
881 2760 973 2816 Dei
1007 2773 1062 2816 et
1090 2761 1329 2816 membra
1361 2773 1568 2813 eorum.
1615 2756 1708 2813 Sic
1735 2756 1880 2812 enim

300 2861 468 2907 erunt
495 2852 674 2904 divina
702 2851 823 2905 data
858 2866 980 2905 cum
1015 2852 1123 2905 Deo
1169 2849 1383 2904 futuris.
1423 2847 1573 2902 Hanc
1601 2847 1765 2918 igitur
1804 2845 1881 2901 ir-

303 2945 650 3007 rationalem,
683 2951 737 2997 et
767 2953 949 2998 mente
978 2951 1276 3007 carentem,
1311 2949 1367 2996 et
1403 2940 1622 2996 stultam
1665 2939 1882 3009 sapien-

299 3036 434 3089 tiam
464 3028 929 3104 supereminen'ter
954 3032 1260 3095 laudantes,
1286 3031 1536 3092 dicimus,
1564 3028 1689 3098 quia
1717 3027 1879 3083 totius

298 3135 385 3181 est
421 3125 585 3204 aniqi
616 3135 673 3179 et
704 3124 949 3187 rationis,
976 3133 1032 3178 et
1060 3122 1223 3190 totius
1257 3122 1553 3191 sapientiae
1590 3128 1646 3176 et
1671 3118 1880 3174 intelle-

299 3228 424 3271 ctus
467 3230 650 3278 causa,
693 3224 747 3268 ct
792 3214 905 3283 ipsa
938 3222 1018 3269 est
1041 3227 1201 3268 omne
1226 3211 1530 3276 consilium,
1556 3217 1610 3265 et
1652 3206 1721 3264 ab
1762 3209 1878 3278 ipsa

296 3307 480 3361 omnis
524 3305 751 3360 scientia
799 3314 853 3358 et
885 3302 1259 3371 intelligentia,
1307 3309 1362 3355 et
1416 3300 1469 3355 in
1518 3301 1632 3370 ipsa
1688 3307 1899 3354 omnes

299 3396 546 3450 thesauri
631 3394 926 3464 sapientiae
994 3401 1049 3447 et
1124 3392 1383 3447 scientiae
1456 3399 1582 3446 sunt
1654 3390 1879 3446 abscon-

298 3492 400 3546 diti
431 3499 479 3539 ε.
518 3488 727 3542 Etenim
757 3493 1148 3555 consequenter
1170 3486 1254 3540 his
1274 3485 1384 3554 jam
1419 3485 1729 3555 praedictis,
1758 3484 1879 3555 plus

297 3596 465 3651 quam
497 3579 712 3648 sapiens
736 3586 790 3631 et
821 3577 1216 3648 sapientissima
1241 3584 1495 3641 causa,et
1520 3591 1617 3646 per
1643 3577 1878 3646 seipsam

295 3670 620 3742 sapientiae,
650 3678 704 3723 et
754 3669 930 3731 totius,
960 3677 1015 3722 et
1047 3666 1182 3735 ejus,
1219 3682 1358 3737 quae
1397 3681 1497 3736 per
1540 3668 1748 3738 singula
1772 3674 1876 3732 est,

296 3761 628 3817 substantia.
676 3760 754 3814 Ex
789 3762 899 3828 ipsa
928 3759 1223 3814 invisibiles
1253 3767 1307 3814 et
1342 3757 1733 3813 intellectuales
1776 3772 1877 3811 an-

294 3853 598 3924 gelicmum
662 3853 962 3904 animorum
1012 3851 1240 3905 virtutes
1287 3851 1508 3920 simplas
1564 3860 1621 3905 et
1688 3850 1880 3905 beatas

295 3947 507 3999 habent
534 3944 933 4013 intelligentias,
964 3958 1068 3996 non
1119 3943 1171 3996 in
1201 3943 1416 4012 partitis
1459 3950 1552 3995 aut
1602 3957 1632 3996 a
1669 3941 1881 4012 partitis

297 4045 401 4089 aut
461 4035 707 4089 sensibus
743 4044 835 4087 aut
871 4033 1168 4087 rationibus
1216 4031 1588 4086 artificialibus
1626 4032 1880 4102 colligen-

300 4135 389 4181 tes
460 4126 694 4181 divinam
758 4125 1059 4187 scientiam,
1125 4138 1300 4192 neque
1343 4140 1374 4178 a
1436 4124 1667 4193 quadam
1738 4139 1887 4178 com-

297 4215 455 4270 muni
482 4216 549 4268 ad
584 4215 713 4270 haec
733 4212 1173 4282 comprehensae,
1203 4212 1347 4267 omni
1396 4222 1573 4266 autem
1616 4213 1880 4267 materiali

1968 407 2118 470 h‘ent,
2139 395 2436 479 artificiose
2464 403 2677 473 quidem
2705 413 2759 457 et
2779 401 3115 458 circulariter
3136 402 3278 456 circa
3300 405 3536 458 existen.

1972 499 2104 553 tium
2130 498 2410 552 veritatem
2439 495 2864 560 deambulantes,
2894 503 2947 549 et
2973 495 3212 565 partibili
3248 504 3302 550 et
3323 496 3540 565 copioso

1961 588 2247 642 varietatis
2287 586 2512 643 relictae
2541 585 2900 641 uniformibus
2948 585 3178 641 animis:
3204 585 3495 641 multorum
3516 586 3537 619 τ

1970 687 2150 733 autem
2191 678 2248 732 in
2276 692 2443 732 unum
2481 676 2874 740 convolutione,
2921 685 2975 731 et
3007 676 3060 730 in
3106 677 3418 748 angelorum
3461 678 3540 733 in-

1973 770 2297 835 tellectibus,
2320 768 2375 823 in
2398 770 2655 838 quantum
2677 768 2960 824 animabus
2985 777 3167 839 aptum
3183 778 3237 823 et
3259 770 3537 841 possib'le.

1972 860 2165 930 dignae
2203 857 2397 914 factae.
2447 857 2552 912 Sed
2603 864 2658 913 et
2707 872 2898 912 sensus
2942 858 3088 927 ipsos
3137 875 3241 915 non
3297 859 3542 915 fortassis

1972 949 2094 1019 quis
2119 956 2326 1020 peccat,
2339 948 2564 1003 visionis
2592 947 2886 1018 sapientiae
2907 948 3312 1025 cqnsonantiam
3339 952 3543 1006 dicens.

1971 1039 2041 1093 At
2067 1054 2197 1094 vero
2221 1046 2276 1094 et
2304 1038 2621 1093 daemonius
2663 1039 2894 1103 animus,
2939 1038 2982 1093 si
3032 1040 3263 1105 animus,
3314 1055 3381 1095 cx
3431 1042 3547 1106 ipsa

1972 1135 2092 1182 est:
2133 1136 2392 1197 quantum
2428 1137 2607 1181 autem
2635 1127 2848 1182 animus
2878 1136 2995 1189 est,_
3017 1129 3060 1183 si
3090 1130 3301 1185 ratione
3328 1130 3545 1199 quidem

1975 1217 2053 1272 sic
2076 1217 2332 1287 consequi
2371 1217 2730 1285 non'appetit,
2760 1230 2866 1270 non
2892 1216 3101 1281 videns,
3134 1233 3309 1287 neque
3339 1219 3544 1279 volens.

1975 1324 2157 1365 casum
2184 1309 2444 1378 sapientia
2473 1309 2653 1378 potius
2694 1323 2816 1362 eum
2847 1308 3219 1365 asserendum.
3267 1310 3373 1363 Sed
3416 1311 3546 1381 quia

1936 1394 1944 1403 ’
1974 1398 2191 1469 quidem
2219 1397 2514 1469 sapientiae
2545 1397 2712 1468 ipsius
2746 1406 2801 1452 et
2850 1397 3039 1463 totius,
3073 1407 3129 1452 et
3154 1399 3333 1453 omnis
3380 1400 3548 1453 animi

1976 1496 2032 1545 et
2071 1489 2318 1552 rationis,
2366 1497 2422 1543 et
2472 1502 2665 1543 sensus
2712 1487 2909 1553 omnis,
2967 1486 3150 1542 divina
3191 1489 3454 1557 sapientia
3498 1499 3555 1544 et

1975 1578 2296 1650 principium
2323 1588 2379 1633 et
2401 1593 2586 1639 causa.
2614 1586 2667 1633 et
2704 1578 3031 1644 substantia,
3062 1587 3116 1633 et
3130 1579 3551 1645 consummatio,

2916 1668 3183 1736 quomodo
3227 1668 3341 1738 ipse
3386 1669 3552 1734 Deus,

1980 1758 2071 1827 qui
2105 1766 2187 1812 est
2234 1756 2351 1827 plus
2391 1771 2551 1826 quam
2582 1757 2818 1826 sapiens,
2865 1757 3127 1827 sapientia
3164 1766 3220 1813 et
3251 1759 3465 1815 animus
3500 1770 3557 1813 et

1983 1846 2122 1900 ratio
2153 1853 2213 1901 et
2238 1845 2484 1915 cognitor
2506 1843 2789 1900 laudatur?
2818 1843 3097 1911 Quomodo
3119 1847 3263 1901 enim
3295 1848 3555 1920 intelliget

1980 1937 2108 2007 quid
2135 1922 2504 2003 invisibilium,
2554 1950 2659 1991 non
2713 1935 2920 1991 habens
2945 1936 3337 1995 intellectuales
3364 1955 3556 2008 opera-

1982 2026 2187 2082 tiones?
2240 2027 2348 2080 Aut
2389 2025 2659 2095 quomodo
2706 2035 2996 2097 cognoscet
3044 2028 3357 2096 sensibilis,
3408 2032 3556 2086 omni

1981 2117 2162 2173 sensui
2213 2116 2711 2187 supercolloeatus?
2775 2117 2939 2186 Atqui
3002 2119 3185 2174 omnia
3237 2135 3362 2176 eum
3417 2124 3561 2180 scire

1982 2213 2131 2267 aiunt
2154 2211 2365 2282 eloquia
2390 2212 2440 2276 ά,
2469 2221 2522 2266 et
2548 2211 2679 2265 nihil
2707 2210 2945 2285 effugere
2969 2214 3203 2269 divinam
3226 2216 3506 2271 scientiam
3541 2236 3555 2271 :

1981 2302 2074 2357 sed
2118 2303 2260 2371 quod
2293 2301 2509 2371 quidem
2560 2302 2793 2357 diximus
2837 2317 3033 2372 saepe,
3073 2303 3255 2359 divina
3300 2305 3560 2362 divinitus

1981 2392 2409 2463 intelligendum.
2456 2391 2572 2447 Non
2618 2392 2977 2449 intellectuale
3013 2395 3158 2450 enim
3197 2401 3253 2450 et
3296 2411 3558 2451 nun'sen-

1981 2484 2155 2549 suale,
2183 2500 2279 2554 per
2302 2483 2699 2549 excellentiam,
2730 2499 2836 2539 non
2883 2499 2981 2555 per
3021 2482 3309 2551 defectum,
3342 2486 3396 2540 in
3446 2487 3558 2542 Deo

1980 2574 2337 2629 ordinandum
2370 2593 2382 2627 :
2414 2573 2556 2630 sicut
2581 2584 2636 2629 et
2666 2574 2979 2630 irrationale
3005 2577 3342 2647 reposuimus
3363 2576 3436 2642 ei,
3463 2578 3559 2649 qui

1979 2672 2064 2721 est
2093 2679 2255 2736 super
2284 2666 2568 2730 rationem,
2623 2674 2680 2720 et
2713 2664 3179 2736 imperfectionem
3237 2669 3357 2740 plus
3396 2685 3560 2740 quam

1982 2754 2224 2825 perfecto
2252 2762 2306 2810 et
2326 2763 2454 2811 ante
2480 2754 2743 2825 perfecto,
2769 2764 2825 2812 et
2850 2757 3107 2813 intactam
3134 2767 3191 2814 et
3227 2742 3557 2816 invisibilem

1980 2845 2265 2917 caliginem
2317 2845 2421 2901 luci
2462 2845 2817 2901 inaccessibili
2846 2862 2940 2918 per
2975 2849 3350 2906 excellentiam
3377 2832 3565 2907 invisi-

1982 2937 2104 2993 bilis
2130 2937 2365 2993 luminis.
2408 2938 2591 3007 Itaque
2613 2938 2825 2995 divinus
2856 2940 3067 2997 animus
3090 2944 3271 2997 omnia
3295 2944 3557 3010 continet,

1905 3000 1951 3064 Ο
1982 3030 2234 3085 omnibus
2262 3037 2469 3085 remota
2500 3029 2749 3094 scientia,
2773 3028 2927 3099 juxta
2958 3032 3200 3088 omnium
3227 3047 3470 3100 causam,
3504 3034 3558 3090 in

1979 3120 2160 3192 seipse
2183 3120 2422 3176 omnium
2451 3119 2733 3175 scientiam
2767 3122 3166 3193 praeambiens,
3209 3126 3359 3195 prius
3396 3141 3560 3197 quam

1981 3212 2154 3284 angeli
2188 3210 2400 3275 ﬁerent,
2434 3210 2611 3266 sciens
2632 3220 2687 3266 et
2710 3211 2981 3267 adducens
3019 3213 3258 3284 angelos,
3288 3224 3340 3270 et
3375 3215 3560 3271 omnia

1979 3303 2083 3358 alia
2113 3303 2181 3358 ab
2202 3302 2346 3356 intus
2372 3312 2429 3356 et
2455 3303 2522 3357 ab
2547 3317 2631 3370 eo,
2655 3311 2715 3357 ut
2740 3302 2818 3358 sic
2840 3303 3041 3371 dicam,
3066 3306 3556 3374 principiosciens,

1979 3404 2034 3450 et
2056 3394 2108 3449 in
2123 3394 2414 3450 essentiam
2436 3395 2656 3450 ducens.
2688 3394 2754 3449 Et
2786 3393 2909 3461 boc,
2932 3396 3186 3461 arbitror,
3207 3397 3417 3453 tradere
3445 3399 3561 3455 clo-

1980 3487 2186 3557 quium,
2230 3501 2355 3540 cum
2376 3486 2450 3539 ait
2477 3503 2489 3539 ;
2515 3484 2694 3540 Sciens
2719 3488 2893 3541 omnia
2915 3497 3036 3540 ante
3059 3490 3443 3557 generationem
3471 3507 3561 3546 eo-

1980 3598 2096 3636 rum
2118 3592 2162 3634 ο.
2188 3579 2302 3634 Non
2316 3580 2459 3634 enim
2480 3593 2547 3634 ex
2559 3579 2913 3634 existentibus
2929 3581 3212 3636 existentia
3233 3583 3449 3639 discens
3465 3599 3562 3639 no-

1978 3671 2057 3726 vit
2076 3671 2287 3726 divinus
2310 3670 2543 3735 animus,
2575 3670 2668 3725 sed
2695 3686 2762 3725 ex
2786 3686 2864 3735 se,
2883 3679 2939 3726 ct
2956 3670 3007 3726 in
3033 3686 3112 3739 se,
3138 3675 3563 3730 secundumcau-

1980 3779 2093 3820 sam
2109 3764 2347 3817 omnium
2368 3762 2670 3827 scientiam,
2688 3772 2743 3817 et
2760 3764 3141 3834 cognitionem,
3158 3775 3213 3820 et
3235 3767 3522 3821 essentiam
3540 3770 3564 3801 ⁸

1980 3854 2216 3927 praefert
2245 3862 2301 3910 et
2333 3853 2786 3928 antecoambivit,
2827 3869 2932 3907 non
2994 3857 3286 3910 secundum
3326 3860 3562 3926 speciem

1981 3943 2188 4015 singula
2235 3944 2637 4012 contemplans,
2691 3943 2785 3997 sed
2825 3943 3119 3997 secundum
3156 3960 3316 3999 unam
3362 3961 3561 4000 causae

1981 4034 2446 4089 circumstantiam
2487 4032 2666 4087 omnia
2690 4032 2868 4087 sciens
2903 4040 2958 4088 et
3004 4034 3303 4095 continens,
3337 4035 3479 4090 sicut
3506 4047 3563 4091 et

1983 4126 2073 4180 lux
2114 4125 2407 4181 secundum
2451 4138 2668 4178 causam
2711 4123 2763 4178 in
2811 4124 2985 4193 seipsa
3022 4126 3382 4190 cognitionem
3415 4136 3565 4182 leue-

1982 4217 2202 4270 brarum
2245 4214 2619 4285 praeambivit,
2659 4230 2766 4270 non
2812 4215 3028 4270 aliunde
3065 4216 3252 4271 videns
3288 4218 3561 4284 tenebras,

296 4316 357 4360 et
388 4306 729 4361 multitudine
771 4316 1046 4377 purgatae,
1093 4319 1244 4375 pure,
1277 4304 1718 4369 immaterialiter,
1755 4305 1874 4359 uni-
1905 4336 1955 4396 Β
1984 4294 2148 4377 quam
2176 4321 2207 4361 a
2253 4306 2473 4360 lumine.
2516 4303 2702 4359 Semet
2739 4305 2901 4374 igitur
2937 4302 3118 4358 divina
3160 4305 3424 4374 sapientia
3472 4323 3566 4364 co-

300 4396 554 4451 furtnitcr
582 4395 866 4451 invisibilia
894 4396 1196 4449 divinorum
1222 4393 1543 4465 intelligunt,
1583 4402 1637 4448 et
1670 4403 1755 4449 est
1793 4394 1876 4450 eis

298 4488 687 4543 intellectualis
711 4487 952 4559 operatio
982 4484 1003 4519 ⁸
1029 4486 1196 4550 clara,
1224 4494 1278 4539 et
1301 4486 1721 4540 incontaminata
1740 4488 1883 4556 puri—

299 4590 419 4637 tate
455 4580 752 4650 splendida,
783 4573 972 4633 sciens
1002 4587 1053 4632 et
1098 4578 1433 4647 conspiciens
1460 4578 1762 4633 divinarum
1793 4581 1878 4635 in-

298 4672 725 4741 telligentiarum
792 4657 1146 4738 impartibilés
1211 4676 1266 4721 et
1336 4667 1754 4735 immateriales,
1826 4678 1881 4725 et

299 4760 659 4817 confurmiter
687 4766 708 4799 ⁸
737 4759 825 4812 uni
851 4759 917 4811 ad
943 4754 1300 4811 intellectuale
1326 4758 1789 4826 supersapieutem
1826 4768 1880 4815 et

298 4854 551 4909 animum
580 4862 635 4907 et
660 4860 943 4915 rationem,
963 4859 1223 4919 quantum
1248 4847 1522 4917 possibile,
1553 4847 1880 4906 reformatae

1982 4411 2267 4469 gnoscens,
2285 4394 2559 4464 cognoscit
2581 4395 2760 4449 omnia
2781 4395 3210 4451 immaterialiter
3232 4399 3558 4464 materialia,

1988 4499 2177 4545 etnon
2207 4487 2403 4557 partite
2444 4486 2663 4556 partita,
2686 4494 2743 4540 et
2787 4487 2952 4546 multa
3004 4487 3401 4555 universaliter,
3446 4491 3563 4561 ipso

1986 4601 2094 4641 uno
2118 4585 2299 4640 omnia
2327 4592 2383 4638 et
2447 4597 2777 4655 cognoscens
2815 4590 2871 4636 et
2911 4582 3203 4638 adducens.
3256 4582 3464 4639 Etenim
3511 4585 3560 4641 si

1985 4676 2277 4733 secundum
2328 4690 2488 4730 unam
2541 4688 2760 4729 causam
2812 4671 2954 4727 Deus
2991 4673 3240 4729 omnibus
3287 4675 3565 4731 existenti-

1982 4768 2084 4823 bus
2121 4780 2242 4821 esse
2278 4765 2462 4828 tradit,
2497 4764 2789 4819 secundum
2832 4764 3058 4817 eandem
3086 4763 3298 4818 unicam
3339 4781 3560 4821 causam

1985 4856 2144 4913 scivit
2179 4855 2361 4909 omnia
2404 4861 2464 4908 ut
2499 4870 2566 4910 ex
2605 4855 2723 4923 ipso
2766 4853 3071 4918 existentia,
3100 4862 3155 4908 et
3186 4855 3239 4909 in
3280 4855 3398 4926 ipso
3435 4865 3563 4911 ante

1605 4956 1856 5016 VARIAE
1890 4959 2314 5019 LECTIONES.‘

380 5056 402 5091 ⁸
441 5053 530 5109 BH
564 5060 861 5124 quaesunt
883 5050 1165 5105 secundum
1192 5063 1284 5124 no_s
1310 5015 1501 5124 gdjeeti
1522 5062 1693 5124 super
1738 5015 2080 5124 poena—IIII
2117 5050 2411 5107 secundum
2466 5062 2567 5103 nos
2610 5050 3190 5124 ⁸αιζῖεςιὶ-νεῑθᾴιὶιῖίῐῃεῃκ
3266 5052 3404 5124 "A’
3431 5066 3562 5124 eon-

298 5128 547 5182 vertitur.
585 5115 645 5155 "
682 5122 771 5175 EH
801 5123 867 5176 ad
896 5135 1183 5192 summum.
1250 5117 1271 5148 ⁸
1310 5115 1400 5170 Sic
1436 5115 1615 5192 codd;
1650 5120 1696 5173 A
1739 5121 2112 5179 intellectualis
2142 5123 2302 5175 virtus
2334 5130 2390 5173 et
2417 5115 2711 5188 operatiof
2753 5119 2776 5152 ⁸
2814 5121 2904 5177 Sic
2926 5121 3040 5188 ΑΕ,
3064 5120 3156 5175 BII
3197 5121 3555 5192 uniformiter.

300 5198 325 5229 ⁷
371 5195 458 5250 BE
494 5192 799 5247 multarum.
873 5194 897 5224 ⁸
931 5200 977 5243 et
1000 5190 1274 5244 essentiam
1298 5201 1408 5241 om.
1436 5184 1549 5243 BH.

1790 5306 2044 5365 NOTAE.

443 5409 461 5463 I
487 5410 612 5465 (lor.
642 5408 686 5471 l,
710 5409 823 5476 25;
855 5409 877 5463 l
905 5411 1044 5467 Tim.
1079 5413 1167 5468 VI.

455 5481 472 5534 Ι
497 5479 624 5534 Cor.
656 5479 698 5533 I.

455 5548 570 5604 Col.
608 5549 671 5604 II.

386 5481 415 5521 δ

748 5641 1019 5704 Panos.
1043 5642 1293 5705 CXXII.
1366 5610 1371 5615 .

2064 5414 2092 5456 τι
2130 5415 2266 5471 Heb.
2294 5414 2385 5468 IV.
2414 5416 2611 5472 Mean.
2638 5416 2723 5474 IlI.
2757 5416 2899 5474 Eccl.
2932 5413 3115 5469 XXIII.

1987 5488 1992 5493 ’
2070 5499 2096 5529 σ
2131 5486 2265 5541 Dan.
2295 5485 2433 5555 XIII,
2471 5488 2558 5540 42.

3003 5666 3013 5675 '
3104 5650 3180 5710 37
