3978 6160
297 306 428 365 Ηῦἳ

917 296 1157 354 νεῐιδιο
1197 295 1475 352 OPERUM
1521 296 1574 351 S.
1621 292 1936 353 DlONYSli.
1979 322 2046 331 ——
2079 289 2162 344 DE
2205 287 2446 344 DlVlNlS
2489 285 2875 343 NOlilNiBL'S.

3411 287 3542 340 ii3’3

294 416 582 478 virtutibus
612 417 743 473 alias
769 417 1098 480 adducenda,
1130 423 1184 469 et
1224 429 1328 469 non
1373 415 1535 468 etiam
1579 411 1863 482 aliquando
1895 416 1936 471 Α
1969 421 2073 459 non
2114 404 2310 474 posse?
2357 402 2397 456 Α
2443 419 2546 470 qoo
2591 412 2773 456 nostro
2806 400 3052 470 tbculogo
3105 400 3440 453 maledicitur
3471 403 3546 452 di-

294 512 522 570 valendo
561 509 787 573 multas,
833 517 889 560 et
940 507 991 559 in
1043 506 1266 560 multum
1316 503 1602 573 productas
1641 504 1867 556 virtutes

295 617 455 672 super
493 598 713 654 multam
759 611 886 650 suae
924 596 1208 664 pontiﬁcae
1254 593 1514 648 facturam
1552 601 1606 646 et
1636 590 1870 646 iueil‘ahi-

295 695 423 748 linat
469 700 524 745 et
569 688 961 756 incognitorum
1008 695 1062 739 et
1102 684 1639 754 superinvisibilimn,
1688 683 1866 734 omnia

293 792 581 853 superante
623 779 736 848 ejus
764 780 978 832 virtute.
1021 775 1230 832 inﬁnita
1273 786 1451 830 autem
1497 775 1726 829 essentia
1777 789 1870 843 po-

293 874 478 936 tentis,
507 881 561 924 et
601 869 967 924 inﬁrmitatem
1007 868 1204 920 virtute
1243 876 1296 920 et
1340 865 1629 920 novissima
1677 878 1866 916 conso-

293 965 534 1018 nantium
569 961 670 1014 sibi
711 957 1117 1028 comprehendit
1151 966 1205 1010 et
1242 967 1481 1024 snpera',
1529 956 1669 1010 sicut
1714 963 1769 1008 et
1819 955 1868 1007 in

292 1056 400 1117 bis,
435 1068 573 1124 quae
608 1051 898 1106 secundum
926 1063 1140 1102 sensum
1169 1048 1399 1116 potentia
1431 1058 1572 1111 sunt,
1609 1046 1867 1104 videmus,

229 1191 234 1195 ,
291 1145 418 1214 quia
453 1139 844 1210 superlucentia
894 1136 1173 1190 luminaria
1214 1145 1267 1189 et
1311 1149 1481 1204 usque
1510 1133 1752 1188 inﬁrmas
1795 1133 1874 1184 vi-

292 1235 476 1288 siones
509 1230 821 1297 anticipant,
860 1236 914 1280 et
952 1225 1344 1296 magnitudines
1371 1226 1556 1278 dicunt
1599 1223 1872 1277 sonituum

291 1323 352 1378 in
406 1337 509 1375 non
565 1318 718 1372 val-tle
769 1316 924 1371 facile
977 1329 1230 1369 sonorum
1286 1313 1604 1382 recipientes
1659 1310 1873 1363 aitditus

291 1414 496 1468 subire.
537 1409 771 1465 Omnino
809 1408 952 1462 enim
991 1422 1095 1460 non
1129 1406 1371 1467 audiens,
1405 1419 1508 1458 non
1539 1403 1787 1456 auditus:
1819 1411 1876 1454 et

292 1503 674 1558 universaliter
733 1517 838 1554 non
881 1499 1066 1553 videns
1093 1538 1106 1562 ,
1151 1511 1322 1565 neque
1363 1496 1519 1548 visio.
1567 1494 1683 1562 ipsa
1731 1493 1875 1548 clare

293 1597 644 1664 multipotens
685 1593 778 1646 Dei
817 1592 1124 1645 distributio
1149 1589 1328 1644 omnia
1356 1587 1636 1643 existentia
1670 1584 1874 1654 implet,

291 1697 353 1742 et
379 1686 510 1740 nihil
535 1695 619 1739 est
647 1684 1022 1745 existentium,
1055 1682 1194 1750 quod
1225 1679 1444 1733 omnino
1474 1678 1747 1746 privetur,
1777 1675 1872 1728 ha-

1970 497 2095 550 vino
2135 495 2315 556 Paulo,
2347 494 2540 548 dicenti
2573 506 2616 553 α,
2659 509 2760 546 non
2793 507 2946 562 posse
2975 493 3134 546 Demn
3177 491 3408 559 seipsum
3459 508 3547 545 ne-

1971 600 2116 655 gare.
2149 584 2361 637 Addens
2389 592 2564 636 autem
2596 584 2715 644 hoc,
2757 582 2907 635 valde
2939 595 3259 652 expavesco,
3293 582 3547 650 mnnquid

1970 688 2026 732 et
2061 678 2404 747 insipientiae
2448 676 2636 730 debeo.
2685 675 2868 735 Rideo,
2917 689 3206 743 puerorum
3253 675 3548 730 ludentium

1973 767 2214 823 aediﬁcia
2240 776 2295 822 et
2325 782 2484 836 super
2519 782 2735 820 arenam
2779 775 2833 820 et
2871 765 3142 820 inﬁrmum
3182 765 3395 822 solvere
3433 776 3548 820 ten—

1976 870 2124 926 tans,
2178 869 2234 914 et
2286 858 2444 915 veluti
2503 859 2732 928 quadam
2775 858 3304 928 incomprehensibili
3353 859 3554 913 visione

1971 953 2316 1008 considerare
2364 950 2589 1006 festinus
2631 952 2695 1004 de
2733 950 2832 1004 hoc
2874 951 3226 1019 theologicam
3274 950 3550 1004 virtutem.

1975 1042 2184 1099 Suimet
2237 1042 2382 1098 enim
2434 1042 2644 1110 negatio
2692 1056 2848 1095 casus
2890 1041 3134 1096 veritatis
3179 1051 3285 1093 est.
3346 1041 3553 1094 Veritas

1975 1147 2152 1190 autent
2185 1131 2238 1190 ὃν
2296 1144 2379 1190 est
2409 1152 2420 1186 :
2453 1144 2508 1188 et
2533 1135 2774 1188 veritatis
2814 1150 2994 1198 casus,
3043 1135 3113 1187 ab
3161 1135 3427 1188 existente
3483 1135 3557 1186 la-

1976 1243 2102 1294 psus
2143 1225 2183 1278 ⁸.
2226 1227 2282 1280 Si
2321 1226 2484 1295 igitur
2523 1225 2722 1280 veritas
2762 1226 2782 1255 ⁸
2823 1223 2875 1280 ὃν
2909 1235 3024 1288 est,
3067 1227 3385 1296 negatioque
3423 1229 3560 1280 vet-i-

1977 1325 2058 1369 tas
2095 1317 2239 1370 ontis
2268 1332 2458 1379 casus,
2490 1331 2556 1370 ex
2585 1324 2710 1369 onte
2734 1317 2927 1370 cadere
2969 1317 3110 1371 Deus
3139 1334 3240 1372 nou
3276 1327 3474 1387 potest,
3508 1329 3560 1370 et

1977 1421 2083 1460 non
2114 1421 2233 1460 esse
2261 1421 2363 1460 non
2389 1415 2463 1460 est
2494 1420 2508 1457 :
2535 1416 2793 1476 tanquam.
2819 1407 2860 1460 si
2887 1407 3008 1475 quis
3037 1408 3250 1473 dixerit,
3276 1425 3379 1464 non
3403 1425 3562 1480 posse

1978 1509 2082 1548 non
2113 1503 2308 1564 potest,
2345 1504 2399 1550 et
2425 1495 2632 1550 nescire
2665 1497 2954 1550 secundum
2983 1498 3338 1566 privationem
3364 1501 3558 1555 nescit.

1977 1583 2128 1649 Quod
2159 1585 2375 1654 quidem
2412 1585 2607 1656 sophos
2647 1602 2750 1641 non
2791 1587 3114 1657 intelligens,
3166 1590 3408 1644 imitatur
3450 1605 3564 1646 cer-

1982 1677 2206 1728 tantium
2268 1677 2542 1745 imperitos
2591 1679 2915 1744 luctatores,
2977 1681 3068 1750 qui
3119 1698 3279 1751 saepe
3324 1684 3564 1740 inﬁrmos

293 1778 426 1832 bere
452 1778 720 1844 quandam
757 1774 1045 1837 virtutem,
1075 1772 1168 1825 sed
1197 1779 1287 1822 aut
1319 1768 1754 1830 intellectualem,
1787 1775 1880 1818 aut
1911 1756 1956 1812 Β
1985 1778 2105 1819 esse
2147 1775 2609 1821 contracertautes
2649 1770 2937 1835 opinaudo,
2977 1771 3266 1825 secundum
3305 1775 3448 1844 quod
3483 1775 3564 1826 vi-

295 1867 642 1927 rationalem,
667 1874 758 1918 aut
793 1863 1115 1924 scusualmn,
1142 1872 1231 1915 aut
1257 1860 1470 1914 vitalem
1504 1864 1542 1924 ³,
1581 1869 1673 1912 aut
1695 1874 1880 1913 essen-

295 1959 483 2012 tialent
513 1957 766 2009 virtutem
789 1955 956 2007 habet
987 1970 1000 2004 ε
1027 1963 1082 2006 et
1113 1953 1308 2019 ipsum,
1360 1950 1403 2003 si
1448 1949 1649 2018 justum
1680 1948 1882 2008 dicere,

293 2063 420 2102 esse
444 2048 713 2106 virtutem,
745 2045 795 2097 iu
816 2058 934 2097 esse
958 2043 1120 2096 habet
1145 2060 1173 2094 a
1205 2038 1638 2109 superesseutiali
1668 2039 1880 2091 virtute.

292 2141 380 2194 Es
397 2155 501 2209 qua
521 2146 644 2191 sunt
659 2136 946 2190 deil‘ormes
967 2134 1331 2204 angelicorum
1353 2132 1763 2200 ίίἱειιοεὶιὶοιιιιιη
1781 2132 1884 2184 vir—

297 2239 462 2287 tutes.
477 2241 543 2283 ex
561 2229 669 2296 ipsa
684 2235 865 2281 etesse
883 2225 1222 2279 ineasualiter
1237 2226 1257 2254 ¹
1275 2224 1550 2285 habent,et
1563 2236 1749 2277 omnes
1761 2236 1887 2276 suos

297 2317 691 2374 intcllectuales
713 2328 768 2371 et
795 2317 1126 2371 immortales
1149 2330 1358 2384 seraper
1380 2324 1579 2378 motus,
1599 2322 1654 2367 et
1675 2312 1886 2368 fortitu-

296 2409 482 2462 dinem
531 2409 721 2477 ipsam,
767 2415 823 2460 et
878 2407 1252 2459 indiminututn
1298 2405 1619 2458 desiderium
1657 2404 1778 2458 boni
1817 2418 1885 2458 ex

298 2499 535 2552 multum
567 2497 770 2567 Optima
801 2496 996 2550 virtute
1024 2503 1364 2564 acceperunt,
1399 2495 1512 2564 ipsa
1535 2495 1887 2563 permittente

297 2591 383 2644 eis
429 2604 586 2659 posse
627 2596 681 2642 et
721 2602 842 2641 esse
871 2588 1005 2640 haec
1028 2627 1042 2651 ,
1072 2595 1125 2640 et
1149 2595 1402 2655 appetere
1431 2602 1644 2656 semper
1665 2600 1806 2651 esse,
1834 2596 1889 2640 et

297 2680 409 2734 boc
452 2691 614 2746 posse
651 2685 902 2745 appetere
945 2689 1102 2747 posse
1144 2691 1373 2745 semper.
1411 2675 1741 2730 Proveniant
1789 2691 1884 2728 an-

298 2779 413 2826 tem
441 2772 571 2824 haec
601 2769 876 2822 inﬂexibili
917 2769 1112 2821 virtute
1135 2778 1189 2822 et
1213 2769 1264 2822 in
1291 2770 1540 2823 homines
1560 2810 1574 2833 ,
1603 2779 1657 2823 et
1685 2770 1888 2823 anima-

299 2861 400 2924 lia,
439 2869 492 2914 et
529 2861 796 2929 germina,
827 2869 882 2914 et
926 2868 1089 2913 totam
1132 2861 1498 2914 universitatis
1529 2872 1797 2925 naturam,
1827 2869 1891 2914 et

298 2953 509 3005 virtute
549 2951 695 3004 uttita
736 2959 860 3005 sunt
895 2952 958 3003 ad
995 2951 1134 3003 inter
1161 2965 1218 3005 se
1253 2952 1485 3006 invicem
1505 2953 1807 3006 amicitiam
1830 2959 1889 3006 et

301 3045 640 3104 societatem,
667 3051 728 3096 et
754 3043 1011 3107 discreta,
1039 3043 1104 3096 ad
1135 3058 1255 3097 esse
1295 3044 1587 3096 secundum
1617 3043 1887 3112 propriam

1988 1859 2144 1911 detur
2181 1857 2305 1922 sibi,
2347 1868 2401 1913 et
2447 1860 2513 1913 ad
2557 1875 2745 1914 omnes
2782 1878 2874 1915 eos
2902 1863 3125 1918 viriliter
3154 1865 3440 1920 umbratim
3473 1883 3563 1936 pu-
3629 1905 3635 1912 .

1985 1958 2230 2016 gnantes,
2256 1959 2311 2002 et
2354 1950 2478 2003 aéra
2508 1951 2659 2004 vanis
2693 1951 2886 2006 ictibus
2918 1952 3236 2009 ﬁducialiter
3263 1958 3564 2022 percutien-

1988 2047 2090 2098 tes,
2149 2039 2435 2094 aestimant
2478 2041 2981 2096 contraluctantium
3019 2060 3242 2099 suorum
3282 2048 3567 2108 domiaari.

1985 2138 2040 2183 et
2065 2132 2271 2200 seipsos
2299 2131 2630 2200 praedicant,
2684 2135 2986 2190 nescientes
3033 2136 3246 2193 illorum
3294 2141 3568 2195 virtutem.

1986 2218 2094 2274 Nos
2145 2229 2322 2275 autem
2372 2221 2709 2292 theologum,
2757 2227 3058 2280 secundum
3105 2228 3245 2296 quod
3296 2231 3568 2298 possibile,

1986 2311 2410 2377 considerantes,
2443 2312 2561 2381 plus
2585 2324 2747 2383 quam
2777 2325 3043 2384 potentem
3081 2319 3251 2372 Deum
3289 2321 3568 2376 laudamus

1986 2407 2044 2452 ut
2070 2400 2513 2470 omnipotentem,
2552 2411 2611 2456 ut
2637 2404 2870 2468 beatum,
2911 2415 2967 2459 ut
2997 2407 3169 2460 solum
3199 2420 3488 2476 potentem,
3519 2423 3570 2465 et

1988 2490 2352 2546 dominantem
2390 2493 2442 2546 in
2482 2495 2716 2562 potentia
2767 2508 2862 2549 sua
2914 2498 3113 2556 seculi.
3161 2508 3226 2553 «ut
3278 2503 3572 2556 secundum

1988 2580 2190 2634 nullum
2233 2582 2576 2637 existentium
2617 2585 2905 2640 cadentem
2937 2605 2949 2638 :
2983 2589 3154 2658 magis
3192 2597 3370 2643 autem
3401 2600 3456 2644 et
3485 2607 3578 2646 su-

1989 2681 2265 2740 perantem
2294 2675 2474 2728 omnia
2507 2677 2790 2731 existentia
2829 2695 2926 2747 per
2953 2681 3203 2736 virtutem
3231 2686 3578 2753 superessen-

1992 2763 2194 2828 tialem,
2233 2775 2286 2819 et
2321 2767 2570 2823 omnibus
2605 2770 2960 2826 existentibus
2986 2787 3142 2842 posse
3165 2790 3307 2840 esse,
3355 2785 3412 2832 et
3455 2793 3576 2833 esse

1983 2854 2279 2907 secundum
2310 2857 2734 2924 magnitudinem
2763 2863 3069 2928 superantis
3107 2864 3323 2919 virtutis
3361 2867 3576 2935 copiosa

1991 2941 2252 2999 eil‘usione
2276 2945 2584 3008 donantem.
2625 2946 2839 3004 Justitia
2868 2961 3044 3007 autem
3078 2955 3267 3009 iterum
3293 2956 3453 3022 Deus,
3487 2975 3578 3012 vc-

1993 3033 2070 3087 lut
2095 3036 2348 3090 omnibus
2377 3053 2514 3106 quae
2546 3051 2691 3104 sunt,
2733 3045 3025 3098 secundum
3051 3047 3364 3117 dignitatem
3397 3054 3579 3108 distri-

300 3134 516 3202 singula
553 3142 797 3205 quaeque
825 3135 1088 3188 rationem
1125 3143 1180 3187 et
1207 3134 1496 3188 terminum
1528 3135 1805 3190 inconfusa
1831 3142 1887 3188 et

1990 3127 2162 3181 buens
2202 3127 2473 3196 laudatur,
2517 3140 2574 3186 et
2615 3136 3096 3203 metisurationem.
3129 3152 3182 3194 et
3220 3141 3476 3208 fortium,
3523 3159 3577 3200 ct

302 3225 697 3293 imperturbata
718 3266 732 3288 ,
754 3233 816 3279 et
842 3226 1210 3280 universitatis
1236 3226 1453 3281 ordines
1487 3236 1540 3280 et
1569 3227 1890 3281 cumulatio-

303 3328 408 3368 nes
451 3315 501 3367 in
543 3315 816 3383 [imprium
848 3316 1106 3384 Optimum
1130 3315 1422 3383 'persalvat,
1463 3325 1522 3370 et
1553 3316 1892 3372 immortales

302 3403 673 3473 angelicorum
711 3405 979 3458 unitatum
1024 3405 1161 3461 vitas
1210 3406 1582 3461 immaculatas
1623 3407 1891 3472 custodit,

302 3505 364 3548 et
387 3494 672 3558 caelestes,
703 3503 756 3546 et
785 3494 1192 3550 illuminatrices
1213 3536 1226 3560 ,
1259 3506 1313 3550 et
1347 3497 1585 3551 sidereas
1599 3496 1892 3560 essentias,

304 3592 362 3637 et
391 3584 760 3638 ordinationes
784 3585 1172 3650 inmutabiles,
1200 3594 1253 3641 et
1277 3588 1570 3642 secundum
1596 3599 1752 3656 posse
1775 3601 1896 3642 esse

306 3673 443 3727 facit
470 3691 482 3726 :
511 3683 566 3726 et
594 3675 848 3742 temporis
882 3675 1117 3729 ambitus
1154 3676 1412 3730 discernit
1440 3676 1656 3745 quidem
1687 3689 1902 3744 proces-

303 3764 577 3828 siouibus,
608 3765 807 3835 colligit
840 3779 966 3819 vero
993 3767 1399 3820 -revcrsionibus
1436 3785 1448 3819 :
1475 3774 1528 3820 et
1559 3766 1697 3835 ignis
1731 3765 1900 3818 virtu-

299 3869 402 3912 tes
428 3859 858 3927 inextinguibiles
897 3858 1042 3922 facit,
1087 3867 1138 3912 et
1168 3873 1339 3928 aquae
1384 3857 1580 3912 ﬂuenta
1621 3872 1727 3910 non
1767 3856 1901 3911 deﬁ-

297 3951 534 4009 cientia,
584 3958 634 4003 ct
669 3952 881 4004 aéream
930 3948 1241 4003 eihrsiortent
1285 3949 1552 4010 terminat,
1602 3956 1656 4002 et
1701 3956 1898 4000 terram

301 4043 370 4094 .iu
405 4041 572 4094 nihilo
607 4040 849 4100 collocat,
879 4039 1136 4094 fecundos
1165 4039 1281 4108 ejus
1310 4049 1497 4108 partus
1527 4037 1903 4106 incorruptibi-

308 4131 396 4188 les
419 4133 684 4193 custodit,
715 4141 770 4184 et
803 4133 854 4184 in
886 4145 943 4185 se
987 4131 1213 4184 invicem
1251 4129 1640 4183 elementorum
1691 4128 1903 4181 harmo-

310 4227 463 4281 niam
490 4233 544 4277 et
577 4223 981 4294 tenqxéranti-am
1010 4220 1341 4275 inconi'usam
1385 4229 1440 4272 et
1490 4218 1900 4288 inseparabilem

224 4339 231 4350 ·
309 4317 513 4377 Salvat,
558 4323 610 4369 et
645 4315 818 4368 animi
870 4322 923 4366 ct
967 4313 1205 4380 corporis
1249 4311 1494 4382 copulam
1539 4312 1798 4376 continet,
1851 4323 1907 4368 ct

312 4406 624 4474 germinum
654 4404 939 4457 nutritivas
965 4411 1022 4456 et
1061 4403 1301 4455 auctivas
1338 4402 1563 4456 virtutes
1608 4410 1805 4467 movet,
1851 4413 1907 4458 et

308 4503 543 4564 superat
579 4493 893 4548 essemialcs
919 4493 1166 4546 omnium
1191 4492 1438 4556 virtutes,
1461 4493 1908 4548 retuniversitatis

302 4590 660 4645 insolubilem
687 4589 1017 4642 mansionem
1041 4588 1246 4653 munit,
1276 4596 1330 4640 et
1355 4586 1744 4641 deiﬁoatiouem
1787 4587 1902 4655 ipsa

313 4681 513 4744 donat,
549 4680 797 4733 virtutem
827 4680 878 4731 in
907 4679 1009 4732 hoc
1033 4678 1342 4731 deiﬁcandis
1370 4685 1665 4746 praestans.
1687 4676 1759 4730 -Ει
1788 4692 1902 4729 om-

297 4770 454 4822 -nino
495 4768 691 4820 nullum
721 4776 802 4822 est
831 4767 1204 4821 universaliter
1236 4766 1614 4830 existentium,
1662 4765 1902 4834 omnipo-

315 4859 456 4912 tenti
484 4859 776 4912 n'nn'tintine
803 4867 855 4911 et
882 4857 1284 4912 circumstantia
1312 4857 1522 4910 divinae
1551 4856 1763 4910 virtutis
1791 4857 1900 4926 pri-

307 4956 534 5000 vatum.
583 4947 732 5010 Quod
773 4947 927 5000 ienim
983 4946 1355 5001 universaiite‘r
1404 4945 1601 4999 nullam
1649 4947 1899 4999 virtutem

313 5035 510 5099 habet,
545 5051 714 5105 neque
741 5045 822 5089 est
855 5051 1026 5104 neque
1056 5037 1184 5106 quid
1211 5045 1313 5100 est,
1331 5050 1511 5103 neque
1535 5035 1711 5103 aliqua
1737 5035 1758 5066 ³
1786 5033 1901 5102 ejus

310 5126 635 5181 omnimodo
669 5128 880 5195 positio.
931 5127 992 5179 Et
1032 5127 1244 5195 quidem
1296 5127 1372 5180 ait
1417 5125 1631 5195 Elymas
1674 5141 1895 5194 magus:

310 5215 384 5270 Si
428 5215 768 5286 omnipotens
810 5225 899 5271 est
937 5217 1110 5282 Deus,
1156 5216 1423 5285 quomodo
1461 5216 1659 5271 dicitur
1697 5217 1898 5285 aliquid

1993 3215 2408 3284 ordinationem,
2436 3229 2489 3279 et
2514 3221 2941 3292 dispositionem,
2975 3237 3030 3282 et
3064 3243 3253 3285 omnes
3279 3233 3502 3289 virtutes
3526 3248 3579 3288 et

1993 3305 2212 3362 ordines
2237 3323 2525 3379 segregans
2551 3313 2842 3382 unicuique
2882 3314 3036 3382 juxta
3089 3335 3216 3374 vere
3257 3323 3578 3379 existentem

1989 3393 2347 3464 justissimum
2388 3401 2698 3468 terminum,
2737 3414 2790 3458 et
2835 3407 3087 3462 omnibus
3125 3425 3314 3466 eorum
3348 3415 3581 3484 singulo-

1999 3501 2118 3542 rum
2146 3503 2244 3558 per
2278 3492 2506 3560 seipsam
2541 3495 2772 3550 actionis
2793 3498 3028 3552 causalis
3056 3515 3086 3554 e
3111 3516 3169 3555 .s.
3215 3501 3404 3560 Omnia
3437 3508 3579 3561 enim

2000 3581 2176 3636 divina
2199 3581 2406 3649 justitia
2434 3585 2670 3652 ordinat,
2700 3590 3049 3653 etterminat,
3075 3601 3129 3644 et
3149 3594 3337 3649 omnia
3368 3595 3436 3649 ab
3461 3613 3578 3650 om-

2000 3671 2159 3726 nibus
2181 3671 2328 3726 clara
2359 3681 2410 3727 et
2448 3674 2726 3736 inconfusa
2755 3679 2991 3742 salva-as,
3031 3683 3327 3753 unicuique
3358 3700 3580 3757 cognata

1999 3762 2252 3817 omnibus
2299 3763 2655 3821 existentibus
2697 3769 2894 3834 donat,
2941 3775 3243 3828 secundum
3292 3778 3584 3847 unicuique

2001 3856 2345 3912 existentium
2399 3858 2612 3913 insitam
2663 3860 2998 3926 dignitatem.
3051 3865 3206 3920 Etsi
3247 3869 3386 3923 haec
3439 3882 3585 3927 recte

2003 3946 2266 4012 dicimus,
2311 3949 2620 4017 quicunque
2657 3950 2852 4004 divinis
2873 3953 3231 4022 maledicunt,
3259 3959 3466 4026 justitia
3489 3976 3585 4016 eos

2003 4034 2171 4101 latet,
2219 4051 2368 4091 suam
2435 4035 2748 4104 injustitiatn
2799 4039 2851 4094 iu
2904 4051 3090 4110 aperto
3137 4047 3581 4104 condemnautes.

2003 4126 2168 4180 Aiunt
2213 4127 2378 4190 enim,
2415 4125 2611 4182 debere
2653 4128 3172 4189 inesse-mortalibus
3204 4136 3578 4204 immortalita-

2007 4227 2136 4283 tem,
2165 4229 2220 4274 et
2244 4219 2573 4288 imperfectis
2599 4219 2913 4289 perfectum,
2957 4232 3011 4278 et
3039 4239 3139 4294 per
3174 4228 3380 4296 seipsos
3426 4236 3586 4288 motis

2006 4314 2228 4370 alteram
2257 4324 2554 4370 moventem
2589 4319 2958 4374 necessitatem
2979 4361 2992 4383 ,
3021 4331 3080 4376 et
3116 4325 3461 4382 mutabilibus
3485 4327 3585 4384 im-

2009 4406 2439 4470 mutabilitatem,
2480 4415 2536 4460 et
2571 4407 2808 4475 perfecte
2831 4411 3077 4477 potentia
3111 4412 3358 4482 inﬁrmis,
3406 4427 3462 4473 et
3495 4435 3585 4474 ac-

2011 4506 2162 4550 terna
2198 4509 2319 4550 esse
2377 4497 2709 4566 temporalia,
2755 4508 2814 4553 et
2857 4501 3340 4561 intraosmutabilia
3389 4518 3581 4564 natura

1982 4584 2249 4649 mobilia,
2279 4594 2334 4638 et
2364 4587 2684 4656 temporales
2708 4587 2932 4645 delicias
2953 4600 3227 4661 maecenas,
3275 4607 3332 4652 et
3363 4601 3583 4656 omnim

2008 4691 2146 4744 quae
2183 4684 2310 4730 sunt
2337 4676 2594 4743 aliorum,
2633 4679 2760 4732 aliis
2806 4681 3106 4752 porrigunt.
3143 4685 3376 4756 Oportet
3411 4693 3581 4752 sci-ro,
3650 4755 3656 4762 _

2007 4765 2237 4821 divinam
2261 4765 2526 4834 justitiam
2553 4768 2606 4821 in
2629 4769 2737 4823 hoc
2775 4771 3248 4830 vcre-exdsterttem
3280 4793 3461 4835 varam
3493 4782 3582 4848 ja-

2006 4857 2229 4918 stitiam,
2268 4857 2394 4926 quia
2435 4857 2682 4912 omnibus
2736 4859 2984 4914 retribuit
3019 4867 3240 4935 propria
3283 4872 3580 4926 secundum

2007 4947 2424 5020 uniuscujusque
2450 4949 2789 5003 existentiqu
2833 4950 3172 5022 dignitatem,
3197 4969 3276 5023 ,et
3318 4961 3578 5014 uniuscu-

1998 5037 2194 5106 jusque
2221 5046 2464 5090 naturam
2496 5038 2548 5091 in
2573 5039 2783 5107 proprio
2812 5039 2988 5096 salvat
3013 5046 3351 5102 ordinatione
3378 5055 3434 5103 et
3471 5050 3579 5102 vir-

1997 5138 2135 5194 tute.
2191 5126 2297 5181 Sed
2337 5128 2460 5197 quis
2503 5128 2699 5182 dixerit
2739 5148 2752 5184 :
2792 5130 2907 5186 Non
2966 5144 3049 5189 est
3087 5134 3328 5203 iustitiae
3375 5137 3577 5202 forsan,

2003 5228 2221 5290 agentes
2249 5228 2464 5273 sanctos
2493 5219 2633 5274 inter
2672 5236 2776 5277 non
2805 5222 3116 5291 adjuvautes
3139 5241 3167 5277 ο
3203 5225 3580 5283 deindentihm

1605 5330 1854 5386 \iARlA-‘E
1892 5329 2295 5385 LECTIONES.

387 5417 414 5452 ’ί
455 5431 546 5473 aut
572 5422 776 5476 vitalem
806 5438 912 5476 om.
950 5421 1058 5477 BIL
1161 5434 1189 5463 ’³
1230 5420 1362 5476 AEll
1391 5421 1746 5478 incomaliter.

309 5491 501 5559 lapsus
525 5507 633 5546 om.
665 5494 820 5548 codd.
896 5491 920 5525 ⁸
953 5493 1037 5547 BE
1063 5495 1289 5548 veritate.

1845 5421 1867 5453 ³
1905 5421 2037 5476 BEH
2055 5437 2230 5493 neque
2253 5431 2356 5490 est,
2386 5440 2545 5496 neque
2564 5438 2637 5480 est
2659 5426 2863 5498 aliqua.

2963 5428 2991 5458 ⁴
3019 5427 3110 5484 Sic
3136 5430 3210 5496 A;
3241 5447 3306 5484 ex
3330 5432 3578 5492 existente

1842 5583 2092 5640 NOTAE.

411 5663 434 5690 ι
468 5649 687 5724 ιιξΤὶω.
731 5655 773 5711 ιι
