  <div class='ocr_page' id='page_1' title='image "/cluster/home/n/w/nwhite01/storage/ocr_20150623/122/hvd.32044054759840/617.png"; bbox 0 0 3978 6160; ppageno 0'>
   <div class='ocr_carea' id='block_1_1' title="bbox 498 331 658 385">
    <p class='ocr_par' dir='ltr' id='par_1_1' title="bbox 498 331 658 385">
     <span class='ocr_line' id='line_1_1' title="bbox 498 331 658 385; baseline -0.006 0"><span class='ocrx_word' id='word_1_1' title='bbox 498 335 541 385; x_wconf 50' lang='grc' dir='ltr'><strong>’λι</strong></span> <span class='ocrx_word' id='word_1_2' title='bbox 563 331 658 384; x_wconf 64' lang='lat' dir='ltr'><strong>lilii</strong></span> 
     </span>
    </p>
   </div>
   <div class='ocr_carea' id='block_1_2' title="bbox 1912 337 2417 396">
    <p class='ocr_par' dir='ltr' id='par_1_2' title="bbox 1912 337 2417 396">
     <span class='ocr_line' id='line_1_2' title="bbox 1912 337 2417 396; baseline 0.008 -4"><span class='ocrx_word' id='word_1_3' title='bbox 1912 337 2189 393; x_wconf 71' lang='lat' dir='ltr'><strong>JOANNIS</strong></span> <span class='ocrx_word' id='word_1_4' title='bbox 2228 339 2417 396; x_wconf 80' lang='lat' dir='ltr'><strong>SCOTl</strong></span> 
     </span>
    </p>
   </div>
   <div class='ocr_carea' id='block_1_3' title="bbox 3607 363 3755 421">
    <p class='ocr_par' dir='ltr' id='par_1_3' title="bbox 3607 363 3755 421">
     <span class='ocr_line' id='line_1_3' title="bbox 3607 363 3755 421; baseline 0.034 -5"><span class='ocrx_word' id='word_1_5' title='bbox 3607 363 3755 421; x_wconf 60' lang='grc' dir='ltr'><strong>’Ναὶ</strong></span> 
     </span>
    </p>
   </div>
   <div class='ocr_carea' id='block_1_4' title="bbox 515 461 3757 540">
    <p class='ocr_par' dir='ltr' id='par_1_4' title="bbox 515 461 3757 540">
     <span class='ocr_line' id='line_1_4' title="bbox 515 461 3757 540; baseline 0.006 -25"><span class='ocrx_word' id='word_1_6' title='bbox 515 464 927 532; x_wconf 72' lang='lat' dir='ltr'><strong>extm&#39;qttetttlos.</strong></span> <span class='ocrx_word' id='word_1_7' title='bbox 990 462 1068 516; x_wconf 75' lang='lat' dir='ltr'><strong>Ad</strong></span> <span class='ocrx_word' id='word_1_8' title='bbox 1106 480 1264 532; x_wconf 85' lang='lat' dir='ltr'><strong>quem</strong></span> <span class='ocrx_word' id='word_1_9' title='bbox 1300 463 1582 519; x_wconf 75' lang='lat' dir='ltr'><strong>dicendum</strong></span> <span class='ocrx_word' id='word_1_10' title='bbox 1627 464 1705 517; x_wconf 87' lang='lat' dir='ltr'><strong>sic</strong></span> <span class='ocrx_word' id='word_1_11' title='bbox 1739 480 1750 515; x_wconf 91' lang='lat'>:</span> <span class='ocrx_word' id='word_1_12' title='bbox 1779 461 1835 516; x_wconf 92' lang='lat' dir='ltr'><strong>Si</strong></span> <span class='ocrx_word' id='word_1_13' title='bbox 1871 463 2084 532; x_wconf 79' lang='lat' dir='ltr'><strong>quidem</strong></span> <span class='ocrx_word' id='word_1_14' title='bbox 2116 468 2159 524; x_wconf 84' lang='grc' dir='ltr'><strong>Α</strong></span> <span class='ocrx_word' id='word_1_15' title='bbox 2191 468 2255 516; x_wconf 87' lang='lat' dir='ltr'><strong>ad</strong></span> <span class='ocrx_word' id='word_1_16' title='bbox 2281 473 2391 517; x_wconf 88' lang='lat' dir='ltr'><strong>tota</strong></span> <span class='ocrx_word' id='word_1_17' title='bbox 2422 463 2772 529; x_wconf 79' lang='lat' dir='ltr'><strong>diﬂ‘erentias,</strong></span> <span class='ocrx_word' id='word_1_18' title='bbox 2805 475 2857 520; x_wconf 85' lang='lat' dir='ltr'><strong>et</strong></span> <span class='ocrx_word' id='word_1_19' title='bbox 2888 467 3025 538; x_wconf 77' lang='lat' dir='ltr'><strong>ejus,</strong></span> <span class='ocrx_word' id='word_1_20' title='bbox 3057 482 3193 536; x_wconf 83' lang='lat' dir='ltr'><strong>quae</strong></span> <span class='ocrx_word' id='word_1_21' title='bbox 3221 478 3299 524; x_wconf 84' lang='lat' dir='ltr'><strong>est</strong></span> <span class='ocrx_word' id='word_1_22' title='bbox 3320 470 3549 540; x_wconf 88' lang='lat' dir='ltr'><strong>justitia,</strong></span> <span class='ocrx_word' id='word_1_23' title='bbox 3581 491 3757 534; x_wconf 85' lang='lat' dir='ltr'><strong>custo-</strong></span> 
     </span>
    </p>
   </div>
   <div class='ocr_carea' id='block_1_5' title="bbox 511 552 2082 624">
    <p class='ocr_par' dir='ltr' id='par_1_5' title="bbox 511 552 2082 624">
     <span class='ocr_line' id='line_1_5' title="bbox 511 552 2082 624; baseline 0 -18"><span class='ocrx_word' id='word_1_24' title='bbox 511 552 758 624; x_wconf 85' lang='lat' dir='ltr'><strong>diliguut,</strong></span> <span class='ocrx_word' id='word_1_25' title='bbox 785 569 919 624; x_wconf 89' lang='lat' dir='ltr'><strong>quos</strong></span> <span class='ocrx_word' id='word_1_26' title='bbox 945 554 1076 610; x_wconf 90' lang='lat' dir='ltr'><strong>dicis</strong></span> <span class='ocrx_word' id='word_1_27' title='bbox 1099 565 1332 619; x_wconf 87' lang='lat' dir='ltr'><strong>sanctos,</strong></span> <span class='ocrx_word' id='word_1_28' title='bbox 1369 556 1418 608; x_wconf 93' lang='lat' dir='ltr'><strong>in</strong></span> <span class='ocrx_word' id='word_1_29' title='bbox 1463 563 1604 609; x_wconf 87' lang='lat' dir='ltr'><strong>terra</strong></span> <span class='ocrx_word' id='word_1_30' title='bbox 1647 569 1676 607; x_wconf 89' lang='lat' dir='ltr'><strong>a</strong></span> <span class='ocrx_word' id='word_1_31' title='bbox 1711 553 2082 608; x_wconf 84' lang='lat' dir='ltr'><strong>matcrialibus</strong></span> 
     </span>
    </p>
   </div>
   <div class='ocr_carea' id='block_1_6' title="bbox 514 642 2082 712">
    <p class='ocr_par' dir='ltr' id='par_1_6' title="bbox 514 642 2082 712">
     <span class='ocr_line' id='line_1_6' title="bbox 514 642 2082 712; baseline 0 -17"><span class='ocrx_word' id='word_1_32' title='bbox 514 642 958 707; x_wconf 79' lang='lat' dir='ltr'><strong>aelanda,&#39;divino</strong></span> <span class='ocrx_word' id='word_1_33' title='bbox 986 645 1195 712; x_wconf 76' lang='lat' dir='ltr'><strong>penitus</strong></span> <span class='ocrx_word' id='word_1_34' title='bbox 1222 645 1528 699; x_wconf 86' lang='lat' dir='ltr'><strong>ceciderunt</strong></span> <span class='ocrx_word' id='word_1_35' title='bbox 1553 658 1735 698; x_wconf 90' lang='lat' dir='ltr'><strong>amore</strong></span> <span class='ocrx_word' id='word_1_36' title='bbox 1763 663 1776 697; x_wconf 93' lang='lat'><strong>:</strong></span> <span class='ocrx_word' id='word_1_37' title='bbox 1803 651 1857 699; x_wconf 93' lang='lat' dir='ltr'><strong>et</strong></span> <span class='ocrx_word' id='word_1_38' title='bbox 1901 643 2082 698; x_wconf 89' lang='lat' dir='ltr'><strong>nescio</strong></span> 
     </span>
    </p>
   </div>
   <div class='ocr_carea' id='block_1_7' title="bbox 494 725 2080 803">
    <p class='ocr_par' dir='ltr' id='par_1_7' title="bbox 494 725 2080 803">
     <span class='ocr_line' id='line_1_7' title="bbox 494 725 2080 803; baseline 0.001 -19"><span class='ocrx_word' id='word_1_39' title='bbox 494 725 777 798; x_wconf 64' lang='lat' dir='ltr'><strong>«quomodo</strong></span> <span class='ocrx_word' id='word_1_40' title='bbox 819 733 993 786; x_wconf 88' lang='lat' dir='ltr'><strong>sancti</strong></span> <span class='ocrx_word' id='word_1_41' title='bbox 1043 743 1298 787; x_wconf 76' lang='lat' dir='ltr'><strong>vocentur</strong></span> <span class='ocrx_word' id='word_1_42' title='bbox 1348 735 1364 764; x_wconf 77' lang='grc' dir='ltr'><strong>ι</strong></span> <span class='ocrx_word' id='word_1_43' title='bbox 1422 732 1617 802; x_wconf 87' lang='lat' dir='ltr'><strong>injuste</strong></span> <span class='ocrx_word' id='word_1_44' title='bbox 1651 741 1873 803; x_wconf 85' lang='lat' dir='ltr'><strong>agentes</strong></span> <span class='ocrx_word' id='word_1_45' title='bbox 1899 773 1913 795; x_wconf 91' lang='lat'><strong>,</strong></span> <span class='ocrx_word' id='word_1_46' title='bbox 1955 746 2080 785; x_wconf 87' lang='lat' dir='ltr'><strong>vere</strong></span> 
     </span>
    </p>
   </div>
   <div class='ocr_carea' id='block_1_8' title="bbox 511 820 2081 886">
    <p class='ocr_par' dir='ltr' id='par_1_8' title="bbox 511 820 2081 886">
     <span class='ocr_line' id='line_1_8' title="bbox 511 820 2081 886; baseline 0.001 -12"><span class='ocrx_word' id='word_1_47' title='bbox 511 820 760 876; x_wconf 81' lang='lat' dir='ltr'><strong>amabilia</strong></span> <span class='ocrx_word' id='word_1_48' title='bbox 795 830 850 876; x_wconf 92' lang='lat' dir='ltr'><strong>et</strong></span> <span class='ocrx_word' id='word_1_49' title='bbox 876 821 1052 876; x_wconf 84' lang='lat' dir='ltr'><strong>divina</strong></span> <span class='ocrx_word' id='word_1_50' title='bbox 1081 838 1184 878; x_wconf 90' lang='lat' dir='ltr'><strong>non</strong></span> <span class='ocrx_word' id='word_1_51' title='bbox 1201 823 1529 886; x_wconf 73' lang='lat' dir='ltr'><strong>&#39;zelantibus,</strong></span> <span class='ocrx_word' id='word_1_52' title='bbox 1567 832 1620 878; x_wconf 92' lang='lat' dir='ltr'><strong>et</strong></span> <span class='ocrx_word' id='word_1_53' title='bbox 1646 839 1751 877; x_wconf 91' lang='lat' dir='ltr'><strong>non</strong></span> <span class='ocrx_word' id='word_1_54' title='bbox 1779 823 2081 876; x_wconf 82' lang='lat' dir='ltr'><strong>amantibus</strong></span> 
     </span>
    </p>
   </div>
   <div class='ocr_carea' id='block_1_9' title="bbox 511 908 2077 980">
    <p class='ocr_par' dir='ltr' id='par_1_9' title="bbox 511 908 2077 980">
     <span class='ocr_line' id='line_1_9' title="bbox 511 908 2077 980; baseline 0.002 -18"><span class='ocrx_word' id='word_1_55' title='bbox 511 908 580 962; x_wconf 88' lang='lat' dir='ltr'><strong>ab</strong></span> <span class='ocrx_word' id='word_1_56' title='bbox 607 909 736 978; x_wconf 93' lang='lat' dir='ltr'><strong>ipsis</strong></span> <span class='ocrx_word' id='word_1_57' title='bbox 757 925 863 964; x_wconf 89' lang='lat' dir='ltr'><strong>non</strong></span> <span class='ocrx_word' id='word_1_58' title='bbox 893 919 1078 966; x_wconf 78' lang='lat' dir='ltr'><strong>sancte</strong></span> <span class='ocrx_word' id='word_1_59' title='bbox 1119 913 1434 980; x_wconf 81' lang='lat' dir='ltr'><strong>approbata.</strong></span> <span class='ocrx_word' id='word_1_60' title='bbox 1485 911 1540 966; x_wconf 90' lang='lat' dir='ltr'><strong>Si</strong></span> <span class='ocrx_word' id='word_1_61' title='bbox 1577 922 1754 965; x_wconf 88' lang='lat' dir='ltr'><strong>autem</strong></span> <span class='ocrx_word' id='word_1_62' title='bbox 1801 927 1927 967; x_wconf 83' lang='lat' dir='ltr'><strong>vere</strong></span> <span class='ocrx_word' id='word_1_63' title='bbox 1965 914 2077 968; x_wconf 80' lang='lat' dir='ltr'><strong>exi-</strong></span> 
     </span>
    </p>
   </div>
   <div class='ocr_carea' id='block_1_10' title="bbox 507 999 2077 1071">
    <p class='ocr_par' dir='ltr' id='par_1_10' title="bbox 507 999 2077 1071">
     <span class='ocr_line' id='line_1_10' title="bbox 507 999 2077 1071; baseline 0.004 -20"><span class='ocrx_word' id='word_1_64' title='bbox 507 999 702 1052; x_wconf 87' lang='lat' dir='ltr'><strong>stentia</strong></span> <span class='ocrx_word' id='word_1_65' title='bbox 739 1009 942 1063; x_wconf 88' lang='lat' dir='ltr'><strong>amant,</strong></span> <span class='ocrx_word' id='word_1_66' title='bbox 989 1000 1173 1054; x_wconf 88' lang='lat' dir='ltr'><strong>laetari</strong></span> <span class='ocrx_word' id='word_1_67' title='bbox 1216 1011 1426 1070; x_wconf 80' lang='lat' dir='ltr'><strong>oportet</strong></span> <span class='ocrx_word' id='word_1_68' title='bbox 1467 1017 1694 1070; x_wconf 89' lang='lat' dir='ltr'><strong>quorum</strong></span> <span class='ocrx_word' id='word_1_69' title='bbox 1727 1003 2077 1071; x_wconf 90' lang='lat' dir='ltr'><strong>appetitores,</strong></span> 
     </span>
    </p>
   </div>
   <div class='ocr_carea' id='block_1_11' title="bbox 504 1087 2079 1161">
    <p class='ocr_par' dir='ltr' id='par_1_11' title="bbox 504 1087 2079 1161">
     <span class='ocr_line' id='line_1_11' title="bbox 504 1087 2079 1161; baseline 0.006 -22"><span class='ocrx_word' id='word_1_70' title='bbox 504 1087 719 1155; x_wconf 81' lang='lat' dir='ltr'><strong>quando</strong></span> <span class='ocrx_word' id='word_1_71' title='bbox 759 1089 990 1157; x_wconf 88' lang='lat' dir='ltr'><strong>appetita</strong></span> <span class='ocrx_word' id='word_1_72' title='bbox 1038 1101 1419 1160; x_wconf 89' lang='lat' dir='ltr'><strong>assequuntur.</strong></span> <span class='ocrx_word' id='word_1_73' title='bbox 1473 1091 1564 1146; x_wconf 85' lang='lat' dir='ltr'><strong>Vel</strong></span> <span class='ocrx_word' id='word_1_74' title='bbox 1609 1107 1713 1145; x_wconf 91' lang='lat' dir='ltr'><strong>non</strong></span> <span class='ocrx_word' id='word_1_75' title='bbox 1757 1100 1884 1145; x_wconf 88' lang='lat' dir='ltr'><strong>tunc</strong></span> <span class='ocrx_word' id='word_1_76' title='bbox 1910 1093 2079 1161; x_wconf 88' lang='lat' dir='ltr'><strong>magis</strong></span> 
     </span>
    </p>
   </div>
   <div class='ocr_carea' id='block_1_12' title="bbox 503 1181 2077 1251">
    <p class='ocr_par' dir='ltr' id='par_1_12' title="bbox 503 1181 2077 1251">
     <span class='ocr_line' id='line_1_12' title="bbox 503 1181 2077 1251; baseline 0.002 -17"><span class='ocrx_word' id='word_1_77' title='bbox 503 1181 928 1250; x_wconf 89' lang='lat' dir='ltr'><strong>appropinquant</strong></span> <span class='ocrx_word' id='word_1_78' title='bbox 966 1181 989 1213; x_wconf 79' lang='grc'><em>³</em></span> <span class='ocrx_word' id='word_1_79' title='bbox 1036 1183 1290 1251; x_wconf 71' lang='lat' dir='ltr'><strong>angelicis</strong></span> <span class='ocrx_word' id='word_1_80' title='bbox 1325 1182 1630 1246; x_wconf 84' lang='lat' dir='ltr'><strong>virtutibus,</strong></span> <span class='ocrx_word' id='word_1_81' title='bbox 1661 1197 1804 1246; x_wconf 91' lang='lat' dir='ltr'><strong>cum,</strong></span> <span class='ocrx_word' id='word_1_82' title='bbox 1857 1191 1916 1236; x_wconf 89' lang='lat' dir='ltr'><strong>ut</strong></span> <span class='ocrx_word' id='word_1_83' title='bbox 1957 1199 2077 1251; x_wconf 87' lang='lat' dir='ltr'><strong>pos-</strong></span> 
     </span>
    </p>
   </div>
   <div class='ocr_carea' id='block_1_13' title="bbox 487 1271 2073 1334">
    <p class='ocr_par' dir='ltr' id='par_1_13' title="bbox 487 1271 2073 1334">
     <span class='ocr_line' id='line_1_13' title="bbox 487 1271 2073 1334; baseline -0.001 -6"><span class='ocrx_word' id='word_1_84' title='bbox 487 1272 656 1328; x_wconf 77' lang='lat' dir='ltr'><strong>sibile</strong></span> <span class='ocrx_word' id='word_1_85' title='bbox 684 1281 769 1328; x_wconf 90' lang='lat' dir='ltr'><strong>est</strong></span> <span class='ocrx_word' id='word_1_86' title='bbox 793 1311 808 1334; x_wconf 94' lang='lat'><strong>,</strong></span> <span class='ocrx_word' id='word_1_87' title='bbox 838 1272 1101 1326; x_wconf 89' lang='lat' dir='ltr'><strong>desiderio</strong></span> <span class='ocrx_word' id='word_1_88' title='bbox 1131 1273 1430 1326; x_wconf 87' lang='lat' dir='ltr'><strong>divinormu</strong></span> <span class='ocrx_word' id='word_1_89' title='bbox 1463 1275 1686 1328; x_wconf 89' lang='lat' dir='ltr'><strong>redeunt</strong></span> <span class='ocrx_word' id='word_1_90' title='bbox 1719 1271 2073 1326; x_wconf 88' lang='lat' dir='ltr'><strong>materialium</strong></span> 
     </span>
    </p>
   </div>
   <div class='ocr_carea' id='block_1_14' title="bbox 501 1361 2076 1432">
    <p class='ocr_par' dir='ltr' id='par_1_14' title="bbox 501 1361 2076 1432">
     <span class='ocr_line' id='line_1_14' title="bbox 501 1361 2076 1432; baseline -0.003 -14"><span class='ocrx_word' id='word_1_91' title='bbox 501 1363 848 1432; x_wconf 84' lang='lat' dir='ltr'><strong>perpessione</strong></span> <span class='ocrx_word' id='word_1_92' title='bbox 890 1363 1192 1416; x_wconf 79' lang='lat' dir='ltr'><strong>exercitati.</strong></span> <span class='ocrx_word' id='word_1_93' title='bbox 1241 1363 1320 1415; x_wconf 86' lang='lat' dir='ltr'><strong>Ad</strong></span> <span class='ocrx_word' id='word_1_94' title='bbox 1365 1363 1468 1416; x_wconf 90' lang='lat' dir='ltr'><strong>hoc</strong></span> <span class='ocrx_word' id='word_1_95' title='bbox 1511 1361 1663 1415; x_wconf 88' lang='lat' dir='ltr'><strong>valde</strong></span> <span class='ocrx_word' id='word_1_96' title='bbox 1705 1361 1933 1415; x_wconf 76' lang='lat' dir='ltr'><strong>viriliter</strong></span> <span class='ocrx_word' id='word_1_97' title='bbox 1981 1377 2076 1430; x_wconf 88' lang='lat' dir='ltr'><strong>pro</strong></span> 
     </span>
    </p>
   </div>
   <div class='ocr_carea' id='block_1_15' title="bbox 453 1441 2076 1522">
    <p class='ocr_par' dir='ltr' id='par_1_15' title="bbox 453 1441 2076 1522">
     <span class='ocr_line' id='line_1_15' title="bbox 453 1441 2076 1522; baseline -0.002 -15"><span class='ocrx_word' id='word_1_98' title='bbox 453 1458 459 1463; x_wconf 88' lang='lat'><strong><em>&#39;</em></strong></span> <span class='ocrx_word' id='word_1_99' title='bbox 498 1455 640 1508; x_wconf 88' lang='lat' dir='ltr'><strong>bono</strong></span> <span class='ocrx_word' id='word_1_100' title='bbox 665 1450 1106 1522; x_wconf 87' lang='lat' dir='ltr'><strong>instant.-ltaque</strong></span> <span class='ocrx_word' id='word_1_101' title='bbox 1141 1465 1323 1504; x_wconf 86' lang='lat' dir='ltr'><strong>verum</strong></span> <span class='ocrx_word' id='word_1_102' title='bbox 1365 1451 1562 1515; x_wconf 87' lang='lat' dir='ltr'><strong>dicere,</strong></span> <span class='ocrx_word' id='word_1_103' title='bbox 1599 1441 1723 1521; x_wconf 78' lang='lat' dir='ltr'><strong>quia</strong></span> <span class='ocrx_word' id='word_1_104' title='bbox 1767 1451 1868 1505; x_wconf 83' lang='lat' dir='ltr'><strong>hoc</strong></span> <span class='ocrx_word' id='word_1_105' title='bbox 1907 1451 2076 1520; x_wconf 89' lang='lat' dir='ltr'><strong>magis</strong></span> 
     </span>
    </p>
   </div>
   <div class='ocr_carea' id='block_1_16' title="bbox 496 1535 2077 1612">
    <p class='ocr_par' dir='ltr' id='par_1_16' title="bbox 496 1535 2077 1612">
     <span class='ocr_line' id='line_1_16' title="bbox 496 1535 2077 1612; baseline -0.001 -15"><span class='ocrx_word' id='word_1_106' title='bbox 496 1556 580 1599; x_wconf 87' lang='lat' dir='ltr'><strong>cst</strong></span> <span class='ocrx_word' id='word_1_107' title='bbox 608 1545 816 1600; x_wconf 77' lang='lat' dir='ltr'><strong>divinae</strong></span> <span class='ocrx_word' id='word_1_108' title='bbox 839 1535 1392 1612; x_wconf 74' lang='lat' dir='ltr'><strong>justitiaebroprium,</strong></span> <span class='ocrx_word' id='word_1_109' title='bbox 1420 1543 1558 1597; x_wconf 84' lang='lat' dir='ltr'><strong>nolle</strong></span> <span class='ocrx_word' id='word_1_110' title='bbox 1580 1543 1804 1612; x_wconf 89' lang='lat' dir='ltr'><strong>perdere</strong></span> <span class='ocrx_word' id='word_1_111' title='bbox 1832 1553 2077 1611; x_wconf 83' lang='lat' dir='ltr'><strong>potenter</strong></span> 
     </span>
    </p>
   </div>
   <div class='ocr_carea' id='block_1_17' title="bbox 497 1632 2074 1706">
    <p class='ocr_par' dir='ltr' id='par_1_17' title="bbox 497 1632 2074 1706">
     <span class='ocr_line' id='line_1_17' title="bbox 497 1632 2074 1706; baseline -0.001 -19"><span class='ocrx_word' id='word_1_112' title='bbox 497 1637 768 1706; x_wconf 73' lang='lat' dir='ltr'><strong>agentium</strong></span> <span class='ocrx_word' id='word_1_113' title='bbox 809 1633 1170 1688; x_wconf 75' lang='lat' dir='ltr'><strong>fortitudinem</strong></span> <span class='ocrx_word' id='word_1_114' title='bbox 1217 1633 1571 1687; x_wconf 78' lang='lat' dir='ltr'><strong>materialium</strong></span> <span class='ocrx_word' id='word_1_115' title='bbox 1611 1633 1854 1687; x_wconf 91' lang='lat' dir='ltr'><strong>vinculis.</strong></span> <span class='ocrx_word' id='word_1_116' title='bbox 1912 1632 2074 1686; x_wconf 85' lang='lat' dir='ltr'><strong>Num-</strong></span> 
     </span>
    </p>
   </div>
   <div class='ocr_carea' id='block_1_18' title="bbox 496 1722 2074 1794">
    <p class='ocr_par' dir='ltr' id='par_1_18' title="bbox 496 1722 2074 1794">
     <span class='ocr_line' id='line_1_18' title="bbox 496 1722 2074 1794; baseline 0 -18"><span class='ocrx_word' id='word_1_117' title='bbox 496 1726 623 1794; x_wconf 90' lang='lat' dir='ltr'><strong>quid</strong></span> <span class='ocrx_word' id='word_1_118' title='bbox 663 1739 808 1788; x_wconf 88' lang='lat' dir='ltr'><strong>vero,</strong></span> <span class='ocrx_word' id='word_1_119' title='bbox 839 1724 882 1777; x_wconf 91' lang='lat' dir='ltr'><strong>si</strong></span> <span class='ocrx_word' id='word_1_120' title='bbox 919 1724 1038 1792; x_wconf 88' lang='lat' dir='ltr'><strong>quis</strong></span> <span class='ocrx_word' id='word_1_121' title='bbox 1063 1733 1287 1776; x_wconf 88' lang='lat' dir='ltr'><strong>conatus</strong></span> <span class='ocrx_word' id='word_1_122' title='bbox 1334 1723 1495 1778; x_wconf 76' lang='lat' dir='ltr'><strong>fuerit</strong></span> <span class='ocrx_word' id='word_1_123' title='bbox 1537 1725 1638 1776; x_wconf 86' lang='lat' dir='ltr'><strong>hoc</strong></span> <span class='ocrx_word' id='word_1_124' title='bbox 1684 1722 1885 1788; x_wconf 87' lang='lat' dir='ltr'><strong>facere,</strong></span> <span class='ocrx_word' id='word_1_125' title='bbox 1934 1723 2074 1776; x_wconf 89' lang='lat' dir='ltr'><strong>inter</strong></span> 
     </span>
    </p>
   </div>
   <div class='ocr_carea' id='block_1_19' title="bbox 2180 550 3758 622">
    <p class='ocr_par' dir='ltr' id='par_1_19' title="bbox 2180 550 3758 622">
     <span class='ocr_line' id='line_1_19' title="bbox 2180 550 3758 622; baseline 0.012 -19"><span class='ocrx_word' id='word_1_126' title='bbox 2180 550 2324 616; x_wconf 89' lang='lat' dir='ltr'><strong>dem,</strong></span> <span class='ocrx_word' id='word_1_127' title='bbox 2357 567 2494 620; x_wconf 88' lang='lat' dir='ltr'><strong>quae</strong></span> <span class='ocrx_word' id='word_1_128' title='bbox 2518 565 2621 607; x_wconf 88' lang='lat' dir='ltr'><strong>non</strong></span> <span class='ocrx_word' id='word_1_129' title='bbox 2644 555 2888 610; x_wconf 78' lang='lat' dir='ltr'><strong>concedit</strong></span> <span class='ocrx_word' id='word_1_130' title='bbox 2915 557 3200 612; x_wconf 74' lang='lat' dir='ltr'><strong>commixta</strong></span> <span class='ocrx_word' id='word_1_131' title='bbox 3238 569 3345 613; x_wconf 90' lang='lat' dir='ltr'><strong>tota</strong></span> <span class='ocrx_word' id='word_1_132' title='bbox 3377 563 3430 614; x_wconf 92' lang='lat' dir='ltr'><strong>iu</strong></span> <span class='ocrx_word' id='word_1_133' title='bbox 3460 564 3585 619; x_wconf 89' lang='lat' dir='ltr'><strong>totis</strong></span> <span class='ocrx_word' id='word_1_134' title='bbox 3619 568 3758 622; x_wconf 82' lang='lat' dir='ltr'><strong>facta</strong></span> 
     </span>
    </p>
   </div>
   <div class='ocr_carea' id='block_1_20' title="bbox 2181 640 3760 726">
    <p class='ocr_par' dir='ltr' id='par_1_20' title="bbox 2181 640 3760 726">
     <span class='ocr_line' id='line_1_20' title="bbox 2181 640 3760 726; baseline 0.013 -38"><span class='ocrx_word' id='word_1_135' title='bbox 2181 640 2508 708; x_wconf 87' lang='lat' dir='ltr'><strong>perturbari,</strong></span> <span class='ocrx_word' id='word_1_136' title='bbox 2565 643 2874 698; x_wconf 88' lang='lat' dir='ltr'><strong>custodiens</strong></span> <span class='ocrx_word' id='word_1_137' title='bbox 2903 659 3052 708; x_wconf 86' lang='lat' dir='ltr'><strong>vero,</strong></span> <span class='ocrx_word' id='word_1_138' title='bbox 3091 662 3226 714; x_wconf 86' lang='lat' dir='ltr'><strong>quae</strong></span> <span class='ocrx_word' id='word_1_139' title='bbox 3258 661 3383 704; x_wconf 89' lang='lat' dir='ltr'><strong>sunt</strong></span> <span class='ocrx_word' id='word_1_140' title='bbox 3422 655 3624 718; x_wconf 88' lang='lat' dir='ltr'><strong>omnia,</strong></span> <span class='ocrx_word' id='word_1_141' title='bbox 3665 672 3760 726; x_wconf 86' lang='lat' dir='ltr'><strong>per</strong></span> 
     </span>
    </p>
   </div>
   <div class='ocr_carea' id='block_1_21' title="bbox 2181 729 3758 809">
    <p class='ocr_par' dir='ltr' id='par_1_21' title="bbox 2181 729 3758 809">
     <span class='ocr_line' id='line_1_21' title="bbox 2181 729 3758 809; baseline 0.013 -31"><span class='ocrx_word' id='word_1_142' title='bbox 2181 729 2389 794; x_wconf 88' lang='lat' dir='ltr'><strong>species</strong></span> <span class='ocrx_word' id='word_1_143' title='bbox 2429 730 2689 800; x_wconf 88' lang='lat' dir='ltr'><strong>singulas,</strong></span> <span class='ocrx_word' id='word_1_144' title='bbox 2723 733 2774 785; x_wconf 91' lang='lat' dir='ltr'><strong>in</strong></span> <span class='ocrx_word' id='word_1_145' title='bbox 2807 733 3001 802; x_wconf 83' lang='lat' dir='ltr'><strong>quibus</strong></span> <span class='ocrx_word' id='word_1_146' title='bbox 3032 740 3446 809; x_wconf 78' lang='lat' dir='ltr'><strong>unumquodque</strong></span> <span class='ocrx_word' id='word_1_147' title='bbox 3470 758 3592 798; x_wconf 86' lang='lat' dir='ltr'><strong>esse</strong></span> <span class='ocrx_word' id='word_1_148' title='bbox 3640 749 3758 799; x_wconf 48' lang='lat' dir='ltr'><strong>sub.</strong></span> 
     </span>
    </p>
   </div>
   <div class='ocr_carea' id='block_1_22' title="bbox 2180 817 2376 870">
    <p class='ocr_par' dir='ltr' id='par_1_22' title="bbox 2180 817 2376 870">
     <span class='ocr_line' id='line_1_22' title="bbox 2180 817 2376 870; baseline 0.01 -2"><span class='ocrx_word' id='word_1_149' title='bbox 2180 817 2376 870; x_wconf 78' lang='lat' dir='ltr'><strong>stituit.</strong></span> 
     </span>
    </p>
   </div>
   <div class='ocr_carea' id='block_1_23' title="bbox 2703 889 3226 948">
    <p class='ocr_par' dir='ltr' id='par_1_23' title="bbox 2703 889 3226 948">
     <span class='ocr_line' id='line_1_23' title="bbox 2703 889 3226 948; baseline 0.008 -4"><span class='ocrx_word' id='word_1_150' title='bbox 2703 889 3100 947; x_wconf 72' lang='lat' dir='ltr'><strong>CAPITULUM</strong></span> <span class='ocrx_word' id='word_1_151' title='bbox 3136 893 3226 948; x_wconf 80' lang='lat' dir='ltr'><strong>l.\&#39;.</strong></span> 
     </span>
    </p>
   </div>
   <div class='ocr_carea' id='block_1_24' title="bbox 2171 994 3756 1079">
    <p class='ocr_par' dir='ltr' id='par_1_24' title="bbox 2171 994 3756 1079">
     <span class='ocr_line' id='line_1_24' title="bbox 2171 994 3756 1079; baseline 0.013 -32"><span class='ocrx_word' id='word_1_152' title='bbox 2171 994 2256 1049; x_wconf 80' lang='lat' dir='ltr'><strong>De</strong></span> <span class='ocrx_word' id='word_1_153' title='bbox 2310 1015 2517 1070; x_wconf 76' lang='lat' dir='ltr'><strong>magno,</strong></span> <span class='ocrx_word' id='word_1_154' title='bbox 2569 1017 2749 1069; x_wconf 71' lang='lat' dir='ltr'><strong>parvo,</strong></span> <span class='ocrx_word' id='word_1_155' title='bbox 2791 1003 2991 1068; x_wconf 83' lang='lat' dir='ltr'><strong>eodem,</strong></span> <span class='ocrx_word' id='word_1_156' title='bbox 3031 1003 3216 1079; x_wconf 66' lang='lat' dir='ltr'><strong>altera,</strong></span> <span class='ocrx_word' id='word_1_157' title='bbox 3257 1007 3436 1075; x_wconf 83' lang='lat' dir='ltr'><strong>simili,</strong></span> <span class='ocrx_word' id='word_1_158' title='bbox 3489 1011 3756 1079; x_wconf 73' lang='lat' dir='ltr'><strong>dissimili,</strong></span> 
     </span>
    </p>
   </div>
   <div class='ocr_carea' id='block_1_25' title="bbox 2599 1075 3326 1143">
    <p class='ocr_par' dir='ltr' id='par_1_25' title="bbox 2599 1075 3326 1143">
     <span class='ocr_line' id='line_1_25' title="bbox 2599 1075 3326 1143; baseline 0.012 -22"><span class='ocrx_word' id='word_1_159' title='bbox 2599 1080 2764 1135; x_wconf 80' lang='lat' dir='ltr'><strong>statu,</strong></span> <span class='ocrx_word' id='word_1_160' title='bbox 2801 1082 2964 1136; x_wconf 82' lang='lat' dir='ltr'><strong>mola,</strong></span> <span class='ocrx_word' id='word_1_161' title='bbox 2996 1075 3326 1143; x_wconf 78' lang='lat' dir='ltr'><strong>aequalitate.</strong></span> 
     </span>
    </p>
   </div>
   <div class='ocr_carea' id='block_1_26' title="bbox 2249 1175 3756 1258">
    <p class='ocr_par' dir='ltr' id='par_1_26' title="bbox 2249 1175 3756 1258">
     <span class='ocr_line' id='line_1_26' title="bbox 2249 1175 3756 1258; baseline 0.011 -30"><span class='ocrx_word' id='word_1_162' title='bbox 2249 1175 2510 1242; x_wconf 83' lang='lat' dir='ltr'><strong>Quoniam</strong></span> <span class='ocrx_word' id='word_1_163' title='bbox 2548 1187 2725 1232; x_wconf 88' lang='lat' dir='ltr'><strong>autem</strong></span> <span class='ocrx_word' id='word_1_164' title='bbox 2765 1189 2821 1233; x_wconf 90' lang='lat' dir='ltr'><strong>et</strong></span> <span class='ocrx_word' id='word_1_165' title='bbox 2863 1196 3116 1252; x_wconf 89' lang='lat' dir='ltr'><strong>magnum</strong></span> <span class='ocrx_word' id='word_1_166' title='bbox 3164 1192 3218 1237; x_wconf 91' lang='lat' dir='ltr'><strong>et</strong></span> <span class='ocrx_word' id='word_1_167' title='bbox 3261 1199 3491 1252; x_wconf 89' lang='lat' dir='ltr'><strong>parvum</strong></span> <span class='ocrx_word' id='word_1_168' title='bbox 3535 1192 3756 1258; x_wconf 81' lang='lat' dir='ltr'><strong>ponitur</strong></span> 
     </span>
    </p>
   </div>
   <div class='ocr_carea' id='block_1_27' title="bbox 2179 1266 3752 1345">
    <p class='ocr_par' dir='ltr' id='par_1_27' title="bbox 2179 1266 3752 1345">
     <span class='ocr_line' id='line_1_27' title="bbox 2179 1266 3752 1345; baseline 0.013 -28"><span class='ocrx_word' id='word_1_169' title='bbox 2179 1266 2231 1318; x_wconf 92' lang='lat' dir='ltr'><strong>in</strong></span> <span class='ocrx_word' id='word_1_170' title='bbox 2261 1267 2502 1320; x_wconf 87' lang='lat' dir='ltr'><strong>omnium</strong></span> <span class='ocrx_word' id='word_1_171' title='bbox 2523 1268 2824 1334; x_wconf 90' lang='lat' dir='ltr'><strong>causali,et</strong></span> <span class='ocrx_word' id='word_1_172' title='bbox 2845 1270 3098 1341; x_wconf 89' lang='lat' dir='ltr'><strong>idipsum,</strong></span> <span class='ocrx_word' id='word_1_173' title='bbox 3129 1283 3182 1328; x_wconf 92' lang='lat' dir='ltr'><strong>et</strong></span> <span class='ocrx_word' id='word_1_174' title='bbox 3207 1275 3533 1342; x_wconf 85' lang='lat' dir='ltr'><strong>alterum,et</strong></span> <span class='ocrx_word' id='word_1_175' title='bbox 3556 1282 3752 1345; x_wconf 84' lang='lat' dir='ltr'><strong>simile.</strong></span> 
     </span>
    </p>
   </div>
   <div class='ocr_carea' id='block_1_28' title="bbox 2181 1355 3752 1430">
    <p class='ocr_par' dir='ltr' id='par_1_28' title="bbox 2181 1355 3752 1430">
     <span class='ocr_line' id='line_1_28' title="bbox 2181 1355 3752 1430; baseline 0.01 -20"><span class='ocrx_word' id='word_1_176' title='bbox 2181 1364 2236 1410; x_wconf 92' lang='lat' dir='ltr'><strong>et</strong></span> <span class='ocrx_word' id='word_1_177' title='bbox 2264 1355 2547 1422; x_wconf 90' lang='lat' dir='ltr'><strong>dissimile,</strong></span> <span class='ocrx_word' id='word_1_178' title='bbox 2577 1366 2637 1412; x_wconf 89' lang='lat' dir='ltr'><strong>et</strong></span> <span class='ocrx_word' id='word_1_179' title='bbox 2657 1367 2852 1426; x_wconf 83' lang='lat' dir='ltr'><strong>status,</strong></span> <span class='ocrx_word' id='word_1_180' title='bbox 2887 1370 2943 1416; x_wconf 94' lang='lat' dir='ltr'><strong>et</strong></span> <span class='ocrx_word' id='word_1_181' title='bbox 2973 1371 3156 1418; x_wconf 85' lang='lat' dir='ltr'><strong>motus</strong></span> <span class='ocrx_word' id='word_1_182' title='bbox 3186 1382 3200 1416; x_wconf 92' lang='lat'><strong>:</strong></span> <span class='ocrx_word' id='word_1_183' title='bbox 3229 1365 3319 1430; x_wconf 90' lang='lat' dir='ltr'><strong>da,</strong></span> <span class='ocrx_word' id='word_1_184' title='bbox 3361 1379 3416 1421; x_wconf 90' lang='lat' dir='ltr'><strong>et</strong></span> <span class='ocrx_word' id='word_1_185' title='bbox 3468 1369 3558 1423; x_wconf 87' lang='lat' dir='ltr'><strong>his</strong></span> <span class='ocrx_word' id='word_1_186' title='bbox 3591 1373 3752 1425; x_wconf 82' lang='lat' dir='ltr'><strong>divini</strong></span> 
     </span>
    </p>
   </div>
   <div class='ocr_carea' id='block_1_29' title="bbox 2177 1446 3753 1523">
    <p class='ocr_par' dir='ltr' id='par_1_29' title="bbox 2177 1446 3753 1523">
     <span class='ocr_line' id='line_1_29' title="bbox 2177 1446 3753 1523; baseline 0.009 -24"><span class='ocrx_word' id='word_1_187' title='bbox 2177 1446 2524 1502; x_wconf 89' lang='lat' dir='ltr'><strong>nominativis</strong></span> <span class='ocrx_word' id='word_1_188' title='bbox 2541 1447 2560 1480; x_wconf 83' lang='lat'><strong>&#39;</strong></span> <span class='ocrx_word' id='word_1_189' title='bbox 2583 1449 2867 1518; x_wconf 89' lang='lat' dir='ltr'><strong>agalmatis</strong></span> <span class='ocrx_word' id='word_1_190' title='bbox 2901 1466 3268 1523; x_wconf 82' lang='lat' dir='ltr'><strong>quaecumque</strong></span> <span class='ocrx_word' id='word_1_191' title='bbox 3291 1457 3446 1509; x_wconf 89' lang='lat' dir='ltr'><strong>nobis</strong></span> <span class='ocrx_word' id='word_1_192' title='bbox 3471 1459 3753 1514; x_wconf 83' lang='lat' dir='ltr'><strong>manifesta</strong></span> 
     </span>
    </p>
   </div>
   <div class='ocr_carea' id='block_1_30' title="bbox 2174 1537 3756 1618">
    <p class='ocr_par' dir='ltr' id='par_1_30' title="bbox 2174 1537 3756 1618">
     <span class='ocr_line' id='line_1_30' title="bbox 2174 1537 3756 1618; baseline 0.008 -28"><span class='ocrx_word' id='word_1_193' title='bbox 2174 1543 2315 1594; x_wconf 79' lang='lat' dir='ltr'><strong>sunt.</strong></span> <span class='ocrx_word' id='word_1_194' title='bbox 2333 1537 2838 1608; x_wconf 89' lang='lat' dir='ltr'><strong>contemplabimur.</strong></span> <span class='ocrx_word' id='word_1_195' title='bbox 2855 1539 3078 1612; x_wconf 82' lang='lat' dir='ltr'><strong>Magnus</strong></span> <span class='ocrx_word' id='word_1_196' title='bbox 3093 1542 3256 1613; x_wconf 86' lang='lat' dir='ltr'><strong>igitur</strong></span> <span class='ocrx_word' id='word_1_197' title='bbox 3281 1543 3422 1599; x_wconf 88' lang='lat' dir='ltr'><strong>Deus</strong></span> <span class='ocrx_word' id='word_1_198' title='bbox 3450 1546 3507 1600; x_wconf 87' lang='lat' dir='ltr'><strong>in</strong></span> <span class='ocrx_word' id='word_1_199' title='bbox 3529 1548 3756 1618; x_wconf 80' lang='lat' dir='ltr'><strong>eloquiis</strong></span> 
     </span>
    </p>
   </div>
   <div class='ocr_carea' id='block_1_31' title="bbox 2172 1624 3748 1698">
    <p class='ocr_par' dir='ltr' id='par_1_31' title="bbox 2172 1624 3748 1698">
     <span class='ocr_line' id='line_1_31' title="bbox 2172 1624 3748 1698; baseline 0.011 -22"><span class='ocrx_word' id='word_1_200' title='bbox 2172 1624 2439 1692; x_wconf 83' lang='lat' dir='ltr'><strong>laudatur,</strong></span> <span class='ocrx_word' id='word_1_201' title='bbox 2464 1637 2518 1682; x_wconf 91' lang='lat' dir='ltr'><strong>et</strong></span> <span class='ocrx_word' id='word_1_202' title='bbox 2549 1629 2602 1682; x_wconf 91' lang='lat' dir='ltr'><strong>in</strong></span> <span class='ocrx_word' id='word_1_203' title='bbox 2626 1630 3017 1698; x_wconf 76' lang='lat' dir='ltr'><strong>magnitudine,</strong></span> <span class='ocrx_word' id='word_1_204' title='bbox 3045 1641 3099 1686; x_wconf 92' lang='lat' dir='ltr'><strong>et</strong></span> <span class='ocrx_word' id='word_1_205' title='bbox 3124 1633 3175 1687; x_wconf 92' lang='lat' dir='ltr'><strong>in</strong></span> <span class='ocrx_word' id='word_1_206' title='bbox 3206 1649 3336 1688; x_wconf 87' lang='lat' dir='ltr'><strong>aura</strong></span> <span class='ocrx_word' id='word_1_207' title='bbox 3367 1636 3477 1690; x_wconf 87' lang='lat' dir='ltr'><strong>leni</strong></span> <span class='ocrx_word' id='word_1_208' title='bbox 3511 1637 3748 1693; x_wconf 79' lang='lat' dir='ltr'><strong>divinam</strong></span> 
     </span>
    </p>
   </div>
   <div class='ocr_carea' id='block_1_32' title="bbox 2176 1715 3752 1794">
    <p class='ocr_par' dir='ltr' id='par_1_32' title="bbox 2176 1715 3752 1794">
     <span class='ocr_line' id='line_1_32' title="bbox 2176 1715 3752 1794; baseline 0.011 -27"><span class='ocrx_word' id='word_1_209' title='bbox 2176 1715 2556 1772; x_wconf 88' lang='lat' dir='ltr'><strong>manifestante</strong></span> <span class='ocrx_word' id='word_1_210' title='bbox 2586 1721 2905 1789; x_wconf 83' lang='lat' dir='ltr'><strong>parvitatem</strong></span> <span class='ocrx_word' id='word_1_211' title='bbox 2940 1740 2954 1776; x_wconf 89' lang='lat'><strong>:</strong></span> <span class='ocrx_word' id='word_1_212' title='bbox 2989 1731 3044 1777; x_wconf 92' lang='lat' dir='ltr'><strong>et</strong></span> <span class='ocrx_word' id='word_1_213' title='bbox 3087 1724 3227 1780; x_wconf 90' lang='lat' dir='ltr'><strong>idem</strong></span> <span class='ocrx_word' id='word_1_214' title='bbox 3260 1725 3395 1794; x_wconf 86' lang='lat' dir='ltr'><strong>ipse,</strong></span> <span class='ocrx_word' id='word_1_215' title='bbox 3425 1743 3553 1782; x_wconf 88' lang='lat' dir='ltr'><strong>cum</strong></span> <span class='ocrx_word' id='word_1_216' title='bbox 3608 1733 3752 1784; x_wconf 79' lang='lat' dir='ltr'><strong>aiunt</strong></span> 
     </span>
    </p>
   </div>
   <div class='ocr_carea' id='block_1_33' title="bbox 498 1801 3751 1888">
    <p class='ocr_par' dir='ltr' id='par_1_33' title="bbox 498 1801 3751 1888">
     <span class='ocr_line' id='line_1_33' title="bbox 498 1801 3751 1888; baseline 0.001 -20"><span class='ocrx_word' id='word_1_217' title='bbox 498 1831 599 1868; x_wconf 90' lang='lat' dir='ltr'><strong>non</strong></span> <span class='ocrx_word' id='word_1_218' title='bbox 640 1814 973 1884; x_wconf 87' lang='lat' dir='ltr'><strong>adjuvantes,</strong></span> <span class='ocrx_word' id='word_1_219' title='bbox 1003 1813 1096 1866; x_wconf 90' lang='lat' dir='ltr'><strong>sed</strong></span> <span class='ocrx_word' id='word_1_220' title='bbox 1120 1812 1444 1867; x_wconf 85' lang='lat' dir='ltr'><strong>collocantes</strong></span> <span class='ocrx_word' id='word_1_221' title='bbox 1467 1827 1559 1866; x_wconf 90' lang='lat' dir='ltr'><strong>eos</strong></span> <span class='ocrx_word' id='word_1_222' title='bbox 1590 1813 1642 1866; x_wconf 90' lang='lat' dir='ltr'><strong>in</strong></span> <span class='ocrx_word' id='word_1_223' title='bbox 1678 1812 1834 1866; x_wconf 41' lang='lat' dir='ltr'><strong>bona,</strong></span> <span class='ocrx_word' id='word_1_224' title='bbox 1854 1822 1907 1866; x_wconf 85' lang='lat' dir='ltr'><strong>et</strong></span> <span class='ocrx_word' id='word_1_225' title='bbox 1937 1812 2064 1867; x_wconf 91' lang='lat' dir='ltr'><strong>irre-</strong></span> <span class='ocrx_word' id='word_1_226' title='bbox 2091 1801 2140 1861; x_wconf 78' lang='grc' dir='ltr'><strong><em>Β</em></strong></span> <span class='ocrx_word' id='word_1_227' title='bbox 2167 1802 2378 1872; x_wconf 86' lang='lat' dir='ltr'><strong>eloquia</strong></span> <span class='ocrx_word' id='word_1_228' title='bbox 2397 1823 2410 1858; x_wconf 91' lang='lat'><strong>:</strong></span> <span class='ocrx_word' id='word_1_229' title='bbox 2431 1805 2473 1858; x_wconf 82' lang='grc' dir='ltr'><em>Τ</em></span> <span class='ocrx_word' id='word_1_230' title='bbox 2475 1823 2508 1859; x_wconf 85' lang='lat' dir='ltr'><strong>a</strong></span> <span class='ocrx_word' id='word_1_231' title='bbox 2537 1817 2712 1862; x_wconf 82' lang='lat' dir='ltr'><strong>autem</strong></span> <span class='ocrx_word' id='word_1_232' title='bbox 2740 1809 3010 1879; x_wconf 79' lang='lat' dir='ltr'><strong>idem-ipse</strong></span> <span class='ocrx_word' id='word_1_233' title='bbox 3033 1828 3088 1866; x_wconf 85' lang='lat' dir='ltr'><strong>es</strong></span> <span class='ocrx_word' id='word_1_234' title='bbox 3119 1825 3172 1874; x_wconf 70' lang='grc' dir='ltr'><strong>ι,</strong></span> <span class='ocrx_word' id='word_1_235' title='bbox 3214 1824 3269 1868; x_wconf 91' lang='lat' dir='ltr'><strong>et</strong></span> <span class='ocrx_word' id='word_1_236' title='bbox 3321 1816 3484 1878; x_wconf 87' lang='lat' dir='ltr'><strong>alter,</strong></span> <span class='ocrx_word' id='word_1_237' title='bbox 3538 1822 3751 1888; x_wconf 83' lang='lat' dir='ltr'><strong>quando</strong></span> 
     </span>
    </p>
   </div>
   <div class='ocr_carea' id='block_1_34' title="bbox 495 1903 2073 1972">
    <p class='ocr_par' dir='ltr' id='par_1_34' title="bbox 495 1903 2073 1972">
     <span class='ocr_line' id='line_1_34' title="bbox 495 1903 2073 1972; baseline 0 -14"><span class='ocrx_word' id='word_1_238' title='bbox 495 1905 838 1972; x_wconf 88' lang='lat' dir='ltr'><strong>prehensibili</strong></span> <span class='ocrx_word' id='word_1_239' title='bbox 874 1903 1124 1968; x_wconf 85' lang='lat' dir='ltr'><strong>statione,</strong></span> <span class='ocrx_word' id='word_1_240' title='bbox 1147 1914 1202 1957; x_wconf 90' lang='lat' dir='ltr'><strong>et</strong></span> <span class='ocrx_word' id='word_1_241' title='bbox 1232 1903 1588 1958; x_wconf 87' lang='lat' dir='ltr'><strong>retribueutes</strong></span> <span class='ocrx_word' id='word_1_242' title='bbox 1620 1904 1814 1958; x_wconf 78' lang='lat' dir='ltr'><strong>talibus</strong></span> <span class='ocrx_word' id='word_1_243' title='bbox 1837 1903 2073 1958; x_wconf 81' lang='lat' dir='ltr'><strong>existen-</strong></span> 
     </span>
    </p>
   </div>
   <div class='ocr_carea' id='block_1_35' title="bbox 455 1993 2072 2065">
    <p class='ocr_par' dir='ltr' id='par_1_35' title="bbox 455 1993 2072 2065">
     <span class='ocr_line' id='line_1_35' title="bbox 455 1993 2072 2065; baseline 0.001 -19"><span class='ocrx_word' id='word_1_244' title='bbox 455 1996 656 2056; x_wconf 42' lang='lat' dir='ltr'><strong>wtibus,</strong></span> <span class='ocrx_word' id='word_1_245' title='bbox 685 2008 822 2062; x_wconf 91' lang='lat' dir='ltr'><strong>quae</strong></span> <span class='ocrx_word' id='word_1_246' title='bbox 853 1993 1143 2046; x_wconf 84' lang='lat' dir='ltr'><strong>secundum</strong></span> <span class='ocrx_word' id='word_1_247' title='bbox 1176 1993 1490 2062; x_wconf 89' lang='lat' dir='ltr'><strong>dignitatem</strong></span> <span class='ocrx_word' id='word_1_248' title='bbox 1521 2002 1665 2047; x_wconf 89' lang='lat' dir='ltr'><strong>sunt.</strong></span> <span class='ocrx_word' id='word_1_249' title='bbox 1725 1993 1869 2048; x_wconf 82' lang='lat' dir='ltr'><strong>Haec</strong></span> <span class='ocrx_word' id='word_1_250' title='bbox 1908 1995 2072 2065; x_wconf 87' lang='lat' dir='ltr'><strong>igitttr</strong></span> 
     </span>
    </p>
   </div>
   <div class='ocr_carea' id='block_1_36' title="bbox 469 2081 2068 2157">
    <p class='ocr_par' dir='ltr' id='par_1_36' title="bbox 469 2081 2068 2157">
     <span class='ocr_line' id='line_1_36' title="bbox 469 2081 2068 2157; baseline 0.003 -24"><span class='ocrx_word' id='word_1_251' title='bbox 469 2082 690 2136; x_wconf 73' lang='lat' dir='ltr'><strong>.tlit-ina.</strong></span> <span class='ocrx_word' id='word_1_252' title='bbox 713 2081 919 2148; x_wconf 86' lang='lat' dir='ltr'><strong>justitia</strong></span> <span class='ocrx_word' id='word_1_253' title='bbox 949 2090 1003 2134; x_wconf 92' lang='lat' dir='ltr'><strong>et</strong></span> <span class='ocrx_word' id='word_1_254' title='bbox 1034 2081 1178 2136; x_wconf 85' lang='lat' dir='ltr'><strong>salus</strong></span> <span class='ocrx_word' id='word_1_255' title='bbox 1223 2083 1461 2136; x_wconf 89' lang='lat' dir='ltr'><strong>omnium</strong></span> <span class='ocrx_word' id='word_1_256' title='bbox 1490 2081 1770 2148; x_wconf 87' lang='lat' dir='ltr'><strong>laudatur,</strong></span> <span class='ocrx_word' id='word_1_257' title='bbox 1801 2084 2068 2157; x_wconf 68' lang='lat' dir='ltr'><strong>propriam</strong></span> 
     </span>
    </p>
   </div>
   <div class='ocr_carea' id='block_1_37' title="bbox 475 2171 2069 2242">
    <p class='ocr_par' dir='ltr' id='par_1_37' title="bbox 475 2171 2069 2242">
     <span class='ocr_line' id='line_1_37' title="bbox 475 2171 2069 2242; baseline 0.004 -19"><span class='ocrx_word' id='word_1_258' title='bbox 475 2171 910 2241; x_wconf 73' lang='lat' dir='ltr'><strong>uniuscujusque</strong></span> <span class='ocrx_word' id='word_1_259' title='bbox 935 2181 990 2226; x_wconf 90' lang='lat' dir='ltr'><strong>et</strong></span> <span class='ocrx_word' id='word_1_260' title='bbox 1021 2187 1210 2242; x_wconf 88' lang='lat' dir='ltr'><strong>puram</strong></span> <span class='ocrx_word' id='word_1_261' title='bbox 1246 2172 1314 2227; x_wconf 90' lang='lat' dir='ltr'><strong>ab</strong></span> <span class='ocrx_word' id='word_1_262' title='bbox 1338 2171 1458 2226; x_wconf 90' lang='lat' dir='ltr'><strong>aliis</strong></span> <span class='ocrx_word' id='word_1_263' title='bbox 1495 2175 1786 2228; x_wconf 85' lang='lat' dir='ltr'><strong>essentiam</strong></span> <span class='ocrx_word' id='word_1_264' title='bbox 1835 2184 1891 2228; x_wconf 93' lang='lat' dir='ltr'><strong>et</strong></span> <span class='ocrx_word' id='word_1_265' title='bbox 1927 2176 2069 2230; x_wconf 88' lang='lat' dir='ltr'><strong>ordi-</strong></span> 
     </span>
    </p>
   </div>
   <div class='ocr_carea' id='block_1_38' title="bbox 497 2261 2073 2334">
    <p class='ocr_par' dir='ltr' id='par_1_38' title="bbox 497 2261 2073 2334">
     <span class='ocr_line' id='line_1_38' title="bbox 497 2261 2073 2334; baseline 0.001 -18"><span class='ocrx_word' id='word_1_266' title='bbox 497 2277 620 2317; x_wconf 93' lang='lat' dir='ltr'><strong>nem</strong></span> <span class='ocrx_word' id='word_1_267' title='bbox 651 2263 937 2318; x_wconf 83' lang='lat' dir='ltr'><strong>salvans-et</strong></span> <span class='ocrx_word' id='word_1_268' title='bbox 957 2263 1285 2327; x_wconf 88' lang='lat' dir='ltr'><strong>custodiens,</strong></span> <span class='ocrx_word' id='word_1_269' title='bbox 1308 2273 1364 2317; x_wconf 93' lang='lat' dir='ltr'><strong>et</strong></span> <span class='ocrx_word' id='word_1_270' title='bbox 1388 2261 1586 2319; x_wconf 84' lang='lat' dir='ltr'><strong>foetida</strong></span> <span class='ocrx_word' id='word_1_271' title='bbox 1615 2279 1850 2334; x_wconf 85' lang='lat' dir='ltr'><strong>purgans</strong></span> <span class='ocrx_word' id='word_1_272' title='bbox 1875 2265 1926 2318; x_wconf 90' lang='lat' dir='ltr'><strong>in</strong></span> <span class='ocrx_word' id='word_1_273' title='bbox 1954 2281 2073 2319; x_wconf 89' lang='lat' dir='ltr'><strong>om-</strong></span> 
     </span>
    </p>
   </div>
   <div class='ocr_carea' id='block_1_39' title="bbox 493 2351 2066 2424">
    <p class='ocr_par' dir='ltr' id='par_1_39' title="bbox 493 2351 2066 2424">
     <span class='ocr_line' id='line_1_39' title="bbox 493 2351 2066 2424; baseline 0.003 -20"><span class='ocrx_word' id='word_1_274' title='bbox 493 2353 650 2407; x_wconf 90' lang='lat' dir='ltr'><strong>nibus</strong></span> <span class='ocrx_word' id='word_1_275' title='bbox 683 2355 934 2423; x_wconf 82' lang='lat' dir='ltr'><strong>propriae</strong></span> <span class='ocrx_word' id='word_1_276' title='bbox 965 2352 1212 2408; x_wconf 81' lang='lat' dir='ltr'><strong>actionis.</strong></span> <span class='ocrx_word' id='word_1_277' title='bbox 1254 2351 1312 2406; x_wconf 90' lang='lat' dir='ltr'><strong>Si</strong></span> <span class='ocrx_word' id='word_1_278' title='bbox 1343 2362 1520 2408; x_wconf 91' lang='lat' dir='ltr'><strong>autem</strong></span> <span class='ocrx_word' id='word_1_279' title='bbox 1549 2355 1670 2424; x_wconf 89' lang='lat' dir='ltr'><strong>quis</strong></span> <span class='ocrx_word' id='word_1_280' title='bbox 1699 2355 1924 2411; x_wconf 89' lang='lat' dir='ltr'><strong>salutem</strong></span> <span class='ocrx_word' id='word_1_281' title='bbox 1953 2356 2066 2410; x_wconf 86' lang='lat' dir='ltr'><strong>latt-</strong></span> 
     </span>
    </p>
   </div>
   <div class='ocr_carea' id='block_1_40' title="bbox 490 2443 2071 2516">
    <p class='ocr_par' dir='ltr' id='par_1_40' title="bbox 490 2443 2071 2516">
     <span class='ocr_line' id='line_1_40' title="bbox 490 2443 2071 2516; baseline 0.004 -19"><span class='ocrx_word' id='word_1_282' title='bbox 490 2445 718 2509; x_wconf 88' lang='lat' dir='ltr'><strong>daverit,</strong></span> <span class='ocrx_word' id='word_1_283' title='bbox 753 2454 814 2500; x_wconf 89' lang='lat' dir='ltr'><strong>et</strong></span> <span class='ocrx_word' id='word_1_284' title='bbox 845 2445 924 2499; x_wconf 91' lang='lat' dir='ltr'><strong>sic</strong></span> <span class='ocrx_word' id='word_1_285' title='bbox 954 2459 1021 2498; x_wconf 81' lang='lat' dir='ltr'><strong>ex</strong></span> <span class='ocrx_word' id='word_1_286' title='bbox 1050 2443 1205 2498; x_wconf 82' lang='lat' dir='ltr'><strong>malis</strong></span> <span class='ocrx_word' id='word_1_287' title='bbox 1231 2444 1480 2500; x_wconf 91' lang='lat' dir='ltr'><strong>omnibus</strong></span> <span class='ocrx_word' id='word_1_288' title='bbox 1509 2460 1696 2502; x_wconf 88' lang='lat' dir='ltr'><strong>omnes</strong></span> <span class='ocrx_word' id='word_1_289' title='bbox 1725 2447 1868 2502; x_wconf 83' lang='lat' dir='ltr'><strong>velut</strong></span> <span class='ocrx_word' id='word_1_290' title='bbox 1894 2457 2071 2516; x_wconf 84' lang='lat' dir='ltr'><strong>partu-</strong></span> 
     </span>
    </p>
   </div>
   <div class='ocr_carea' id='block_1_41' title="bbox 490 2534 2066 2604">
    <p class='ocr_par' dir='ltr' id='par_1_41' title="bbox 490 2534 2066 2604">
     <span class='ocr_line' id='line_1_41' title="bbox 490 2534 2066 2604; baseline 0.005 -18"><span class='ocrx_word' id='word_1_291' title='bbox 490 2534 717 2589; x_wconf 90' lang='lat' dir='ltr'><strong>rientem</strong></span> <span class='ocrx_word' id='word_1_292' title='bbox 757 2535 1096 2604; x_wconf 86' lang='lat' dir='ltr'><strong>eripientem,</strong></span> <span class='ocrx_word' id='word_1_293' title='bbox 1132 2534 1352 2590; x_wconf 92' lang='lat' dir='ltr'><strong>omnino</strong></span> <span class='ocrx_word' id='word_1_294' title='bbox 1381 2534 1532 2590; x_wconf 86' lang='lat' dir='ltr'><strong>ibiet</strong></span> <span class='ocrx_word' id='word_1_295' title='bbox 1564 2537 1705 2591; x_wconf 87' lang='lat' dir='ltr'><strong>hunc</strong></span> <span class='ocrx_word' id='word_1_296' title='bbox 1745 2537 2066 2594; x_wconf 88' lang='lat' dir='ltr'><strong>laudabilem</strong></span> 
     </span>
    </p>
   </div>
   <div class='ocr_carea' id='block_1_42' title="bbox 411 2623 2066 2698">
    <p class='ocr_par' dir='ltr' id='par_1_42' title="bbox 411 2623 2066 2698">
     <span class='ocr_line' id='line_1_42' title="bbox 411 2623 2066 2698; baseline 0.005 -20"><span class='ocrx_word' id='word_1_297' title='bbox 411 2623 420 2630; x_wconf 83' lang='grc'><em>’</em></span> <span class='ocrx_word' id='word_1_298' title='bbox 451 2639 469 2654; x_wconf 75' lang='grc'><strong>-’</strong></span> <span class='ocrx_word' id='word_1_299' title='bbox 489 2625 820 2682; x_wconf 85' lang='lat' dir='ltr'><strong>laudatorem</strong></span> <span class='ocrx_word' id='word_1_300' title='bbox 849 2626 1181 2698; x_wconf 86' lang='lat' dir='ltr'><strong>largissimae</strong></span> <span class='ocrx_word' id='word_1_301' title='bbox 1210 2626 1400 2681; x_wconf 91' lang='lat' dir='ltr'><strong>salutis</strong></span> <span class='ocrx_word' id='word_1_302' title='bbox 1428 2628 1765 2696; x_wconf 87' lang='lat' dir='ltr'><strong>recipiemus.</strong></span> <span class='ocrx_word' id='word_1_303' title='bbox 1815 2631 1882 2684; x_wconf 79' lang='lat' dir='ltr'><strong>Et</strong></span> <span class='ocrx_word' id='word_1_304' title='bbox 1927 2633 2066 2688; x_wconf 88' lang='lat' dir='ltr'><strong>banc</strong></span> 
     </span>
    </p>
   </div>
   <div class='ocr_carea' id='block_1_43' title="bbox 488 2717 2064 2792">
    <p class='ocr_par' dir='ltr' id='par_1_43' title="bbox 488 2717 2064 2792">
     <span class='ocr_line' id='line_1_43' title="bbox 488 2717 2064 2792; baseline 0.006 -23"><span class='ocrx_word' id='word_1_305' title='bbox 488 2726 667 2772; x_wconf 87' lang='lat' dir='ltr'><strong>autem</strong></span> <span class='ocrx_word' id='word_1_306' title='bbox 689 2718 849 2772; x_wconf 87' lang='lat' dir='ltr'><strong>etiam</strong></span> <span class='ocrx_word' id='word_1_307' title='bbox 880 2718 1107 2786; x_wconf 89' lang='lat' dir='ltr'><strong>primam</strong></span> <span class='ocrx_word' id='word_1_308' title='bbox 1140 2717 1368 2773; x_wconf 88' lang='lat' dir='ltr'><strong>salutem</strong></span> <span class='ocrx_word' id='word_1_309' title='bbox 1391 2719 1629 2774; x_wconf 89' lang='lat' dir='ltr'><strong>omnium</strong></span> <span class='ocrx_word' id='word_1_310' title='bbox 1670 2719 1887 2791; x_wconf 90' lang='lat' dir='ltr'><strong>dignum</strong></span> <span class='ocrx_word' id='word_1_311' title='bbox 1925 2723 2064 2792; x_wconf 89' lang='lat' dir='ltr'><strong>judi-</strong></span> 
     </span>
    </p>
   </div>
   <div class='ocr_carea' id='block_1_44' title="bbox 490 2809 2065 2883">
    <p class='ocr_par' dir='ltr' id='par_1_44' title="bbox 490 2809 2065 2883">
     <span class='ocr_line' id='line_1_44' title="bbox 490 2809 2065 2883; baseline 0.006 -22"><span class='ocrx_word' id='word_1_312' title='bbox 490 2809 733 2864; x_wconf 83' lang='lat' dir='ltr'><strong>cahimus</strong></span> <span class='ocrx_word' id='word_1_313' title='bbox 774 2825 896 2864; x_wconf 89' lang='lat' dir='ltr'><strong>eum</strong></span> <span class='ocrx_word' id='word_1_314' title='bbox 935 2809 1184 2866; x_wconf 82' lang='lat' dir='ltr'><strong>definisse</strong></span> <span class='ocrx_word' id='word_1_315' title='bbox 1231 2812 1406 2866; x_wconf 89' lang='lat' dir='ltr'><strong>omnia</strong></span> <span class='ocrx_word' id='word_1_316' title='bbox 1441 2812 1493 2866; x_wconf 94' lang='lat' dir='ltr'><strong>in</strong></span> <span class='ocrx_word' id='word_1_317' title='bbox 1521 2813 1714 2883; x_wconf 84' lang='lat' dir='ltr'><strong>seipsis</strong></span> <span class='ocrx_word' id='word_1_318' title='bbox 1743 2815 2065 2870; x_wconf 91' lang='lat' dir='ltr'><strong>intransmu-</strong></span> 
     </span>
    </p>
   </div>
   <div class='ocr_carea' id='block_1_45' title="bbox 489 2900 2060 2972">
    <p class='ocr_par' dir='ltr' id='par_1_45' title="bbox 489 2900 2060 2972">
     <span class='ocr_line' id='line_1_45' title="bbox 489 2900 2060 2972; baseline 0.004 -18"><span class='ocrx_word' id='word_1_319' title='bbox 489 2901 700 2967; x_wconf 68' lang='lat' dir='ltr'><strong>tabilia,</strong></span> <span class='ocrx_word' id='word_1_320' title='bbox 720 2910 775 2957; x_wconf 88' lang='lat' dir='ltr'><strong>et</strong></span> <span class='ocrx_word' id='word_1_321' title='bbox 806 2901 1040 2966; x_wconf 85' lang='lat' dir='ltr'><strong>stabilia,</strong></span> <span class='ocrx_word' id='word_1_322' title='bbox 1070 2913 1124 2955; x_wconf 92' lang='lat' dir='ltr'><strong>et</strong></span> <span class='ocrx_word' id='word_1_323' title='bbox 1155 2900 1463 2960; x_wconf 83' lang='lat' dir='ltr'><strong>inﬂexibilia</strong></span> <span class='ocrx_word' id='word_1_324' title='bbox 1490 2903 1554 2958; x_wconf 88' lang='lat' dir='ltr'><strong>ad</strong></span> <span class='ocrx_word' id='word_1_325' title='bbox 1585 2901 1822 2972; x_wconf 84' lang='lat' dir='ltr'><strong>subjecta</strong></span> <span class='ocrx_word' id='word_1_326' title='bbox 1846 2905 2060 2960; x_wconf 84' lang='lat' dir='ltr'><strong>salvan-</strong></span> 
     </span>
    </p>
   </div>
   <div class='ocr_carea' id='block_1_46' title="bbox 487 2995 2063 3068">
    <p class='ocr_par' dir='ltr' id='par_1_46' title="bbox 487 2995 2063 3068">
     <span class='ocr_line' id='line_1_46' title="bbox 487 2995 2063 3068; baseline 0.006 -19"><span class='ocrx_word' id='word_1_327' title='bbox 487 3006 628 3061; x_wconf 64' lang='lat' dir='ltr'><strong>tem,</strong></span> <span class='ocrx_word' id='word_1_328' title='bbox 659 3005 714 3050; x_wconf 89' lang='lat' dir='ltr'><strong>et</strong></span> <span class='ocrx_word' id='word_1_329' title='bbox 757 2997 934 3051; x_wconf 89' lang='lat' dir='ltr'><strong>omnia</strong></span> <span class='ocrx_word' id='word_1_330' title='bbox 959 2995 1367 3051; x_wconf 66' lang='lat' dir='ltr'><strong>custodientem</strong></span> <span class='ocrx_word' id='word_1_331' title='bbox 1414 3011 1517 3051; x_wconf 91' lang='lat' dir='ltr'><strong>non</strong></span> <span class='ocrx_word' id='word_1_332' title='bbox 1562 3000 1848 3068; x_wconf 87' lang='lat' dir='ltr'><strong>pugnantia</strong></span> <span class='ocrx_word' id='word_1_333' title='bbox 1875 3011 1929 3056; x_wconf 91' lang='lat' dir='ltr'><strong>et</strong></span> <span class='ocrx_word' id='word_1_334' title='bbox 1954 3015 2063 3058; x_wconf 91' lang='lat' dir='ltr'><strong>non</strong></span> 
     </span>
    </p>
   </div>
   <div class='ocr_carea' id='block_1_47' title="bbox 489 3086 2064 3160">
    <p class='ocr_par' dir='ltr' id='par_1_47' title="bbox 489 3086 2064 3160">
     <span class='ocr_line' id='line_1_47' title="bbox 489 3086 2064 3160; baseline 0.004 -21"><span class='ocrx_word' id='word_1_335' title='bbox 489 3086 762 3151; x_wconf 77' lang='lat' dir='ltr'><strong>bellantia,</strong></span> <span class='ocrx_word' id='word_1_336' title='bbox 787 3087 1006 3157; x_wconf 88' lang='lat' dir='ltr'><strong>suisque</strong></span> <span class='ocrx_word' id='word_1_337' title='bbox 1039 3086 1254 3157; x_wconf 83' lang='lat' dir='ltr'><strong>singula</strong></span> <span class='ocrx_word' id='word_1_338' title='bbox 1277 3101 1522 3156; x_wconf 89' lang='lat' dir='ltr'><strong>quaeque</strong></span> <span class='ocrx_word' id='word_1_339' title='bbox 1563 3090 1862 3145; x_wconf 87' lang='lat' dir='ltr'><strong>rationibus</strong></span> <span class='ocrx_word' id='word_1_340' title='bbox 1884 3091 2064 3160; x_wconf 87' lang='lat' dir='ltr'><strong>dispo-</strong></span> 
     </span>
    </p>
   </div>
   <div class='ocr_carea' id='block_1_48' title="bbox 485 3177 2059 3246">
    <p class='ocr_par' dir='ltr' id='par_1_48' title="bbox 485 3177 2059 3246">
     <span class='ocr_line' id='line_1_48' title="bbox 485 3177 2059 3246; baseline 0.005 -16"><span class='ocrx_word' id='word_1_341' title='bbox 485 3179 611 3244; x_wconf 85' lang='lat' dir='ltr'><strong>sita,</strong></span> <span class='ocrx_word' id='word_1_342' title='bbox 639 3186 694 3233; x_wconf 88' lang='lat' dir='ltr'><strong>et</strong></span> <span class='ocrx_word' id='word_1_343' title='bbox 717 3191 931 3233; x_wconf 87' lang='lat' dir='ltr'><strong>omnem</strong></span> <span class='ocrx_word' id='word_1_344' title='bbox 973 3177 1307 3246; x_wconf 80' lang='lat' dir='ltr'><strong>iniquitatem</strong></span> <span class='ocrx_word' id='word_1_345' title='bbox 1343 3188 1398 3232; x_wconf 82' lang='lat' dir='ltr'><strong>et</strong></span> <span class='ocrx_word' id='word_1_346' title='bbox 1438 3187 1752 3235; x_wconf 79' lang='lat' dir='ltr'><strong>extraneam</strong></span> <span class='ocrx_word' id='word_1_347' title='bbox 1789 3183 2059 3238; x_wconf 88' lang='lat' dir='ltr'><strong>actionem</strong></span> 
     </span>
    </p>
   </div>
   <div class='ocr_carea' id='block_1_49' title="bbox 483 3267 2061 3331">
    <p class='ocr_par' dir='ltr' id='par_1_49' title="bbox 483 3267 2061 3331">
     <span class='ocr_line' id='line_1_49' title="bbox 483 3267 2061 3331; baseline 0.005 -12"><span class='ocrx_word' id='word_1_348' title='bbox 483 3284 552 3321; x_wconf 78' lang='lat' dir='ltr'><strong>ex</strong></span> <span class='ocrx_word' id='word_1_349' title='bbox 613 3267 863 3322; x_wconf 87' lang='lat' dir='ltr'><strong>omnibus</strong></span> <span class='ocrx_word' id='word_1_350' title='bbox 923 3268 1370 3322; x_wconf 72' lang='lat' dir='ltr'><strong>exterminantem</strong></span> <span class='ocrx_word' id='word_1_351' title='bbox 1413 3308 1426 3331; x_wconf 88' lang='lat'><strong>,</strong></span> <span class='ocrx_word' id='word_1_352' title='bbox 1492 3277 1546 3323; x_wconf 86' lang='lat' dir='ltr'><strong>et</strong></span> <span class='ocrx_word' id='word_1_353' title='bbox 1598 3271 2061 3328; x_wconf 88' lang='lat' dir='ltr'><strong>corrationalitate</strong></span> 
     </span>
    </p>
   </div>
   <div class='ocr_carea' id='block_1_50' title="bbox 481 3355 2060 3425">
    <p class='ocr_par' dir='ltr' id='par_1_50' title="bbox 481 3355 2060 3425">
     <span class='ocr_line' id='line_1_50' title="bbox 481 3355 2060 3425; baseline 0.004 -15"><span class='ocrx_word' id='word_1_354' title='bbox 481 3355 904 3425; x_wconf 82' lang='lat' dir='ltr'><strong>uniuscujusque</strong></span> <span class='ocrx_word' id='word_1_355' title='bbox 949 3358 1366 3411; x_wconf 87' lang='lat' dir='ltr'><strong>eonstituentem</strong></span> <span class='ocrx_word' id='word_1_356' title='bbox 1419 3357 1859 3416; x_wconf 81' lang='lat' dir='ltr'><strong>irrationalitates</strong></span> <span class='ocrx_word' id='word_1_357' title='bbox 1906 3371 2060 3416; x_wconf 82' lang='lat' dir='ltr'><strong>extra</strong></span> 
     </span>
    </p>
   </div>
   <div class='ocr_carea' id='block_1_51' title="bbox 482 3447 2061 3518">
    <p class='ocr_par' dir='ltr' id='par_1_51' title="bbox 482 3447 2061 3518">
     <span class='ocr_line' id='line_1_51' title="bbox 482 3447 2061 3518; baseline 0.006 -18"><span class='ocrx_word' id='word_1_358' title='bbox 482 3447 738 3502; x_wconf 77' lang='lat' dir='ltr'><strong>radentes</strong></span> <span class='ocrx_word' id='word_1_359' title='bbox 761 3449 813 3502; x_wconf 90' lang='lat' dir='ltr'><strong>in</strong></span> <span class='ocrx_word' id='word_1_360' title='bbox 835 3447 1128 3513; x_wconf 88' lang='lat' dir='ltr'><strong>contraria,</strong></span> <span class='ocrx_word' id='word_1_361' title='bbox 1149 3455 1207 3502; x_wconf 88' lang='lat' dir='ltr'><strong>et</strong></span> <span class='ocrx_word' id='word_1_362' title='bbox 1229 3462 1334 3502; x_wconf 89' lang='lat' dir='ltr'><strong>non</strong></span> <span class='ocrx_word' id='word_1_363' title='bbox 1357 3452 1833 3518; x_wconf 85' lang='lat' dir='ltr'><strong>transgredientes.</strong></span> <span class='ocrx_word' id='word_1_364' title='bbox 1859 3453 2061 3509; x_wconf 80' lang='lat' dir='ltr'><strong>Deinde</strong></span> 
     </span>
    </p>
   </div>
   <div class='ocr_carea' id='block_1_52' title="bbox 480 3539 2060 3608">
    <p class='ocr_par' dir='ltr' id='par_1_52' title="bbox 480 3539 2060 3608">
     <span class='ocr_line' id='line_1_52' title="bbox 480 3539 2060 3608; baseline 0.004 -17"><span class='ocrx_word' id='word_1_365' title='bbox 480 3549 537 3591; x_wconf 92' lang='lat' dir='ltr'><strong>et</strong></span> <span class='ocrx_word' id='word_1_366' title='bbox 574 3539 711 3593; x_wconf 81' lang='lat' dir='ltr'><strong>lianc</strong></span> <span class='ocrx_word' id='word_1_367' title='bbox 739 3539 964 3594; x_wconf 88' lang='lat' dir='ltr'><strong>salutem</strong></span> <span class='ocrx_word' id='word_1_368' title='bbox 1015 3552 1120 3591; x_wconf 85' lang='lat' dir='ltr'><strong>non</strong></span> <span class='ocrx_word' id='word_1_369' title='bbox 1166 3546 1411 3608; x_wconf 89' lang='lat' dir='ltr'><strong>respectu</strong></span> <span class='ocrx_word' id='word_1_370' title='bbox 1451 3539 1574 3607; x_wconf 86' lang='lat' dir='ltr'><strong>quis</strong></span> <span class='ocrx_word' id='word_1_371' title='bbox 1601 3540 1829 3595; x_wconf 86' lang='lat' dir='ltr'><strong>laudarit</strong></span> <span class='ocrx_word' id='word_1_372' title='bbox 1873 3557 2060 3598; x_wconf 85' lang='lat' dir='ltr'><strong>sacrae</strong></span> 
     </span>
    </p>
   </div>
   <div class='ocr_carea' id='block_1_53' title="bbox 481 3628 2057 3699">
    <p class='ocr_par' dir='ltr' id='par_1_53' title="bbox 481 3628 2057 3699">
     <span class='ocr_line' id='line_1_53' title="bbox 481 3628 2057 3699; baseline 0.004 -17"><span class='ocrx_word' id='word_1_373' title='bbox 481 3629 806 3699; x_wconf 86' lang='lat' dir='ltr'><strong>theologiae,</strong></span> <span class='ocrx_word' id='word_1_374' title='bbox 838 3629 982 3683; x_wconf 90' lang='lat' dir='ltr'><strong>velut</strong></span> <span class='ocrx_word' id='word_1_375' title='bbox 1009 3628 1190 3684; x_wconf 90' lang='lat' dir='ltr'><strong>omnia</strong></span> <span class='ocrx_word' id='word_1_376' title='bbox 1217 3629 1504 3684; x_wconf 79' lang='lat' dir='ltr'><strong>oxistentia</strong></span> <span class='ocrx_word' id='word_1_377' title='bbox 1547 3631 1774 3686; x_wconf 86' lang='lat' dir='ltr'><strong>salutari</strong></span> <span class='ocrx_word' id='word_1_378' title='bbox 1816 3634 2057 3689; x_wconf 89' lang='lat' dir='ltr'><strong>omnium</strong></span> 
     </span>
    </p>
   </div>
   <div class='ocr_carea' id='block_1_54' title="bbox 481 3720 2054 3793">
    <p class='ocr_par' dir='ltr' id='par_1_54' title="bbox 481 3720 2054 3793">
     <span class='ocr_line' id='line_1_54' title="bbox 481 3720 2054 3793; baseline 0.004 -19"><span class='ocrx_word' id='word_1_379' title='bbox 481 3721 720 3774; x_wconf 82' lang='lat' dir='ltr'><strong>bonitate</strong></span> <span class='ocrx_word' id='word_1_380' title='bbox 757 3721 1096 3790; x_wconf 88' lang='lat' dir='ltr'><strong>propriorum</strong></span> <span class='ocrx_word' id='word_1_381' title='bbox 1137 3720 1461 3788; x_wconf 85' lang='lat' dir='ltr'><strong>optimorum</strong></span> <span class='ocrx_word' id='word_1_382' title='bbox 1509 3737 1636 3778; x_wconf 88' lang='lat' dir='ltr'><strong>casu</strong></span> <span class='ocrx_word' id='word_1_383' title='bbox 1683 3725 2054 3793; x_wconf 86' lang='lat' dir='ltr'><strong>redimeiuem,</strong></span> 
     </span>
    </p>
   </div>
   <div class='ocr_carea' id='block_1_55' title="bbox 479 3806 2054 3882">
    <p class='ocr_par' dir='ltr' id='par_1_55' title="bbox 479 3806 2054 3882">
     <span class='ocr_line' id='line_1_55' title="bbox 479 3806 2054 3882; baseline 0.006 -22"><span class='ocrx_word' id='word_1_384' title='bbox 479 3818 740 3878; x_wconf 87' lang='lat' dir='ltr'><strong>quantum</strong></span> <span class='ocrx_word' id='word_1_385' title='bbox 765 3806 1181 3878; x_wconf 79' lang='lat' dir='ltr'><strong>uniuscujusque</strong></span> <span class='ocrx_word' id='word_1_386' title='bbox 1211 3807 1586 3866; x_wconf 84' lang='lat' dir='ltr'><strong>salvandorum</strong></span> <span class='ocrx_word' id='word_1_387' title='bbox 1618 3813 1816 3882; x_wconf 78' lang='lat' dir='ltr'><strong>recipit</strong></span> <span class='ocrx_word' id='word_1_388' title='bbox 1843 3823 2054 3869; x_wconf 87' lang='lat' dir='ltr'><strong>natura.</strong></span> 
     </span>
    </p>
   </div>
   <div class='ocr_carea' id='block_1_56' title="bbox 468 3899 2054 3976">
    <p class='ocr_par' dir='ltr' id='par_1_56' title="bbox 468 3899 2054 3976">
     <span class='ocr_line' id='line_1_56' title="bbox 468 3899 2054 3976; baseline 0.003 -21"><span class='ocrx_word' id='word_1_389' title='bbox 468 3901 710 3957; x_wconf 73' lang='lat' dir='ltr'><strong>Proinde</strong></span> <span class='ocrx_word' id='word_1_390' title='bbox 741 3909 798 3956; x_wconf 92' lang='lat' dir='ltr'><strong>et</strong></span> <span class='ocrx_word' id='word_1_391' title='bbox 833 3900 1255 3969; x_wconf 89' lang='lat' dir='ltr'><strong>redemptionem</strong></span> <span class='ocrx_word' id='word_1_392' title='bbox 1284 3899 1455 3969; x_wconf 89' lang='lat' dir='ltr'><strong>ipsam</strong></span> <span class='ocrx_word' id='word_1_393' title='bbox 1492 3903 1773 3958; x_wconf 87' lang='lat' dir='ltr'><strong>nominant</strong></span> <span class='ocrx_word' id='word_1_394' title='bbox 1801 3905 2054 3976; x_wconf 86' lang='lat' dir='ltr'><strong>theologi,</strong></span> 
     </span>
    </p>
   </div>
   <div class='ocr_carea' id='block_1_57' title="bbox 475 3991 2058 4063">
    <p class='ocr_par' dir='ltr' id='par_1_57' title="bbox 475 3991 2058 4063">
     <span class='ocr_line' id='line_1_57' title="bbox 475 3991 2058 4063; baseline 0.003 -17"><span class='ocrx_word' id='word_1_395' title='bbox 475 4001 737 4063; x_wconf 76' lang='lat' dir='ltr'><strong>quantum</strong></span> <span class='ocrx_word' id='word_1_396' title='bbox 779 4005 885 4045; x_wconf 91' lang='lat' dir='ltr'><strong>non</strong></span> <span class='ocrx_word' id='word_1_397' title='bbox 928 3991 1058 4046; x_wconf 87' lang='lat' dir='ltr'><strong>sinit</strong></span> <span class='ocrx_word' id='word_1_398' title='bbox 1102 4005 1228 4044; x_wconf 87' lang='lat' dir='ltr'><strong>vere</strong></span> <span class='ocrx_word' id='word_1_399' title='bbox 1258 3991 1542 4046; x_wconf 78' lang='lat' dir='ltr'><strong>existentia</strong></span> <span class='ocrx_word' id='word_1_400' title='bbox 1576 3993 1642 4046; x_wconf 90' lang='lat' dir='ltr'><strong>ad</strong></span> <span class='ocrx_word' id='word_1_401' title='bbox 1677 4008 1782 4048; x_wconf 91' lang='lat' dir='ltr'><strong>non</strong></span> <span class='ocrx_word' id='word_1_402' title='bbox 1817 4009 1938 4049; x_wconf 88' lang='lat' dir='ltr'><strong>esse</strong></span> <span class='ocrx_word' id='word_1_403' title='bbox 1965 4012 2058 4051; x_wconf 89' lang='lat' dir='ltr'><strong>ca-</strong></span> 
     </span>
    </p>
   </div>
   <div class='ocr_carea' id='block_1_58' title="bbox 473 4073 2058 4150">
    <p class='ocr_par' dir='ltr' id='par_1_58' title="bbox 473 4073 2058 4150">
     <span class='ocr_line' id='line_1_58' title="bbox 473 4073 2058 4150; baseline 0.003 -14"><span class='ocrx_word' id='word_1_404' title='bbox 473 4084 626 4146; x_wconf 78' lang='lat' dir='ltr'><strong>dere,</strong></span> <span class='ocrx_word' id='word_1_405' title='bbox 654 4089 710 4136; x_wconf 85' lang='lat' dir='ltr'><strong>et</strong></span> <span class='ocrx_word' id='word_1_406' title='bbox 739 4089 997 4150; x_wconf 86' lang='lat' dir='ltr'><strong>quantum</strong></span> <span class='ocrx_word' id='word_1_407' title='bbox 1031 4088 1088 4135; x_wconf 91' lang='lat' dir='ltr'><strong>et</strong></span> <span class='ocrx_word' id='word_1_408' title='bbox 1113 4079 1158 4134; x_wconf 92' lang='lat' dir='ltr'><strong>si</strong></span> <span class='ocrx_word' id='word_1_409' title='bbox 1185 4079 1312 4149; x_wconf 90' lang='lat' dir='ltr'><strong>quid</strong></span> <span class='ocrx_word' id='word_1_410' title='bbox 1342 4079 1407 4134; x_wconf 90' lang='lat' dir='ltr'><strong>ad</strong></span> <span class='ocrx_word' id='word_1_411' title='bbox 1438 4080 1689 4136; x_wconf 89' lang='lat' dir='ltr'><strong>delictum</strong></span> <span class='ocrx_word' id='word_1_412' title='bbox 1727 4073 1822 4138; x_wconf 84' lang='lat' dir='ltr'><strong>aut</strong></span> <span class='ocrx_word' id='word_1_413' title='bbox 1856 4085 2058 4140; x_wconf 79' lang='lat' dir='ltr'><strong>inordi-</strong></span> 
     </span>
    </p>
   </div>
   <div class='ocr_carea' id='block_1_59' title="bbox 477 4170 2056 4245">
    <p class='ocr_par' dir='ltr' id='par_1_59' title="bbox 477 4170 2056 4245">
     <span class='ocr_line' id='line_1_59' title="bbox 477 4170 2056 4245; baseline 0.003 -19"><span class='ocrx_word' id='word_1_414' title='bbox 477 4181 662 4226; x_wconf 89' lang='lat' dir='ltr'><strong>natum</strong></span> <span class='ocrx_word' id='word_1_415' title='bbox 686 4172 970 4240; x_wconf 87' lang='lat' dir='ltr'><strong>deceptum</strong></span> <span class='ocrx_word' id='word_1_416' title='bbox 999 4170 1090 4233; x_wconf 88' lang='lat' dir='ltr'><strong>sit,</strong></span> <span class='ocrx_word' id='word_1_417' title='bbox 1121 4179 1177 4224; x_wconf 94' lang='lat' dir='ltr'><strong>et</strong></span> <span class='ocrx_word' id='word_1_418' title='bbox 1200 4170 1608 4226; x_wconf 89' lang='lat' dir='ltr'><strong>diminutionem</strong></span> <span class='ocrx_word' id='word_1_419' title='bbox 1653 4174 1921 4241; x_wconf 89' lang='lat' dir='ltr'><strong>quandam</strong></span> <span class='ocrx_word' id='word_1_420' title='bbox 1950 4191 2056 4245; x_wconf 74' lang='lat' dir='ltr'><strong>pa-</strong></span> 
     </span>
    </p>
   </div>
   <div class='ocr_carea' id='block_1_60' title="bbox 477 4260 2056 4331">
    <p class='ocr_par' dir='ltr' id='par_1_60' title="bbox 477 4260 2056 4331">
     <span class='ocr_line' id='line_1_60' title="bbox 477 4260 2056 4331; baseline 0.001 -13"><span class='ocrx_word' id='word_1_421' title='bbox 477 4264 643 4318; x_wconf 90' lang='lat' dir='ltr'><strong>tiatur</strong></span> <span class='ocrx_word' id='word_1_422' title='bbox 693 4261 1031 4331; x_wconf 85' lang='lat' dir='ltr'><strong>propriorum</strong></span> <span class='ocrx_word' id='word_1_423' title='bbox 1085 4260 1348 4314; x_wconf 89' lang='lat' dir='ltr'><strong>bonorum</strong></span> <span class='ocrx_word' id='word_1_424' title='bbox 1405 4260 1792 4329; x_wconf 79' lang='lat' dir='ltr'><strong>perfectionis,</strong></span> <span class='ocrx_word' id='word_1_425' title='bbox 1844 4273 1900 4318; x_wconf 83' lang='lat' dir='ltr'><strong>et</strong></span> <span class='ocrx_word' id='word_1_426' title='bbox 1955 4267 2056 4320; x_wconf 83' lang='lat' dir='ltr'><strong>ltoc</strong></span> 
     </span>
    </p>
   </div>
   <div class='ocr_carea' id='block_1_61' title="bbox 475 4350 2052 4426">
    <p class='ocr_par' dir='ltr' id='par_1_61' title="bbox 475 4350 2052 4426">
     <span class='ocr_line' id='line_1_61' title="bbox 475 4350 2052 4426; baseline 0.001 -17"><span class='ocrx_word' id='word_1_427' title='bbox 475 4355 826 4426; x_wconf 35' lang='lat' dir='ltr'><strong>passioneaet</strong></span> <span class='ocrx_word' id='word_1_428' title='bbox 864 4351 1062 4406; x_wconf 86' lang='lat' dir='ltr'><strong>inertia</strong></span> <span class='ocrx_word' id='word_1_429' title='bbox 1096 4359 1150 4404; x_wconf 91' lang='lat' dir='ltr'><strong>et</strong></span> <span class='ocrx_word' id='word_1_430' title='bbox 1191 4350 1489 4421; x_wconf 88' lang='lat' dir='ltr'><strong>privatione</strong></span> <span class='ocrx_word' id='word_1_431' title='bbox 1528 4352 1782 4417; x_wconf 87' lang='lat' dir='ltr'><strong>redimit,</strong></span> <span class='ocrx_word' id='word_1_432' title='bbox 1829 4354 2052 4424; x_wconf 84' lang='lat' dir='ltr'><strong>impleas</strong></span> 
     </span>
    </p>
   </div>
   <div class='ocr_carea' id='block_1_62' title="bbox 448 4441 2122 4548">
    <p class='ocr_par' dir='ltr' id='par_1_62' title="bbox 448 4441 2122 4548">
     <span class='ocr_line' id='line_1_62' title="bbox 448 4441 2122 4548; baseline 0 -48"><span class='ocrx_word' id='word_1_433' title='bbox 448 4444 868 4516; x_wconf 82' lang='lat' dir='ltr'><strong>indigentiam,</strong></span> <span class='ocrx_word' id='word_1_434' title='bbox 917 4451 974 4497; x_wconf 91' lang='lat' dir='ltr'><strong>et</strong></span> <span class='ocrx_word' id='word_1_435' title='bbox 1026 4450 1246 4511; x_wconf 79' lang='lat' dir='ltr'><strong>paterae</strong></span> <span class='ocrx_word' id='word_1_436' title='bbox 1297 4441 1663 4496; x_wconf 81' lang='lat' dir='ltr'><strong>infirmitatem</strong></span> <span class='ocrx_word' id='word_1_437' title='bbox 1713 4444 2046 4514; x_wconf 89' lang='lat' dir='ltr'><strong>despiciens,</strong></span> <span class='ocrx_word' id='word_1_438' title='bbox 2077 4484 2122 4548; x_wconf 64' lang='grc' dir='ltr'><strong>Ο</strong></span> 
     </span>
    </p>
   </div>
   <div class='ocr_carea' id='block_1_63' title="bbox 473 4532 2045 4602">
    <p class='ocr_par' dir='ltr' id='par_1_63' title="bbox 473 4532 2045 4602">
     <span class='ocr_line' id='line_1_63' title="bbox 473 4532 2045 4602; baseline 0.001 -12"><span class='ocrx_word' id='word_1_439' title='bbox 473 4547 528 4590; x_wconf 87' lang='lat' dir='ltr'><strong>et</strong></span> <span class='ocrx_word' id='word_1_440' title='bbox 554 4538 846 4592; x_wconf 87' lang='lat' dir='ltr'><strong>restituens</strong></span> <span class='ocrx_word' id='word_1_441' title='bbox 875 4549 906 4588; x_wconf 90' lang='lat' dir='ltr'><strong>a</strong></span> <span class='ocrx_word' id='word_1_442' title='bbox 942 4532 1103 4598; x_wconf 90' lang='lat' dir='ltr'><strong>malo,</strong></span> <span class='ocrx_word' id='word_1_443' title='bbox 1131 4533 1300 4602; x_wconf 89' lang='lat' dir='ltr'><strong>magis</strong></span> <span class='ocrx_word' id='word_1_444' title='bbox 1327 4541 1506 4586; x_wconf 88' lang='lat' dir='ltr'><strong>autem</strong></span> <span class='ocrx_word' id='word_1_445' title='bbox 1533 4542 1776 4588; x_wconf 88' lang='lat' dir='ltr'><strong>statuens</strong></span> <span class='ocrx_word' id='word_1_446' title='bbox 1808 4535 1858 4588; x_wconf 90' lang='lat' dir='ltr'><strong>in</strong></span> <span class='ocrx_word' id='word_1_447' title='bbox 1886 4536 2045 4600; x_wconf 84' lang='lat' dir='ltr'><strong>bono,</strong></span> 
     </span>
    </p>
   </div>
   <div class='ocr_carea' id='block_1_64' title="bbox 455 4622 2052 4698">
    <p class='ocr_par' dir='ltr' id='par_1_64' title="bbox 455 4622 2052 4698">
     <span class='ocr_line' id='line_1_64' title="bbox 455 4622 2052 4698; baseline -0.001 -16"><span class='ocrx_word' id='word_1_448' title='bbox 455 4626 888 4698; x_wconf 10' lang='lat' dir='ltr'><strong>asttpertimidum</strong></span> <span class='ocrx_word' id='word_1_449' title='bbox 937 4625 1134 4678; x_wconf 85' lang='lat' dir='ltr'><strong>bonum</strong></span> <span class='ocrx_word' id='word_1_450' title='bbox 1173 4622 1405 4692; x_wconf 87' lang='lat' dir='ltr'><strong>replens,</strong></span> <span class='ocrx_word' id='word_1_451' title='bbox 1451 4631 1508 4679; x_wconf 91' lang='lat' dir='ltr'><strong>et</strong></span> <span class='ocrx_word' id='word_1_452' title='bbox 1549 4623 1827 4690; x_wconf 89' lang='lat' dir='ltr'><strong>ordinans,</strong></span> <span class='ocrx_word' id='word_1_453' title='bbox 1874 4636 1928 4682; x_wconf 91' lang='lat' dir='ltr'><strong>et</strong></span> <span class='ocrx_word' id='word_1_454' title='bbox 1963 4642 2052 4682; x_wconf 82' lang='lat' dir='ltr'><strong>or-</strong></span> 
     </span>
    </p>
   </div>
   <div class='ocr_carea' id='block_1_65' title="bbox 478 4712 2050 4786">
    <p class='ocr_par' dir='ltr' id='par_1_65' title="bbox 478 4712 2050 4786">
     <span class='ocr_line' id='line_1_65' title="bbox 478 4712 2050 4786; baseline 0.003 -18"><span class='ocrx_word' id='word_1_455' title='bbox 478 4731 613 4770; x_wconf 85' lang='lat' dir='ltr'><strong>nans</strong></span> <span class='ocrx_word' id='word_1_456' title='bbox 641 4715 1003 4770; x_wconf 89' lang='lat' dir='ltr'><strong>inordinatum</strong></span> <span class='ocrx_word' id='word_1_457' title='bbox 1032 4712 1149 4780; x_wconf 86' lang='lat' dir='ltr'><strong>ejus</strong></span> <span class='ocrx_word' id='word_1_458' title='bbox 1170 4722 1224 4766; x_wconf 90' lang='lat' dir='ltr'><strong>et</strong></span> <span class='ocrx_word' id='word_1_459' title='bbox 1250 4713 1575 4778; x_wconf 88' lang='lat' dir='ltr'><strong>inornatum,</strong></span> <span class='ocrx_word' id='word_1_460' title='bbox 1602 4723 1659 4768; x_wconf 92' lang='lat' dir='ltr'><strong>et</strong></span> <span class='ocrx_word' id='word_1_461' title='bbox 1689 4715 2050 4786; x_wconf 90' lang='lat' dir='ltr'><strong>integritatem</strong></span> 
     </span>
    </p>
   </div>
   <div class='ocr_carea' id='block_1_66' title="bbox 451 4804 1680 4876">
    <p class='ocr_par' dir='ltr' id='par_1_66' title="bbox 451 4804 1680 4876">
     <span class='ocr_line' id='line_1_66' title="bbox 451 4804 1680 4876; baseline -0.002 -16"><span class='ocrx_word' id='word_1_462' title='bbox 451 4805 783 4876; x_wconf 74' lang='lat' dir='ltr'><strong>,perliciens,</strong></span> <span class='ocrx_word' id='word_1_463' title='bbox 811 4814 866 4859; x_wconf 90' lang='lat' dir='ltr'><strong>et</strong></span> <span class='ocrx_word' id='word_1_464' title='bbox 891 4805 1132 4860; x_wconf 88' lang='lat' dir='ltr'><strong>omnium</strong></span> <span class='ocrx_word' id='word_1_465' title='bbox 1170 4804 1383 4859; x_wconf 79' lang='lat' dir='ltr'><strong>solvens</strong></span> <span class='ocrx_word' id='word_1_466' title='bbox 1425 4804 1680 4858; x_wconf 89' lang='lat' dir='ltr'><strong>maculas.</strong></span> 
     </span>
    </p>
   </div>
   <div class='ocr_carea' id='block_1_67' title="bbox 545 4892 2048 4964">
    <p class='ocr_par' dir='ltr' id='par_1_67' title="bbox 545 4892 2048 4964">
     <span class='ocr_line' id='line_1_67' title="bbox 545 4892 2048 4964; baseline 0.003 -14"><span class='ocrx_word' id='word_1_467' title='bbox 545 4894 652 4950; x_wconf 87' lang='lat' dir='ltr'><strong>Sed</strong></span> <span class='ocrx_word' id='word_1_468' title='bbox 685 4895 754 4948; x_wconf 89' lang='lat' dir='ltr'><strong>de</strong></span> <span class='ocrx_word' id='word_1_469' title='bbox 790 4895 1115 4964; x_wconf 55' lang='lat' dir='ltr'><strong>ltis~quident</strong></span> <span class='ocrx_word' id='word_1_470' title='bbox 1153 4903 1208 4948; x_wconf 90' lang='lat' dir='ltr'><strong>et</strong></span> <span class='ocrx_word' id='word_1_471' title='bbox 1240 4894 1306 4948; x_wconf 90' lang='lat' dir='ltr'><strong>de</strong></span> <span class='ocrx_word' id='word_1_472' title='bbox 1337 4892 1546 4960; x_wconf 88' lang='lat' dir='ltr'><strong>justitia</strong></span> <span class='ocrx_word' id='word_1_473' title='bbox 1577 4894 1776 4950; x_wconf 84' lang='lat' dir='ltr'><strong>dictum</strong></span> <span class='ocrx_word' id='word_1_474' title='bbox 1821 4907 1923 4963; x_wconf 90' lang='lat' dir='ltr'><strong>est,</strong></span> <span class='ocrx_word' id='word_1_475' title='bbox 1963 4915 2048 4954; x_wconf 85' lang='lat' dir='ltr'><strong>se-</strong></span> 
     </span>
    </p>
   </div>
   <div class='ocr_carea' id='block_1_68' title="bbox 452 4983 2054 5054">
    <p class='ocr_par' dir='ltr' id='par_1_68' title="bbox 452 4983 2054 5054">
     <span class='ocr_line' id='line_1_68' title="bbox 452 4983 2054 5054; baseline 0.004 -13"><span class='ocrx_word' id='word_1_476' title='bbox 452 4986 706 5042; x_wconf 72' lang='lat' dir='ltr'><strong>cundum</strong></span> <span class='ocrx_word' id='word_1_477' title='bbox 757 4999 919 5054; x_wconf 86' lang='lat' dir='ltr'><strong>quam</strong></span> <span class='ocrx_word' id='word_1_478' title='bbox 973 4984 1212 5038; x_wconf 91' lang='lat' dir='ltr'><strong>omnium</strong></span> <span class='ocrx_word' id='word_1_479' title='bbox 1289 4983 1531 5051; x_wconf 86' lang='lat' dir='ltr'><strong>aequitas</strong></span> <span class='ocrx_word' id='word_1_480' title='bbox 1603 4997 1946 5042; x_wconf 87' lang='lat' dir='ltr'><strong>mensuratur</strong></span> <span class='ocrx_word' id='word_1_481' title='bbox 1999 4999 2054 5046; x_wconf 90' lang='lat' dir='ltr'><strong>et</strong></span> 
     </span>
    </p>
   </div>
   <div class='ocr_carea' id='block_1_69' title="bbox 476 5073 2051 5160">
    <p class='ocr_par' dir='ltr' id='par_1_69' title="bbox 476 5073 2051 5160">
     <span class='ocr_line' id='line_1_69' title="bbox 476 5073 2051 5160; baseline -0.003 -30"><span class='ocrx_word' id='word_1_482' title='bbox 476 5077 910 5140; x_wconf 80' lang='lat' dir='ltr'><strong>tenninatur,.et</strong></span> <span class='ocrx_word' id='word_1_483' title='bbox 946 5075 1123 5128; x_wconf 91' lang='lat' dir='ltr'><strong>omnis</strong></span> <span class='ocrx_word' id='word_1_484' title='bbox 1161 5073 1437 5142; x_wconf 86' lang='lat' dir='ltr'><strong>iniquitas,</strong></span> <span class='ocrx_word' id='word_1_485' title='bbox 1473 5087 1610 5143; x_wconf 81' lang='lat' dir='ltr'><strong>quae</strong></span> <span class='ocrx_word' id='word_1_486' title='bbox 1632 5084 1716 5130; x_wconf 91' lang='lat' dir='ltr'><strong>est</strong></span> <span class='ocrx_word' id='word_1_487' title='bbox 1741 5090 1842 5145; x_wconf 86' lang='lat' dir='ltr'><strong>per</strong></span> <span class='ocrx_word' id='word_1_488' title='bbox 1870 5080 2051 5160; x_wconf 72' lang='lat' dir='ltr'><strong>priva.</strong></span> 
     </span>
    </p>
   </div>
   <div class='ocr_carea' id='block_1_70' title="bbox 475 5165 2046 5237">
    <p class='ocr_par' dir='ltr' id='par_1_70' title="bbox 475 5165 2046 5237">
     <span class='ocr_line' id='line_1_70' title="bbox 475 5165 2046 5237; baseline 0.001 -11"><span class='ocrx_word' id='word_1_489' title='bbox 475 5173 706 5234; x_wconf 85' lang='lat' dir='ltr'><strong>tionem,</strong></span> <span class='ocrx_word' id='word_1_490' title='bbox 762 5168 992 5237; x_wconf 26' lang='lat' dir='ltr'><strong>iniipsis</strong></span> <span class='ocrx_word' id='word_1_491' title='bbox 1040 5165 1264 5236; x_wconf 86' lang='lat' dir='ltr'><strong>singulis</strong></span> <span class='ocrx_word' id='word_1_492' title='bbox 1309 5166 2046 5235; x_wconf 77' lang='lat' dir='ltr'><strong>aequitatisexterminatur.</strong></span> 
     </span>
    </p>
   </div>
   <div class='ocr_carea' id='block_1_71' title="bbox 473 5250 2046 5333">
    <p class='ocr_par' dir='ltr' id='par_1_71' title="bbox 473 5250 2046 5333">
     <span class='ocr_line' id='line_1_71' title="bbox 473 5250 2046 5333; baseline 0.001 -17"><span class='ocrx_word' id='word_1_493' title='bbox 473 5259 990 5333; x_wconf 66' lang='lat' dir='ltr'><strong>Aequitatemenim</strong></span> <span class='ocrx_word' id='word_1_494' title='bbox 1022 5257 1073 5310; x_wconf 79' lang='lat' dir='ltr'><strong>si</strong></span> <span class='ocrx_word' id='word_1_495' title='bbox 1111 5257 1233 5325; x_wconf 90' lang='lat' dir='ltr'><strong>quis</strong></span> <span class='ocrx_word' id='word_1_496' title='bbox 1261 5256 1500 5312; x_wconf 75' lang='lat' dir='ltr'><strong>auferret</strong></span> <span class='ocrx_word' id='word_1_497' title='bbox 1524 5257 1592 5311; x_wconf 64' lang='lat' dir='ltr'><strong>.in</strong></span> <span class='ocrx_word' id='word_1_498' title='bbox 1635 5266 1766 5323; x_wconf 90' lang='lat' dir='ltr'><strong>toto,</strong></span> <span class='ocrx_word' id='word_1_499' title='bbox 1813 5250 2046 5318; x_wconf 82' lang='lat' dir='ltr'><strong>telorum</strong></span> 
     </span>
    </p>
   </div>
   <div class='ocr_carea' id='block_1_72' title="bbox 2165 1895 3749 1978">
    <p class='ocr_par' dir='ltr' id='par_1_72' title="bbox 2165 1895 3749 1978">
     <span class='ocr_line' id='line_1_72' title="bbox 2165 1895 3749 1978; baseline 0.01 -32"><span class='ocrx_word' id='word_1_500' title='bbox 2165 1902 2232 1947; x_wconf 82' lang='lat' dir='ltr'><strong>.ut</strong></span> <span class='ocrx_word' id='word_1_501' title='bbox 2263 1895 2491 1950; x_wconf 81' lang='lat' dir='ltr'><strong>multum</strong></span> <span class='ocrx_word' id='word_1_502' title='bbox 2514 1897 2775 1968; x_wconf 88' lang='lat' dir='ltr'><strong>liguratus</strong></span> <span class='ocrx_word' id='word_1_503' title='bbox 2805 1908 2862 1954; x_wconf 90' lang='lat' dir='ltr'><strong>et</strong></span> <span class='ocrx_word' id='word_1_504' title='bbox 2883 1901 3225 1960; x_wconf 80' lang='lat' dir='ltr'><strong>multiformis</strong></span> <span class='ocrx_word' id='word_1_505' title='bbox 3267 1905 3335 1960; x_wconf 87' lang='lat' dir='ltr'><strong>ab</strong></span> <span class='ocrx_word' id='word_1_506' title='bbox 3362 1906 3498 1974; x_wconf 85' lang='lat' dir='ltr'><strong>ipsis</strong></span> <span class='ocrx_word' id='word_1_507' title='bbox 3524 1909 3749 1978; x_wconf 84' lang='lat' dir='ltr'><strong>eloquiis</strong></span> 
     </span>
    </p>
   </div>
   <div class='ocr_carea' id='block_1_73' title="bbox 2168 1983 3748 2069">
    <p class='ocr_par' dir='ltr' id='par_1_73' title="bbox 2168 1983 3748 2069">
     <span class='ocr_line' id='line_1_73' title="bbox 2168 1983 3748 2069; baseline 0.011 -33"><span class='ocrx_word' id='word_1_508' title='bbox 2168 1983 2485 2054; x_wconf 83' lang='lat' dir='ltr'><strong>plasmatur,</strong></span> <span class='ocrx_word' id='word_1_509' title='bbox 2512 1997 2569 2042; x_wconf 90' lang='lat' dir='ltr'><strong>et</strong></span> <span class='ocrx_word' id='word_1_510' title='bbox 2613 1988 2827 2054; x_wconf 86' lang='lat' dir='ltr'><strong>similis,</strong></span> <span class='ocrx_word' id='word_1_511' title='bbox 2882 2000 2942 2044; x_wconf 93' lang='lat' dir='ltr'><strong>ut</strong></span> <span class='ocrx_word' id='word_1_512' title='bbox 2971 1991 3227 2069; x_wconf 74' lang='lat' dir='ltr'><strong>similium</strong></span> <span class='ocrx_word' id='word_1_513' title='bbox 3277 2003 3332 2048; x_wconf 89' lang='lat' dir='ltr'><strong>et</strong></span> <span class='ocrx_word' id='word_1_514' title='bbox 3367 1997 3748 2053; x_wconf 82' lang='lat' dir='ltr'><strong>similitudinis</strong></span> 
     </span>
    </p>
   </div>
   <div class='ocr_carea' id='block_1_74' title="bbox 2169 2077 3744 2146">
    <p class='ocr_par' dir='ltr' id='par_1_74' title="bbox 2169 2077 3744 2146">
     <span class='ocr_line' id='line_1_74' title="bbox 2169 2077 3744 2146; baseline 0.009 -17"><span class='ocrx_word' id='word_1_515' title='bbox 2169 2077 2511 2144; x_wconf 91' lang='lat' dir='ltr'><strong>substitutor,</strong></span> <span class='ocrx_word' id='word_1_516' title='bbox 2543 2087 2600 2134; x_wconf 87' lang='lat' dir='ltr'><strong>et</strong></span> <span class='ocrx_word' id='word_1_517' title='bbox 2627 2080 2903 2136; x_wconf 90' lang='lat' dir='ltr'><strong>dissimilis</strong></span> <span class='ocrx_word' id='word_1_518' title='bbox 2927 2081 3197 2146; x_wconf 88' lang='lat' dir='ltr'><strong>omnibus,</strong></span> <span class='ocrx_word' id='word_1_519' title='bbox 3230 2093 3289 2136; x_wconf 92' lang='lat' dir='ltr'><strong>ut</strong></span> <span class='ocrx_word' id='word_1_520' title='bbox 3316 2099 3422 2139; x_wconf 88' lang='lat' dir='ltr'><strong>non</strong></span> <span class='ocrx_word' id='word_1_521' title='bbox 3447 2096 3582 2142; x_wconf 85' lang='lat' dir='ltr'><strong>ente</strong></span> <span class='ocrx_word' id='word_1_522' title='bbox 3599 2089 3650 2142; x_wconf 90' lang='lat' dir='ltr'><strong>ei</strong></span> <span class='ocrx_word' id='word_1_523' title='bbox 3682 2091 3744 2142; x_wconf 82' lang='lat' dir='ltr'><strong>si-</strong></span> 
     </span>
    </p>
   </div>
   <div class='ocr_carea' id='block_1_75' title="bbox 2169 2158 3740 2244">
    <p class='ocr_par' dir='ltr' id='par_1_75' title="bbox 2169 2158 3740 2244">
     <span class='ocr_line' id='line_1_75' title="bbox 2169 2158 3740 2244; baseline 0.008 -23"><span class='ocrx_word' id='word_1_524' title='bbox 2169 2158 2282 2221; x_wconf 87' lang='lat' dir='ltr'><strong>mili</strong></span> <span class='ocrx_word' id='word_1_525' title='bbox 2313 2167 2354 2232; x_wconf 75' lang='grc'><strong>⁸,</strong></span> <span class='ocrx_word' id='word_1_526' title='bbox 2372 2177 2426 2222; x_wconf 90' lang='lat' dir='ltr'><strong>et</strong></span> <span class='ocrx_word' id='word_1_527' title='bbox 2451 2178 2620 2235; x_wconf 85' lang='lat' dir='ltr'><strong>stans,</strong></span> <span class='ocrx_word' id='word_1_528' title='bbox 2642 2182 2699 2225; x_wconf 92' lang='lat' dir='ltr'><strong>et</strong></span> <span class='ocrx_word' id='word_1_529' title='bbox 2721 2187 2963 2237; x_wconf 87' lang='lat' dir='ltr'><strong>movens,</strong></span> <span class='ocrx_word' id='word_1_530' title='bbox 2985 2181 3040 2228; x_wconf 86' lang='lat' dir='ltr'><strong>et</strong></span> <span class='ocrx_word' id='word_1_531' title='bbox 3061 2185 3120 2228; x_wconf 90' lang='lat' dir='ltr'><strong>ut</strong></span> <span class='ocrx_word' id='word_1_532' title='bbox 3143 2175 3339 2231; x_wconf 89' lang='lat' dir='ltr'><strong>sedens</strong></span> <span class='ocrx_word' id='word_1_533' title='bbox 3362 2177 3416 2230; x_wconf 91' lang='lat' dir='ltr'><strong>in</strong></span> <span class='ocrx_word' id='word_1_534' title='bbox 3444 2186 3740 2244; x_wconf 79' lang='lat' dir='ltr'><strong>aeternum,</strong></span> 
     </span>
    </p>
   </div>
   <div class='ocr_carea' id='block_1_76' title="bbox 2167 2262 3740 2339">
    <p class='ocr_par' dir='ltr' id='par_1_76' title="bbox 2167 2262 3740 2339">
     <span class='ocr_line' id='line_1_76' title="bbox 2167 2262 3740 2339; baseline 0.008 -26"><span class='ocrx_word' id='word_1_535' title='bbox 2167 2267 2222 2314; x_wconf 86' lang='lat' dir='ltr'><strong>et</strong></span> <span class='ocrx_word' id='word_1_536' title='bbox 2250 2269 2446 2326; x_wconf 89' lang='lat' dir='ltr'><strong>motus,</strong></span> <span class='ocrx_word' id='word_1_537' title='bbox 2476 2269 2534 2314; x_wconf 90' lang='lat' dir='ltr'><strong>ut</strong></span> <span class='ocrx_word' id='word_1_538' title='bbox 2565 2262 2618 2315; x_wconf 93' lang='lat' dir='ltr'><strong>in</strong></span> <span class='ocrx_word' id='word_1_539' title='bbox 2659 2264 3068 2320; x_wconf 67' lang='lat' dir='ltr'><strong>omniaNadens</strong></span> <span class='ocrx_word' id='word_1_540' title='bbox 3100 2284 3114 2319; x_wconf 88' lang='lat'><strong>:</strong></span> <span class='ocrx_word' id='word_1_541' title='bbox 3145 2275 3199 2321; x_wconf 93' lang='lat' dir='ltr'><strong>et</strong></span> <span class='ocrx_word' id='word_1_542' title='bbox 3221 2283 3587 2339; x_wconf 83' lang='lat' dir='ltr'><strong>quaecunque</strong></span> <span class='ocrx_word' id='word_1_543' title='bbox 3618 2273 3740 2326; x_wconf 79' lang='lat' dir='ltr'><strong>aliae</strong></span> 
     </span>
    </p>
   </div>
   <div class='ocr_carea' id='block_1_77' title="bbox 2169 2349 3739 2420">
    <p class='ocr_par' dir='ltr' id='par_1_77' title="bbox 2169 2349 3739 2420">
     <span class='ocr_line' id='line_1_77' title="bbox 2169 2349 3739 2420; baseline 0.004 -17"><span class='ocrx_word' id='word_1_544' title='bbox 2169 2349 2374 2403; x_wconf 90' lang='lat' dir='ltr'><strong>eisdem</strong></span> <span class='ocrx_word' id='word_1_545' title='bbox 2407 2350 2812 2420; x_wconf 85' lang='lat' dir='ltr'><strong>aequipotentes</strong></span> <span class='ocrx_word' id='word_1_546' title='bbox 2848 2352 3060 2408; x_wconf 85' lang='lat' dir='ltr'><strong>divinae</strong></span> <span class='ocrx_word' id='word_1_547' title='bbox 3104 2356 3502 2412; x_wconf 90' lang='lat' dir='ltr'><strong>nominationes</strong></span> <span class='ocrx_word' id='word_1_548' title='bbox 3542 2360 3613 2414; x_wconf 85' lang='lat' dir='ltr'><strong>ab</strong></span> <span class='ocrx_word' id='word_1_549' title='bbox 3638 2362 3739 2415; x_wconf 79' lang='lat' dir='ltr'><strong>cln-</strong></span> 
     </span>
    </p>
   </div>
   <div class='ocr_carea' id='block_1_78' title="bbox 2167 2440 3742 2515">
    <p class='ocr_par' dir='ltr' id='par_1_78' title="bbox 2167 2440 3742 2515">
     <span class='ocr_line' id='line_1_78' title="bbox 2167 2440 3742 2515; baseline 0.006 -22"><span class='ocrx_word' id='word_1_550' title='bbox 2167 2440 2308 2509; x_wconf 86' lang='lat' dir='ltr'><strong>quiis</strong></span> <span class='ocrx_word' id='word_1_551' title='bbox 2329 2440 2635 2496; x_wconf 90' lang='lat' dir='ltr'><strong>laudantur.</strong></span> <span class='ocrx_word' id='word_1_552' title='bbox 2668 2441 2893 2513; x_wconf 80' lang='lat' dir='ltr'><strong>Magnus</strong></span> <span class='ocrx_word' id='word_1_553' title='bbox 2929 2444 3092 2514; x_wconf 75' lang='lat' dir='ltr'><strong>igitur</strong></span> <span class='ocrx_word' id='word_1_554' title='bbox 3131 2446 3272 2501; x_wconf 87' lang='lat' dir='ltr'><strong>Deus</strong></span> <span class='ocrx_word' id='word_1_555' title='bbox 3303 2448 3639 2515; x_wconf 84' lang='lat' dir='ltr'><strong>nominatur,</strong></span> <span class='ocrx_word' id='word_1_556' title='bbox 3665 2463 3742 2503; x_wconf 79' lang='lat' dir='ltr'><strong>sr-</strong></span> 
     </span>
    </p>
   </div>
   <div class='ocr_carea' id='block_1_79' title="bbox 2165 2531 3740 2609">
    <p class='ocr_par' dir='ltr' id='par_1_79' title="bbox 2165 2531 3740 2609">
     <span class='ocr_line' id='line_1_79' title="bbox 2165 2531 3740 2609; baseline 0.005 -24"><span class='ocrx_word' id='word_1_557' title='bbox 2165 2531 2398 2586; x_wconf 88' lang='lat' dir='ltr'><strong>cundum</strong></span> <span class='ocrx_word' id='word_1_558' title='bbox 2427 2533 2568 2602; x_wconf 90' lang='lat' dir='ltr'><strong>quod</strong></span> <span class='ocrx_word' id='word_1_559' title='bbox 2601 2533 2706 2588; x_wconf 89' lang='lat' dir='ltr'><strong>scit</strong></span> <span class='ocrx_word' id='word_1_560' title='bbox 2753 2549 2909 2588; x_wconf 89' lang='lat' dir='ltr'><strong>suum</strong></span> <span class='ocrx_word' id='word_1_561' title='bbox 2943 2549 3197 2606; x_wconf 88' lang='lat' dir='ltr'><strong>magnum</strong></span> <span class='ocrx_word' id='word_1_562' title='bbox 3248 2539 3502 2594; x_wconf 85' lang='lat' dir='ltr'><strong>omnibus</strong></span> <span class='ocrx_word' id='word_1_563' title='bbox 3540 2541 3740 2609; x_wconf 84' lang='lat' dir='ltr'><strong>magnis</strong></span> 
     </span>
    </p>
   </div>
   <div class='ocr_carea' id='block_1_80' title="bbox 2165 2623 3740 2697">
    <p class='ocr_par' dir='ltr' id='par_1_80' title="bbox 2165 2623 3740 2697">
     <span class='ocr_line' id='line_1_80' title="bbox 2165 2623 3740 2697; baseline 0.005 -19"><span class='ocrx_word' id='word_1_564' title='bbox 2165 2623 2280 2678; x_wconf 87' lang='lat' dir='ltr'><strong>suis</strong></span> <span class='ocrx_word' id='word_1_565' title='bbox 2329 2626 2567 2691; x_wconf 89' lang='lat' dir='ltr'><strong>tradens,</strong></span> <span class='ocrx_word' id='word_1_566' title='bbox 2594 2633 2650 2680; x_wconf 90' lang='lat' dir='ltr'><strong>et</strong></span> <span class='ocrx_word' id='word_1_567' title='bbox 2681 2640 2900 2681; x_wconf 91' lang='lat' dir='ltr'><strong>omnem</strong></span> <span class='ocrx_word' id='word_1_568' title='bbox 2938 2627 3367 2697; x_wconf 85' lang='lat' dir='ltr'><strong>magnitudinem</strong></span> <span class='ocrx_word' id='word_1_569' title='bbox 3406 2632 3740 2686; x_wconf 82' lang='lat' dir='ltr'><strong>extrinsecus</strong></span> 
     </span>
    </p>
   </div>
   <div class='ocr_carea' id='block_1_81' title="bbox 2165 2714 3737 2788">
    <p class='ocr_par' dir='ltr' id='par_1_81' title="bbox 2165 2714 3737 2788">
     <span class='ocr_line' id='line_1_81' title="bbox 2165 2714 3737 2788; baseline 0.005 -21"><span class='ocrx_word' id='word_1_570' title='bbox 2165 2714 2616 2783; x_wconf 80' lang='lat' dir='ltr'><strong>superexcellens,</strong></span> <span class='ocrx_word' id='word_1_571' title='bbox 2649 2724 2705 2772; x_wconf 92' lang='lat' dir='ltr'><strong>et</strong></span> <span class='ocrx_word' id='word_1_572' title='bbox 2734 2725 3178 2788; x_wconf 79' lang='lat' dir='ltr'><strong>superextentum</strong></span> <span class='ocrx_word' id='word_1_573' title='bbox 3215 2719 3737 2775; x_wconf 83' lang='lat' dir='ltr'><strong>universalissimum</strong></span> 
     </span>
    </p>
   </div>
   <div class='ocr_carea' id='block_1_82' title="bbox 2147 2805 3736 2879">
    <p class='ocr_par' dir='ltr' id='par_1_82' title="bbox 2147 2805 3736 2879">
     <span class='ocr_line' id='line_1_82' title="bbox 2147 2805 3736 2879; baseline 0.005 -20"><span class='ocrx_word' id='word_1_574' title='bbox 2147 2805 2342 2860; x_wconf 40' lang='lat' dir='ltr'><strong>Ilocum</strong></span> <span class='ocrx_word' id='word_1_575' title='bbox 2359 2808 2663 2874; x_wconf 89' lang='lat' dir='ltr'><strong>continens,</strong></span> <span class='ocrx_word' id='word_1_576' title='bbox 2691 2823 2906 2863; x_wconf 91' lang='lat' dir='ltr'><strong>omnem</strong></span> <span class='ocrx_word' id='word_1_577' title='bbox 2921 2824 3184 2879; x_wconf 88' lang='lat' dir='ltr'><strong>superans</strong></span> <span class='ocrx_word' id='word_1_578' title='bbox 3201 2825 3509 2877; x_wconf 86' lang='lat' dir='ltr'><strong>numerum,</strong></span> <span class='ocrx_word' id='word_1_579' title='bbox 3525 2826 3736 2867; x_wconf 85' lang='lat' dir='ltr'><strong>omnem</strong></span> 
     </span>
    </p>
   </div>
   <div class='ocr_carea' id='block_1_83' title="bbox 2166 2898 3737 2974">
    <p class='ocr_par' dir='ltr' id='par_1_83' title="bbox 2166 2898 3737 2974">
     <span class='ocr_line' id='line_1_83' title="bbox 2166 2898 3737 2974; baseline 0.003 -23"><span class='ocrx_word' id='word_1_580' title='bbox 2166 2898 2567 2954; x_wconf 86' lang='lat' dir='ltr'><strong>multitudinem</strong></span> <span class='ocrx_word' id='word_1_581' title='bbox 2601 2901 3026 2970; x_wconf 80' lang='lat' dir='ltr'><strong>transgrediens,</strong></span> <span class='ocrx_word' id='word_1_582' title='bbox 3056 2910 3112 2956; x_wconf 89' lang='lat' dir='ltr'><strong>et</strong></span> <span class='ocrx_word' id='word_1_583' title='bbox 3138 2903 3430 2957; x_wconf 89' lang='lat' dir='ltr'><strong>secundum</strong></span> <span class='ocrx_word' id='word_1_584' title='bbox 3462 2904 3737 2974; x_wconf 84' lang='lat' dir='ltr'><strong>superple-</strong></span> 
     </span>
    </p>
   </div>
   <div class='ocr_carea' id='block_1_84' title="bbox 2163 2989 3734 3063">
    <p class='ocr_par' dir='ltr' id='par_1_84' title="bbox 2163 2989 3734 3063">
     <span class='ocr_line' id='line_1_84' title="bbox 2163 2989 3734 3063; baseline 0.003 -21"><span class='ocrx_word' id='word_1_585' title='bbox 2163 2989 2460 3044; x_wconf 91' lang='lat' dir='ltr'><strong>nitudinem</strong></span> <span class='ocrx_word' id='word_1_586' title='bbox 2481 3005 2633 3045; x_wconf 90' lang='lat' dir='ltr'><strong>suam</strong></span> <span class='ocrx_word' id='word_1_587' title='bbox 2653 3002 2709 3045; x_wconf 90' lang='lat' dir='ltr'><strong>et</strong></span> <span class='ocrx_word' id='word_1_588' title='bbox 2738 3006 2986 3060; x_wconf 89' lang='lat' dir='ltr'><strong>magnam</strong></span> <span class='ocrx_word' id='word_1_589' title='bbox 3009 2992 3399 3063; x_wconf 79' lang='lat' dir='ltr'><strong>Operationem,</strong></span> <span class='ocrx_word' id='word_1_590' title='bbox 3429 3001 3487 3047; x_wconf 87' lang='lat' dir='ltr'><strong>et</strong></span> <span class='ocrx_word' id='word_1_591' title='bbox 3511 3009 3734 3048; x_wconf 82' lang='lat' dir='ltr'><strong>manan-</strong></span> 
     </span>
    </p>
   </div>
   <div class='ocr_carea' id='block_1_85' title="bbox 2167 3069 3738 3152">
    <p class='ocr_par' dir='ltr' id='par_1_85' title="bbox 2167 3069 3738 3152">
     <span class='ocr_line' id='line_1_85' title="bbox 2167 3069 3738 3152; baseline 0.002 -19"><span class='ocrx_word' id='word_1_592' title='bbox 2167 3085 2250 3134; x_wconf 90' lang='lat' dir='ltr'><strong>tes</strong></span> <span class='ocrx_word' id='word_1_593' title='bbox 2293 3095 2421 3134; x_wconf 89' lang='lat' dir='ltr'><strong>suas</strong></span> <span class='ocrx_word' id='word_1_594' title='bbox 2471 3069 2811 3146; x_wconf 86' lang='lat' dir='ltr'><strong>donationes,</strong></span> <span class='ocrx_word' id='word_1_595' title='bbox 2855 3090 2912 3136; x_wconf 90' lang='lat' dir='ltr'><strong>et</strong></span> <span class='ocrx_word' id='word_1_596' title='bbox 2937 3090 3195 3150; x_wconf 90' lang='lat' dir='ltr'><strong>quantum</strong></span> <span class='ocrx_word' id='word_1_597' title='bbox 3225 3082 3372 3152; x_wconf 85' lang='lat' dir='ltr'><strong>ipsae</strong></span> <span class='ocrx_word' id='word_1_598' title='bbox 3396 3082 3467 3137; x_wconf 86' lang='lat' dir='ltr'><strong>ab</strong></span> <span class='ocrx_word' id='word_1_599' title='bbox 3491 3083 3738 3140; x_wconf 83' lang='lat' dir='ltr'><strong>omnibus</strong></span> 
     </span>
    </p>
   </div>
   <div class='ocr_carea' id='block_1_86' title="bbox 2162 3170 3733 3244">
    <p class='ocr_par' dir='ltr' id='par_1_86' title="bbox 2162 3170 3733 3244">
     <span class='ocr_line' id='line_1_86' title="bbox 2162 3170 3733 3244; baseline 0.005 -22"><span class='ocrx_word' id='word_1_600' title='bbox 2162 3170 2515 3239; x_wconf 88' lang='lat' dir='ltr'><strong>participatae</strong></span> <span class='ocrx_word' id='word_1_601' title='bbox 2543 3171 2840 3226; x_wconf 87' lang='lat' dir='ltr'><strong>secundum</strong></span> <span class='ocrx_word' id='word_1_602' title='bbox 2867 3173 3088 3226; x_wconf 90' lang='lat' dir='ltr'><strong>multam</strong></span> <span class='ocrx_word' id='word_1_603' title='bbox 3111 3181 3166 3227; x_wconf 89' lang='lat' dir='ltr'><strong>et</strong></span> <span class='ocrx_word' id='word_1_604' title='bbox 3188 3172 3394 3244; x_wconf 84' lang='lat' dir='ltr'><strong>largam</strong></span> <span class='ocrx_word' id='word_1_605' title='bbox 3423 3173 3733 3230; x_wconf 71' lang='lat' dir='ltr'><strong>effusionem</strong></span> 
     </span>
    </p>
   </div>
   <div class='ocr_carea' id='block_1_87' title="bbox 2161 3260 3733 3336">
    <p class='ocr_par' dir='ltr' id='par_1_87' title="bbox 2161 3260 3733 3336">
     <span class='ocr_line' id='line_1_87' title="bbox 2161 3260 3733 3336; baseline 0.001 -21"><span class='ocrx_word' id='word_1_606' title='bbox 2161 3260 2516 3317; x_wconf 87' lang='lat' dir='ltr'><strong>indiminutae</strong></span> <span class='ocrx_word' id='word_1_607' title='bbox 2539 3263 2759 3318; x_wconf 93' lang='lat' dir='ltr'><strong>omnino</strong></span> <span class='ocrx_word' id='word_1_608' title='bbox 2787 3273 2932 3328; x_wconf 88' lang='lat' dir='ltr'><strong>sunt,</strong></span> <span class='ocrx_word' id='word_1_609' title='bbox 2961 3271 3017 3316; x_wconf 93' lang='lat' dir='ltr'><strong>et</strong></span> <span class='ocrx_word' id='word_1_610' title='bbox 3063 3263 3290 3318; x_wconf 87' lang='lat' dir='ltr'><strong>eandem</strong></span> <span class='ocrx_word' id='word_1_611' title='bbox 3334 3263 3537 3319; x_wconf 80' lang='lat' dir='ltr'><strong>habent</strong></span> <span class='ocrx_word' id='word_1_612' title='bbox 3576 3280 3733 3336; x_wconf 76' lang='lat' dir='ltr'><strong>super</strong></span> 
     </span>
    </p>
   </div>
   <div class='ocr_carea' id='block_1_88' title="bbox 2160 3350 3722 3423">
    <p class='ocr_par' dir='ltr' id='par_1_88' title="bbox 2160 3350 3722 3423">
     <span class='ocr_line' id='line_1_88' title="bbox 2160 3350 3722 3423; baseline 0.004 -19"><span class='ocrx_word' id='word_1_613' title='bbox 2160 3350 2566 3421; x_wconf 86' lang='lat' dir='ltr'><strong>plenitudinem,</strong></span> <span class='ocrx_word' id='word_1_614' title='bbox 2597 3361 2652 3406; x_wconf 89' lang='lat' dir='ltr'><strong>et</strong></span> <span class='ocrx_word' id='word_1_615' title='bbox 2697 3368 2804 3408; x_wconf 89' lang='lat' dir='ltr'><strong>non</strong></span> <span class='ocrx_word' id='word_1_616' title='bbox 2844 3354 3160 3408; x_wconf 89' lang='lat' dir='ltr'><strong>minuuntur</strong></span> <span class='ocrx_word' id='word_1_617' title='bbox 3200 3355 3722 3423; x_wconf 80' lang='lat' dir='ltr'><strong>participationibns.</strong></span> 
     </span>
    </p>
   </div>
   <div class='ocr_carea' id='block_1_89' title="bbox 2157 3441 3725 3515">
    <p class='ocr_par' dir='ltr' id='par_1_89' title="bbox 2157 3441 3725 3515">
     <span class='ocr_line' id='line_1_89' title="bbox 2157 3441 3725 3515; baseline -0.001 -18"><span class='ocrx_word' id='word_1_618' title='bbox 2157 3442 2254 3497; x_wconf 89' lang='lat' dir='ltr'><strong>sed</strong></span> <span class='ocrx_word' id='word_1_619' title='bbox 2289 3451 2346 3497; x_wconf 87' lang='lat' dir='ltr'><strong>et</strong></span> <span class='ocrx_word' id='word_1_620' title='bbox 2368 3443 2539 3514; x_wconf 87' lang='lat' dir='ltr'><strong>magis</strong></span> <span class='ocrx_word' id='word_1_621' title='bbox 2561 3452 2966 3513; x_wconf 88' lang='lat' dir='ltr'><strong>supermanant.</strong></span> <span class='ocrx_word' id='word_1_622' title='bbox 2996 3441 3306 3515; x_wconf 78' lang='lat' dir='ltr'><strong>Magnitudo</strong></span> <span class='ocrx_word' id='word_1_623' title='bbox 3326 3444 3460 3498; x_wconf 85' lang='lat' dir='ltr'><strong>haec</strong></span> <span class='ocrx_word' id='word_1_624' title='bbox 3484 3453 3541 3499; x_wconf 89' lang='lat' dir='ltr'><strong>et</strong></span> <span class='ocrx_word' id='word_1_625' title='bbox 3568 3445 3725 3498; x_wconf 79' lang='lat' dir='ltr'><strong>multa</strong></span> 
     </span>
    </p>
   </div>
   <div class='ocr_carea' id='block_1_90' title="bbox 2157 3532 3724 3599">
    <p class='ocr_par' dir='ltr' id='par_1_90' title="bbox 2157 3532 3724 3599">
     <span class='ocr_line' id='line_1_90' title="bbox 2157 3532 3724 3599; baseline -0.001 -11"><span class='ocrx_word' id='word_1_626' title='bbox 2157 3542 2258 3597; x_wconf 90' lang='lat' dir='ltr'><strong>est,</strong></span> <span class='ocrx_word' id='word_1_627' title='bbox 2290 3543 2344 3588; x_wconf 91' lang='lat' dir='ltr'><strong>et</strong></span> <span class='ocrx_word' id='word_1_628' title='bbox 2389 3532 2772 3599; x_wconf 86' lang='lat' dir='ltr'><strong>informabilis,</strong></span> <span class='ocrx_word' id='word_1_629' title='bbox 2803 3543 2858 3588; x_wconf 92' lang='lat' dir='ltr'><strong>et</strong></span> <span class='ocrx_word' id='word_1_630' title='bbox 2887 3533 3292 3589; x_wconf 81' lang='lat' dir='ltr'><strong>innumerabilis</strong></span> <span class='ocrx_word' id='word_1_631' title='bbox 3325 3551 3338 3588; x_wconf 90' lang='lat'>:</span> <span class='ocrx_word' id='word_1_632' title='bbox 3365 3545 3420 3589; x_wconf 86' lang='lat' dir='ltr'><strong>et</strong></span> <span class='ocrx_word' id='word_1_633' title='bbox 3466 3534 3605 3590; x_wconf 82' lang='lat' dir='ltr'><strong>haec</strong></span> <span class='ocrx_word' id='word_1_634' title='bbox 3650 3544 3724 3589; x_wconf 86' lang='lat' dir='ltr'><strong>est</strong></span> 
     </span>
    </p>
   </div>
   <div class='ocr_carea' id='block_1_91' title="bbox 2157 3623 3723 3696">
    <p class='ocr_par' dir='ltr' id='par_1_91' title="bbox 2157 3623 3723 3696">
     <span class='ocr_line' id='line_1_91' title="bbox 2157 3623 3723 3696; baseline -0.001 -18"><span class='ocrx_word' id='word_1_635' title='bbox 2157 3623 2659 3694; x_wconf 76' lang='lat' dir='ltr'><strong>stiperexcellentia,</strong></span> <span class='ocrx_word' id='word_1_636' title='bbox 2693 3623 2987 3679; x_wconf 89' lang='lat' dir='ltr'><strong>secundum</strong></span> <span class='ocrx_word' id='word_1_637' title='bbox 3010 3623 3310 3679; x_wconf 87' lang='lat' dir='ltr'><strong>absolutam</strong></span> <span class='ocrx_word' id='word_1_638' title='bbox 3341 3633 3398 3680; x_wconf 89' lang='lat' dir='ltr'><strong>et</strong></span> <span class='ocrx_word' id='word_1_639' title='bbox 3421 3627 3723 3696; x_wconf 83' lang='lat' dir='ltr'><strong>superordi-</strong></span> 
     </span>
    </p>
   </div>
   <div class='ocr_carea' id='block_1_92' title="bbox 2157 3714 3718 3786">
    <p class='ocr_par' dir='ltr' id='par_1_92' title="bbox 2157 3714 3718 3786">
     <span class='ocr_line' id='line_1_92' title="bbox 2157 3714 3718 3786; baseline 0.001 -19"><span class='ocrx_word' id='word_1_640' title='bbox 2157 3725 2338 3768; x_wconf 86' lang='lat' dir='ltr'><strong>natam</strong></span> <span class='ocrx_word' id='word_1_641' title='bbox 2380 3715 2770 3784; x_wconf 87' lang='lat' dir='ltr'><strong>inacceplibilis</strong></span> <span class='ocrx_word' id='word_1_642' title='bbox 2807 3714 3194 3786; x_wconf 88' lang='lat' dir='ltr'><strong>magnitudinis</strong></span> <span class='ocrx_word' id='word_1_643' title='bbox 3221 3714 3558 3770; x_wconf 76' lang='lat' dir='ltr'><strong>elfusionem.</strong></span> <span class='ocrx_word' id='word_1_644' title='bbox 3599 3715 3718 3769; x_wconf 85' lang='lat' dir='ltr'><strong>Par-</strong></span> 
     </span>
    </p>
   </div>
   <div class='ocr_carea' id='block_1_93' title="bbox 2156 3807 3724 3879">
    <p class='ocr_par' dir='ltr' id='par_1_93' title="bbox 2156 3807 3724 3879">
     <span class='ocr_line' id='line_1_93' title="bbox 2156 3807 3724 3879; baseline 0.001 -21"><span class='ocrx_word' id='word_1_645' title='bbox 2156 3821 2283 3860; x_wconf 85' lang='lat' dir='ltr'><strong>vum</strong></span> <span class='ocrx_word' id='word_1_646' title='bbox 2325 3815 2504 3860; x_wconf 85' lang='lat' dir='ltr'><strong>autem</strong></span> <span class='ocrx_word' id='word_1_647' title='bbox 2543 3807 2659 3861; x_wconf 90' lang='lat' dir='ltr'><strong>sive</strong></span> <span class='ocrx_word' id='word_1_648' title='bbox 2690 3807 2954 3860; x_wconf 89' lang='lat' dir='ltr'><strong>minutum</strong></span> <span class='ocrx_word' id='word_1_649' title='bbox 2994 3807 3046 3861; x_wconf 93' lang='lat' dir='ltr'><strong>in</strong></span> <span class='ocrx_word' id='word_1_650' title='bbox 3089 3811 3206 3879; x_wconf 81' lang='lat' dir='ltr'><strong>ipso</strong></span> <span class='ocrx_word' id='word_1_651' title='bbox 3245 3807 3444 3862; x_wconf 87' lang='lat' dir='ltr'><strong>dicitur</strong></span> <span class='ocrx_word' id='word_1_652' title='bbox 3471 3809 3619 3862; x_wconf 90' lang='lat' dir='ltr'><strong>omni</strong></span> <span class='ocrx_word' id='word_1_653' title='bbox 3670 3808 3724 3860; x_wconf 84' lang='lat' dir='ltr'><strong>ti-</strong></span> 
     </span>
    </p>
   </div>
   <div class='ocr_carea' id='block_1_94' title="bbox 2155 3897 3718 3968">
    <p class='ocr_par' dir='ltr' id='par_1_94' title="bbox 2155 3897 3718 3968">
     <span class='ocr_line' id='line_1_94' title="bbox 2155 3897 3718 3968; baseline 0.002 -18"><span class='ocrx_word' id='word_1_654' title='bbox 2155 3897 2271 3952; x_wconf 93' lang='lat' dir='ltr'><strong>nito</strong></span> <span class='ocrx_word' id='word_1_655' title='bbox 2289 3898 2466 3968; x_wconf 88' lang='lat' dir='ltr'><strong>spatio</strong></span> <span class='ocrx_word' id='word_1_656' title='bbox 2486 3899 2816 3963; x_wconf 52' lang='lat' dir='ltr'><strong>emunitus‘,</strong></span> <span class='ocrx_word' id='word_1_657' title='bbox 2833 3906 2897 3953; x_wconf 91' lang='lat' dir='ltr'><strong>et.</strong></span> <span class='ocrx_word' id='word_1_658' title='bbox 2911 3913 3007 3968; x_wconf 89' lang='lat' dir='ltr'><strong>per</strong></span> <span class='ocrx_word' id='word_1_659' title='bbox 3027 3899 3206 3952; x_wconf 84' lang='lat' dir='ltr'><strong>omnia</strong></span> <span class='ocrx_word' id='word_1_660' title='bbox 3230 3910 3626 3968; x_wconf 87' lang='lat' dir='ltr'><strong>consequenter</strong></span> <span class='ocrx_word' id='word_1_661' title='bbox 3651 3900 3718 3953; x_wconf 89' lang='lat' dir='ltr'><strong>lo-</strong></span> 
     </span>
    </p>
   </div>
   <div class='ocr_carea' id='block_1_95' title="bbox 2155 3991 3719 4062">
    <p class='ocr_par' dir='ltr' id='par_1_95' title="bbox 2155 3991 3719 4062">
     <span class='ocr_line' id='line_1_95' title="bbox 2155 3991 3719 4062; baseline 0.003 -18"><span class='ocrx_word' id='word_1_662' title='bbox 2155 3999 2328 4045; x_wconf 86' lang='lat' dir='ltr'><strong>catus.</strong></span> <span class='ocrx_word' id='word_1_663' title='bbox 2349 3991 2420 4045; x_wconf 83' lang='lat' dir='ltr'><strong>Et</strong></span> <span class='ocrx_word' id='word_1_664' title='bbox 2449 3992 2665 4060; x_wconf 90' lang='lat' dir='ltr'><strong>quidem</strong></span> <span class='ocrx_word' id='word_1_665' title='bbox 2691 3993 2932 4046; x_wconf 89' lang='lat' dir='ltr'><strong>omnium</strong></span> <span class='ocrx_word' id='word_1_666' title='bbox 2960 3993 3288 4048; x_wconf 88' lang='lat' dir='ltr'><strong>causaleest</strong></span> <span class='ocrx_word' id='word_1_667' title='bbox 3306 4008 3554 4062; x_wconf 84' lang='lat' dir='ltr'><strong>parvum.</strong></span> <span class='ocrx_word' id='word_1_668' title='bbox 3589 3995 3719 4048; x_wconf 75' lang='lat' dir='ltr'><strong>Nus-</strong></span> 
     </span>
    </p>
   </div>
   <div class='ocr_carea' id='block_1_96' title="bbox 2152 4081 3721 4154">
    <p class='ocr_par' dir='ltr' id='par_1_96' title="bbox 2152 4081 3721 4154">
     <span class='ocr_line' id='line_1_96' title="bbox 2152 4081 3721 4154; baseline 0.001 -19"><span class='ocrx_word' id='word_1_669' title='bbox 2152 4097 2312 4152; x_wconf 89' lang='lat' dir='ltr'><strong>quam</strong></span> <span class='ocrx_word' id='word_1_670' title='bbox 2352 4083 2497 4137; x_wconf 91' lang='lat' dir='ltr'><strong>enim</strong></span> <span class='ocrx_word' id='word_1_671' title='bbox 2527 4083 2768 4138; x_wconf 85' lang='lat' dir='ltr'><strong>invenies</strong></span> <span class='ocrx_word' id='word_1_672' title='bbox 2804 4083 2954 4153; x_wconf 85' lang='lat' dir='ltr'><strong>parvi</strong></span> <span class='ocrx_word' id='word_1_673' title='bbox 2980 4081 3208 4138; x_wconf 87' lang='lat' dir='ltr'><strong>formam</strong></span> <span class='ocrx_word' id='word_1_674' title='bbox 3239 4099 3343 4138; x_wconf 90' lang='lat' dir='ltr'><strong>non</strong></span> <span class='ocrx_word' id='word_1_675' title='bbox 3375 4084 3721 4154; x_wconf 80' lang='lat' dir='ltr'><strong>participans.</strong></span> 
     </span>
    </p>
   </div>
   <div class='ocr_carea' id='block_1_97' title="bbox 2155 4170 3719 4242">
    <p class='ocr_par' dir='ltr' id='par_1_97' title="bbox 2155 4170 3719 4242">
     <span class='ocr_line' id='line_1_97' title="bbox 2155 4170 3719 4242; baseline 0.002 -17"><span class='ocrx_word' id='word_1_676' title='bbox 2155 4170 2248 4225; x_wconf 89' lang='lat' dir='ltr'><strong>Sic</strong></span> <span class='ocrx_word' id='word_1_677' title='bbox 2277 4171 2440 4242; x_wconf 86' lang='lat' dir='ltr'><strong>igitur</strong></span> <span class='ocrx_word' id='word_1_678' title='bbox 2476 4172 2530 4226; x_wconf 94' lang='lat' dir='ltr'><strong>in</strong></span> <span class='ocrx_word' id='word_1_679' title='bbox 2560 4171 2670 4227; x_wconf 90' lang='lat' dir='ltr'><strong>Deo</strong></span> <span class='ocrx_word' id='word_1_680' title='bbox 2694 4186 2921 4241; x_wconf 86' lang='lat' dir='ltr'><strong>parvum</strong></span> <span class='ocrx_word' id='word_1_681' title='bbox 2943 4171 3313 4241; x_wconf 89' lang='lat' dir='ltr'><strong>accipiendum</strong></span> <span class='ocrx_word' id='word_1_682' title='bbox 3355 4181 3460 4239; x_wconf 86' lang='lat' dir='ltr'><strong>est,</strong></span> <span class='ocrx_word' id='word_1_683' title='bbox 3499 4175 3649 4229; x_wconf 87' lang='lat' dir='ltr'><strong>velut</strong></span> <span class='ocrx_word' id='word_1_684' title='bbox 3669 4176 3719 4228; x_wconf 92' lang='lat' dir='ltr'><strong>in</strong></span> 
     </span>
    </p>
   </div>
   <div class='ocr_carea' id='block_1_98' title="bbox 2133 4259 3725 4332">
    <p class='ocr_par' dir='ltr' id='par_1_98' title="bbox 2133 4259 3725 4332">
     <span class='ocr_line' id='line_1_98' title="bbox 2133 4259 3725 4332; baseline 0.002 -18"><span class='ocrx_word' id='word_1_685' title='bbox 2133 4261 2334 4316; x_wconf 43' lang='lat' dir='ltr'><strong>.omnia</strong></span> <span class='ocrx_word' id='word_1_686' title='bbox 2359 4271 2415 4316; x_wconf 89' lang='lat' dir='ltr'><strong>et</strong></span> <span class='ocrx_word' id='word_1_687' title='bbox 2436 4275 2536 4332; x_wconf 86' lang='lat' dir='ltr'><strong>per</strong></span> <span class='ocrx_word' id='word_1_688' title='bbox 2558 4260 2744 4316; x_wconf 88' lang='lat' dir='ltr'><strong>omnia</strong></span> <span class='ocrx_word' id='word_1_689' title='bbox 2770 4259 2998 4314; x_wconf 78' lang='lat' dir='ltr'><strong>ﬁrmiter</strong></span> <span class='ocrx_word' id='word_1_690' title='bbox 3015 4259 3274 4325; x_wconf 83' lang='lat' dir='ltr'><strong>locatum,</strong></span> <span class='ocrx_word' id='word_1_691' title='bbox 3305 4271 3360 4316; x_wconf 92' lang='lat' dir='ltr'><strong>et</strong></span> <span class='ocrx_word' id='word_1_692' title='bbox 3387 4277 3643 4332; x_wconf 85' lang='lat' dir='ltr'><strong>operans,</strong></span> <span class='ocrx_word' id='word_1_693' title='bbox 3674 4275 3725 4318; x_wconf 88' lang='lat' dir='ltr'><strong>et</strong></span> 
     </span>
    </p>
   </div>
   <div class='ocr_carea' id='block_1_99' title="bbox 2152 4351 3728 4425">
    <p class='ocr_par' dir='ltr' id='par_1_99' title="bbox 2152 4351 3728 4425">
     <span class='ocr_line' id='line_1_99' title="bbox 2152 4351 3728 4425; baseline 0.003 -19"><span class='ocrx_word' id='word_1_694' title='bbox 2152 4353 2521 4422; x_wconf 84' lang='lat' dir='ltr'><strong>pervestigaus</strong></span> <span class='ocrx_word' id='word_1_695' title='bbox 2549 4366 2718 4420; x_wconf 87' lang='lat' dir='ltr'><strong>usque</strong></span> <span class='ocrx_word' id='word_1_696' title='bbox 2757 4351 2823 4404; x_wconf 92' lang='lat' dir='ltr'><strong>ad</strong></span> <span class='ocrx_word' id='word_1_697' title='bbox 2863 4351 3182 4406; x_wconf 89' lang='lat' dir='ltr'><strong>divisionem</strong></span> <span class='ocrx_word' id='word_1_698' title='bbox 3205 4352 3420 4408; x_wconf 87' lang='lat' dir='ltr'><strong>animae</strong></span> <span class='ocrx_word' id='word_1_699' title='bbox 3454 4363 3511 4409; x_wconf 90' lang='lat' dir='ltr'><strong>et</strong></span> <span class='ocrx_word' id='word_1_700' title='bbox 3541 4371 3728 4425; x_wconf 79' lang='lat' dir='ltr'><strong>oorpo-</strong></span> 
     </span>
    </p>
   </div>
   <div class='ocr_carea' id='block_1_100' title="bbox 2155 4439 3723 4511">
    <p class='ocr_par' dir='ltr' id='par_1_100' title="bbox 2155 4439 3723 4511">
     <span class='ocr_line' id='line_1_100' title="bbox 2155 4439 3723 4511; baseline 0.003 -18"><span class='ocrx_word' id='word_1_701' title='bbox 2155 4442 2250 4506; x_wconf 89' lang='lat' dir='ltr'><strong>ris,</strong></span> <span class='ocrx_word' id='word_1_702' title='bbox 2273 4441 2756 4511; x_wconf 89' lang='lat' dir='ltr'><strong>compaginumque</strong></span> <span class='ocrx_word' id='word_1_703' title='bbox 2771 4448 2827 4494; x_wconf 94' lang='lat' dir='ltr'><strong>et</strong></span> <span class='ocrx_word' id='word_1_704' title='bbox 2849 4439 3202 4495; x_wconf 85' lang='lat' dir='ltr'><strong>medullarum</strong></span> <span class='ocrx_word' id='word_1_705' title='bbox 3218 4450 3274 4495; x_wconf 90' lang='lat' dir='ltr'><strong>et</strong></span> <span class='ocrx_word' id='word_1_706' title='bbox 3296 4445 3580 4498; x_wconf 83' lang='lat' dir='ltr'><strong>nationum</strong></span> <span class='ocrx_word' id='word_1_707' title='bbox 3609 4460 3723 4498; x_wconf 82' lang='lat' dir='ltr'><strong>eor-</strong></span> 
     </span>
    </p>
   </div>
   <div class='ocr_carea' id='block_1_101' title="bbox 2153 4529 3721 4599">
    <p class='ocr_par' dir='ltr' id='par_1_101' title="bbox 2153 4529 3721 4599">
     <span class='ocr_line' id='line_1_101' title="bbox 2153 4529 3721 4599; baseline 0.003 -14"><span class='ocrx_word' id='word_1_708' title='bbox 2153 4530 2256 4594; x_wconf 91' lang='lat' dir='ltr'><strong>dis,</strong></span> <span class='ocrx_word' id='word_1_709' title='bbox 2289 4531 2459 4599; x_wconf 88' lang='lat' dir='ltr'><strong>magis</strong></span> <span class='ocrx_word' id='word_1_710' title='bbox 2485 4538 2663 4584; x_wconf 88' lang='lat' dir='ltr'><strong>autem</strong></span> <span class='ocrx_word' id='word_1_711' title='bbox 2688 4529 3035 4584; x_wconf 81' lang='lat' dir='ltr'><strong>existentium</strong></span> <span class='ocrx_word' id='word_1_712' title='bbox 3053 4531 3318 4586; x_wconf 88' lang='lat' dir='ltr'><strong>omnium.</strong></span> <span class='ocrx_word' id='word_1_713' title='bbox 3347 4531 3470 4586; x_wconf 78' lang='lat' dir='ltr'><strong>Non</strong></span> <span class='ocrx_word' id='word_1_714' title='bbox 3493 4536 3630 4588; x_wconf 75' lang='lat' dir='ltr'><strong>enim</strong></span> <span class='ocrx_word' id='word_1_715' title='bbox 3652 4544 3721 4588; x_wconf 74' lang='lat' dir='ltr'><strong>est</strong></span> 
     </span>
    </p>
   </div>
   <div class='ocr_carea' id='block_1_102' title="bbox 2151 4621 3720 4690">
    <p class='ocr_par' dir='ltr' id='par_1_102' title="bbox 2151 4621 3720 4690">
     <span class='ocr_line' id='line_1_102' title="bbox 2151 4621 3720 4690; baseline 0.002 -17"><span class='ocrx_word' id='word_1_716' title='bbox 2151 4629 2392 4673; x_wconf 79' lang='lat' dir='ltr'><strong>creatura</strong></span> <span class='ocrx_word' id='word_1_717' title='bbox 2429 4635 2532 4674; x_wconf 80' lang='lat' dir='ltr'><strong>non</strong></span> <span class='ocrx_word' id='word_1_718' title='bbox 2559 4635 2814 4690; x_wconf 77' lang='lat' dir='ltr'><strong>apparens</strong></span> <span class='ocrx_word' id='word_1_719' title='bbox 2853 4621 2910 4672; x_wconf 84' lang='lat' dir='ltr'><strong>in</strong></span> <span class='ocrx_word' id='word_1_720' title='bbox 2939 4631 3212 4689; x_wconf 76' lang='lat' dir='ltr'><strong>conspectu</strong></span> <span class='ocrx_word' id='word_1_721' title='bbox 3245 4621 3363 4690; x_wconf 80' lang='lat' dir='ltr'><strong>ejus</strong></span> <span class='ocrx_word' id='word_1_722' title='bbox 3406 4622 3456 4676; x_wconf 69' lang='grc' dir='ltr'><strong>δ.</strong></span> <span class='ocrx_word' id='word_1_723' title='bbox 3496 4624 3720 4678; x_wconf 75' lang='lat' dir='ltr'><strong>Parvum</strong></span> 
     </span>
    </p>
   </div>
   <div class='ocr_carea' id='block_1_103' title="bbox 2155 4711 3718 4782">
    <p class='ocr_par' dir='ltr' id='par_1_103' title="bbox 2155 4711 3718 4782">
     <span class='ocr_line' id='line_1_103' title="bbox 2155 4711 3718 4782; baseline 0.003 -18"><span class='ocrx_word' id='word_1_724' title='bbox 2155 4719 2360 4764; x_wconf 86' lang='lat' dir='ltr'><strong>tantum</strong></span> <span class='ocrx_word' id='word_1_725' title='bbox 2386 4719 2562 4775; x_wconf 90' lang='lat' dir='ltr'><strong>est,et</strong></span> <span class='ocrx_word' id='word_1_726' title='bbox 2582 4721 2846 4781; x_wconf 90' lang='lat' dir='ltr'><strong>quantum</strong></span> <span class='ocrx_word' id='word_1_727' title='bbox 2876 4711 3442 4782; x_wconf 85' lang='lat' dir='ltr'><strong>incomprehensibile,</strong></span> <span class='ocrx_word' id='word_1_728' title='bbox 3477 4717 3718 4774; x_wconf 79' lang='lat' dir='ltr'><strong>multum.</strong></span> 
     </span>
    </p>
   </div>
   <div class='ocr_carea' id='block_1_104' title="bbox 2151 4801 3719 4874">
    <p class='ocr_par' dir='ltr' id='par_1_104' title="bbox 2151 4801 3719 4874">
     <span class='ocr_line' id='line_1_104' title="bbox 2151 4801 3719 4874; baseline 0.001 -18"><span class='ocrx_word' id='word_1_729' title='bbox 2151 4801 2442 4867; x_wconf 80' lang='lat' dir='ltr'><strong>inﬁnitum,</strong></span> <span class='ocrx_word' id='word_1_730' title='bbox 2480 4802 2940 4872; x_wconf 87' lang='lat' dir='ltr'><strong>comprehendens</strong></span> <span class='ocrx_word' id='word_1_731' title='bbox 2965 4804 3144 4857; x_wconf 89' lang='lat' dir='ltr'><strong>omnia</strong></span> <span class='ocrx_word' id='word_1_732' title='bbox 3172 4823 3185 4857; x_wconf 88' lang='lat'><strong>:</strong></span> <span class='ocrx_word' id='word_1_733' title='bbox 3218 4805 3397 4874; x_wconf 91' lang='lat' dir='ltr'><strong>ipsum</strong></span> <span class='ocrx_word' id='word_1_734' title='bbox 3431 4817 3614 4862; x_wconf 88' lang='lat' dir='ltr'><strong>autem</strong></span> <span class='ocrx_word' id='word_1_735' title='bbox 3645 4809 3719 4861; x_wconf 88' lang='lat' dir='ltr'><strong>in-</strong></span> 
     </span>
    </p>
   </div>
   <div class='ocr_carea' id='block_1_105' title="bbox 2151 4893 3719 4964">
    <p class='ocr_par' dir='ltr' id='par_1_105' title="bbox 2151 4893 3719 4964">
     <span class='ocr_line' id='line_1_105' title="bbox 2151 4893 3719 4964; baseline -0.001 -14"><span class='ocrx_word' id='word_1_736' title='bbox 2151 4893 2658 4963; x_wconf 81' lang='lat' dir='ltr'><strong>comprehensibile.</strong></span> <span class='ocrx_word' id='word_1_737' title='bbox 2703 4893 2947 4963; x_wconf 76' lang='lat' dir='ltr'><strong>ldipsum</strong></span> <span class='ocrx_word' id='word_1_738' title='bbox 3004 4909 3132 4949; x_wconf 81' lang='lat' dir='ltr'><strong>vero</strong></span> <span class='ocrx_word' id='word_1_739' title='bbox 3196 4898 3719 4964; x_wconf 68' lang='lat' dir='ltr'><strong>superesse-idaliter</strong></span> 
     </span>
    </p>
   </div>
   <div class='ocr_carea' id='block_1_106' title="bbox 2153 4973 3720 5058">
    <p class='ocr_par' dir='ltr' id='par_1_106' title="bbox 2153 4973 3720 5058">
     <span class='ocr_line' id='line_1_106' title="bbox 2153 4973 3720 5058; baseline 0 -18"><span class='ocrx_word' id='word_1_740' title='bbox 2153 4973 2452 5049; x_wconf 82' lang='lat' dir='ltr'><strong>aeternum,</strong></span> <span class='ocrx_word' id='word_1_741' title='bbox 2480 4985 2913 5046; x_wconf 74' lang='lat' dir='ltr'><strong>ineonversibile,</strong></span> <span class='ocrx_word' id='word_1_742' title='bbox 2941 4985 2994 5039; x_wconf 92' lang='lat' dir='ltr'><strong>in</strong></span> <span class='ocrx_word' id='word_1_743' title='bbox 3040 4987 3219 5055; x_wconf 86' lang='lat' dir='ltr'><strong>seipse</strong></span> <span class='ocrx_word' id='word_1_744' title='bbox 3260 5003 3489 5042; x_wconf 88' lang='lat' dir='ltr'><strong>manens</strong></span> <span class='ocrx_word' id='word_1_745' title='bbox 3514 5004 3720 5058; x_wconf 82' lang='lat' dir='ltr'><strong>semper</strong></span> 
     </span>
    </p>
   </div>
   <div class='ocr_carea' id='block_1_107' title="bbox 2153 5060 3718 5138">
    <p class='ocr_par' dir='ltr' id='par_1_107' title="bbox 2153 5060 3718 5138">
     <span class='ocr_line' id='line_1_107' title="bbox 2153 5060 3718 5138; baseline -0.001 -8"><span class='ocrx_word' id='word_1_746' title='bbox 2153 5075 2446 5130; x_wconf 90' lang='lat' dir='ltr'><strong>secundum</strong></span> <span class='ocrx_word' id='word_1_747' title='bbox 2471 5073 2659 5128; x_wconf 90' lang='lat' dir='ltr'><strong>eadem</strong></span> <span class='ocrx_word' id='word_1_748' title='bbox 2684 5081 2740 5129; x_wconf 91' lang='lat' dir='ltr'><strong>et</strong></span> <span class='ocrx_word' id='word_1_749' title='bbox 2765 5060 3016 5128; x_wconf 83' lang='lat' dir='ltr'><strong>similiter</strong></span> <span class='ocrx_word' id='word_1_750' title='bbox 3044 5075 3272 5138; x_wconf 85' lang='lat' dir='ltr'><strong>habens,</strong></span> <span class='ocrx_word' id='word_1_751' title='bbox 3292 5077 3548 5132; x_wconf 88' lang='lat' dir='ltr'><strong>omnibus</strong></span> <span class='ocrx_word' id='word_1_752' title='bbox 3571 5078 3718 5130; x_wconf 83' lang='lat' dir='ltr'><strong>simi-</strong></span> 
     </span>
    </p>
   </div>
   <div class='ocr_carea' id='block_1_108' title="bbox 2155 5167 3720 5240">
    <p class='ocr_par' dir='ltr' id='par_1_108' title="bbox 2155 5167 3720 5240">
     <span class='ocr_line' id='line_1_108' title="bbox 2155 5167 3720 5240; baseline 0.002 -18"><span class='ocrx_word' id='word_1_753' title='bbox 2155 5169 2280 5224; x_wconf 89' lang='lat' dir='ltr'><strong>liter</strong></span> <span class='ocrx_word' id='word_1_754' title='bbox 2326 5183 2604 5239; x_wconf 86' lang='lat' dir='ltr'><strong>praesens,</strong></span> <span class='ocrx_word' id='word_1_755' title='bbox 2636 5177 2694 5222; x_wconf 89' lang='lat' dir='ltr'><strong>et</strong></span> <span class='ocrx_word' id='word_1_756' title='bbox 2726 5167 2973 5238; x_wconf 79' lang='lat' dir='ltr'><strong>idipsum</strong></span> <span class='ocrx_word' id='word_1_757' title='bbox 3010 5185 3108 5239; x_wconf 89' lang='lat' dir='ltr'><strong>per</strong></span> <span class='ocrx_word' id='word_1_758' title='bbox 3159 5170 3396 5239; x_wconf 90' lang='lat' dir='ltr'><strong>seipsum</strong></span> <span class='ocrx_word' id='word_1_759' title='bbox 3444 5187 3475 5224; x_wconf 88' lang='lat' dir='ltr'><strong>a</strong></span> <span class='ocrx_word' id='word_1_760' title='bbox 3525 5173 3720 5240; x_wconf 76' lang='lat' dir='ltr'><strong>seipse,</strong></span> 
     </span>
    </p>
   </div>
   <div class='ocr_carea' id='block_1_109' title="bbox 2155 5257 3720 5322">
    <p class='ocr_par' dir='ltr' id='par_1_109' title="bbox 2155 5257 3720 5322">
     <span class='ocr_line' id='line_1_109' title="bbox 2155 5257 3720 5322; baseline 0.002 -11"><span class='ocrx_word' id='word_1_761' title='bbox 2155 5259 2381 5312; x_wconf 79' lang='lat' dir='ltr'><strong>firmiter</strong></span> <span class='ocrx_word' id='word_1_762' title='bbox 2401 5268 2456 5312; x_wconf 92' lang='lat' dir='ltr'><strong>et</strong></span> <span class='ocrx_word' id='word_1_763' title='bbox 2492 5257 2912 5314; x_wconf 85' lang='lat' dir='ltr'><strong>inoontaminate</strong></span> <span class='ocrx_word' id='word_1_764' title='bbox 2955 5258 3008 5312; x_wconf 87' lang='lat' dir='ltr'><strong>in</strong></span> <span class='ocrx_word' id='word_1_765' title='bbox 3039 5257 3448 5316; x_wconf 85' lang='lat' dir='ltr'><strong>formosissimis</strong></span> <span class='ocrx_word' id='word_1_766' title='bbox 3478 5263 3720 5322; x_wconf 72' lang='lat' dir='ltr'><strong>summis.</strong></span> 
     </span>
    </p>
   </div>
   <div class='ocr_carea' id='block_1_110' title="bbox 1872 5370 2562 5431">
    <p class='ocr_par' dir='ltr' id='par_1_110' title="bbox 1872 5370 2562 5431">
     <span class='ocr_line' id='line_1_110' title="bbox 1872 5370 2562 5431; baseline -0.001 -5"><span class='ocrx_word' id='word_1_767' title='bbox 1872 5371 2129 5431; x_wconf 75' lang='lat' dir='ltr'><strong>VARIAE</strong></span> <span class='ocrx_word' id='word_1_768' title='bbox 2149 5370 2562 5431; x_wconf 58' lang='lat' dir='ltr'><strong>LECTIONES.</strong></span> 
     </span>
    </p>
   </div>
   <div class='ocr_carea' id='block_1_111' title="bbox 548 5455 3722 5530">
    <p class='ocr_par' dir='ltr' id='par_1_111' title="bbox 548 5455 3722 5530">
     <span class='ocr_line' id='line_1_111' title="bbox 548 5455 3722 5530; baseline -0.001 -14"><span class='ocrx_word' id='word_1_769' title='bbox 548 5465 564 5494; x_wconf 86' lang='grc'>¹</span> <span class='ocrx_word' id='word_1_770' title='bbox 601 5461 692 5516; x_wconf 80' lang='grc' dir='ltr'><strong>ΔΕ</strong></span> <span class='ocrx_word' id='word_1_771' title='bbox 721 5470 1040 5514; x_wconf 77' lang='lat' dir='ltr'><strong>vocarentur.</strong></span> <span class='ocrx_word' id='word_1_772' title='bbox 1117 5461 1136 5489; x_wconf 80' lang='grc'>²</span> <span class='ocrx_word' id='word_1_773' title='bbox 1174 5455 1263 5509; x_wconf 77' lang='grc' dir='ltr'><strong>γει</strong></span> <span class='ocrx_word' id='word_1_774' title='bbox 1294 5473 1477 5510; x_wconf 72' lang='grc' dir='ltr'><strong>ηοηι-</strong></span> <span class='ocrx_word' id='word_1_775' title='bbox 1512 5461 1924 5530; x_wconf 73' lang='lat' dir='ltr'><strong>appropinquant</strong></span> <span class='ocrx_word' id='word_1_776' title='bbox 1957 5479 2066 5518; x_wconf 93' lang='lat' dir='ltr'><strong>om.</strong></span> <span class='ocrx_word' id='word_1_777' title='bbox 2095 5464 2248 5520; x_wconf 84' lang='lat' dir='ltr'><strong>codd.</strong></span> <span class='ocrx_word' id='word_1_778' title='bbox 2325 5463 2346 5493; x_wconf 85' lang='grc'><em>³</em></span> <span class='ocrx_word' id='word_1_779' title='bbox 2371 5463 2460 5516; x_wconf 70' lang='grc' dir='ltr'><strong>ΑΕ</strong></span> <span class='ocrx_word' id='word_1_780' title='bbox 2491 5463 2679 5517; x_wconf 74' lang='lat' dir='ltr'><strong>divinis</strong></span> <span class='ocrx_word' id='word_1_781' title='bbox 2708 5461 3055 5518; x_wconf 79' lang='lat' dir='ltr'><strong>nominativis.</strong></span> <span class='ocrx_word' id='word_1_782' title='bbox 3131 5461 3154 5494; x_wconf 74' lang='grc'><strong>⁸</strong></span> <span class='ocrx_word' id='word_1_783' title='bbox 3180 5461 3273 5517; x_wconf 80' lang='lat' dir='ltr'><strong>All</strong></span> <span class='ocrx_word' id='word_1_784' title='bbox 3302 5464 3509 5518; x_wconf 83' lang='lat' dir='ltr'><strong>similis.</strong></span> <span class='ocrx_word' id='word_1_785' title='bbox 3589 5464 3613 5494; x_wconf 83' lang='grc'>⁸</span> <span class='ocrx_word' id='word_1_786' title='bbox 3641 5460 3722 5515; x_wconf 78' lang='lat' dir='ltr'><strong>Bll</strong></span> 
     </span>
    </p>
   </div>
   <div class='ocr_carea' id='block_1_112' title="bbox 461 5534 751 5586">
    <p class='ocr_par' dir='ltr' id='par_1_112' title="bbox 461 5534 751 5586">
     <span class='ocr_line' id='line_1_112' title="bbox 461 5534 751 5586; baseline -0.014 0"><span class='ocrx_word' id='word_1_787' title='bbox 461 5534 751 5586; x_wconf 59' lang='lat' dir='ltr'><strong>animum.</strong></span> 
     </span>
    </p>
   </div>
   <div class='ocr_carea' id='block_1_113' title="bbox 1986 5625 2232 5680">
    <p class='ocr_par' dir='ltr' id='par_1_113' title="bbox 1986 5625 2232 5680">
     <span class='ocr_line' id='line_1_113' title="bbox 1986 5625 2232 5680; baseline -0.008 -2"><span class='ocrx_word' id='word_1_788' title='bbox 1986 5625 2232 5680; x_wconf 78' lang='lat' dir='ltr'><strong>NOTAE.</strong></span> 
     </span>
    </p>
   </div>
   <div class='ocr_carea' id='block_1_114' title="bbox 533 5711 1284 5781">
    <p class='ocr_par' dir='ltr' id='par_1_114' title="bbox 533 5711 1284 5781">
     <span class='ocr_line' id='line_1_114' title="bbox 533 5711 1284 5781; baseline -0.003 -15"><span class='ocrx_word' id='word_1_789' title='bbox 533 5714 672 5766; x_wconf 62' lang='grc' dir='ltr'><strong>ιω.</strong></span> <span class='ocrx_word' id='word_1_790' title='bbox 703 5715 832 5781; x_wconf 75' lang='lat' dir='ltr'><strong>Reg.</strong></span> <span class='ocrx_word' id='word_1_791' title='bbox 871 5712 1007 5766; x_wconf 66' lang='lat' dir='ltr'><strong>th.</strong></span> <span class='ocrx_word' id='word_1_792' title='bbox 1045 5712 1178 5765; x_wconf 76' lang='lat' dir='ltr'><strong>l’sal.</strong></span> <span class='ocrx_word' id='word_1_793' title='bbox 1206 5711 1284 5764; x_wconf 71' lang='grc' dir='ltr'><strong>(τι.</strong></span> 
     </span>
    </p>
   </div>
   <div class='ocr_carea' id='block_1_115' title="bbox 2238 5715 2575 5787">
    <p class='ocr_par' dir='ltr' id='par_1_115' title="bbox 2238 5715 2575 5787">
     <span class='ocr_line' id='line_1_115' title="bbox 2238 5715 2575 5787; baseline -0.003 -17"><span class='ocrx_word' id='word_1_794' title='bbox 2238 5715 2454 5787; x_wconf 40' lang='lat' dir='ltr'><strong>{Helm</strong></span> <span class='ocrx_word' id='word_1_795' title='bbox 2491 5715 2575 5769; x_wconf 66' lang='lat' dir='ltr'><strong>IV.</strong></span> 
     </span>
    </p>
   </div>
  </div>
