3940 6168
314 253 446 320 illi}

951 263 1196 331 VERSIO
1233 269 1516 332 OPERUM
1560 277 1615 332 S.
1659 271 1972 333 DlONYSll.
2001 306 2071 319 --
2103 274 2190 334 DE
2229 280 2473 338 DlVlNlS
2511 285 2896 343 NOMINlBUS.

3413 272 3583 343 iter.

310 356 1280 428 magnaimmutabilitate,et‘naturali
1294 366 1608 421 collocatum
1623 367 1876 423 societate
1903 369 1951 426 Α
1980 365 2082 421 lem
2117 385 2130 420 :
2165 369 2336 436 ipsum
2364 370 2385 400 ⁸
2417 387 2542 428 vero
2566 373 2966 429 similitudinem
2996 373 3318 427 venatricem
3347 375 3568 428 donare»

312 445 800 516 intransmutabile,
843 452 1134 518 iucasuale,
1159 455 1467 519 inﬂexibile,
1503 457 1873 524 inalienatum,

307 549 502 602 purum
521 577 536 598 ,
567 536 918 596 immateriale
939 541 979 608 ⁸,
997 543 1474 614 simplicissimum,
1491 563 1596 602 non
1611 549 1878 618 indigens,

308 644 414 683 non
443 645 719 699 crescens,
744 649 848 689 non
880 636 1220 704 diminutum,
1255 657 1360 698 non
1383 644 1761 714 genitum,non
1777 647 1886 712 sic,

309 735 413 775 non
457 725 728 791 quomodo
768 735 862 782 aut
910 728 1110 786 factum
1149 741 1240 787 aut
1270 734 1665 806 imperfectum;
1693 743 1885 798 autab-

305 807 410 863 hoc
464 820 560 866 aut
613 813 714 869 hoc
763 807 871 870 non
919 817 1144 884 factum,
1210 822 1356 879 nullo
1403 826 1562 882 modo
1603 844 1877 898 nunquam

305 913 568 968 nusquam
612 901 686 969 ὃν,
728 907 822 960 sed
867 908 1008 964 sicut
1031 925 1191 968 omne
1230 913 1527 986 ingenitum
1553 927 1608 972 et
1636 919 1888 980 absolute

303 987 625 1058 ingenitum,
660 1003 714 1048 et
741 1010 954 1068 semper
989 995 1074 1066 ὅν,
1098 1010 1150 1056 et
1182 1003 1354 1072 ipsum
1377 1005 1676 1076 perfectum
1706 1009 1794 1077 ὅν,
1823 1019 1884 1068 et

301 1077 533 1146 idipsum
575 1077 631 1136 ὄν
669 1097 766 1150 per
791 1085 1050 1156 seipsum,
1083 1097 1140 1144 et
1175 1106 1206 1146 a
1229 1093 1408 1163 seipso
1446 1097 1787 1155 unilormiter
1823 1110 1886 1157 et

299 1165 714 1235 aequilormiter
737 1183 1109 1244 segregatum,
1131 1189 1187 1232 et
1216 1179 1446 1252 idipsum
1468 1200 1535 1240 ex
1557 1187 1736 1258 seipso
1764 1203 1880 1243 om-

300 1256 462 1311 nibus
493 1261 804 1330 participari
831 1271 1146 1336 opportunis
1194 1275 1602 1344 superillueens,
1709 1281 1882 1338 altera

299 1346 487 1404 alteris
499 1356 847 1420 componens,
861 1357 1406 1427 magnitudoetcausa
1419 1367 1678 1424 naturalis
1692 1368 1881 1426 immu-

298 1437 482 1493 tabilis
493 1440 768 1498 societatis
779 1443 833 1498 in
858 1446 1056 1516 seipso,
1071 1458 1128 1504 et
1140 1460 1327 1506 contra
1336 1454 1415 1508 ria
1429 1456 1678 1513 similiter
1689 1474 1880 1530 super-

295 1527 546 1584 eminens
567 1531 862 1586 secundum
889 1550 1048 1590 unam
1071 1540 1465 1612 etsingularem
1482 1547 1646 1602 totius
1660 1527 1882 1604 natura-

295 1615 366 1672 lis
380 1618 726 1676 immutabilis
740 1623 1020 1682 societatis
1035 1635 1520 1699 supereminentem
1536 1654 1775 1696 causam.
1790 1642 1896 1698 Αι-

1980 456 2046 510 ad
2081 472 2138 513 se
2165 463 2461 527 conversis,
2509 479 2573 518 ea
2613 464 2907 522 secundum
2951 464 3206 518 virtutem
3259 464 3548 519 medietate

1976 560 2182 614 eorum,
2217 562 2354 617 quae
2383 560 2509 606 sunt
2544 567 2944 623 super-[omnem
2977 564 3032 606 et
3068 553 3326 608 visionem
3361 561 3416 608 et
3463 569 3545 607 ra-

1978 634 2200 688 tionem.
2244 635 2310 691 Et
2354 652 2436 694 est
2487 641 2699 695 divinae
2727 640 3094 696 similitudinis
3139 641 3334 706 virtus,
3383 641 3544 695 advc-
3633 696 3642 708 ,

1977 722 2178 778 nientia
2211 728 2392 780 omnia
2436 730 2502 783 ad
2537 732 2754 786 causale
2798 741 3162 787 convertens.-
3197 731 3341 787 Haec
3386 732 3550 802 igitur

1977 811 2260 867 dicendum
2299 817 2499 872 similia
2546 819 2674 883 Deo,
2721 829 2774 874 et
2803 822 3096 876 secundum
3127 821 3362 877 divinam
3413 823 3549 878 ima-

1977 900 2154 970 ginem
2192 912 2246 957 et
2273 906 2700 964 similitudinem.
2735 909 2846 964 Non
2879 912 3022 966 enim
3046 911 3178 980 ipsis
3203 913 3371 967 Deum
3399 912 3552 968 simi-

1978 991 2102 1057 lem,
2133 995 2258 1063 quia
2295 1011 2472 1066 ueque
2491 996 2662 1056 homo
2687 1003 2958 1071 propriae.
2983 1003 3199 1073 imagini
3242 1002 3452 1058 similis.
3491 1001 3552 1059 In

1979 1097 2148 1153 aeque
2176 1087 2488 1154 potentibus
2511 1091 2654 1144 enim
2680 1092 2937 1160 possibile
2953 1108 3092 1158 esse,
3116 1103 3176 1149 et
3192 1093 3387 1148 similia
3414 1093 3551 1150 haec

1978 1173 2212 1230 inter'se
2230 1192 2370 1243 esse,
2413 1189 2468 1234 et
2507 1183 2746 1236 converti
2795 1183 2850 1236 in
2881 1184 3195 1240 alterutram
3243 1184 3552 1241 similitudi-

1979 1279 2098 1318 nem
2134 1265 2174 1330 ⁸,
2205 1276 2258 1319 et
2288 1281 2408 1322 esse
2437 1271 2597 1324 ambo
2625 1272 2725 1326 sibi
2755 1272 2982 1335 invicem
3008 1275 3228 1340 similia,
3255 1277 3563 1332 secundum-

1977 1357 2384 1423 praecedentem
2414 1360 2610 1416 similis
2651 1363 2884 1432 speciem
2923 1382 2936 1418 :
2965 1365 3018 1419 in
3056 1367 3259 1422 causali
3290 1376 3470 1423 autem
3495 1378 3570 1424 οι

1977 1446 2267 1502 causativis
2294 1463 2400 1504 non
2431 1451 2720 1522 recipimus
2741 1455 3239 1525 reciprocationem.
3262 1455 3378 1514 Non
3405 1458 3562 1514 enim.

1977 1534 2149 1590 solum
2197 1537 2282 1593 his
2331 1549 2424 1594 aut
2463 1542 2548 1597 his
2581 1543 2756 1599 simile
2800 1558 2921 1601 esse
2976 1546 3208 1602 donatur
3245 1565 3258 1600 :
3301 1549 3586 1604 omnibus-

1977 1633 2157 1680 autem
2186 1628 2592 1687 similitudinem
2616 1634 2638 1665 ⁸
2654 1634 3098 1705 participantibus
3115 1638 3344 1693 essendi.
3359 1637 3562 1694 simili~~

296 1715 475 1762 terum
491 1719 690 1776 autem,
706 1716 959 1783 quoniam
975 1721 1457 1795 omnibusprovide
1473 1729 1614 1787 Deus
1627 1733 1803 1800 adest,
1819 1703 1954 1792 eun
1975 1716 2074 1773 bus
2096 1717 2239 1774 Deus
2262 1734 2425 1776 causa
2455 1721 2535 1788 ίῖι,
2567 1733 2621 1778 ει
2647 1735 2730 1780 est
2758 1735 2813 1780 et
2845 1727 2958 1796 ipsa
2983 1743 3078 1799 per
3105 1730 3340 1800 seipsam
3367 1727 3560 1784 simili-

295 1799 817 1860 omniainomnibus
837 1813 1550 1877 pmptemmniumsalmem
1567 1799 1882 1892 sitquidém
1981 1805 2180 1862 tudinis
2217 1809 2575 1877 substitutrix,
2623 1825 2677 1869 et
2718 1815 2770 1870 in
2817 1818 3064 1874 omnibus
3111 1819 3284 1876 simile
3329 1819 3559 1892 vestigio

294 1885 371 1947 εν,
413 1903 480 1942 ex
515 1891 692 1960 seipso
725 1901 781 1948 et
825 1899 1044 1966 prOpria
1071 1903 1303 1956 naturali
1335 1885 1770 1968 ίιηωυιαδίιίιξλιε
1797 1914 1878 1968 in.
1977 1901 2210 1967 quodam
2240 1901 2454 1958 divinae
2479 1904 2848 1962 similitudinis
2873 1908 3050 1964 simile
3077 1919 3180 1976 est,
3212 1922 3267 1966 et
3293 1911 3553 1968 unitatem

293 1978 730 2036 conversibiliter
749 1997 845 2048 per
857 1988 1224 2054 operationem
1242 2007 1404 2048 unam
1425 2004 1480 2050 et
1503 1997 1873 2060 incessabilem

1976 2005 2163 2046 eorum
2207 1994 2457 2070 complet.
2511 1995 2576 2050 Et
2630 1997 2758 2066 quid
2813 2000 3137 2070 oportetde
3183 2003 3286 2057 hoc
3335 1998 3550 2059 dicere?

292 2077 471 2133 stans,
497 2078 552 2124 et
578 2071 813 2143 seipsum
839 2077 1121 2148 porrigens
1143 2080 1417 2139 inﬂexibili
1445 2088 1645 2146 virtute
1671 2093 1738 2148 ad
1759 2095 1878 2150 dei-
1977 2086 2094 2156 Ipsa
2113 2087 2257 2142 enim
2283 2067 2546 2162 theologia
2567 2091 2880 2147 dissimilem
2907 2110 3029 2150 eum
3051 2109 3171 2151 esse
3192 2096 3476 2166 praecipit.
3500 2105 3556 2152 et

295 2158 607 2217 ﬁcationem
657 2181 1078 2238 eonversorum,
1119 2181 1176 2230 et
1231 2176 1556 2237 alteritatem
1607 2187 1873 2244 variarum

1976 2178 2228 2234 omnibus
2263 2158 2690 2250 incomp'actum,
2741 2193 2799 2238 ut
2845 2185 2864 2214 '
2906 2185 3157 2241 omnibus
3190 2158 3423 2242 alterum
3456 2203 3471 2240 :
3501 2195 3558 2242 et

295 2252 396 2307 Dei
425 2268 521 2323 per
545 2257 900 2317 multiformes
923 2263 1159 2322 visiones
1187 2267 1500 2340 ﬁgurarum,
1523 2275 1692 2332 altera
1715 2293 1886 2348 qua-
1978 2271 2120 2338 quod
2154 2279 2237 2325 est
2260 2271 2583 2339 mirabilius,
2625 2275 2750 2345 quia
2781 2275 2914 2330 nihil
2955 2291 3076 2333 esse
3114 2277 3288 2332 simile
3317 2278 3366 2332 ei
3403 2278 3553 2334 dicit.

296 2344 427 2398 dam
465 2346 763 2405 visibilibus
797 2352 1080 2421 perlucens
1112 2357 1418 2427 signiﬁcare
1457 2344 1874 2424 aestimandum.
1978 2358 2046 2412 Ει
2077 2358 2294 2426 (illide
2335 2376 2441 2414 ηοη
2469 2371 2552 2416 εει
2578 2365 2852 2419 contraria
2885 2368 3022 2420 Tali"
3048 2366 3114 2420 ad
3161 2367 3334 2437 ipsum
3365 2369 3556 2422 δίωίίί-

297 2432 580 2498 Quomodo
625 2438 806 2504 enim,
850 2442 896 2496 si
952 2445 1187 2512 animam
1232 2447 1401 2517 ipsam
1447 2455 1708 2523 corporali
1752 2472 1884 2528 spe-
1982 2449 2172 2504 tudini.
2211 2448 2408 2504 Eadem
2451 2452 2593 2506 enim
2629 2461 2686 2508 et
2725 2454 2923 2509 similia
2949 2455 3080 2521 Deo,
3121 2466 3180 2512 et
3212 2457 3492 2512 dissimilia
3539 2479 3549 2510 :

296 2523 386 2578 cie
416 2525 553 2580 ratio
576 2525 867 2599 efﬁngeret,
915 2540 970 2587 et
999 2544 1178 2605 partes
1212 2542 1523 2609 corporales
1563 2523 1880 2617 impartibili
1978 2543 2106 2598 ίυυά
2154 2545 2372 2614 quidem
2403 2547 2696 2602 εθουηάυη)
2723 2558 2999 2619 εοεεμιειιι
3029 2550 3196 2619 ῖρείυε
3221 2550 3556 2606 ίῐιίωίιιιιίιίε

297 2612 826 2686 circumplasmaret,
865 2620 1025 2680 aliter
1066 2626 1486 2700 intelligeremus
1523 2635 1576 2690 in
1617 2612 1733 2708 ipsa
1770 2642 1876 2696 cir-
1979 2639 2370 2706 imitationem,
2423 2643 2526 2698 hoc
2562 2657 2696 2700 vero
2723 2644 3016 2701 secundum
3055 2646 3364 2702 distantiam
3420 2660 3554 2702 cau-

297 2707 632 2774 cumpositas
653 2719 834 2778 partes
858 2713 1446 2792 impartibilitati,quae
1467 2735 1550 2780 est
1577 2707 1874 2788 secundum
1979 2729 2270 2785 sativorum
2295 2745 2326 2784 a
2346 2732 2574 2798 causali,
2601 2742 2660 2789 et
2685 2735 2958 2790 mensuris
2985 2735 3169 2791 multis
3191 2745 3248 2791 et
3273 2737 3550 2806 incompa-

297 2795 539 2852 aoimam
561 2802 795 2870 proprie.
826 2803 891 2860 Ει
909 2817 1070 2876 caput
1089 2811 1304 2880 quidem
1333 2815 1592 2884 animum,
1611 2823 1878 2880 cervicem
1979 2819 2261 2876 rabilibus.
2293 2819 2580 2892 Reliquum
2624 2833 2827 2890 autem,
2855 2835 2910 2879 et
2937 2824 3008 2880 de
3046 2825 3230 2881 divino
3258 2834 3404 2882 statu
3427 2827 3555 2882 sive

297 2893 484 2940 autem
531 2890 887 2961 opinionem,.
917 2903 975 2950 ut
1005 2899 1180 2956 medio
1229 2903 1249 2932 ⁸
1299 2905 1524 2963 rationis
1558 2917 1614 2964 et
1654 2913 1874 2971 irratio-
1979 2909 2107 2964 sede
2132 2908 2392 2964 dicomus-
2432 2890 2588 2976 Ὀυίά
2636 2921 2816 2967 autem
2859 2912 3025 2978 aliud.
3071 2921 3306 2984 Ρτειθιθτ-
3332 2929 3556 2972 "iam"?

295 2976 562 3044 nalitatis,
617 2992 807 3051 pectus
839 3001 968 3042 vero
1007 2987 1268 3059 furorem,
1296 3005 1535 3054 ventrem
1563 3009 1647 3057 ast
1679 3019 1884 3064 concu-
1907 3052 1949 3072 η
1980 3001 2155 3071 ipsum
2187 3002 2239 3056 in
2265 3001 2441 3072 seipso
2470 3001 2660 3066 Deum,
2696 3013 2751 3059 θι
2777 3003 3034 3059 ίῐηωοιὶίίί
3074 3004 3327 3060 “amna
3356 3005 3550 3061 immu'

295 3066 658 3137 piscenliam,
708 3089 869 3132 crura
911 3091 1126 3149 Quoque
1159 3091 1215 3137 et
1252 3052 1418 3153 pedes
1444 3099 1692 3147 naturam
1732 3096 1878 3154 dice-
1905 3052 1954 3116 Ο
1982 3052 2243 3150 tabilitate
2316 3093 2574 3150 unimode
2629 3093 2797 3149 ﬁxum
2843 3110 2986 3162 esse,
3036 3095 3554 3166 etsupercollocari

295 3175 508 3226 remus,
545 3163 781 3231 partium
811 3169 1117 3229 nominibus
1144 3174 1402 3232 virtutum
1437 3182 1695 3252 symbolis
1721 3199 1876 3245 uten-

294 3251 462 3308 tibus.
508 3252 674 3311 Multo
717 3260 888 3330 magis
925 3261 980 3318 in
1009 3266 1250 3322 omnium
1296 3251 1518 3328 summa
1547 3276 1873 3337 alteritatem

293 3339 593 3400 formarum
616 3356 676 3401 et
698 3345 996 3417 ﬁgurarum
1024 3356 1199 3412 sacris
1221 3365 1277 3412 et
1319 3359 1518 3420 divinis
1544 3377 1600 3421 et
1627 3372 1874 3441 mysticis

291 3433 735 3503 replicationibus
769 3442 979 3500 solvere
1025 3457 1257 3517 oportet.
1300 3451 1369 3508 Et
1403 3433 1700 3514 consilium.
1730 3463 1872 3521 trina

291 3537 585 3602 corporum
615 3529 892 3586 schemata
924 3533 1126 3592 intacto
1155 3541 1210 3594 e't
1243 3556 1348 3598 non
1379 3542 1607 3615 ﬁgurato
1631 3548 1740 3606 Deo
1767 3553 1883 3608 cir—

292 3616 610 3688 cumligavit
653 3635 668 3674 :
715 3620 1054 3682 latitudinem
1093 3630 1309 3698 quidem
1360 3633 1595 3691 divinam
1645 3640 1874 3700 dicendo

290 3706 783 3776 superlatissiniam
831 3714 885 3768 in
917 3718 1096 3772 omnia
1128 3719 1222 3776 Dei
1271 3727 1701 3794 processionem,
1756 3732 1874 3788 lon-

289 3793 594 3865 gitudinem
617 3815 748 3856 vero
783 3814 1220 3875 superextentam
1258 3811 1312 3866 in
1363 3816 1543 3870 omnia
1569 3819 1824 3876 virtutem
1853 3841 1868 3876 :

287 3881 620 3953 profundum
673 3899 798 3957 ast,
852 3895 1103 3953 omnibus
1149 3901 1503 3960 existentibus
1565 3908 1872 3980 incompre-

291 3975 615 4034 bensihilem
677 3979 1066 4042 obscuritatem
1124 3999 1178 4044 et
1233 3990 1612 4058 ignorantiam.
1653 3975 1762 4054 Sed
1809 4010 1872 4055 ut

288 4066 430 4120 nihil
463 4068 626 4125 lateat
674 4075 919 4144 nosipsos
953 4094 1018 4133 ex
1048 4079 1339 4138 alterarum
1382 4084 1672 4156 ﬁgurarum
1703 4099 1758 4146 et
1788 4094 1868 4146 in-

289 4156 550 4216 formium
579 4165 950 4236 replicatione,
979 4184 1073 4225 eas
1094 4172 1311 4242 quidem
1341 4176 1706 4248 incorporales
1732 4183 1868 4237 divi-

287 4263 393 4303 nas
415 4253 809 4312 nominationes
837 4257 940 4324 his,
971 4275 1110 4330 quae
1133 4273 1258 4317 sunt
1283 4279 1378 4334 per
1414 4269 1656 4338 symbola
1694 4273 1868 4328 sensi-

1978 3184 2277 3240 secundum
2305 3186 2519 3252 eadem,
2545 3196 2598 3241 et
2624 3188 2770 3243 circa
2793 3188 3028 3258 idipsum
3051 3197 3108 3244 et
3137 3188 3386 3246 similiter
3416 3204 3544 3261 ope-

1977 3277 2109 3342 rari,
2155 3285 2208 3332 et
2243 3278 2538 3334 secundum
2589 3273 2998 3336 stabilissimum
3047 3281 3220 3351 ipsum
3273 3296 3339 3338 ex
3371 3281 3552 3353 seipso

1975 3367 2288 3423 omnimodo
2350 3367 2690 3434 subsistere,
2733 3377 2791 3425 et
2834 3370 3132 3426 secundum
3187 3370 3418 3440 idipsum
3462 3371 3548 3425 iii-

1976 3457 2462 3524 transmutabilem,
2507 3467 2564 3514 et
2609 3459 3000 3515 universaliter.
3037 3460 3444 3526 immutabilem,
3501 3469 3559 3515 rt

1973 3546 2111 3601 haec
2165 3545 2710 3618 superessentialiter.
2750 3547 2960 3604 Etenim
3016 3548 3130 3620 ipse
3177 3556 3287 3604 est—s
3305 3549 3548 3606 omnium

1974 3636 2226 3692 stationis
2264 3647 2321 3694 et
2361 3637 2756 3696 aediﬁcationis
2793 3640 3064 3706 causalis,
3120 3641 3226 3711 qui.
3255 3648 3340 3698 est
3384 3656 3549 3712 super

1972 3739 2186 3780 omnem
2235 3727 2667 3784 aediﬁcationem
2707 3738 2764 3784 et
2815 3730 3148 3797 stationem,
3197 3739 3252 3786 et
3286 3731 3340 3790 in
3374 3733 3552 3804 seipso

1971 3815 2464 3890 omniaconstituit
2511 3837 2586 3876 ex.
2633 3823 2996 3891 propriorum.
3024 3823 3289 3880 bonorum
3315 3822 3550 3878 statione

1972 3905 2264 3960 immobilia
2296 3917 2352 3963 et
2383 3910 2672 3965 custodita.
2699 3908 2838 3976 Quid
2875 3919 3055 3965 autem
3095 3919 3154 3965 et
3188 3925 3310 3966 eum
3349 3911 3546 3966 iterum

1971 3996 2204 4068 theologi
2237 4008 2294 4053 et
2331 3999 2384 4053 in
2418 4000 2599 4055 omnia
2639 4003 3042 4072 provenientem
3063 4042 3082 4066 ,
3133 4010 3189 4058 et
3230 4001 3551 4056 mutabilem

1971 4086 2156 4142 dicunt
2182 4087 2614 4143 immutabilem?
2639 4088 2832 4145 Nonne
2870 4089 3130 4146 divinitus
3157 4099 3214 4146 et
3255 4089 3358 4145 hoc
3387 4090 3545 4145 intel-

1971 4176 2284 4248 ligendum?
2336 4177 2536 4234 Moveri
2591 4181 2738 4236 enim
2785 4182 2960 4252 ipsum
3010 4182 3099 4252 pie
3146 4181 3540 4245 arbitrantium,

1971 4285 2074 4324 non
2106 4271 2408 4328 secundum
2422 4271 2766 4340 delationem,
2799 4281 2891 4328 aut
2911 4272 3312 4338 alienationem,
3342 4281 3436 4328 aut
3461 4274 3539 4327 al-

285 4338 421 4394 bilia
446 4382 461 4405 ,
509 4348 922 4406 commiscentes
949 4368 962 4405 :
987 4363 1270 4424 propterea
1316 4357 1382 4412 de
1433 4359 1519 4414 liis
1549 4362 1763 4430 quidem
1813 4366 1865 4424 in
1895 4393 1947 4453 ι)
1976 4362 2355 4428 ternationem,
2383 4371 2473 4417 aut
2495 4365 2926 4453 conversionem,
2952 4362 3286 4420 autlocalem
3313 4373 3540 4426 motum.

290 4431 579 4453 -_._-.-.,-_
743 4438 756 4453 .
831 4440 843 4452 .
933 4441 974 4453 -.
1278 4447 1292 4453 _
1427 4448 1458 4453 __
1503 4450 1514 4453 _

287 4431 586 4500 symbolica
616 4435 898 4510 theologia.
932 4441 1085 4498 Nunc
1114 4460 1242 4500 vero
1277 4447 1380 4502 hoc
1409 4448 1644 4506 divinam
1682 4453 1864 4511 alteri.

288 4527 483 4586 tatem,
513 4539 617 4578 non
647 4525 1024 4586 alienationem
1069 4535 1338 4603 quandam
1368 4539 1867 4608 superinconversi-

285 4609 418 4665 bilis
461 4613 920 4690 immutabilisque
965 4627 1230 4681 naturalis
1293 4624 1570 4688 societatis
1615 4637 1862 4705 suspica-

286 4699 494 4768 bimur,
524 4707 616 4762 sed
650 4709 924 4780 singulare
955 4713 1124 4782 ipsius
1152 4717 1429 4787 multiplex
1469 4730 1522 4776 et
1569 4722 1866 4780 uniformes

285 4791 346 4846 in
374 4795 552 4850 omnia
586 4799 785 4855 multae
811 4801 1158 4860 fecunditatis
1178 4809 1570 4876 processiones.
1617 4813 1860 4870 Similem

286 4893 472 4940 autem
513 4888 1028 4965 Deum,‘siquidem
1076 4913 1242 4952 unum
1291 4909 1348 4955 et
1391 4901 1623 4972 idipsum
1665 4905 1862 4962 dixerit

285 4976 432 5044 quis,
461 4978 601 5036 sicut
627 4991 797 5038 totum
818 5001 918 5060 per
948 4995 1126 5042 totum
1149 4989 1204 5044 in
1228 4991 1408 5062 seipso
1428 4993 1779 5064 singulariter
1808 5010 1861 5053 et

283 5060 562 5134 impartite
626 5075 946 5131 existentem
1013 5079 1284 5145 similem,
1313 5060 1443 5138 inon
1503 5060 1862 5153 spernendum

288 5158 452 5214 nobis
499 5163 694 5220 similis
727 5167 968 5222 divinum
1002 5171 1342 5227 vocabulum.
1387 5172 1638 5245 Theologi
1683 5188 1863 5232 autem

283 5261 447 5319 super
464 5256 641 5310 omnia
669 5259 858 5324 Deum,
879 5269 970 5314 aut
993 5261 1165 5330 ipsum
1194 5262 1214 5294 ³
1238 5263 1367 5318 nulli
1392 5266 1543 5320 aiunt
1563 5281 1683 5322 esse
1705 5270 1856 5322 simi-

1972 4465 2078 4504 non
2108 4459 2334 4518 rectum,
2362 4467 2470 4506 non
2500 4453 2842 4509 circulariter
2874 4452 3157 4518 ferentem,
3195 4468 3304 4510 non
3331 4468 3401 4510 ex
3427 4470 3542 4509 am-

1970 4539 2161 4602 bobus,
2184 4554 2289 4595 non
2321 4539 2728 4611 intelligibilem,
2761 4557 2870 4597 non
2907 4541 3220 4608 animalem,
3251 4558 3357 4600 non
3388 4553 3547 4598 natu-

1973 4629 2166 4695 ralem,
2195 4632 2290 4686 sed
2313 4632 2367 4686 in
2403 4633 2692 4688 essentiam
2727 4633 2928 4690 dueere
2956 4634 3146 4699 Deum,
3183 4643 3240 4689 et
3265 4636 3543 4694 continere

1967 4721 2172 4784 omnia,
2222 4727 2278 4773 et
2321 4721 2701 4776 universaliter
2745 4723 2997 4779 omnibus
3034 4724 3336 4793 providere,
3365 4733 3422 4780 et
3450 4729 3544 4781 ad-
3629 4723 3633 4726 ’

1965 4825 2088 4865 esse
2139 4810 2392 4866 omnibus
2446 4811 2469 4842 '
2531 4813 2772 4867 omnium
2827 4815 3254 4870 imuiensurabili
3311 4816 3541 4872 cireum-

1968 4899 2182 4962 stanlia,
2211 4908 2266 4954 et
2288 4899 2340 4953 in
2373 4899 2660 4954 existentia
2686 4902 2867 4955 omnia
2909 4903 3148 4971 providis
3171 4903 3539 4972 processioni-

1964 4994 2065 5048 bus
2089 5002 2144 5048 et
2171 4994 2592 5064 operationibus.
2631 4993 2737 5051 Sed
2765 5006 2820 5051 et
2863 5005 3042 5054 motus
3082 4996 3103 5030 ⁹
3155 4999 3248 5054 Dei
3285 4999 3540 5053 immuta-

1965 5086 2090 5142 bilis
2117 5085 2160 5119 '°
2185 5086 2444 5140 divinitus
2488 5089 2698 5142 ratione
2753 5090 3155 5146 concedendum
3195 5089 3438 5144 laudare.
3476 5087 3542 5141 Et

1965 5185 2146 5231 rectus
2170 5177 2396 5244 quidem.
2426 5176 2733 5232 inﬂexibilis
2759 5179 3162 5250 intelligendus,
3191 5188 3247 5234 et
3273 5179 3540 5232 irrevoca-

1963 5269 2086 5323 bilis
2143 5268 2419 5337 processio
2462 5269 2860 5340 operationum,
2912 5283 2966 5326 et
3019 5286 3086 5326 ex
3135 5269 3250 5340 ipso
3301 5268 3542 5324 omnium

1564 5379 1812 5435 VARIAE
1849 5377 2242 5436 LECTIONES.

359 5475 375 5506 ί
407 5477 691 5547 inﬂexibile
716 5511 786 5523 —
817 5483 1159 5540 immateriale
1185 5500 1292 5541 om.
1316 5485 1424 5542 Bll.

284 5541 532 5611 litudiiie;
567 5549 607 5603 E
643 5551 693 5604 in
725 5551 977 5606 alterutra
1010 5555 1365 5613 similitudine.

282 5626 496 5670 malum.
575 5619 617 5649 ¹⁶
647 5620 733 5675 BH
763 5624 1086 5682 immutabili.

1527 5490 1547 5520 ⁸
1584 5489 1673 5543 ΑΕ
1701 5491 1837 5559 utin
1867 5487 2061 5545 medio.
2133 5485 2286 5559 3A8
2313 5489 2441 5559 ipse.
2519 5489 2540 5522 ⁸
2576 5489 2667 5546 Eli
2683 5491 2867 5556 ipsam.

1452 5557 1473 5590 ⁸
1506 5559 1596 5616 ΑΕ
1626 5558 1983 5615 similitudine.

2955 5489 2980 5522 ⁸
3014 5490 3057 5546 Α
3097 5491 3148 5546 in
3173 5489 3364 5545 altiora
3393 5494 3542 5547 simi-

2071 5559 2090 5590 ⁷
2130 5557 2172 5612 Ε
2211 5567 2276 5612 et.
2334 5557 2388 5595 ’⁸
2418 5561 2687 5631 providere
2709 5590 2777 5603 -—-
2801 5560 3036 5616 omnibus
3063 5576 3170 5617 om.
3205 5560 3310 5616 ΒΗ.
3388 5563 3410 5594 ⁸
3447 5563 3542 5622 Bll
