3978 6160
414 263 553 317 ιιδδ

1752 279 2032 337 IOANNIS
2068 280 2263 338 SCOTI

3509 286 3647 344 ﬂ“

410 377 681 472 generatio
704 394 717 431 :
739 380 1026 472 elicoeides
1053 399 1196 469 vero,
1231 388 1281 440 id
1307 398 1389 444 est
1417 392 1682 463 obliquus,
1715 394 1984 452 stateraiis
2012 398 2056 457 Α
2089 398 2206 451 nire
2253 398 2517 454 docente:
2554 405 2666 461 aut,
2706 405 2763 452 ut
2811 399 3023 453 divinus
3056 406 3238 454 noster
3279 416 3435 455 sacer
3474 403 3647 472 perfe-

410 466 683 534 processio
718 479 772 523 et
800 468 991 527 fertilis
1035 464 1226 531 status.
1260 476 1411 545 Quod
1448 492 1626 537 autem
1681 487 1976 540 secundum

410 555 641 624 eyelum,
674 558 903 628 idipsum
935 569 990 615 et
1018 565 1190 619 media
1233 576 1286 621 et
1317 578 1557 625 extrema
1610 575 1895 630 continens
1921 587 1977 631 ct

409 647 728 702 mutinenda
770 652 1067 719 continere,
1105 665 1161 711 et
1196 658 1245 711 in
1298 660 1468 728 ipsum
1509 661 1575 717 ab
1624 664 1739 734 ipso
1785 682 1975 736 perve-

409 736 665 791 nientium
681 743 981 796 conversio.
1004 743 1060 797 Si
1078 754 1254 801 autem
1278 752 1396 817 quis
1418 753 1662 807 similiter
1678 756 1727 808 in
1751 756 1978 825 eloquiis

409 829 577 896 ipsam
599 826 841 896 iustitiae
869 832 1099 889 divinam
1116 840 1528 895 nominationem
1558 843 1609 897 in
1632 857 1801 915 aequo
1837 849 1978 903 acci-

408 919 538 984 piat,
557 919 863 984 dicendum,
887 938 1112 994 aequum
1130 928 1314 993 Deum,
1336 947 1440 985 non
1458 934 1625 989 solum
1650 936 1699 989 in
1726 952 1827 992 non
1851 956 1974 1009 par-

408 1011 560 1063 titam
574 1018 627 1064 et
640 1012 1184 1084 irrcprehensibilem,
1200 1025 1291 1077 sed
1306 1026 1466 1080 etiam
1485 1038 1541 1081 ut
1554 1029 1602 1081 in
1619 1033 1795 1085 omnia
1813 1044 1863 1085 et
1883 1048 1978 1103 per

406 1103 590 1194 omnia
608 1120 672 1158 ex
705 1110 975 1177 aequitate
1000 1117 1419 1183 pervenientem,
1450 1129 1503 1175 et
1530 1130 1581 1175 ut
1624 1137 1719 1192 per
1747 1126 1976 1194 seipsam

404 1191 742 1285 aequalitatis
781 1198 1205 1269 substitutorem,
1249 1205 1402 1274 juxta
1436 1224 1595 1278 quam
1627 1228 1800 1282 aeque
1826 1191 1975 1285 iope-

406 1290 556 1335 ratur
583 1297 680 1351 per
713 1301 773 1341 se
813 1289 1037 1345 invicem
1068 1296 1306 1350 omnium
1336 1297 1563 1354 similem
1602 1304 1975 1372 capacitatem,

402 1382 457 1424 et
487 1374 865 1443 accipientium
890 1394 953 1433 ex
979 1384 1249 1451 aequitate
1274 1387 1765 1460 participationem,
1789 1408 1977 1448 secun.

403 1465 529 1517 dum
598 1465 929 1535 singulorum
991 1477 1482 1545 opportunitatem,
1540 1492 1595 1538 et
1651 1484 1975 1554 aequitatem

402 1559 694 1613 secundum
716 1563 1055 1631 dignitatem,
1072 1568 1189 1622 etin
1206 1571 1381 1625 omnia
1408 1573 1749 1629 distributum
1770 1576 1976 1644 datum,

401 1657 456 1701 ct
492 1664 589 1718 per
621 1655 799 1707 omnia
844 1659 1222 1728 aequalitatem
1266 1664 1607 1729 invisibilem,
1639 1668 1973 1724 intellectua-

403 1742 531 1803 lum,
558 1744 890 1811 rationalem,
918 1752 1242 1816 sensualem,
1264 1757 1622 1823 essentialem,
1648 1759 1970 1825 naturalem,
2004 1737 2048 1795 Β

402 1832 759 1923 voluntariam
799 1839 817 1871 ί
855 1840 1179 1899 excellenter
1221 1854 1275 1899 et
1307 1848 1682 1905 univcrsaliter
1712 1851 1765 1905 in
1796 1851 1974 1923 seipso

400 1921 765 2019 anticipando.
805 1929 1095 1984 secundum
1130 1947 1291 2002 super
1320 1937 1500 1991 omnia
1548 1939 1712 1994 totius
1738 1921 1974 2019 aequali-

404 2012 532 2068 tatis
561 2011 837 2071 factricem
873 2019 1154 2075 virtutem.

932 2149 1324 2212 CAPITULUM
1364 2156 1431 2213 Χ.

474 2255 548 2310 De
583 2260 1199 2344 onmipotente,_a_miqua
1237 2267 1471 2334 dierum,
1519 2272 1574 2325 in
1614 2289 1712 2344 quo
1745 2282 1795 2327 et
1842 2274 1907 2327 de

890 2342 1100 2389 aeterno
1135 2346 1183 2391 et
1244 2346 1488 2409 tempore.

472 2461 614 2516 Hora
645 2474 825 2519 autem
854 2475 968 2531 est,
1011 2482 1258 2525 sermone
1306 2472 1653 2530 multivocum
1704 2476 1871 2532 Deum
1917 2487 1976 2534 ut

401 2554 849 2623 munipotentem,
880 2565 935 2610 et
968 2565 1025 2611 ut
1054 2560 1332 2629 antiquum
1362 2563 1567 2619 dierum
1598 2564 1840 2621 laudare.
1864 2565 1977 2622 Hoc

401 2643 620 2711 quidem
659 2645 810 2700 enim
855 2647 1081 2715 dicitur,
1121 2661 1343 2723 propter
1386 2656 1532 2723 quod
1584 2658 1822 2712 omnium
1863 2659 1979 2730 ipse

404 2736 478 2788 sit
516 2735 861 2805 omnipotens
892 2739 1193 2796 aediﬁcatio
1218 2782 1233 2807 ,
1295 2744 1577 2801 continens
1617 2754 1672 2801 et
1734 2749 1979 2807 ambiens

407 2833 551 2889 tota,
584 2835 641 2880 et
680 2826 974 2894 eoilocans,
1019 2841 1075 2885 et
1117 2830 1370 2899 fundens,
1410 2844 1467 2891 et
1502 2837 1896 2910 constringens,
1927 2849 1981 2895 et

406 2914 677 2971 inﬁrmum
742 2918 797 2972 in
847 2933 911 2980 se
957 2935 1120 2977 omne
1170 2923 1500 2993 perﬁciens,
1556 2935 1613 2982 et
1672 2942 1740 2983 ex
1800 2930 1979 3001 seipse

401 3009 604 3075 omnia,
632 3009 773 3067 sicut
797 3023 862 3066 ea
905 3011 1089 3068 radice
1111 3016 1291 3070 omnia
1322 3019 1544 3083 tenenti,
1584 3019 1807 3087 ducens,
1836 3031 1892 3077 et
1921 3024 1979 3077 in

2081 499 2200 543 etor
2251 488 2346 553 ait,
2378 497 2604 558 utroque
2647 489 3022 558 antiquitatem
3054 490 3285 544 divinam
3316 491 3645 551 declarante.

2078 580 2293 634 seniore
2332 581 2567 650 quidem.
2613 581 2753 649 quod
2784 580 3015 650 primum
3045 582 3096 635 in
3122 590 3383 651 tempore,
3433 583 3644 652 juniore

2080 684 2239 733 vero,
2297 668 2438 737 quod
2496 670 2788 724 secundum
2857 685 3142 725 numerum
3205 679 3291 724 est
3351 672 3642 742 antiquius,

2079 745 2335 822 habente,
2380 758 2636 828 quoniam
2678 758 2877 823 unitas,
2919 767 2972 813 et
3008 773 3146 828 quae
3187 768 3311 813 sunt
3350 760 3495 815 circa
3531 761 3647 814 uni—

2080 857 2269 913 tatem,
2307 850 2359 902 in
2404 849 2630 902 multum
2673 848 3130 920 progredientium
3172 867 3519 907 numerorum
3555 867 3648 908 an-

2079 940 2297 1008 tiquior.
2341 937 2562 1009 Oportet
2598 949 2797 1003 autem,
2848 947 2906 993 ut
2959 940 3214 1004 arbitror,
3267 942 3550 1014 temporis,
3592 953 3646 998 et

2079 1029 2283 1083 aeterni
2317 1037 2564 1083 naturam
2593 1044 2658 1083 ex
2685 1029 2913 1098 eloquiis
2937 1030 3096 1084 scire.
3138 1030 3348 1084 Etenim
3376 1047 3483 1086 non
3514 1046 3651 1102 quae

2079 1128 2207 1174 sunt
2250 1120 2470 1175 omnino
2507 1129 2561 1174 et
2607 1119 2854 1175 absolute
2888 1120 3127 1187 ingenita
3156 1131 3211 1176 et
3250 1136 3378 1177 vere
3408 1131 3649 1186 aeterna,

2080 1212 2279 1280 ubique
2348 1212 2499 1266 aiunt
2555 1221 2796 1277 aeterna,
2862 1222 2917 1267 et
2957 1212 3422 1284 incorruptibilia,
3462 1224 3521 1269 et
3553 1215 3653 1269 im-

2080 1300 2347 1365 mortalia,
2406 1309 2461 1355 et
2522 1299 2865 1367 immobilia,
2918 1313 2974 1357 et
3030 1302 3317 1357 existentia
3375 1304 3659 1369 similiter,

2078 1395 2348 1463 quomodo
2392 1391 2677 1448 existentia
2724 1386 2867 1447 dicta
2907 1402 3033 1447 sunt
3076 1413 3087 1446 :
3138 1392 3426 1450 Elevamim'
3472 1404 3655 1465 portae

2079 1482 2365 1538 aeternam
2403 1495 2451 1548 ι,
2492 1491 2549 1537 et
2582 1483 2802 1538 similia.
2853 1483 3027 1554 Saepe
3058 1493 3235 1540 autem
3281 1494 3338 1540 et
3388 1486 3655 1557 antiquis-

2079 1573 2216 1628 sima
2287 1574 2490 1629 aeterni
2552 1575 3019 1645 cognominatione
3090 1576 3549 1644 cbaracterizant,
3601 1587 3656 1633 et

2080 1672 2251 1718 totum
2288 1676 2477 1718 verum
2506 1672 2612 1730 est,
2655 1664 2871 1735 quando
2921 1665 3214 1719 secundum
3253 1680 3352 1721 nos
3392 1667 3656 1737 temporis

2076 1761 2277 1808 statum
2329 1762 2610 1808 aeternum
2663 1754 2977 1824 appellant,
3038 1762 3297 1824 quantum
3348 1754 3658 1825 proprietas

2077 1843 2284 1897 aeterni
2317 1850 2399 1898 est
2451 1842 2731 1911 antiquum
2777 1851 2833 1897 et
2874 1842 3207 1897 immutabile
3244 1852 3301 1897 et
3346 1843 3659 1897 universale

2074 1948 2196 1989 esse
2237 1933 2509 1989 metiendo
2530 1920 2573 1987 ί.
2615 1932 2850 2004 Tempus
2892 1943 3069 1988 autem
3105 1943 3298 1989 vocant
3338 1934 3389 1988 in
3422 1948 3654 2004 genera-
3692 1962 3709 1967 -

2076 2021 2219 2078 tione
2257 2033 2311 2077 et
2341 2022 2689 2093 corruptione
2719 2032 2774 2089 et
2818 2022 3196 2087 mutabilitate,
3229 2031 3282 2078 et
3316 2023 3464 2078 aliud
3494 2022 3659 2079 aliter

2075 2113 2302 2171 habens.
2346 2113 2581 2170 Proinde
2604 2121 2660 2169 et
2705 2128 2803 2169 nos
2845 2113 2932 2168 hic
2972 2112 3264 2169 secundum
3304 2121 3519 2183 tempus
3556 2122 3655 2167 ter-

2077 2203 2358 2260 minandos
2399 2205 2607 2259 aeterni
2671 2204 3141 2274 participationem
3190 2202 3461 2274 theologia
3501 2204 3655 2268 dicit,

2077 2311 2199 2351 cum
2230 2295 2636 2365 incorruptibile
2666 2304 2719 2351 et
2751 2310 2963 2366 semper
3016 2296 3175 2352 sicsic
3216 2297 3449 2361 habens,
3476 2306 3655 2350 aeter-

2076 2402 2205 2442 num
2256 2387 2624 2456 intelligimus.
2657 2386 2899 2457 Eloquiis
2944 2400 3073 2442 vero
3100 2395 3202 2450 est,
3246 2387 3467 2456 quando
3498 2394 3556 2440 et
3584 2386 3653 2438 'in

2078 2478 2408 2548 temporibus
2481 2486 2759 2532 aeternum
2824 2477 3192 2549 gloriﬁcatur,
3253 2487 3308 2532 et
3368 2489 3651 2532 aeternum

2078 2579 2307 2639 tempus,
2352 2576 2407 2624 et
2438 2568 2485 2623 si
2533 2568 2704 2639 magis
2750 2568 2801 2622 in
2840 2569 2971 2638 ipsis
3005 2568 3221 2639 quidem
3273 2576 3329 2621 et
3376 2566 3654 2638 potentius

2077 2658 2362 2713 existentia
2403 2666 2626 2714 aeterna
2650 2698 2667 2724 ,
2721 2667 2776 2714 et
2813 2674 2952 2729 quae
2993 2660 3046 2714 in
3087 2659 3430 2731 generatione
3480 2666 3608 2712 sunt
3633 2698 3653 2720 .

2080 2757 2321 2819 tempore
2360 2750 2501 2805 dicta
2544 2760 2599 2805 et
2658 2749 2927 2806 declarata
2977 2761 3121 2807 sunt.
3178 2751 3402 2820 Oportet
3468 2749 3655 2819 itaque

2080 2854 2189 2894 non
2228 2839 2548 2910 simpliciter
2574 2849 2856 2896 coaeterna
2892 2841 3018 2907 Deo,
3047 2840 3137 2911 qui
3176 2848 3257 2896 est
3299 2848 3427 2897 ante
3468 2847 3651 2893 aeter-

2079 2944 2228 2994 num,
2273 2932 2571 2997 aestimari,
2601 2947 2740 3003 quae
2765 2942 2983 2989 aeterna
3011 2933 3153 2988 dicta
3190 2941 3332 2988 sunt.
3363 2931 3654 2987 Pretiosis-

2082 3021 2220 3076 sima
2275 3028 2455 3077 autem
2522 3021 2735 3093 eloquia
2810 3023 3242 3080 inconversibiiia
3306 3032 3601 3093 sequentes
3633 3064 3649 3085 ,

406 3101 638 3169 seipsam
677 3100 859 3159 omnia
886 3101 1038 3156 velut
1068 3103 1124 3157 in
1168 3106 1471 3161 consultum
1513 3108 1975 3179 omnipotentissi-
2004 3095 2049 3157 (ἶ
2084 3092 2301 3169 aeterna
2342 3112 2558 3183 quidem
2592 3092 2647 3169 et
2691 3115 3033 3186 temporalia,
3079 3113 3368 3170 secundum
3386 3092 3650 3185 cognitos

406 3204 553 3244 ιιιιιιιι
587 3198 952 3271 convertens,
1003 3200 1057 3246 et
1100 3194 1383 3250 continens
1438 3204 1497 3251 ut
1542 3199 1780 3255 omnium
1831 3200 1980 3254 aedt-

404 3278 629 3341 ticstio,
670 3272 1051 3351 omnipotens,
1095 3286 1485 3355 comprehensa
1544 3290 1728 3344 omnia
1786 3305 1979 3346 secun-

404 3372 530 3424 dum
549 3384 712 3425 unam
728 3383 1074 3441 superantem
1094 3376 1274 3431 omnia
1300 3378 1683 3434 continentiam
1706 3382 1975 3448 muniens,

404 3470 459 3514 et
488 3475 591 3515 non
618 3461 803 3517 einen:
824 3476 893 3517 ea
917 3463 1166 3519 cadentia
1189 3467 1385 3535 seipse,
1406 3476 1468 3522 ut
1495 3483 1563 3523 ex
1591 3468 1975 3538 perfectissima

408 3548 700 3605 refectione
744 3560 974 3618 mutata,
1005 3555 1207 3623 petire.
1257 3556 1465 3612 Dicitur
1515 3567 1697 3614 autem
1735 3561 1978 3630 omnipo-

410 3656 532 3703 tens
566 3642 874 3709 tltearchia,
898 3653 954 3698 et
994 3655 1055 3700 ut
1094 3648 1336 3702 omnium
1377 3658 1587 3719 petens,
1616 3659 1671 3706 et
1708 3667 1842 3723 pure
1868 3656 1974 3709 mi-

409 3731 761 3788 nistrantibus
797 3749 861 3791 ea
886 3745 1189 3804 praestans,
1207 3748 1373 3800 et,‘ut
1404 3741 1653 3798 omnibus
1682 3744 1975 3815 praecepit,

413 3820 663 3878 amabilis
690 3832 796 3890 at,
829 3826 1129 3883 immittens
1158 3829 1413 3887 omnibus
1456 3831 1785 3888 voluntarias
1814 3849 1976 3904 copu-

409 3914 638 3969 lationes
663 3955 677 3980 ,
718 3922 777 3970 et
840 3915 1030 3972 ilices
1060 3928 1252 3987 partus
1291 3920 1455 3975 divini
1496 3930 1555 3976 et
1598 3924 1980 3992 omnipotentis

408 4016 462 4059 et
510 4005 893 4063 immateriaiis
943 4008 1203 4065 bonitatis
1258 4011 1427 4081 ipsius
1478 4014 1704 4069 ameris.
1760 4013 1976 4070 Diernm

416 4107 597 4153 mrtem
644 4100 901 4169 mith
943 4099 1083 4156 Deos
1123 4101 1393 4167 laudatur,
1424 4111 1647 4174 propter
1688 4105 1830 4174 quod
1863 4121 1977 4161 om-

414 4188 561 4242 nium
594 4189 617 4220 ⁸
654 4189 771 4258 ipse
819 4189 889 4244 sit
920 4197 979 4246 et
1018 4199 1329 4255 aeternum,
1369 4201 1424 4246 et
1474 4201 1706 4262 tempus,
1750 4203 1808 4247 et
1853 4204 1977 4249 ante

410 4277 557 4342 dies,
586 4287 640 4333 et
678 4287 818 4333 ante
851 4286 1159 4342 aeternum,
1198 4289 1259 4334 et
1308 4288 1520 4351 tempus
1549 4280 1590 4334 ³.
1644 4281 1711 4335 ει
1760 4283 1977 4352 quidem

410 4379 641 4438 tempus,
674 4379 729 4423 et
749 4367 919 4431 diem,
944 4376 1005 4423 et
1028 4371 1261 4439 spatium
1294 4372 1568 4440 temporis,
1609 4380 1664 4427 et
1697 4382 1974 4427 aeternum

2080 3204 2226 3275 ipsos
2255 3205 2323 3261 ad
2349 3207 2743 3262 obaudiendum
2775 3208 2982 3271 modos,
3033 3208 3206 3262 media
3241 3220 3373 3262 vero
3409 3206 3651 3261 existen-

2080 3298 2214 3353 tium
2255 3306 2311 3352 et
2350 3298 2618 3354 factorum
2661 3314 3012 3369 quaecunque
3034 3340 3047 3363 ,
3076 3299 3202 3353 alibi
3222 3297 3441 3369 quidem
3472 3304 3647 3350 aeter.

2080 3395 2239 3453 num,
2277 3388 2410 3445 alibi
2444 3403 2573 3444 vero
2608 3397 2821 3459 tempus
2858 3389 3205 3459 participant.
3253 3386 3422 3441 Deum
3466 3396 3549 3440 ast
3594 3394 3647 3439 et

2080 3487 2138 3532 ut
2181 3489 2494 3545 aeternum,
2538 3490 2594 3534 et
2637 3489 2696 3534 ut
2737 3491 2953 3550 tempus
2989 3479 3241 3545 laudare,
3284 3489 3345 3533 ut
3387 3478 3646 3548 temporis

2078 3571 2242 3625 totius
2293 3580 2347 3625 et
2403 3570 2608 3625 aeterni
2641 3570 2931 3636 causalem,
2964 3577 3018 3623 et
3066 3569 3345 3639 antiquum
3390 3568 3641 3629 dierum,

2078 3673 2136 3718 ut
2164 3672 2291 3717 ante
2320 3672 2549 3732 tempus,
2581 3672 2634 3714 et
2672 3660 2953 3731 plusquam
2993 3669 3220 3729 tempus,
3252 3670 3309 3712 et
3339 3664 3645 3711 moventem

2077 3753 2252 3822 spatia
2272 3763 2572 3822 temporum
2594 3760 2647 3805 et
2676 3759 2938 3821 tempora,
2962 3759 3017 3804 et
3045 3751 3239 3804 iterum
3268 3757 3396 3801 ante
3425 3754 3643 3802 aeterna

2078 3844 2488 3907 subsistentem,
2531 3851 2792 3911 quantum
2839 3849 2894 3895 et
2926 3849 3052 3895 ante
3101 3848 3381 3893 aeternum
3429 3845 3545 3901 est,
3594 3844 3652 3889 et

2077 3935 2356 4005 piusquam
2380 3943 2677 3997 aeternum,
2701 3941 2756 3987 et
2782 3944 3005 4001 regnum
3026 3929 3142 4001 ejus
3163 3942 3388 3999 regnum
3408 3926 3651 3983 omnium

2078 4025 2379 4080 secutorum
2399 4022 2448 4079 δ.

2598 4089 2985 4148 CAPlTULUM
3028 4089 3113 4143 XI.

2076 4201 2154 4255 De
2186 4218 2342 4280 pace,
2372 4211 2420 4254 et
2454 4200 2582 4280 quid
2611 4197 2721 4252 vult
2750 4198 2850 4253 sibi
2874 4198 2972 4251 hoc
2996 4212 3086 4276 per
3099 4196 3324 4280 “ipsum
3346 4212 3495 4280 esse,
3518 4209 3652 4265 quae

2143 4288 2236 4353 per
2253 4274 2485 4395 (quipiam
2508 4274 2636 4334 vita,
2672 4284 2806 4339 quae
2841 4284 2935 4338 per
2964 4274 3191 4333 “ipsum
3220 4274 3407 4329 mune,
3445 4276 3497 4319 et
3520 4280 3659 4335 quae

2140 4358 2222 4395 ,διο
2289 4351 2415 4395 tcta.

412 4432 670 4514 divinius
708 4473 834 4514 enin
867 4473 989 4515 esse
1017 4432 1326 4525 dicendum,
1357 4432 1420 4514 υἱ
1443 4464 1763 4516 existente!!!
1786 4475 1981 4517 secun-
2006 4432 2053 4490 θ
2149 4456 2261 4524 Age
2285 4468 2427 4507 nunc
2450 4451 2686 4507 divinam
2719 4461 2773 4506 et
2798 4450 3277 4519 archisynasosam
3297 4461 3496 4518 suum
3539 4446 3659 4500 lau-

415 4551 541 4603 dum
564 4562 786 4603 omnem
822 4557 1027 4603 lim
1065 4547 1590 4605 intransmutabilem
1628 4558 1687 4605 et
1728 4550 1983 4605 immobi-

415 4642 549 4701 tt-m,
578 4649 636 4692 et
670 4640 723 4692 in
760 4653 975 4709 semper
1021 4641 1291 4695 movendo.
1328 4650 1631 4695 manentem
1665 4656 1735 4695 ex
1778 4641 1978 4710 seipse,

413 4742 471 4784 et
511 4740 569 4783 ut
606 4730 843 4795 aeterni,
877 4740 937 4788 et
982 4732 1270 4800 temporis,
1322 4739 1379 4785 et
1422 4730 1635 4787 dierum
1686 4731 1977 4788 consulem.

416 4819 647 4875 Proinde
691 4830 745 4873 et
794 4820 847 4874 in
894 4821 1071 4877 sacris
1126 4821 1480 4892 mysticorum
1522 4820 1788 4876 visionum
1834 4821 1982 4875 these

415 4908 634 4980 ptianiis
671 4919 727 4962 et
769 4918 928 4964 vetns
960 4917 1025 4964 et
1056 4924 1228 4965 novos
1264 4908 1555 4973 formatur,
1594 4910 1821 4965 seniore
1864 4910 1983 4979 qut-

2082 4546 2236 4600 dibus
2263 4542 2504 4612 pacificis
2530 4538 2912 4599 favorum.
2951 4538 3070 4608 Ipsa
3102 4548 3188 4593 est
3214 4538 3364 4592 enim
3404 4537 3653 4590 omnium

2082 4633 2400 4699 adunattix,
2440 4642 2496 4687 et
2530 4633 2769 4693 omnium
2807 4642 3136 4694 consensus,
3182 4638 3240 4682 et
3277 4623 3650 4681 communii-

2083 4724 2210 4780 tstis
2232 4722 2472 4793 .genit-rix
2500 4731 2555 4777 et
2575 4718 2868 4790 operati-ix.
2897 4716 3131 4777 Proimie
3161 4724 3219 4771 et
3248 4716 3441 4769 annis
3477 4715 3654 4783 ipsam

2082 4821 2365 4885 appetunt,
2398 4809 2708 4881 .partibilem
2753 4822 2942 4864 eorum
2980 4805 3382 4861 multitudinem
3422 4816 3655 4858 ωοκτ-

2089 4917 2288 4962 tentem
2331 4908 2385 4960 in
2430 4914 2596 4960 totam
2637 4905 2933 4965 imm,
2976 4911 3036 4957 et
3080 4900 3238 4956 civiie
3281 4897 3663 4953 universitatis

416 5001 540 5055 dem
585 4998 869 5070 antiquis
910 5008 966 5055 et
994 5001 1319 5080 exigentem
1365 5015 1399 5055 a
1439 5000 1726 5071 principio,
1769 5000 1987 5070 iuniore
2086 4993 2284 5053 bellum
2304 4995 2626 5049 adunantem
2656 4994 2708 5047 in
2743 4990 3131 5062 aequitormem
3169 4990 3653 5045 cohabitantium-1.

419 5103 547 5146 vero
592 5104 709 5144 non
752 5099 1127 5145 meantem
1168 5089 1535 5161 signiﬁcante,
1584 5086 1881 5145 clarissime
1950 5105 1985 5143 a

340 5224 349 5227 _
417 5178 682 5247 principio
721 5192 817 5247 per
871 5178 1054 5237 ornata
1091 5192 1273 5247 usque
1320 5178 1389 5232 ad
1418 5179 1589 5234 tinem
1629 5194 1755 5235 eum
1793 5192 1983 5249 prove-

2087 5086 2499 5157 Partieipetioue
2518 5085 2730 5141 diuinae
2740 5084 2894 5154 pacis
2922 5087 3188 5154 primores
3204 5088 3663 5150 congregatarum

2085 5181 2346 5234 virtutum
2392 5179 2569 5279 ipsae,
2619 5186 2674 5231 et
2719 5176 2795 5231 ad
2833 5175 3073 5245 seipsas,
3112 5179 3171 5229 'et
3222 5174 3292 5227 ad
3334 5186 3396 5227 se
3425 5172 3663 5226 invicem

1622 5313 1876 5369 VARIAE
1914 5310 2310 5369 LECTIONES.

495 5415 509 5442 ¹
554 5414 636 5467 BH
676 5412 982 5465 ισυΙιιιιιιυ-ἱα.
1060 5412 1090 5438 ²“
1114 5408 1176 5460 A‘
1209 5413 1351 5459 omni
1384 5418 1607 5475 tempore
1632 5409 1716 5459 sit.
1790 5407 1813 5437 ³
1841 5407 1878 5458 Α
1913 5414 1965 5460 et
1997 5413 2115 5458 ante
2155 5414 2390 5473 tempus;
2426 5405 2465 5458 Ε
2490 5413 2543 5458 et
2578 5415 2696 5457 ante
2723 5404 2830 5456 dies
2859 5410 2905 5454 et
2942 5410 3208 5454 ueternum
3240 5406 3288 5450 et
3318 5407 3562 5466 tempus;
3605 5401 3659 5446 ε

423 5493 539 5534 ωηο
561 5495 824 5536 ueternum
852 5510 920 5518 -—
943 5489 1138 5548 tempus
1172 5495 1278 5530 om.
1317 5477 1421 5531 BM.
1500 5478 1515 5505 ⁵
1550 5475 1635 5530 ΕΗ
1672 5477 1979 5531 mentiendo.

1898 5571 2142 5625 NOTAE.

505 5679 524 5701 "
565 5664 701 5717 Pani.
751 5663 1008 5729 XXIIIJ,
1042 5664 1107 5715 9..

2158 5664 2182 5700 ιι
2219 5661 2353 5713 Dan.
2399 5655 2515 5709 ιῖιιι
2585 5653 2722 5705 Psal.
2766 5650 2991 5706 CXLIV».
