3978 6160
299 263 433 323 MSS

911 223 1182 318 VERSIO
1223 257 1508 317 OPERUM
1547 259 1605 317 S.
1649 256 1968 318 DlONYSll.
2011 291 2082 302 —
2124 259 2210 354 Dii
2253 261 2498 319 DlVlNiS
2536 262 2924 321 NOMINIBUS.
2996 278 3000 283 '

3438 269 3583 325 “(36'

293 380 589 442 nniuntur,
619 384 674 431 et
715 374 781 429 ad
810 389 970 428 unam
997 375 1237 429 omnium
1266 387 1454 444 pacem
1486 374 1792 446 pristinam,
1826 383 1880 426 et
1914 377 1955 432 Α
1985 389 2092 427 υηο
2127 377 2309 431 omnia
2358 379 2714 442 ostendente,
2754 389 2807 434 et
2839 396 2933 449 per
2980 380 3160 434 omnia
3208 383 3431 437 veniens
3455 425 3468 449 ,
3517 395 3572 439 ct

295 482 438 538 «tuac
466 467 566 522 sibi
598 465 839 534 subjeCta
890 465 1104 528 uuiunt,
1145 465 1367 534 ipsaque
1396 462 1463 518 ad
1483 465 1664 534 seipsa
1689 506 1704 528 ,
1736 475 1791 519 et
1815 467 1879 518 ait

295 575 356 616 se
383 559 636 622 invicem,
665 567 720 612 et
749 556 817 611 ad
850 570 1014 610 unum
1043 564 1097 612 et
1124 554 1420 626 perlectum
1453 555 1693 609 omnium
1733 557 1883 625 pacis

295 648 618 717 principium
659 654 716 702 et
750 661 970 702 causam
1012 663 1026 699 :
1073 658 1212 714 quae
1260 644 1661 714 impartibiliter
1689 659 1880 714 super-

295 740 516 793 tlrmata
562 737 710 800 totis,
757 735 907 790 velut
951 734 1270 804 quibusdam
1309 733 1560 788 claustris
1588 734 1881 788 divisorum

294 826 728 884 convenientium
773 826 952 882 omnia
983 825 1266 890 terminat,
1314 834 1369 879 et
1413 833 1782 888 consummat,
1833 833 1887 878 et

296 919 559 986 tutillcat,
583 927 636 972 et
657 933 763 972 non
789 917 920 972 sinit
951 926 1200 986 separata
1225 916 1369 969 fundi
1387 915 1453 969 ad
1477 915 1700 970 multum
1724 923 1780 968 et
1799 915 1882 970 in-

296 1008 527 1072 ﬁnitum,
546 1007 872 1071 inordinata,
896 1015 952 1061 et
973 1005 1318 1068 incollocata,
1341 1004 1557 1060 deserta
1584 1005 1693 1059 Deo
1719 1002 1883 1070 facta,

292 1111 349 1156 et
377 1117 471 1166 sua
504 1102 711 1157 unitate
746 1100 1001 1157 exeuntia
1022 1140 1036 1164 ,
1064 1107 1119 1153 et
1159 1099 1302 1152 inter
1335 1111 1396 1152 se
1427 1097 1657 1155 invicem
1697 1099 1886 1152 turbu-

293 1193 595 1248 lentissime
640 1191 883 1248 conl’usa.
925 1189 1000 1245 De
1053 1191 1157 1245 hac
1199 1189 1366 1260 igitur
1408 1190 1531 1258 quia
1579 1197 1662 1243 est
1702 1188 1882 1242 divina

292 1299 428 1352 pace
457 1293 511 1337 et
541 1283 760 1338 silentio
780 1323 794 1342 ,
826 1281 968 1353 quod
1007 1295 1159 1336 sacer
1185 1279 1372 1342 Justus
1410 1281 1672 1351 ἀφθεγξίαν
1704 1287 1882 1343 vocat,

291 1382 350 1429 et
371 1373 423 1426 in
449 1386 659 1427 omnem
684 1370 952 1438 cognitam
982 1369 1400 1437 processionem,
1429 1368 1880 1444 immobilitatem,

293 1472 356 1518 ut
386 1474 442 1519 et
474 1461 633 1525 silet,
673 1470 724 1516 et
755 1461 1030 1516 silentium
1061 1459 1249 1520 ducit,
1295 1468 1350 1512 et
1381 1465 1438 1511 ut
1479 1458 1531 1510 iu
1579 1458 1787 1526 seipsa,
1831 1447 1884 1528 et

293 1555 440 1610 intra
465 1552 699 1621 seipsam
728 1559 845 1613 est,
873 1557 926 1606 et
971 1549 1039 1603 ad
1075 1548 1305 1618 seipsam
1348 1556 1510 1612 totam
1546 1557 1653 1602 tota
1699 1564 1884 1621 super:

294 1640 506 1704 uuitur,
534 1648 590 1694 et
617 1653 791 1708 neque
818 1638 871 1692 in
903 1639 1134 1707 seipsam
1168 1637 1409 1701 intrans,
1437 1645 1492 1692 et
1519 1637 1883 1708 multiplicans

1986 470 2196 537 propria
2246 471 2481 525 naturali
2535 483 2589 526 et
2641 474 2968 529 immutabili
3019 476 3278 529 societate
3315 467 3568 531 .venieus.

1986 557 2240 613 Provenit
2277 559 2423 614 enim
2467 562 2522 616 iu‘
2553 563 2766 626 omnia,
2800 572 2855 617 et
2885 564 3051 617 tradit
3078 566 3328 621 omnibus
3356 569 3573 634 proprie

1987 641 2116 710 ipsis
2159 659 2223 697 ex
2277 644 2451 724 seipse
2501 659 2893 712 supermanans
2949 646 3258 717 magnitudo
3316 649 3572 718 paciﬁcate

1986 735 2474 801 generationis,vet
2525 745 2706 791 manet
2781 751 2876 805 per
2925 739 3296 800 excellentiam
3349 740 3574 795 unitatis

1987 829 2095 874 tota
2135 823 2202 878 ad
2226 833 2408 884 totam.
2457 835 2511 878 et
2559 841 2656 894 per
2702 835 2868 880 tutam
2900 830 3128 896 seipsam
3178 824 3568 899 supertmita'tn.

1985 912 2264 980 Quomodo
2296 922 2495 979 autem,
2527 917 2724 971 dixerit
2767 917 2908 986 quis,
2960 927 3219 988 appetunt
3262 921 3443 975 omnia
3475 937 3574 991 pa-

1986 1005 2139 1064 cem?
2185 1003 2347 1057 Multa
2392 1007 2536 1059 enim
2579 1007 2851 1071 alteritate
2877 1017 2930 1062 et
2957 1008 3284 1066 discretione.
3312 1012 3572 1082 gaudent.

1985 1105 2040 1150 et
2071 1112 2339 1166 nunquam
2365 1098 2654 1168 aliquando
2682 1100 2966 1156 habentem
3001 1103 3163 1159 silere
3191 1097 3574 1162 voluerint.-Et

1985 1188 2031 1242 si
2082 1188 2298 1258 quidem
2341 1189 2664 1246 alteritatem
2719 1202 2774 1246 et
2816 1193 3198 1248 discretionem
3227 1234 3241 1258 ,
3294 1195 3384 1267 qui
3420 1188 3572 1253 'haec

1984 1281 2138 1346 dicit,
2171 1281 2242 1336 ait
2287 1283 2709 1354 uniuscujusque
2757 1287 3100 1346 cxistentium
3156 1281 3587 1358 proprietatem,

1983 1379 2036 1425 et
2062 1372 2187 1442 quia
2219 1373 2358 1430 hanc
2398 1375 2744 1429 existentinm
2788 1376 2987 1430 nullum
3035 1373 3089 1432 ὅν
3114 1419 3128 1442 ,
3174 1373 3315 1447 quod
3355 1373 3590 1449 quidem-

1983 1469 2084 1522 est,
2120 1461 2246 1515 velit
2275 1462 2560 1532 aliquando
2587 1465 2836 1534 perdere,
2868 1481 2972 1520 nou
3000 1468 3245 1523 lbrtassis
3273 1485 3446 1540 neque
3477 1464 3575 1526 nos

1984 1553 2050 1608 ad
2079 1553 2183 1608 hoc
2229 1555 2701 1621 contradicemus,
2752 1558 2845 1612 sed
2896 1559 3038 1614 hunc
3085 1562 3234 1628 pacis
3277 1564 3574 1632 appetitum

1986 1645 2468 1702 manifestabimus.
2512 1645 2702 1703 Omnia
2733 1651 2876 1704 enim
2923 1650 3096 1720 diligit
3123 1653 3189 1706 ad
3219 1646 3576 1723 seipsa'paci-

292 1734 560 1803 seipsam,
591 1731 791 1788 deserit
828 1745 981 1785 suam
1012 1730 1294 1797 unitatem,
1328 1730 1422 1784 sed
1463 1741 1516 1785 et
1549 1732 1791 1800 provenit
1827 1733 1878 1785 in
1917 1709 1957 1768 Β
1987 1732 2152 1788 ﬁcare
2180 1743 2234 1790 et
2263 1735 2428 1802 uniri,
2458 1747 2512 1792 et
2541 1752 2569 1790 a
2602 1737 2717 1794 suis
2744 1747 2797 1792 et
2840 1754 2869 1792 a
2912 1709 3106 1810 seipsis
3133 1709 3489 1796 imumtabilia
3519 1753 3575 1796 et

300 1827 508 1888 omnia,
545 1826 690 1880 intus
741 1823 812 1877 ibi
863 1837 1087 1888 manens
1130 1837 1228 1891 per
1278 1821 1655 1877 excellentiam
1702 1823 1882 1880 omnia

292 1917 606 1984 superantis
651 1915 892 1974 unitatis.
942 1912 1128 1982 Neque
1177 1912 1396 1978 dicere,
1451 1929 1626 1982 neque
1692 1912 1886 1969 intelli-

291 2023 423 2080 gere
453 2008 665 2064 cuidam
711 2006 1058 2063 existentium
1106 2015 1190 2062 est
1231 2006 1312 2060 l'as
1332 2047 1347 2071 ,
1377 2021 1551 2077 neque
1586 2007 1842 2078 possibile
1865 2048 1877 2071 ,

295 2103 426 2165 sed,
477 2108 536 2154 ut
587 2100 856 2156 inetl'abile
902 2108 958 2154 et
1004 2099 1234 2169 idipsum
1281 2108 1336 2154 et
1377 2099 1798 2171 incognoscibile
1826 2102 1880 2172 in

294 2193 469 2262 ipsam
527 2199 886 2261 reponentes,
944 2199 1204 2260 tanquam
1259 2192 1500 2260 omnium
1554 2193 1880 2264 existentem

293 2287 660 2344 summitatem
687 2327 702 2350 ,
755 2285 1058 2346 intellectas
1103 2286 1220 2355 ejus
1266 2294 1321 2342 et
1364 2287 1538 2344 dictas
1584 2287 1878 2357 participa-

294 2379 492 2442 tiones,
521 2386 574 2436 et
613 2378 737 2442 hoc,
787 2387 850 2438 ut
894 2377 1149 2449 possibile
1187 2378 1318 2454 viris
1364 2387 1418 2438 et
1465 2377 1670 2438 nobisa
1699 2379 1882 2448 multis

294 2469 514 2540 optimis
568 2469 774 2531 relictis
815 2469 1382 2542 superspeculabimur
1436 2470 1474 2524 ί.
1529 2471 1594 2526 Et
1646 2471 1880 2540 primum

295 2559 514 2631 quidem
551 2560 656 2618 hoc
686 2561 969 2620 dicendum
989 2602 1003 2622 ,
1022 2554 1160 2632 quia
1205 2575 1301 2630 per
1349 2561 1583 2631 seipsam
1613 2560 1763 2631 pacis
1784 2604 1798 2626 ,
1827 2573 1882 2630 et

301 2651 484 2715 totius,
520 2661 572 2708 et
603 2667 700 2721 per
743 2653 1184 2722 unumquodque,
1217 2659 1301 2710 est
1325 2649 1649 2714 substantia,
1673 2661 1727 2706 et
1753 2651 1878 2723 quia

295 2743 478 2812 omnia
509 2744 576 2799 ad
623 2759 682 2800 se
711 2745 938 2802 invicem
972 2750 1344 2814 contemperat
1395 2758 1492 2814 per
1541 2743 1876 2812 inconfusam

296 2847 485 2888 eorum
514 2833 797 2898 unitatem,
835 2850 931 2904 per
957 2849 1114 2902 quam
1153 2832 1587 2903 inseparabiliter
1612 2835 1760 2888 unita
1787 2873 1801 2899 ,
1827 2843 1880 2891 et

297 2924 622 2981 indistanter
651 2941 822 2997 aeque
849 2926 1106 2995 perlecta,
1141 2925 1434 2986 secundum
1464 2926 1738 2995 propriam
1769 2926 1879 2984 sin-

295 3012 418 3084 gula
498 3015 731 3084 speciem
801 3016 1028 3079 statuit,
1087 3031 1194 3074 non
1275 3014 1726 3084 superobscurata
1783 3031 1880 3086 per

298 3105 588 3160 mixturam
637 3105 704 3160 ad
769 3106 1014 3176 opposita
1065 3106 1358 3176 quidquam
1419 3105 1715 3171 obcaecant
1763 3107 1881 3160 uni-

296 3196 450 3251 tricis
494 3196 802 3265 diligentiae
846 3204 898 3252 et
941 3197 1213 3267 puritatis.
1264 3196 1437 3260 Unam
1489 3197 1655 3268 igitur
1704 3213 1878 3266 quan-

294 3285 417 3337 dam
449 3293 504 3340 et
539 3285 788 3354 simplum
828 3285 1084 3355 pacificae
1128 3285 1354 3344 unitatis
1395 3285 1879 3357 contemplabimur

294 3384 566 3440 naturam,
618 3377 955 3448 copulantem
1009 3391 1198 3433 omnes
1241 3377 1367 3442 sibi,
1394 3385 1449 3432 et
1490 3377 1873 3447 sibimetipsis.

292 3482 349 3528 et
377 3473 631 3538 invicem,
662 3481 717 3529 et
740 3473 1033 3528 salvantem
1054 3473 1234 3529 omnia
1259 3473 1310 3527 in
1336 3471 1615 3528 inconfusa
1637 3472 1876 3527 omnium

287 3563 658 3628 continentia,
711 3573 765 3620 et
806 3564 1130 3633 couspieua,
1183 3573 1238 3618 et
1298 3573 1719 3632 contemperata.
1775 3561 1879 3630 Per

293 3669 457 3722 quam
522 3653 687 3707 divini
751 3655 914 3710 animi
1000 3653 1256 3710 intellecti
1339 3652 1700 3708 intellccubus
1765 3653 1879 3714 suis

295 3742 557 3796 uniuntur
581 3782 598 3808 ,
623 3752 678 3799 et
708 3743 1129 3812 intelligentibus
1154 3783 1170 3809 ,
1215 3753 1271 3798 et
1300 3743 1493 3798 iterum
1538 3743 1590 3797 in
1634 3743 1875 3819 incogni-

297 3845 411 3889 tum
473 3838 773 3894 ascendunt
818 3853 982 3908 super
1024 3838 1262 3896 animum
1307 3838 1688 3896 collocatorum
1744 3853 1875 3894 con-

299 3919 522 3981 tactum.
558 3926 662 3982 Per
692 3944 853 3998 quam
882 3930 1094 3988 animae
1131 3928 1464 3997 largissimas
1491 3945 1618 3988 suas
1645 3931 1878 3995 rationes

295 4017 679 4092 lntelligentes,
705 4030 762 4076 et
788 4022 854 4076 ad
885 4037 1046 4075 unam
1086 4020 1496 4082 intellectualem
1521 4033 1878 4094 congregatae

295 4111 584 4179 puritatem
605 4151 619 4175 ,
665 4112 1078 4182 progrediuntur
1107 4113 1322 4182 proprie
1347 4113 1566 4170 sibimet
1596 4114 1681 4168 via
1712 4122 1766 4168 et
1791 4129 1879 4170 or-

293 4202 416 4256 dine
437 4217 534 4272 per
557 4203 962 4258 immaterialent
987 4213 1042 4258 et
1069 4204 1443 4274 impartibilem
1472 4204 1875 4276 intelligentiam

295 4295 350 4347 in
390 4295 651 4349 unitatem
681 4308 841 4364 super
871 4294 1220 4350 intellectam.
1250 4294 1352 4349 Per
1377 4310 1536 4364 quam
1569 4311 1674 4350 una
1699 4306 1759 4372 et
1792 4297 1875 4373 in-

1984 1823 2277 1879 incasualia
2311 1841 2430 1882 esse
2465 1847 2476 1880 :
2509 1838 2562 1882 et
2593 1839 2676 1883 est
2707 1844 2803 1898 per
2829 1832 3248 1902 unumquodque
3277 1826 3596 1888 commixta-

1983 1913 2317 1982 proprietate
2366 1916 2757 1985 perfectissima
2811 1935 2910 1988 pax
2963 1920 3282 1982 custoditiva
3317 1963 3331 1986 ,
3384 1920 3574 1992 paeont

1984 2004 2311 2060 donantibus
2340 2007 2453 2060 suis
2483 2008 2854 2075 providentiis,
2889 2012 3070 2064 omnia
3100 2011 3492 2080 imperturbata
3518 2024 3592 2067 et-

1985 2093 2263 2150 int-onfusa
2316 2096 2382 2150 ad
2443 2105 2589 2152 tanta
2639 2107 2691 2152 et
2739 2099 2806 2152 ad
2858 2114 2914 2154 se
2966 2101 3193 2156 invicem
3247 2100 3483 2166 salvans,
3517 2113 3579 2156 et
3629 2163 3633 2166 ,

1984 2185 2162 2240 omnia
2196 2186 2248 2242 in
2282 2184 2596 2245 fortitudine
2639 2197 2694 2244 et
2741 2187 3016 2255 inﬂexibili
3064 2193 3264 2256 virtute
3312 2193 3378 2248 ad
3414 2209 3567 2259 suam

1985 2291 2170 2344 pacem
2217 2287 2273 2331 et
2321 2279 2760 2350 tranquillitatem
2819 2290 3078 2338 statuens.
3152 2283 3356 2340 Deinde
3424 2287 3570 2342 'mota

1983 2371 2164 2441 omnia
2195 2384 2298 2428 non
2326 2371 2508 2437 silere,
2541 2373 2634 2428 sed
2663 2375 2865 2429 moveri
2898 2390 3117 2444 semper
3143 2390 3332 2431 eorum
3361 2385 3587 2442 motum

1983 2461 2114 2516 vult.
2167 2461 2234 2516 Et
2279 2462 2382 2520 hoc
2430 2467 2700 2533 appetitus
2749 2476 2832 2521 est
2880 2465 3096 2521 divinae
3123 2466 3364 2522 omnium
3394 2468 3569 2538 pacis.

1983 2556 2165 2615 omnia
2217 2557 2269 2612 in
2315 2557 2508 2625 seipsis
2558 2557 2851 2614 incasualia
2903 2558 3196 2621 salvantis,
3245 2568 3301 2615 et
3330 2559 3575 2614 omnium-

1983 2658 2252 2707 motortmt
2285 2650 2664 2720 proprietatem
2697 2660 2750 2704 et
2780 2651 3034 2712 motivam
3077 2653 3272 2713 vitim,
3314 2651 3567 2705 immuta-

1983 2741 2141 2806 bilem
2171 2751 2226 2797 et
2262 2742 2586 2798 incasualem
2617 2743 2993 2813 custodientis,
3027 2743 3080 2797 in
3113 2751 3256 2797 mota
3288 2741 3353 2796 ad
3385 2756 3446 2798 se
3475 2757 3570 2812 pa-

1985 2831 2276 2898 ciﬁcantia,
2299 2843 2354 2888 et
2380 2835 2543 2889 sicsic
2595 2833 2868 2898 habentia,
2900 2833 3104 2905 agendo
3133 2827 3270 2902 quae
3299 2849 3395 2890 sua
3421 2845 3568 2888 sunt.

1985 2921 2044 2978 Si
2069 2933 2248 2979 autem
2283 2928 2576 2980 secundum
2607 2940 2790 2981 casum
2824 2927 2970 2996 pacis
2999 2927 3326 2981 alteritatem
3359 2925 3566 2988 dicens.

1986 3015 2270 3071 conﬁrmat
2290 3032 2396 3072 nou
2428 3032 2548 3073 esse
2575 3018 2825 3072 omnibus
2851 3017 3136 3072 amabilem
3163 3032 3373 3088 pacem,
3397 3018 3570 3088 magis

1985 3107 2202 3176 quidem
2232 3107 2365 3163 nihil
2387 3108 2734 3164 existentium
2762 3122 2900 3170 esse,
2921 3106 3064 3178 quod
3092 3108 3160 3162 ab
3180 3107 3326 3161 omni
3355 3108 3572 3176 penitus

1984 3199 2192 3254 unitate
2242 3199 2455 3254 cecidit.
2529 3199 2680 3267 Quod
2735 3199 2882 3254 enim
2937 3199 3156 3253 omnino
3212 3197 3462 3254 instabile
3515 3209 3603 3252 et-

1985 3289 2236 3355 multum,
2261 3299 2316 3344 et
2338 3290 2733 3354 incollocatum,
2766 3298 2821 3344 et
2853 3288 3142 3352 inﬁnitum,
3171 3302 3344 3359 neque
3370 3285 3430 3347 ὃν
3457 3298 3560 3360 est.

1982 3394 2155 3448 neque
2202 3381 2254 3433 in
2305 3379 2682 3435 existentibus.
2731 3377 2789 3435 Si
2841 3387 3018 3433 autem
3067 3378 3201 3440 tales
3249 3377 3325 3432 ait
3361 3378 3482 3448 paci
3509 3388 3567 3436 et

1980 3471 2130 3539 pacis
2153 3471 2306 3527 bonis
2329 3469 2552 3528 infestos
2580 3485 2733 3536 esse,
2755 3469 3192 3528 contentionibus
3215 3477 3270 3524 et
3296 3467 3570 3533 furoribus

1979 3571 2034 3616 et
2084 3561 2497 3619 alienationibus
2548 3568 2602 3617 et
2651 3559 3093 3630 iustabilitatibus
3135 3560 3469 3631 gaudentes.
3514 3569 3572 3619 ot

1981 3652 2082 3721 ipsi
2115 3653 2516 3725 obscurissimis
2559 3652 2767 3710 umbris
2803 3652 2954 3722 pacis
2981 3653 3448 3731 concupiscentiae
3473 3652 3566 3713 αρτ

1981 3744 2240 3808 tinentur,
2273 3743 2340 3800 ad
2369 3759 2503 3814 quas
2528 3745 2872 3816 passionibus
2905 3745 3103 3802 turbati
3133 3745 3357 3802 multum
3371 3744 3562 3808 mobi-

1979 3833 2120 3892 libus
2145 3876 2158 3900 ,
2203 3844 2258 3892 et
2302 3849 2397 3893 eas
2441 3837 2635 3893 sistere
2675 3836 3074 3906 indisciplinate
3108 3843 3424 3906 appetentes
3449 3874 3466 3900 .
3510 3846 3567 3898 et

1979 3926 2331 3988 aestimantes
2381 3929 2713 3999 plenitudine
2747 3941 2963 3996 semper
2997 3925 3337 3984 retinentium
3373 3928 3564 3997 pacili-

1979 4038 2106 4080 care
2161 4024 2369 4092 seipsos
2441 4020 2798 4075 instructione
2873 4020 3169 4074 tenentium
3225 4019 3564 4089 voluptatum

1979 4115 2342 4184 perturbatos.
2396 4112 2533 4180 Quid
2565 4112 2610 4168 si
2641 4112 2764 4184 quis
2789 4112 2988 4166 dixerit
3017 4111 3085 4166 de
3122 4110 3236 4179 ipsa
3266 4109 3560 4168 secundum

1979 4206 2255 4267 Christum
2284 4202 2506 4277 paciﬂua
2538 4203 2902 4265 humanitate,
2935 4201 3230 4263 secundum
3261 4215 3422 4271 quam
3454 4215 3581 4261 non-

1979 4296 2240 4353 discimus
2282 4294 2459 4352 adhuc
2505 4307 2760 4364 pugnare.
2796 4307 2968 4362 neque
3017 4290 3170 4352 nobis
3205 4289 3354 4360 ipsis,
3389 4303 3566 4357 neque

294 4383 536 4438 solubilis
559 4385 798 4439 omnium
818 4385 1158 4454 complicatio
1186 4386 1474 4444 secundum
1503 4385 1738 4441 divinam
1760 4387 1878 4458 ejus
1911 4400 1956 4459 ι)
1979 4387 2236 4449 invicem.
2259 4399 2433 4454 neque
2460 4382 2684 4454 angelis,
2710 4381 2801 4440 sed
2831 4391 2886 4439 et
2909 4381 3042 4452 ipsis
3069 4381 3247 4442 divina
3272 4394 3370 4449 per
3397 4380 3566 4442 νίῐιιι·

297 4472 631 4530 harmoniam
677 4476 1022 4531 constituitur
1052 4478 1092 4539 ',
1129 4486 1184 4531 et
1232 4476 1640 4547 compaginatur
1683 4493 1875 4540 conso-

297 4564 478 4618 nantia
507 4564 763 4634 perfecta,
790 4576 844 4621 et
873 4582 1189 4629 consensus,
1213 4577 1267 4622 et
1296 4569 1722 4637 congerminatio
1747 4584 1875 4632 con-

294 4672 526 4728 gregans
567 4659 865 4723 inconfuse,
895 4660 1433 4736 inseparabiliterque
1474 4659 1718 4716 confusa.
1748 4662 1877 4722 Per-

295 4753 443 4805 venit
467 4752 609 4806 enim
636 4751 1061 4821 perfectissimae
1089 4752 1238 4822 pacis
1266 4751 1586 4811 universitas
1612 4751 1665 4806 in
1693 4753 1873 4808 omnia

294 4841 610 4905 exiStentia,
635 4841 926 4910 secundum
963 4841 1420 4914 simplicissimum
1449 4841 1566 4911 ejus
1587 4849 1644 4896 et
1669 4840 1874 4898 clarum

298 4929 530 4988 uniﬁcae
557 4933 770 4988 virtutis
805 4932 1116 4997 adventum,
1149 4931 1412 4988 unilicaus
1434 4932 1639 4998 omnia,
1669 4941 1724 4990 et
1753 4947 1883 4994 cou-

293 5020 527 5094 iungens
555 5039 764 5078 summa
796 5038 892 5093 per
921 5024 1098 5092 media
1127 5024 1356 5080 summis
1379 5063 1394 5089 ,
1441 5037 1538 5096 per
1567 5039 1726 5080 uuam
1753 5037 1880 5086 cou-

298 5113 598 5168 naturalem
628 5115 908 5183 coniugata
944 5114 1262 5179 amicitiam,
1286 5123 1340 5170 ct
1359 5113 1562 5184 perfrui
1593 5129 1651 5169 se
1675 5114 1883 5178 donans

297 5204 467 5260 etiam
517 5204 822 5259 novissimis
871 5205 1242 5261 universitatis
1297 5204 1769 5269 extremitatibus,
1827 5216 1884 5262 et

298 5299 480 5353 omnia
502 5306 726 5369 cognata
757 5297 958 5354 faciens
987 5299 1280 5353 unitatibus
1306 5281 1659 5359 naturalibus,
1685 5283 1876 5351 itumit-

300 5389 555 5448 tab'tlibus
584 5388 952 5454 societatibus,
981 5387 1416 5452 adunatiouibus,
1445 5387 1874 5460 congregationi-

300 5483 426 5542 bus,
455 5478 886 5549 inseparabiliter
905 5478 1109 5534 scilicet
1139 5476 1317 5534 divitia
1348 5483 1479 5550 pace
1507 5484 1705 5539 stante,
1735 5477 1876 5531 etab

1982 4484 2088 4532 tem
2149 4473 2577 4547 cooperabimur,
2641 4473 2932 4550 secundum
2991 4471 3384 4542 providentiam
3434 4467 3561 4534 Jesu

1980 4567 2160 4622 omnia
2196 4567 2251 4624 in
2278 4565 2526 4628 omnibus
2556 4566 2860 4635 onerantis,
2897 4575 2949 4619 et
2980 4563 3230 4627 facientis
3256 4577 3446 4643 pacem
3479 4565 3562 4626 iu-

1979 4656 2265 4721 eﬂ‘abiiem,
2306 4665 2360 4716 et
2400 4673 2463 4717 ex
2515 4657 2696 4719 seculo
2725 4656 3200 4726 praedestinatam.
3231 4665 3287 4712 ct
3319 4658 3566 4723 reconci-

1981 4749 2165 4804 liantis
2196 4763 2294 4810 nos
2319 4748 2418 4826 sibi
2445 4749 2549 4820 ipsi
2601 4750 2651 4802 iu
2682 4748 2892 4818 spiritu,
2924 4757 2979 4804 et
3021 4763 3120 4822 per
3147 4747 3383 4818 seipsum
3419 4758 3472 4812 et
3499 4750 3561 4814 in

1982 4843 2099 4911 ipso
2146 4841 2305 4913 patri.
2357 4841 2434 4904 De
2487 4840 2682 4911 quibus
2733 4839 3260 4909 super-eminentibus
3301 4841 3458 4904 donis
3506 4841 3558 4894 in
3611 4893 3615 4896 _

1983 4932 2296 5004 tlteologicis
2319 4932 2728 5000 characteribus
2757 4927 3082 4996 stillicienter
3108 4931 3313 4996 dictum
3339 4938 3444 4995 est,
3476 4940 3561 4993 at-

1984 5023 2296 5086 testantium
2347 5023 2502 5086 nobis
2565 5019 2718 5085 sacra
2780 5021 3116 5091 eloquiorntn
3177 5020 3559 5091 intelligentia.

1981 5114 2245 5182 Quoniam
2274 5114 2519 5172 et'aliud
2569 5127 2652 5166 me
2699 5128 2796 5184 per
2827 5099 3114 5183 epistolam
3167 5111 3558 5182 interrogahas,

1983 5204 2110 5274 quid
2159 5202 2384 5267 forsan,
2434 5202 2647 5273 quando
2696 5204 2816 5260 dico
2859 5219 2954 5273 per
2997 5205 3228 5271 seipsum
3275 5216 3428 5264 esse,
3467 5217 3564 5272 per

1985 5285 2218 5361 seipsatn
2248 5283 2411 5347 vitam
2432 5331 2448 5358 ,
2486 5308 2583 5364 per
2605 5293 2837 5365 seipsant
2869 5293 3211 5364 sapientiam,
3271 5301 3325 5347 et
3360 5293 3427 5346 ad
3470 5308 3558 5348 se-

1977 5383 2152 5459 ,ipsam
2185 5383 2400 5442 dicebas
2428 5382 2696 5448 dubitare,
2745 5384 3012 5456 quomodo
3061 5384 3224 5462 Deum
3275 5384 3562 5463 aliquando

1983 5475 2199 5544 quidem
2246 5475 2420 5549 ipsum
2445 5475 2616 5551 vitam
2657 5476 2810 5543 dico,
2840 5475 3127 5545 aliquando
3171 5490 3301 5548 vero
3341 5493 3437 5550 per
3471 5493 3563 5569 ερ-

1568 5584 1822 5681 multis
1856 5583 2255 5681 chrtortss.

379 5663 392 5693 '
438 5659 526 5715 ΒΗ
563 5661 1066 5732 rapat-speculamur.
1139 5651 1160 5683 '
1200 5661 1241 5716 Α
1270 5658 1310 5715 Ε
1341 5657 1684 5714 substituitur.

3024 5736 3097 5746 μου.
3135 5743 3173 5750 .,
