3978 6160
429 357 560 411 H67

1800 363 2085 423 JOANNIS
2125 359 2323 420 SCOTI

3562 351 3695 414 £168

422 470 593 545 ἱιιεειεη
637 480 775 536 vitae
811 482 1219 540 substitutorem
1251 498 1267 538 :
1298 485 1661 540 necessarium
1696 482 2006 539 aestimavi-
2035 487 2081 542 Α
2113 479 2350 535 dentiam
2382 488 2434 534 et
2463 478 2757 535 bonitatem
2803 475 3158 547 participans
3204 475 3274 532 ab
3315 473 3693 540 existentibus,

423 575 575 637 ιιιιιε,
606 580 793 628 sancte
820 572 915 629 Dei
945 574 1111 629 homo
1133 615 1149 640 ,
1202 584 1257 631 et
1292 575 1393 630 hac
1439 588 1492 629 te
1535 575 1589 630 in
1621 574 1775 630 nobis
1802 573 2014 628 dubita-

431 662 581 722 tione
610 665 909 721 absolvere.
960 664 1026 719 Et
1055 668 1284 737 primum
1331 666 1588 736 quidem,
1640 674 1700 719 ut
1744 663 2016 720 multoties

433 756 579 808 dicta
630 764 686 808 et
724 770 866 809 nunc
897 755 1240 825 recipiamus,
1275 772 1380 810 non
1410 766 1495 811 est
1523 755 1877 817 contrarium,
1918 768 2015 824 per

434 844 665 914 seipsam
710 846 967 901 virtutem
995 886 1010 911 ,
1058 854 1151 901 aut
1197 863 1294 918 per
1342 847 1575 917 seipsam
1622 847 1785 901 vitam
1833 845 2014 900 dicere

432 934 626 998 Deum,
679 943 736 989 et
762 950 857 1006 per
893 937 1124 1006 seipsam
1163 938 1321 1001 vitae,
1354 947 1449 992 aut
1475 938 1645 1006 pacis,
1675 944 1767 990 aut
1798 935 2016 990 virtutis

434 1024 863 1080 substitutorem.
880 1025 1150 1093 Quaedam
1164 1027 1378 1097 quidem
1399 1027 1543 1082 enim
1557 1041 1624 1082 ex
1639 1026 2012 1090 existentibus,

432 1125 490 1172 et
535 1117 771 1172 maxime
813 1132 879 1172 ex
927 1117 1160 1187 primum
1205 1118 1596 1179 existentibus,
1642 1128 1701 1172 ut
1745 1115 2011 1172 causalis’

433 1209 679 1265 omnium
728 1211 1077 1266 existentium
1125 1211 1422 1265 dicuntur:
1456 1210 1722 1280 quaedam
1770 1223 1921 1273 vero,
1956 1216 2016 1263 ut

435 1315 601 1370 super
625 1301 809 1355 omnia
839 1303 1003 1358 etiam
1035 1303 1211 1371 primo
1239 1302 1550 1368 existentia,
1579 1302 1790 1372 superis
1825 1313 2014 1370 super-

433 1393 815 1448 essentialiter.
851 1392 993 1460 Quid
1024 1404 1203 1450 autem
1238 1395 1480 1460 omnino,
1514 1393 1716 1464 inquis,
1747 1392 1891 1462 quod
1919 1406 2017 1463 per

433 1485 671 1555 seipsum
697 1500 818 1541 esse
843 1486 1044 1541 dictum
1060 1494 1171 1553 est,
1201 1497 1292 1542 aut
1319 1502 1417 1557 per
1441 1487 1674 1556 seipsam
1703 1486 1894 1549 vitam,
1924 1492 2018 1538 aut

433 1591 791 1648 quaecunque
819 1577 1062 1633 absolute
1114 1587 1170 1633 et
1219 1578 1589 1650 principaliter
1631 1592 1773 1641 esse,
1809 1591 1875 1632 ex
1906 1574 2016 1632 Deo

434 1666 686 1736 primitus
715 1667 1093 1724 substituisse'
1124 1670 1489 1740 exposuimus.
1530 1668 1643 1724 lloc
1673 1679 1852 1723 autem
1880 1667 2016 1723 dici-

434 1774 580 1823 mus,
607 1768 820 1814 nonest
847 1776 1092 1831 pravum,
1131 1763 1226 1817 sed
1256 1771 1484 1827 rectum,
1517 1772 1571 1816 et
1599 1761 1894 1831 simplicem
1927 1762 2018 1815 de-

2112 586 2175 627 ex
2226 571 2336 626 Deo
2386 585 2495 626 non
2543 569 2900 640 partieipante
2943 568 3326 638 provenientes
3356 565 3575 637 copiosa
3609 563 3695 620 fu-

2112 664 2285 729 sione,
2315 671 2370 718 et
2398 669 2856 733 superscatcntes,
2896 671 2955 716 ut
3004 660 3234 733 diligens
3279 659 3525 714 omnium
3568 672 3695 713 cau-

2112 754 2243 811 salis
2267 755 2549 810 summitas
2572 754 2836 818 omnium,
2865 761 2921 807 et
2942 749 3421 822 superessentiale,
3444 759 3500 803 et
3518 763 3701 819 super-

2114 843 2362 900 naturale
2390 844 2609 899 omnino
2637 841 3018 912 superexcellit
3042 856 3131 907 ea,
3162 854 3305 910 quae
3344 848 3475 894 sunt
3508 852 3699 893 secun-

2114 933 2241 987 dum
2269 932 2702 1003 qualemcunque
2730 931 3022 987 essentiam
3053 938 3109 985 et
3140 938 3414 984 naturam.

2623 1033 3025 1090 CAPITULUM
3077 1032 3189 1087 Xll.

2116 1129 2192 1184 De
2203 1139 2384 1183 sancto
2405 1135 2730 1189 sanctorum,
2747 1142 2865 1194 rege
2888 1141 3086 1194 regum,
3114 1123 3326 1178 domino
3350 1123 3703 1185 dominorum,

2725 1194 2835 1249 Deo
2859 1195 3100 1249 deorum.

2188 1311 2296 1368 Sed
2338 1309 2597 1381 quoniam
2626 1308 2845 1379 quidem
2894 1306 2964 1362 de
3012 1305 3098 1361 his
3125 1317 3480 1374 quaecunque
3525 1301 3710 1356 dicere

2117 1404 2422 1477 Oportebat,
2479 1408 2878 1473 contpctcntem
2934 1407 3301 1469 acceperunt,
3347 1403 3405 1450 nt
3447 1394 3707 1458 arbitror,

2119 1497 2280 1551 ﬁnem
2306 1535 2321 1560 ,
2347 1493 2647 1548 laudandus
2685 1500 2772 1547 est
2804 1490 3355 1560 nobis.magnivocus
3392 1495 3453 1541 ut
3483 1492 3711 1540 sanctus

2120 1596 2456 1652 sanctorum,
2478 1593 2534 1640 et
2562 1580 2660 1640 rei
2689 1583 3057 1655 regnantium,
3079 1589 3135 1636 et
3163 1595 3395 1650 regnans
3418 1580 3469 1632 in
3497 1575 3710 1640 secula,

2120 1688 2174 1734 et
2194 1694 2357 1748 super
2376 1676 2580 1740 secula,
2602 1683 2658 1729 et
2676 1673 2874 1737 adhuc,
2895 1681 2952 1728 et
2970 1678 3033 1726 ut
3054 1670 3315 1726 Dominus
3339 1668 3711 1731 dominorum,

2122 1778 2176 1824 et
2203 1768 2347 1824 Deus
2400 1769 2622 1823 deorum
2650 1771 2697 1818 ⁸.
2754 1763 2820 1818 Et
2845 1763 3081 1833 primum
3129 1760 3346 1831 quidem
3399 1758 3710 1819 dicendum,

434 1847 783 1905 clarationem
828 1850 1006 1907 habet.
1055 1851 1171 1907 Non
1218 1853 1361 1907 enim
1409 1854 1703 1908 essentiam
1749 1854 2019 1923 quandam
2054 1834 2096 1893 Β
2126 1863 2254 1933 quid
2287 1876 2383 1931 per
2412 1861 2645 1931 seipsam
2674 1856 3021 1912 sanctitatem
3047 1866 3167 1909 esse
3196 1853 3546 1914 arbitramur.
3574 1849 3715 1919 quid

435 1940 675 1995 divinam
723 1952 818 1996 aut
862 1942 1159 2013 angelicam
1206 1958 1327 1999 esse
1371 1943 1633 2010 dicimus,
1663 1959 1759 2014 per
1789 1944 2023 2013 seipsam

354 2069 366 2082 .
434 2034 666 2088 essendo
699 2036 912 2089 essendi
956 2049 1098 2104 quae
1137 2044 1262 2090 sunt
1305 2037 1487 2091 omnia
1533 2051 1785 2102 causam;
1824 2035 2024 2091 solum-

436 2121 602 2178 modo
629 2123 771 2176 enim
805 2124 1020 2179 essendi
1046 2125 1231 2179 omnia
1261 2140 1401 2195 quae
1437 2134 1584 2189 sunt,
1619 2133 1674 2180 et
1705 2124 1878 2196 ipsum
1903 2139 2024 2180 esse

437 2213 887 2283 superessentiale
916 2215 1273 2286 principium,
1313 2227 1368 2271 et
1396 2218 1714 2284 essentiam,
1747 2227 1801 2272 et
1829 2231 2021 2273 causa-

436 2304 600 2360 lem'.
644 2304 829 2375 Neque
873 2306 1017 2362 vitae
1057 2318 1337 2378 parentem
1367 2305 1527 2364 aliam
1557 2308 1839 2375 deitatem,
1869 2322 2025 2380 prae-

435 2408 522 2453 ter
548 2400 949 2468 superdivinam
1001 2401 1242 2455 omnium
1291 2416 1645 2472 quaecunque
1693 2402 1922 2468 vivunt,
1970 2410 2027 2457 et

437 2489 617 2545 editae
648 2490 791 2545 vitae
821 2504 1044 2547 causam
1081 2492 1270 2547 vitam.
1318 2490 1504 2562 Neque
1551 2491 1891 2564 colligentem
1941 2491 2025 2548 di-

437 2582 671 2638 cendum
700 2582 1028 2653 principales
1057 2561 1487 2640 existentinmet
1514 2561 1807 2640 creatrices
1831 2597 2021 2640 essen-

438 2675 547 2729 tias
575 2684 631 2729 et
675 2676 1010 2732 substantias
1032 2717 1047 2742 ,
1095 2692 1231 2748 quas
1260 2676 1482 2747 quidam
1511 2684 1569 2732 et
1613 2676 1744 2732 deos
1788 2676 2025 2732 existen-

438 2767 575 2821 tium
598 2774 655 2821 et
679 2775 957 2823 creatures
998 2777 1276 2838 promptos
1322 2767 1608 2825 centestim
1654 2765 2020 2838 perfecerunt,

437 2871 576 2925 quos
598 2870 724 2910 vere
752 2866 808 2911 et
833 2857 1050 2927 proprie
1077 2857 1384 2921 dicendum,
1417 2872 1592 2927 neque
1618 2856 1717 2927 ipsi
1750 2854 2018 2910 formave-

438 2960 567 3005 runt
593 2964 701 3005 non
729 2951 1055 3015 existentes,
1099 2947 1282 3020 neque
1324 2959 1506 3020 patres
1535 2963 1745 3005 eorum.
1792 2946 1897 3002 Sed
1926 2960 2022 3016 per

438 3042 677 3112 seipsam
703 3057 843 3109 esse,
870 3050 924 3097 et
948 3057 1046 3111 per
1076 3043 1311 3111 seipsam
1342 3041 1529 3105 vitam,
1556 3050 1611 3095 et
1657 3053 1756 3108 per
1787 3036 2022 3108 seipsam

440 3135 706 3191 deitatem
746 3136 975 3219 dicimus
1004 3132 1379 3206 principaliter
1417 3132 1632 3202 quidem
1660 3138 1715 3185 et
1742 3126 2020 3184 deilormi-

2126 1969 2381 2026 regnum,
2413 1951 2541 2021 quid
2577 1948 2999 2017 dominationem
3028 1986 3045 2011 ,
3076 1944 3203 2015 quid
3230 1942 3565 1997 divinitatem
3591 1980 3606 2003 ,
3662 1948 3715 1994 et

2125 2045 2254 2117 quid
2292 2044 2479 2101 volunt
2513 2041 2794 2098 declarare
2827 2037 3041 2108 eloquia
3075 2033 3437 2105 thtplicatione
3465 2031 3715 2087 existen-

2127 2141 2262 2195 tium
2295 2139 2344 2192 ι’.
2375 2136 2649 2193 Sanctitas
2670 2133 2838 2204 igitur
2868 2138 2972 2196 est,
3000 2136 3259 2200 quantum
3291 2122 3582 2181 secundum
3609 2136 3713 2177 nos

2124 2230 2429 2292 dicendum,
2458 2227 2606 2284 omni
2640 2224 3017 2295 inquinatione
3043 2221 3214 2277 libera
3240 2228 3295 2275 et
3317 2216 3708 2290 perfectissima

2125 2333 2180 2379 ct
2203 2316 2783 2378 incontaminatissima
2804 2314 3032 2384 puritas.
3055 2312 3303 2383 Regnum
3326 2317 3503 2364 autem
3530 2307 3711 2362 omnis

2125 2418 2251 2473 ﬁnis
2276 2424 2332 2471 et
2358 2420 2582 2471 ornatus
2607 2419 2665 2467 et
2689 2407 2827 2482 legis
2852 2417 2909 2463 et
2936 2406 3144 2463 ordinis
3166 2404 3498 2461 distributio.
3528 2401 3711 2457 Domi-

2125 2519 2290 2565 natus
2315 2522 2447 2562 vero
2496 2518 2602 2561 non
2631 2502 2969 2559 subditorum
3002 2498 3325 2555 excellentia
3355 2503 3594 2559 tantum,
3621 2494 3713 2548 sed

2107 2607 2181 2677 et
2207 2597 2385 2653 omnis
2422 2605 2476 2651 et
2520 2593 2786 2649 bonorum
2839 2599 2895 2645 et
2944 2589 3275 2659 optimorum
3318 2583 3712 2656 perfectissima

2125 2699 2181 2746 et
2207 2687 2515 2746 omnimoda
2557 2683 2835 2756 possessio
2859 2723 2873 2748 ,
2908 2689 2964 2737 et
2988 2692 3115 2736 vera
3144 2686 3201 2734 et
3238 2675 3597 2732 immutabilis
3625 2673 3715 2727 ﬁr-

2124 2782 2287 2837 mitas
2324 2798 2335 2833 :
2370 2781 2598 2849 propter
2621 2775 2766 2846 quod
2820 2784 2878 2829 ct
2921 2773 3229 2829 dominatus
3279 2784 3311 2823 a
3363 2766 3619 2831 Domino,
3662 2774 3718 2819 et

2126 2869 2457 2929 dominabile
2481 2908 2495 2934 ,
2528 2878 2584 2923 et
2631 2864 2921 2922 dominari.
2963 2863 3148 2917 Deitas
3201 2874 3333 2915 vero
3374 2856 3562 2912 omnia
3594 2870 3719 2911 cou-

2127 2961 2373 3017 siderans
2398 2957 2742 3028 providentia
2775 2965 2833 3011 et
2879 2953 3122 3009 bonitate
3162 2949 3424 3021 perfecta,
3451 2957 3508 3002 et
3529 2945 3716 3001 omnia

2126 3048 2575 3120 circumspiciens
2616 3056 2673 3103 et
2715 3046 3025 3110 continens,
3044 3051 3107 3099 et
3149 3057 3180 3097 a
3224 3042 3399 3110 seipsa
3427 3038 3719 3108 replenset

2127 3154 2390 3212 superans
2420 3138 2602 3195 omnia
2652 3136 2998 3207 providentia
3027 3146 3123 3188 sua
3148 3129 3404 3186 fruentia.
3445 3127 3598 3182 Haec
3628 3127 3717 3192 ἰπὶ·

439 3237 528 3281 ter
556 3236 610 3281 et
661 3204 955 3282 causaliter
993 3240 1158 3281 unum
1204 3226 1445 3281 omnium
1478 3218 1941 3292 superprincipale
1967 3226 2021 3273 et

2129 3189 2224 3289 tu;
2235 3232 2415 3288 omnia
2436 3231 2490 3285 in
2507 3189 2959 3300 superrexcellenti
2972 3238 3140 3281 causa
3164 3219 3409 3276 absolute
3423 3217 3711 3273 laudantia.

441 3319 897 3388 superessentiale
924 3320 1247 3390 principium
1275 3328 1331 3375 et
1356 3332 1599 3374 causam.
1629 3313 2025 3386 Partieipaliter

440 3421 625 3465 autem
669 3410 845 3466 editas
887 3424 953 3465 ex
1022 3411 1128 3466 Deo
1191 3425 1297 3465 non
1363 3408 1724 3480 partieipante
1771 3404 2025 3476 providae

439 3503 672 3557 virtutes
696 3542 710 3565 ,
753 3516 851 3572 per
891 3501 1124 3572 seipsam
1171 3500 1565 3555 deiﬁcationem
1591 3538 1607 3564 ,
1652 3512 1748 3567 per
1790 3496 2024 3565 seipsam

440 3590 861 3646 vivilieationem
885 3633 899 3655 ,
949 3605 1051 3660 per
1092 3590 1323 3659 seipsam
1387 3586 1784 3643 deiﬁcationem
1800 3585 1840 3652 ⁵,
1889 3599 2026 3655 quas

441 3684 745 3738 existentia.
779 3685 997 3753 proprie
1037 3681 1388 3749 sibimetipsis
1424 3678 1774 3751 participant,
1822 3687 1879 3731 et
1912 3678 2025 3733 exi-

445 3775 665 3840 stentia,
684 3786 739 3830 et
764 3774 1093 3837 viventia,et
1117 3773 1319 3838 divina,
1345 3781 1401 3827 et
1429 3779 1577 3839 sunt,
1603 3780 1656 3827 et
1680 3771 1952 3833 dicuntur,
1972 3777 2027 3825 et

443 3866 555 3923 alia
582 3866 856 3921 simil-iter.
899 3864 1131 3919 Proinde
1163 3874 1218 3919 et
1258 3865 1554 3934 primarum
1600 3864 1837 3934 ipsarum
1881 3863 2022 3933 opti-

446 3974 569 4015 mus
588 3958 911 4013 substitutor
932 3956 1131 4011 dicitur
1157 3972 1299 4022 esse,
1322 3956 1514 4011 deinde
1539 3963 1771 4011 totarum
1814 3970 2025 4019 earum,

447 4047 641 4104 deinde
676 4047 1084 4119 particularium
1116 4048 1371 4119 ipsarum,
1405 4047 1598 4102 deinde
1631 4054 1864 4101 totarum
1887 4046 2027 4115 ipsa-

444 4155 569 4196 rum
600 4138 1097 4210 participationem,
1127 4138 1324 4192 deinde
1355 4137 1757 4208 particulariter
1788 4149 1976 4190 earum
2004 4134 2026 4166 ⁸

443 4232 909 4304 participantium.
931 4230 999 4284 Et
1019 4230 1147 4301 quid
1161 4238 1373 4301 oportet
1393 4230 1457 4285 de
1476 4230 1562 4284 his
1584 4230 1788 4294 dicere,
1812 4226 2029 4298 quando

447 4328 673 4398 quidam
706 4328 1031 4382 ‘divinorum
1056 4334 1369 4380 nostrorum
1418 4338 1700 4379 sacrorum
1747 4324 2031 4393 magistro-

445 4433 589 4480 rum,
646 4427 702 4473 et
742 4432 840 4487 per
874 4418 1106 4488 seipsam
1150 4413 1409 4471 bonitatis
1463 4422 1520 4470 et
1568 4412 1793 4468 deitatis
1831 4412 2029 4467 substi-

2128 3326 2196 3381 Et
2225 3322 2564 3386 addendum,
2619 3320 2735 3390 ipsa
2785 3314 3196 3387 supereminens
3237 3320 3322 3367 est
3350 3308 3641 3373 sanctitas,
3664 3314 3716 3361 et

2126 3417 2437 3473 dominatus
2459 3454 2473 3479 ,
2513 3422 2576 3468 et
2600 3425 2826 3482 regnum
2852 3449 2866 3475 ,
2898 3417 2957 3464 et
2996 3401 3483 3477 superincumbens
3507 3409 3565 3455 et
3591 3399 3716 3454 sim-

2124 3507 2420 3581 plicissima
2455 3505 2648 3560 deitas.
2680 3501 2895 3557 Etenim
2922 3515 2984 3556 ex
3012 3500 3128 3569 ipsa
3150 3498 3203 3551 in
3230 3509 3340 3549 uno
3367 3502 3424 3550 et
3447 3490 3715 3547 cumulate

2129 3602 2373 3658 nascitur
2402 3608 2458 3655 et
2483 3595 2832 3653 distribuitur
2861 3592 3039 3649 omnis
3068 3590 3215 3646 clara
3240 3584 3523 3657 diligentia
3554 3583 3715 3638 totius

2124 3689 2378 3749 sincerae
2402 3688 2680 3762 puritatis,
2709 3686 2887 3741 omnis
2915 3683 3264 3739 existentinm
3286 3688 3343 3733 et
3368 3674 3642 3733 ordinatio
3662 3683 3716 3725 et

2126 3783 2410 3855 dispositio
2433 3823 2447 3844 ,
2472 3777 2962 3835 inconvenientiam
2986 3783 3039 3829 et
3065 3769 3511 3841 inaequalitatem
3532 3775 3589 3822 et
3622 3766 3717 3819 im.

2128 3873 2648 3930 tnensurabilitatem
2692 3868 3099 3928 exterminans,
3140 3873 3195 3919 et
3235 3864 3287 3917 in
3337 3861 3478 3915 bene
3502 3857 3717 3914 ordina-

2129 3974 2240 4018 tam
2292 3960 2699 4017 similitudinem
2731 3964 2786 4013 et
2822 3954 3201 4011 rectitudinem
3251 3950 3640 4021 resplendens,
3666 3957 3720 4000 et

2131 4053 2544 4109 circumducens
2568 4048 2896 4120 participare
2924 4060 2983 4101 se
3011 4044 3172 4115 digne
3202 4041 3345 4096 facta
3365 4039 3576 4095 :omnis
3601 4052 3721 4107 per-

2130 4144 2314 4213 lectio,
2355 4153 2412 4199 et
2443 4143 2686 4199 omnium
2739 4142 3004 4195 bonorum
3055 4135 3370 4192 omnimoda
3421 4130 3719 4201 possessio,

2129 4237 2310 4293 omnis
2359 4235 2561 4305 optima
2612 4228 2994 4300 contemplatio
3037 4236 3093 4281 et
3128 4222 3469 4280 continuatio
3511 4234 3719 4281 eorum,

2131 4341 2271 4398 quae
2295 4324 2513 4397 provisa
2555 4331 2703 4385 sunt,
2741 4320 2975 4390 seipsam
2999 4317 3262 4372 divinitus
3284 4313 3492 4368 addens
3512 4311 3580 4365 ad
3605 4309 3721 4364 dei-

2134 4418 2438 4475 licationem
2469 4412 2914 4471 desiderantium.
2947 4408 3217 4478 Quoniam
3263 4419 3394 4460 vero
3437 4400 3720 4472 superple—

444 4507 705 4563 tutricem
765 4510 918 4562 aiunt
957 4506 1240 4578 plusquam
1297 4505 1559 4576 optimam
1640 4511 1696 4558 et
1742 4502 2021 4573 plusquam

2133 4510 2321 4567 nitudo
2373 4507 2615 4562 omnium
2672 4512 2758 4559 est
2807 4501 3047 4558 omnium
3108 4495 3378 4561 causalis,
3423 4491 3721 4549 secundum

446 4598 684 4654 divinam
732 4613 830 4669 per
857 4598 1089 4669 seipsam
1120 4598 1416 4654 bonitatem
1452 4606 1507 4652 et
1543 4597 1878 4652 divinitatem
1898 4636 1914 4663 ,
1945 4596 2026 4652 dio

444 4698 634 4745 centes
661 4704 782 4744 esse
808 4689 1110 4746 beneﬁcam
1131 4698 1189 4744 et
1216 4688 1463 4744 deificam
1492 4703 1559 4743 ex
1595 4687 1705 4743 Deo
1732 4687 2023 4757 proceden-

443 4790 555 4836 tem
575 4780 944 4847 donationem,
958 4792 1014 4837 et
1038 4797 1134 4852 per
1153 4782 1395 4853 seipsam.
1410 4779 1772 4850 formam,per
1793 4779 2025 4849 seipsam

442 4871 771 4927 formiﬁeam
809 4870 1101 4935 fusionem,
1134 4881 1190 4927 et
1219 4880 1384 4928 totam
1414 4864 1674 4936 formam,
1703 4880 1760 4926 et
1786 4870 2024 4941 particu-

442 4962 615 5019 larem
644 4960 900 5030 formam,
928 4972 985 5019 et
1009 4962 1392 5020 universaliter
1415 4961 1578 5029 bona,
1605 4969 1660 5017 et
1684 4959 2026 5032 particulari-

444 5064 531 5112 ter
554 5054 696 5111 bona
724 5054 748 5088 ⁸
777 5068 795 5109 :
824 5063 881 5111 et
908 5069 1261 5127 quaecunque
1294 5055 1405 5111 alia
1452 5053 1748 5112 secundum
1793 5052 2024 5108 eundem

441 5145 588 5203 dicta
640 5153 768 5203 sunt
810 5154 865 5201 et
909 5143 1160 5202 dicentur
1208 5146 1447 5211 modum,
1491 5143 1821 5202 declarantia
1845 5143 2030 5216 provi-

2131 4614 2296 4656 unam
2323 4596 2507 4653 omnia
2536 4602 2880 4665 superantem
2905 4587 3304 4648 excellentiam,
3336 4592 3567 4639 sanctus
3594 4594 3720 4635 sau-

2129 4700 2340 4747 ctorum
2371 4685 2641 4748 laudatur,
2681 4691 2736 4737 et
2773 4689 2976 4744 cetera,
3007 4678 3303 4732 secundum
3329 4684 3721 4743 supermun-

2130 4791 2241 4836 tem
2272 4780 2293 4811 ’
2327 4790 2548 4833 causam
2588 4783 2644 4827 et
2677 4770 2974 4826 exaltatam
3006 4764 3521 4838 supereminentiam
3551 4779 3565 4813 :
3603 4769 3722 4813 tan-

2132 4884 2294 4943 quam
2322 4868 2368 4923 si
2390 4868 2511 4937 quis
2536 4863 2735 4919 dixerit
2761 4878 2777 4916 :
2810 4859 3082 4928 Quantum
3111 4865 3334 4928 superat
3357 4868 3468 4910 non
3487 4852 3720 4910 existen-

2134 4938 2277 5019 tibus
2325 4954 2613 5014 existentia
2656 4960 2861 5015 sancta,
2906 4950 3109 5013 divina,
3159 4946 3418 5017 domina,
3471 4938 3670 5014 regalis
3702 4979 3718 5000 ,

2131 5066 2186 5111 et
2213 5055 2327 5124 ipsa
2358 5045 2735 5122 participantia
2762 5086 2778 5111 ,
2825 5044 2975 5114 ipsae
3002 5056 3103 5111 per
3138 5054 3199 5095 se
3236 5033 3715 5124 participationem

2132 5117 2846 5210 tantum-supereollocatur
2892 5132 3148 5187 omnibus
3192 5125 3556 5184 existentibus
3578 5161 3591 5187 ,
3624 5117 3721 5189 qui

1738 5299 1994 5357 VARIAE
2029 5294 2432 5356 LECTIONES.

515 5439 531 5469 ¹
572 5436 660 5492 Bll
692 5436 951 5492 causulas.

1040 5444 1066 5473 ε
1098 5451 1160 5488 ea:
1204 5432 1311 5489 Dee
1332 5432 1573 5502 primitus
1597 5432 1922 5486 subslituisse
1950 5446 2058 5485 om.
2092 5429 2203 5484 BH.

2299 5428 2320 5459 ³
2339 5426 2431 5481 AE
2456 5422 2687 5478 causale.
2766 5426 2788 5457 ι
2822 5434 2913 5490 per
2935 5414 3157 5490 seipsam
3182 5413 3600 5490 siviﬁcatiom,
3625 5421 3722 5490 ξεῖ

444 5476 664 5575 μίρεῖίᾶ
692 5476 1080 5576 HESSQEénem
1098 5476 2311 5572 26M“5,}a'ﬂiéiiiaii3325517b'rum
2339 5476 2631 5552 613.
2710 5492 2732 5523 ⁸
2765 5476 3227 5559 σι’ρατιὶεἱιιαήιιτ
3250 5476 3385 5538 bona
3416 5496 3527 5539 om.
3555 5476 3715 5533 codd.

444 5582 462 5613 τ
497 5578 588 5633 ΙΣΗ
614 5591 1079 5648 διιρρνηιηηθηῖιηη.

2514 5578 2537 5607 δ

1944 5663 2202 5721 NOTAE.

488 5790 547 5855 4⁸
589 5780 717 5833 Dan.
753 5781 838 5843 IX;
871 5783 1032 5851 Apin".
1064 5782 1204 5836 XIX".

2200 5779 2228 5818 ιτ
2269 5777 2402 5832 Dan.
2421 5774 2509 5842 1V;
2540 5773 2658 5830 lsai.
2678 5770 2767 5838 IX;
2795 5771 2954 5828 Mich.
2979 5772 3035 5839 \';
3055 5768 3216 5824 lat-lt.
3237 5766 3328 5831 IX;
3353 5766 3522 5838 Apoc.
3550 5758 3717 5817 Χνυ..
