3978 6160
294 297 437 365 1169

934 298 1184 364 VERSIO
1219 300 1507 362 OPERUM
1545 301 1604 361 S.
1644 297 1964 360 DlONYSll.
2004 328 2074 339 ——
2113 291 2201 354 DE
2240 297 2489 356 DlVlNlS
2526 291 2917 355 NOMINIBUS.

3436 286 3574 347 H70

293 430 380 478 est
408 415 572 492 stiper
602 417 785 475 omnia
816 419 1134 487 existentia,
1172 419 1413 475 omnium
1442 415 1886 489 participantium
1916 417 1963 478 Α
1993 417 2117 487 quia
2146 416 2439 472 secundum
2464 431 2631 471 unum
2660 411 3081 483 uniuscujusque
3106 406 3468 482 praecogitata
3493 421 3578 468 est

295 523 350 568 et
376 511 856 583 participationum
887 525 993 566 non
1025 511 1358 581 participans
1380 507 1630 563 causalis.
1661 506 1892 562 Sanctos

297 615 480 662 autem
520 615 577 661 et
616 618 773 675 reges
798 614 853 660 et
886 604 1135 659 dominos
1175 611 1230 659 et
1273 602 1403 657 deos
1431 607 1628 655 vocant
1678 598 1891 669 eloquia

301 699 450 771 ipsas
487 697 540 752 in
591 696 819 768 singulis
861 696 1276 768 principaliores
1322 694 1702 765 di5positiones
1729 733 1744 758 ,
1799 706 1898 762 per

300 789 740 870 quassecundae
790 802 857 843 ex
915 789 1011 843 Dei
1067 789 1224 843 donis
1266 787 1623 856 accipientes,
1683 784 1895 840 illarum

304 881 704 939 distributionis
749 880 1153 952 simplicitatem
1203 881 1347 937 circa
1399 895 1527 936 suos
1567 878 1898 934 differentias

314 972 721 1042 multiplicant,
755 987 986 1042 quarum
1026 980 1363 1043 praestantes
1410 971 1729 1026 varietatem
1775 984 1903 1041 pro-

302 1061 431 1118 vEde
459 1073 515 1117 et
542 1060 878 1117 deiformiter
902 1062 970 1117 ad
1004 1062 1268 1116 unitatem
1302 1061 1499 1132 ipsam,
1527 1075 1665 1131 quae
1693 1068 1781 1115 est
1808 1074 1900 1114 ea-

307 1168 452 1219 rum,
482 1159 836 1222 congregant.

803 1282 1204 1341 CAPITULUM
1248 1284 1387 1339 χιιι.

805 1394 885 1450 De
921 1395 1148 1466 perfecto
1187 1406 1235 1450 et
1275 1411 1402 1450 uno.

388 1507 567 1562 Tanta
617 1515 671 1562 et
720 1506 789 1562 de
844 1507 949 1562 his.
1005 1507 1062 1562 In
1106 1507 1212 1562 hoc
1268 1515 1447 1562 autem
1498 1506 1811 1572 residuum,
1859 1504 1906 1561 si

314 1602 557 1662 videtur,
607 1613 858 1653 sermone
897 1580 1249 1653 fortissimtim
1302 1597 1650 1653 collocemus.
1696 1596 1906 1651 Etenim

320 1689 595 1759 theologia
643 1690 709 1744 de
759 1688 1000 1743 omnium
1051 1704 1215 1744 causa
1276 1699 1332 1742 et
1388 1689 1597 1752 omnia,
1645 1696 1695 1742 et
1749 1684 1909 1740 simul

1994 508 2222 577 species,
2262 508 2417 563 uuire
2454 508 2654 563 dicitur
2696 507 2868 573 unita,
2909 515 2993 561 est
3015 503 3253 559 onmium
3296 510 3383 557 est
3412 516 3579 555 unum

1995 600 2290 671 exemplar,
2320 609 2376 655 et
2405 601 2451 655 si
2483 599 2765 654 interimas
2802 612 2990 661 unum,
3017 610 3194 665 neque
3231 592 3579 654 universitas,

1997 708 2173 764 neque
2208 708 2337 764 pars
2369 694 2410 760 ⁸,
2451 706 2626 762 neque
2652 690 2797 746 aliud
2834 689 3035 759 aliquid
3063 687 3408 743 existentium
3435 685 3580 741 erit:

1996 782 2174 841 omnia
2203 785 2346 839 enim
2390 783 2442 837 in
2479 783 2656 853 seipso
2686 795 2851 835 unum
2896 779 3240 834 uniformiter
3266 774 3585 846 praeambit

1996 887 2051 932 et
2097 875 2609 946 circumprehendit.
2667 873 2788 943 Ipsa
2853 872 3017 943 igitur
3085 868 3352 939 theologia
3418 876 3586 921 totam

2001 968 2354 1030 thearchiam,
2380 975 2441 1022 ut
2474 966 2716 1021 omnium
2748 981 2984 1028 causam,
3035 963 3219 1017 laudat
3244 960 3401 1014 unius
3429 973 3588 1012 voca-

1998 1060 2145 1125 bulo,
2200 1069 2250 1115 et
2284 1074 2421 1114 unus
2467 1059 2608 1113 Deus
2637 1068 2810 1127 pater,
2845 1065 2901 1111 et
2949 1070 3088 1109 unus
3140 1050 3397 1107 Dominus
3430 1047 3587 1103 Jesus

2001 1150 2266 1214 Christus,
2309 1164 2449 1203 unus
2498 1156 2677 1202 autem
2732 1155 2786 1202 et
2830 1146 2944 1217 ipse
2994 1143 3237 1214 spiritus,
3273 1155 3369 1209 per
3398 1153 3587 1207 super-

2002 1240 2351 1295 excellcntcm
2385 1239 2547 1293 totius
2574 1237 2788 1291 divinae
2814 1235 3036 1290 unitatis
3081 1229 3587 1303 impartihilitatem,

2003 1331 2056 1386 in
2089 1347 2191 1402 qua
2235 1331 2414 1386 omnia
2467 1328 2815 1399 singulariter
2859 1333 3273 1386 connectuntur,
3305 1329 3361 1374 et
3400 1333 3590 1388 super-

2003 1424 2282 1484 uniuntur,
2337 1429 2391 1474 et
2445 1417 2599 1473 adest
2650 1413 3190 1486 superessentialiter.
3251 1407 3482 1464 Proinde
3540 1413 3598 1460 et

2004 1512 2186 1567 omnia
2239 1510 2291 1565 in
2326 1509 2495 1578 ipsam
2543 1505 2691 1575 juste
2747 1505 3097 1560 remittuntur
3149 1508 3206 1555 et
3264 1498 3594 1560 referuntur,

2007 1604 2106 1659 sub
2142 1616 2268 1672 qua,
2315 1610 2369 1655 et
2408 1615 2475 1653 ex
2513 1614 2640 1668 qua,
2670 1606 2726 1652 et
2764 1610 2859 1665 per
2899 1610 3084 1665 quam,
3114 1601 3169 1647 et
3199 1592 3252 1647 in
3283 1605 3412 1661 qua,
3453 1597 3510 1644 et
3542 1588 3598 1643 in

2009 1710 2172 1766 quam
2212 1692 2395 1749 omnia
2439 1700 2583 1755 sunt.
2619 1698 2673 1746 et
2726 1690 3131 1751 coordiuantur,
3179 1689 3497 1746 etmaneat,
3543 1689 3602 1736 et

317 1783 500 1836 omnia
547 1781 867 1850 praedicat,
923 1788 979 1835 et
1036 1789 1094 1834 ut
1140 1779 1437 1850 perfectum
1483 1779 1693 1845 solum,
1741 1789 1795 1832 et
1850 1787 1910 1832 ut

2025 1788 2375 1850 :ontiuentur,
2412 1793 2466 1838 et
2494 1782 2793 1853 replentur,
2841 1787 2897 1835 et
2935 1784 3359 1834 convertuntur:
3403 1782 3459 1829 et
3491 1786 3601 1828 non

321 1889 491 1928 unum
517 1873 718 1927 laudat.
744 1868 1048 1928 Perfectum
1078 1874 1293 1942 quidem
1317 1889 1447 1944 ergo
1468 1883 1570 1938 est,
1599 1888 1704 1927 non
1731 1873 1904 1927 solum

319 1975 381 2018 ut
420 1980 515 2031 per
550 1965 786 2034 seipsum
840 1962 1145 2033 perfectum
1173 2003 1190 2030 ,
1244 1963 1542 2018 Secundum
1594 1964 1829 2032 seipsum
1877 1979 1908 2017 a

321 2058 502 2127 seipse
537 2055 881 2111 uniformiter
911 2065 1276 2126 segregatum,
1310 2066 1366 2110 et
1410 2064 1579 2109 totum
1610 2071 1706 2125 per
1742 2063 1910 2110 totum

323 2146 820 2217 perfectissimum,
863 2148 957 2201 sed
997 2158 1053 2201 et
1102 2146 1386 2217 plusquam
1433 2146 1773 2216 perfectum,
1822 2161 1911 2201 se-

323 2238 561 2293 cundum
603 2238 846 2292 omnium
887 2236 1291 2303 excellentiam,
1322 2245 1374 2293 el
1433 2252 1647 2293 omnem
1699 2239 1911 2309 quidem

329 2329 730 2384 multitudinem
787 2329 1134 2393 terminans,
1205 2329 1351 2400 omni
1414 2344 1547 2384 vero
1613 2329 1914 2384 summitati

330 2433 820 2489 superexpansum,
850 2431 905 2474 et
947 2435 975 2473 a
1038 2419 1188 2474 nullo
1227 2418 1461 2473 locatum
1521 2426 1616 2473 aut
1670 2434 1919 2489 compre-

334 2509 606 2576 hensum,
658 2510 753 2565 sed
804 2519 1083 2564 extentum
1123 2509 1178 2564 in
1217 2509 1402 2564 omnia
1444 2508 1607 2564 simul
1653 2517 1708 2563 et
1757 2524 1919 2579 super

330 2603 514 2658 omnia
571 2618 677 2658 non
712 2602 1089 2659 deﬁcientibus
1118 2603 1423 2673 augmentis
1456 2610 1511 2658 et
1539 2601 1763 2657 infinitis
1793 2617 1924 2672 ope-

332 2697 658 2753 rationibus.
704 2694 1011 2750 Perfectum
1050 2695 1248 2751 iterum
1292 2695 1512 2760 dicitur,
1545 2702 1598 2750 et
1638 2694 1783 2748 velut
1812 2707 1920 2748 non

334 2798 583 2854 auctum,
637 2796 692 2842 et
723 2801 940 2858 semper
973 2787 1292 2857 perfectura,
1324 2794 1379 2839 et
1412 2795 1473 2840 ut
1515 2784 1919 2848 indiminutum,

334 2890 398 2935 ut
444 2881 623 2936 omnia
664 2880 720 2935 in
757 2881 936 2949 seipso
966 2893 1234 2949 superans
1278 2887 1335 2934 et
1374 2891 1767 2949 supermanans
1832 2889 1921 2930 se-

338 2971 574 3026 cundum
608 2986 770 3025 unam
811 2980 866 3025 et
892 2967 1266 3024 incessabilcm
1307 2978 1362 3023 et
1401 2968 1629 3023 eandem
1672 2966 1694 2999 ί
1745 2980 1841 3036 per
1866 2978 1925 3020 se

339 3060 717 3131 superpleuam
778 3067 835 3116 et
883 3073 992 3114 non
1027 3058 1369 3113 .minoratan
1440 3056 1768 3127 largitatem,
1822 3068 1923 3126 per

338 3169 509 3224 quam
542 3152 782 3223 perfecta
833 3151 1017 3207 omnia
1069 3150 1285 3221 perﬁcit
1315 3190 1331 3216 ,
1381 3159 1436 3205 et
1484 3150 1701 3220 propria
1757 3148 1926 3219 replet
1954 3136 1999 3198 C

340 3242 697 3313 perfectione.
740 3240 920 3297 Unum
965 3255 1116 3307 vero,
1162 3240 1288 3311 quia
1328 3240 1510 3294 omnia
1550 3237 1927 3293 universaliter

343 3339 431 3387 est
467 3347 568 3402 per
603 3331 765 3386 unius
811 3331 1037 3385 unitatis
1097 3330 1478 3385 excellentiam
1505 3370 1521 3395 ,
1585 3337 1641 3384 et
1686 3328 1927 3383 omnium

343 3431 432 3478 est
461 3431 515 3478 et
542 3422 702 3478 unius
731 3420 1173 3477 irreversibiliter
1212 3420 1495 3505 causalis:
1533 3419 1739 3475 nullum
1784 3419 1931 3474 enim

344 3516 696 3571 existentium
742 3525 826 3571 est
884 3530 991 3570 non
1025 3514 1362 3584 participans
1425 3513 1608 3578 unius,
1650 3513 1745 3568 sed
1793 3512 1935 3567 sicut

345 3607 508 3662 simul
532 3607 709 3661 omnis
740 3621 999 3663 numerus
1024 3607 1253 3660 monade
1291 3606 1312 3637 ²
1342 3595 1652 3675 participat,
1683 3612 1737 3658 et
1764 3618 1931 3657 unum

347 3696 457 3753 duo
495 3705 550 3751 et
597 3696 784 3751 decem
828 3688 1051 3761 dicitur,
1080 3707 1136 3751 et
1166 3696 1332 3751 semis
1370 3710 1567 3760 unum,
1613 3704 1669 3749 et
1715 3693 1935 3749 tertium

346 3796 406 3843 et
461 3788 729 3843 decimum
772 3804 939 3843 unum
990 3805 1003 3842 :
1049 3788 1131 3844 sic
1174 3787 1356 3843 omnia
1403 3795 1460 3841 et
1514 3785 1757 3841 omnium
1809 3798 1935 3854 pars

347 3894 517 3934 unum
557 3879 884 3949 participant
924 3878 966 3944 ³,
998 3886 1053 3934 et
1095 3879 1325 3934 esscndo
1371 3892 1536 3932 unum
1589 3876 1773 3931 omnia
1809 3890 1934 3930 sunt

348 3970 666 4031 existentia.
715 3970 780 4024 Et
808 3985 914 4024 non
941 3978 1027 4025 est
1062 3970 1303 4024 omnium
1334 3982 1500 4023 causa
1533 3981 1719 4030 unum,
1753 3965 1937 4019 multis

348 4076 519 4115 unum
549 4077 564 4114 :
598 4061 693 4116 sed
731 4068 859 4114 ante
890 4074 1050 4115 omne
1081 4073 1245 4113 unum
1281 4066 1339 4112 et
1381 4055 1780 4110 multitudinem
1813 4095 1827 4120 ,
1883 4061 1939 4108 et

351 4165 515 4207 omne
536 4166 701 4205 unum
728 4159 785 4207 et
806 4149 1204 4205 multitudinem
1232 4147 1253 4179 ⁸
1277 4146 1550 4202 terminat.
1588 4143 1771 4213 Neque
1792 4142 1936 4198 enim

351 4251 438 4297 est
488 4242 777 4296 multitudo
822 4256 926 4295 non
962 4240 1295 4312 participans
1319 4239 1448 4308 quid
1473 4236 1634 4291 unius
1668 4235 1804 4290 :sed
1840 4236 1941 4289 hoc

354 4335 573 4404 quidem
617 4334 789 4389 multa
842 4334 1109 4403 partibus,
1145 4346 1311 4384 unum
1361 4338 1474 4385 toto
1504 4347 1515 4382 :
1546 4337 1602 4383 et
1636 4328 1738 4383 hoc
1774 4325 1939 4380 multa

355 4422 766 4489 accidentibus,
814 4439 981 4477 unum
1023 4422 1267 4493 subjecto
1309 4435 1323 4474 :
1378 4430 1432 4475 et
1476 4420 1581 4475 hoc
1631 4418 1798 4473 multa
1844 4434 1942 4471 nu-

2011 1880 2254 1935 invcnics
2284 1876 2410 1946 quid
2440 1873 2809 1935 existentium,
2838 1869 2978 1940 quod
3023 1884 3127 1922 non
3169 1867 3221 1920 in
3249 1881 3376 1930 uno,
3409 1876 3605 1919 secun-

2013 1971 2135 2025 dtun
2185 1964 2326 2038 quod
2373 1964 2552 2021 omnis
2602 1963 2775 2018 deitas
2805 1956 3330 2029 superessentialiter
3358 1954 3610 2008 nomina-

2014 2069 2131 2125 tur,
2159 2066 2331 2113 etest
2382 2057 2506 2120 hoc,
2554 2055 2697 2124 quod
2745 2052 2960 2121 quidem
3010 2058 3130 2112 est,
3169 2056 3224 2102 et
3266 2045 3501 2115 perficit,
3549 2050 3607 2098 et;

2015 2153 2205 2209 salvat.
2253 2150 2319 2205 Et
2361 2154 2577 2218 oportet
2628 2159 2726 2198 nos
2775 2158 2840 2197 ex
2886 2141 3069 2197 multis
3109 2139 3163 2193 in
3207 2153 3373 2192 unum
3409 2136 3609 2189 virtute

2017 2245 2228 2301 divinae
2256 2239 2479 2294 unitatis
2512 2249 2823 2295 conversos,
2871 2232 3063 2286 unitim
3095 2228 3314 2284 laudare
3362 2235 3528 2281 totam
3554 2230 3610 2278 et

2019 2349 2179 2388 unam
2216 2330 2573 2390 divinitatem,
2607 2326 2848 2379 omnium
2881 2335 3122 2383 causam,
3156 2334 3318 2372 unum
3352 2315 3494 2386 quod
3526 2321 3612 2369 est

2019 2434 2146 2479 ante
2174 2435 2334 2476 omne
2364 2432 2550 2484 unum,
2579 2423 2633 2469 et
2663 2404 3079 2471 multitudinem,
3112 2417 3167 2463 et
3207 2416 3414 2478 partem
3444 2413 3498 2459 et
3528 2412 3612 2457 to-

2021 2523 2133 2569 tum
2180 2519 2235 2566 et
2262 2506 2630 2564 definitionem
2658 2503 2701 2568 ⁶,
2729 2511 2784 2557 et
2821 2500 3114 2562 infinitum,
3144 2505 3198 2551 et
3221 2497 3610 2556 summitatem,

2022 2616 2076 2665 et
2106 2604 2394 2661 terminum
2427 2601 2471 2663 ⁷,
2513 2606 2569 2653 et
2608 2592 3050 2666 magnitudinem,
3084 2589 3265 2644 omnia
3296 2585 3610 2649 existentia.

2023 2707 2075 2754 et
2104 2697 2279 2766 ipsum
2302 2707 2421 2748 esse
2448 2687 2769 2750 terminans,
2793 2692 2848 2738 et
2867 2681 3133 2743 omnium,
3157 2688 3212 2734 et
3238 2678 3615 2732 universorum

2023 2789 2286 2850 omnium,
2338 2792 2393 2838 et
2434 2779 2594 2836 simul
2623 2785 2679 2833 et
2705 2785 2832 2830 ante
2865 2774 3069 2839 omnia,
3117 2780 3173 2826 et
3222 2784 3386 2840 super
3409 2767 3614 2832 omnia,

2026 2890 2081 2936 et
2117 2877 2465 2948 singulariter
2496 2887 2697 2935 causa,
2735 2877 2790 2923 et
2834 2859 2997 2937 super
3032 2865 3206 2933 ipsum
3256 2876 3419 2917 unum
3456 2856 3528 2920 ὅν,
3561 2867 3618 2913 et

2026 2974 2203 3043 ipsum
2243 2985 2409 3024 unum
2452 2965 2772 3025 terminans,
2808 2959 3063 3030 quoniam
3094 2955 3148 3011 ὃν
3191 2969 3357 3009 unum
3381 2952 3620 3006 existen-

2029 3039 2172 3116 tibus
2203 3054 2599 3113 innumerabile
2627 3060 2711 3107 est
2741 3068 2756 3105 :
2796 3063 3054 3104 numerus
3097 3053 3276 3099 autem
3323 3039 3619 3096 essentiam

2030 3150 2335 3223 participat.
2363 3140 2825 3218 Superessentiale
2848 3148 3024 3192 autem
3052 3151 3240 3198 unum,
3268 3141 3320 3187 et
3347 3128 3401 3186 ὂν
3429 3143 3618 3191 unum,

2031 3222 2085 3299 et
2113 3255 2327 3298 omnem
2361 3252 2644 3292 numerum
2690 3232 2968 3293 terminat,
3014 3237 3066 3282 el
3099 3228 3270 3297 ipsum
3300 3232 3380 3279 est
3417 3222 3485 3277 ab
3513 3233 3621 3275 uno

2031 3330 2239 3386 numeri
2265 3329 2441 3382 omnis
2473 3323 2754 3378 existentis
2793 3318 3120 3390 principium
3164 3325 3221 3370 et
3254 3328 3418 3369 causa
3442 3318 3497 3366 et
3526 3325 3622 3365 nu-

2033 3437 2218 3478 merus
2254 3429 2308 3475 et
2335 3418 2487 3473 ordo.
2520 3413 2725 3469 Idcirco
2757 3420 2810 3464 et
2847 3410 3026 3463 unitas
3064 3407 3315 3460 laudatur
3356 3411 3411 3456 et
3439 3399 3624 3455 Trini-

2035 3521 2120 3567 tas
2160 3522 2324 3577 super
2382 3504 2562 3559 oumia
2620 3502 2795 3556 deitas
2834 3516 2847 3552 :

2034 3616 2211 3673 neque
2235 3599 2496 3661 Trinitas,
2528 3603 2621 3649 aut
2670 3611 2699 3648 a
2753 3592 2933 3655 nobis,
2974 3597 3069 3644 aut
3115 3587 3221 3642 aiio
3248 3584 3481 3655 quodam
3507 3581 3626 3636 exi-

2036 3672 2293 3750 steutium
2334 3691 2567 3761 cognita,
2617 3686 2711 3741 sed
2757 3684 2858 3740 etsi
2897 3681 3355 3752 superadunatum
3391 3674 3510 3744 ejus
3540 3672 3625 3727 di-

2035 3789 2326 3855 vinamque
2372 3781 2754 3838 fecunditatem
2798 3792 2927 3831 vere
2978 3773 3260 3828 laudemus
3315 3766 3541 3824 triadica
3571 3771 3629 3818 et

2039 3853 2318 3932 mouadica
2361 3871 2538 3927 divina
2566 3866 2949 3928 nominatione,
2994 3863 3278 3933 plusquam
3323 3853 3627 3911 nominabi-

2038 3971 2142 4025 lem
2173 3944 2511 4021 nominamus
2538 3961 2589 4014 in
2615 3955 2865 4013 essentiis
2889 3948 3418 4023 superesseutialem.
3447 3944 3633 4013 Neque

2038 4075 2146 4115 una
2201 4070 2412 4116 monas,
2452 4059 2545 4106 aut
2571 4046 2833 4108 Trinitas,
2881 4056 3057 4111 neque
3124 4052 3402 4099 numerus,
3454 4046 3631 4101 neque

2042 4152 2247 4214 unitas,
2277 4155 2371 4204 aut
2399 4142 2718 4201 fecunditas,
2748 4151 2926 4205 neque
2950 4133 3097 4189 aliud
3123 4129 3251 4200 quid
3282 4123 3630 4182 existentium

2041 4254 2136 4303 aut
2158 4243 2370 4300 cuidam
2418 4235 2767 4293 existentium
2798 4229 3071 4301 cognitum
3101 4223 3282 4279 educit
3324 4232 3484 4289 super
3512 4229 3631 4270 om-

2044 4339 2131 4393 nia
2157 4343 2213 4390 et
2242 4332 2467 4387 verbum
2498 4335 2552 4382 et
2578 4322 2908 4379 intellectum
2943 4319 2995 4370 in
3022 4310 3409 4369 obscuritatem
3468 4317 3634 4393 super

2046 4392 2207 4482 omne
2247 4432 2302 4477 et
2343 4417 2566 4473 verbum
2611 4422 2665 4467 et
2728 4408 3054 4465 intellectum
3111 4392 3639 4471 superessentiaiiter

356 4536 512 4579 "tero
561 4529 654 4577 ³1η
689 4522 1003 4586 “Pultibus.
1049 4506 1213 4573 υηιιῗῐι
1254 4519 1435 4589 spec-ie
1470 4536 1483 4572 ε
1526 4526 1583 4571 ει
1624 4516 1723 4572 hoc
1773 4514 1940 4568 mlllla
1972 4493 2019 4552 θ
2044 4510 2510 4589 superessentialis
2552 4499 3035 4578 superdivinitatis,
3066 4509 3241 4565 neque
3274 4505 3466 4589 nou-ten
3520 4485 3639 4554 ejus

356 4614 669 4683 speciebus,
703 4626 873 4666 unum
914 4624 1113 4682 genere
1143 4626 1157 4662 :
1188 4616 1243 4662 et
1290 4609 1392 4662 hoc
1436 4606 1605 4662 multa
1636 4604 1940 4675 processio-

358 4705 542 4770 nibus,
560 4720 724 4758 unum
750 4702 1017 4773 principio
1039 4719 1052 4755 :
1077 4699 1288 4755 etanhil
1304 4708 1390 4753 est
1411 4697 1783 4761 existentium,
1801 4694 1945 4764 quod

362 4818 474 4857 non
504 4801 791 4871 participet
822 4798 907 4854 vel
938 4797 1066 4867 quid
1094 4795 1277 4859 unius,
1310 4794 1565 4849 deorsum
1598 4790 1805 4854 omnia,
1834 4789 1946 4843 sin-

359 4889 625 4963 gulariter
650 4889 851 4953 omnia,
901 4897 956 4943 et
987 4895 1093 4944 tota
1139 4885 1344 4951 omnia,
1372 4893 1427 4939 et
1451 4882 1696 4952 opposita
1733 4880 1948 4935 univer-

360 4982 549 5039 saliter
592 4978 1119 5051 comprehendentis.
1158 4976 1225 5031 Et
1265 4976 1383 5031 sine
1425 4973 1644 5043 quidem
1685 4985 1795 5026 uno
1842 4986 1948 5024 nou

362 5074 472 5131 erit
501 5072 806 5136 multitudo,
839 5071 957 5126 sine
1001 5078 1180 5125 autem
1231 5065 1575 5122 multitudine
1613 5066 1718 5119 erit
1744 5079 1948 5117 unum:

364 5166 507 5221 sicut
531 5173 585 5219 et
605 5179 795 5219 monas
815 5172 938 5217 ante
961 5176 1176 5216 omnem
1205 5173 1490 5215 numerum
1518 5140 1954 5227 multiplicatum,

336 5267 424 5331 _et
464 5258 509 5313 si
560 5256 811 5311 omnibus
862 5255 1041 5309 omnia
1095 5252 1243 5308 unita
1288 5252 1411 5321 quis
1464 5249 1719 5321 posuerit,
1774 5248 1956 5304 omnia

367 5358 529 5411 erunt
566 5356 675 5402 toto
708 5360 892 5400 unum.
919 5344 1031 5400 Sed
1053 5344 1236 5414 itaque
1272 5352 1328 5398 et
1372 5343 1472 5396 hoc
1501 5341 1955 5411 cognoscendum,

2046 4580 2154 4673 est,
2186 4618 2362 4674 neque
2389 4600 2637 4661 verbum,
2667 4594 2760 4651 sed
2785 4593 2837 4647 in
2868 4590 3027 4645 inviis
3048 4584 3336 4642 exaltatur.
3366 4580 3434 4634 Et
3466 4590 3641 4674 neque

2048 4664 2222 4770 ipsum
2271 4664 2414 4764 quod
2465 4697 2548 4746 est
2591 4684 2874 4748 bonitatis,
2920 4690 3178 4750 tanquam
3228 4675 3532 4729 adnnantes

2048 4756 2395 4861 proferimus,
2432 4780 2526 4837 sed
2547 4774 2818 4834 desiderio
2846 4767 3174 4840 intelligendi
3201 4764 3328 4834 quid
3350 4770 3409 4861 et
3429 4756 3642 4856 dicendi

2052 4844 2117 4938 de
2138 4874 2395 4935 ineffabili
2436 4879 2627 4926 natura
2656 4867 2744 4921 illa
2780 4864 3055 4919 nominum
3111 4851 3567 4929 pretiosissimum
3591 4844 3643 4938 ei

2056 4973 2232 5043 primo
2269 4967 2717 5023 devovemuszet
2742 4952 3161 5012 consonabimus
3205 4946 3386 5001 forsan
3438 4940 3540 4997 etsi
3590 4935 3647 4991 in

2061 5036 2162 5119 hoc
2195 5056 2482 5127 theologis,
2523 5065 2705 5107 rerum
2750 5057 2930 5102 autem
2982 5042 3211 5098 veritate
3257 5036 3645 5104 relinquemur.

2060 5155 2270 5211 Idcirco
2295 5159 2351 5206 et
2376 5121 2477 5219 ipsi
2508 5160 2604 5216 per
2648 5139 2992 5212 depulsiones
3039 5134 3242 5190 invium
3288 5121 3645 5199 praehonori-

2063 5214 2491 5304 ficaveruntisic
2512 5214 2809 5291 excedente
2839 5229 3021 5283 anima
3070 5224 3183 5281 suis
3207 5214 3646 5292 cognationibus,

2065 5351 2120 5395 et
2167 5353 2261 5409 per
2306 5346 2496 5388 omnes
2548 5327 2758 5383 divinas
2822 5318 3205 5391 iutelligeutias
3249 5310 3647 5385 proficiscentis,

1656 5516 1911 5574 VARIAE
1950 5508 2363 5574 LECTIONES.

444 5659 462 5689 ¹
502 5667 549 5711 et
597 5657 816 5711 eandem
874 5673 981 5711 om.
1034 5655 1191 5723 codd.
1282 5660 1302 5688 ²
1360 5653 1400 5707 Β
1450 5650 1696 5705 monudu.

1801 5648 1820 5679 ³
1852 5647 1937 5701 ΒΙΙ
1989 5645 2291 5713 partit'tpal.

374 5708 533 5783 codd.
852 5708 973 5797 pii};
1002 5708 1292 5782 ontfcodd.
1370 5724 1390 5756 ⁸
1426 5733 1470 5776 ιιι
1498 5732 1662 5775 totum
1686 5730 1731 5775 rt
1758 5708 2114 5789 deﬁnitionem
2142 5708 2249 5767 out.
2278 5708 2436 5766 codd.

2396 5643 2418 5675 ι
2469 5645 2514 5689 et
2577 5647 2725 5686 omne
2779 5642 2939 5682 unum
2984 5654 3054 5664 -ο
3096 5617 3482 5675 multitudimm
3539 5625 3655 5665 om.

2513 5705 2534 5737 ⁷
2563 5714 2608 5758 et
2642 5702 2918 5756 trrm’uum
2950 5712 3057 5751 om.
3085 5693 3243 5749 codd.

2901 3514 3009 3552 non
3063 3507 3150 3551 est
3205 3507 3379 3561 neque
3421 3489 3619 3550 unitas,
3699 3510 3712 3519 -
