  <div class='ocr_page' id='page_1' title='image "/cluster/home/n/w/nwhite01/storage/ocr_20150623/122/hvd.32044054759840/624.png"; bbox 0 0 3978 6160; ppageno 0'>
   <div class='ocr_carea' id='block_1_1' title="bbox 265 272 407 336">
    <p class='ocr_par' dir='ltr' id='par_1_1' title="bbox 265 272 407 336">
     <span class='ocr_line' id='line_1_1' title="bbox 265 272 407 336; baseline 0.021 -3"><span class='ocrx_word' id='word_1_1' title='bbox 265 272 407 336; x_wconf 72' lang='grc'><strong>1173</strong></span> 
     </span>
    </p>
   </div>
   <div class='ocr_carea' id='block_1_2' title="bbox 929 276 2852 342">
    <p class='ocr_par' dir='ltr' id='par_1_2' title="bbox 929 276 2852 342">
     <span class='ocr_line' id='line_1_2' title="bbox 929 276 2852 342; baseline 0.003 -6"><span class='ocrx_word' id='word_1_2' title='bbox 929 276 1176 337; x_wconf 76' lang='lat' dir='ltr'><strong>VERSIO</strong></span> <span class='ocrx_word' id='word_1_3' title='bbox 1215 278 1502 339; x_wconf 78' lang='lat' dir='ltr'><strong>OPERUM</strong></span> <span class='ocrx_word' id='word_1_4' title='bbox 1543 284 1599 339; x_wconf 89' lang='lat' dir='ltr'><strong>S.</strong></span> <span class='ocrx_word' id='word_1_5' title='bbox 1643 280 1960 340; x_wconf 73' lang='lat' dir='ltr'><strong>DIONYSil.</strong></span> <span class='ocrx_word' id='word_1_6' title='bbox 1997 311 2069 324; x_wconf 89' lang='lat'><strong>—-</strong></span> <span class='ocrx_word' id='word_1_7' title='bbox 2104 282 2402 340; x_wconf 65' lang='lat' dir='ltr'><strong>MYSTlCA</strong></span> <span class='ocrx_word' id='word_1_8' title='bbox 2442 282 2852 342; x_wconf 78' lang='lat' dir='ltr'><strong>TllEOI.OGlA.</strong></span> 
     </span>
    </p>
   </div>
   <div class='ocr_carea' id='block_1_3' title="bbox 3395 246 3529 347">
    <p class='ocr_par' dir='ltr' id='par_1_3' title="bbox 3395 246 3529 347">
     <span class='ocr_line' id='line_1_3' title="bbox 3395 246 3529 347; baseline -0.015 -2"><span class='ocrx_word' id='word_1_9' title='bbox 3395 283 3529 347; x_wconf 81' lang='lat' dir='ltr'><strong>mt</strong></span> 
     </span>
    </p>
   </div>
   <div class='ocr_carea' id='block_1_4' title="bbox 262 364 3526 473">
    <p class='ocr_par' dir='ltr' id='par_1_4' title="bbox 262 364 3526 473">
     <span class='ocr_line' id='line_1_4' title="bbox 262 364 3526 473; baseline 0.002 -24"><span class='ocrx_word' id='word_1_10' title='bbox 262 396 492 451; x_wconf 77' lang='lat' dir='ltr'><strong>duribus</strong></span> <span class='ocrx_word' id='word_1_11' title='bbox 527 394 1001 467; x_wconf 88' lang='lat' dir='ltr'><strong>superimplentem</strong></span> <span class='ocrx_word' id='word_1_12' title='bbox 1035 397 1331 455; x_wconf 75' lang='lat' dir='ltr'><strong>invisibiles</strong></span> <span class='ocrx_word' id='word_1_13' title='bbox 1358 364 1686 454; x_wconf 75' lang='lat' dir='ltr'><strong>intellectus.</strong></span> <span class='ocrx_word' id='word_1_14' title='bbox 1718 397 1847 473; x_wconf 76' lang='lat' dir='ltr'><strong>Mihi</strong></span> <span class='ocrx_word' id='word_1_15' title='bbox 1873 400 1925 457; x_wconf 81' lang='grc' dir='ltr'><strong>Α</strong></span> <span class='ocrx_word' id='word_1_16' title='bbox 1954 399 2154 454; x_wconf 91' lang='lat' dir='ltr'><strong>tatibus</strong></span> <span class='ocrx_word' id='word_1_17' title='bbox 2176 399 2644 456; x_wconf 88' lang='lat' dir='ltr'><strong>sanctissimorum</strong></span> <span class='ocrx_word' id='word_1_18' title='bbox 2671 401 2790 469; x_wconf 85' lang='lat' dir='ltr'><strong>ejus</strong></span> <span class='ocrx_word' id='word_1_19' title='bbox 2810 401 3051 456; x_wconf 89' lang='lat' dir='ltr'><strong>locorum</strong></span> <span class='ocrx_word' id='word_1_20' title='bbox 3079 402 3526 471; x_wconf 71' lang='lat' dir='ltr'><strong>supergrediens:</strong></span> 
     </span>
    </p>
   </div>
   <div class='ocr_carea' id='block_1_5' title="bbox 260 486 1848 556">
    <p class='ocr_par' dir='ltr' id='par_1_5' title="bbox 260 486 1848 556">
     <span class='ocr_line' id='line_1_5' title="bbox 260 486 1848 556; baseline 0.002 -17"><span class='ocrx_word' id='word_1_21' title='bbox 260 486 483 555; x_wconf 79' lang='lat' dir='ltr'><strong>quidem</strong></span> <span class='ocrx_word' id='word_1_22' title='bbox 520 486 655 542; x_wconf 90' lang='lat' dir='ltr'><strong>haec</strong></span> <span class='ocrx_word' id='word_1_23' title='bbox 680 494 826 556; x_wconf 88' lang='lat' dir='ltr'><strong>opto.</strong></span> <span class='ocrx_word' id='word_1_24' title='bbox 870 487 949 541; x_wconf 87' lang='lat' dir='ltr'><strong>Tu</strong></span> <span class='ocrx_word' id='word_1_25' title='bbox 995 496 1210 553; x_wconf 88' lang='lat' dir='ltr'><strong>autem,</strong></span> <span class='ocrx_word' id='word_1_26' title='bbox 1258 503 1291 544; x_wconf 91' lang='grc' dir='ltr'>ο</span> <span class='ocrx_word' id='word_1_27' title='bbox 1329 488 1503 543; x_wconf 85' lang='lat' dir='ltr'><strong>amice</strong></span> <span class='ocrx_word' id='word_1_28' title='bbox 1545 489 1848 552; x_wconf 87' lang='lat' dir='ltr'><strong>Timothee,</strong></span> 
     </span>
    </p>
   </div>
   <div class='ocr_carea' id='block_1_6' title="bbox 262 576 1852 647">
    <p class='ocr_par' dir='ltr' id='par_1_6' title="bbox 262 576 1852 647">
     <span class='ocr_line' id='line_1_6' title="bbox 262 576 1852 647; baseline 0.001 -17"><span class='ocrx_word' id='word_1_29' title='bbox 262 576 415 631; x_wconf 90' lang='lat' dir='ltr'><strong>circa</strong></span> <span class='ocrx_word' id='word_1_30' title='bbox 452 578 715 647; x_wconf 86' lang='lat' dir='ltr'><strong>mysticas</strong></span> <span class='ocrx_word' id='word_1_31' title='bbox 754 576 1150 646; x_wconf 88' lang='lat' dir='ltr'><strong>speculationes</strong></span> <span class='ocrx_word' id='word_1_32' title='bbox 1190 580 1545 635; x_wconf 89' lang='lat' dir='ltr'><strong>corroborato</strong></span> <span class='ocrx_word' id='word_1_33' title='bbox 1585 578 1777 635; x_wconf 83' lang='lat' dir='ltr'><strong>itinere</strong></span> <span class='ocrx_word' id='word_1_34' title='bbox 1797 585 1852 633; x_wconf 91' lang='lat' dir='ltr'><strong>et</strong></span> 
     </span>
    </p>
   </div>
   <div class='ocr_carea' id='block_1_7' title="bbox 262 667 1849 741">
    <p class='ocr_par' dir='ltr' id='par_1_7' title="bbox 262 667 1849 741">
     <span class='ocr_line' id='line_1_7' title="bbox 262 667 1849 741; baseline 0.004 -22"><span class='ocrx_word' id='word_1_35' title='bbox 262 667 690 732; x_wconf 86' lang='lat' dir='ltr'><strong>sensus&#39;desere,</strong></span> <span class='ocrx_word' id='word_1_36' title='bbox 722 676 779 724; x_wconf 88' lang='lat' dir='ltr'><strong>et</strong></span> <span class='ocrx_word' id='word_1_37' title='bbox 806 668 1204 726; x_wconf 89' lang='lat' dir='ltr'><strong>iutellectuales</strong></span> <span class='ocrx_word' id='word_1_38' title='bbox 1229 672 1591 741; x_wconf 88' lang='lat' dir='ltr'><strong>operatioues,</strong></span> <span class='ocrx_word' id='word_1_39' title='bbox 1629 680 1683 726; x_wconf 90' lang='lat' dir='ltr'><strong>et</strong></span> <span class='ocrx_word' id='word_1_40' title='bbox 1722 686 1849 726; x_wconf 89' lang='lat' dir='ltr'><strong>seu-</strong></span> 
     </span>
    </p>
   </div>
   <div class='ocr_carea' id='block_1_8' title="bbox 260 756 1852 828">
    <p class='ocr_par' dir='ltr' id='par_1_8' title="bbox 260 756 1852 828">
     <span class='ocr_line' id='line_1_8' title="bbox 260 756 1852 828; baseline 0.002 -17"><span class='ocrx_word' id='word_1_41' title='bbox 260 756 468 821; x_wconf 85' lang='lat' dir='ltr'><strong>sibilia,</strong></span> <span class='ocrx_word' id='word_1_42' title='bbox 499 766 555 815; x_wconf 90' lang='lat' dir='ltr'><strong>et</strong></span> <span class='ocrx_word' id='word_1_43' title='bbox 588 758 903 824; x_wconf 79' lang='lat' dir='ltr'><strong>invisibilia,</strong></span> <span class='ocrx_word' id='word_1_44' title='bbox 929 769 984 815; x_wconf 88' lang='lat' dir='ltr'><strong>et</strong></span> <span class='ocrx_word' id='word_1_45' title='bbox 1008 775 1168 816; x_wconf 91' lang='lat' dir='ltr'><strong>omne</strong></span> <span class='ocrx_word' id='word_1_46' title='bbox 1198 777 1303 815; x_wconf 91' lang='lat' dir='ltr'><strong>non</strong></span> <span class='ocrx_word' id='word_1_47' title='bbox 1327 777 1444 828; x_wconf 90' lang='lat' dir='ltr'><strong>ens,</strong></span> <span class='ocrx_word' id='word_1_48' title='bbox 1475 771 1529 816; x_wconf 90' lang='lat' dir='ltr'><strong>et</strong></span> <span class='ocrx_word' id='word_1_49' title='bbox 1550 777 1679 827; x_wconf 90' lang='lat' dir='ltr'><strong>ens;</strong></span> <span class='ocrx_word' id='word_1_50' title='bbox 1708 761 1852 816; x_wconf 90' lang='lat' dir='ltr'><strong>etad</strong></span> 
     </span>
    </p>
   </div>
   <div class='ocr_carea' id='block_1_9' title="bbox 263 847 1850 922">
    <p class='ocr_par' dir='ltr' id='par_1_9' title="bbox 263 847 1850 922">
     <span class='ocr_line' id='line_1_9' title="bbox 263 847 1850 922; baseline 0.004 -22"><span class='ocrx_word' id='word_1_51' title='bbox 263 847 551 913; x_wconf 88' lang='lat' dir='ltr'><strong>unitatem,</strong></span> <span class='ocrx_word' id='word_1_52' title='bbox 599 857 659 903; x_wconf 91' lang='lat' dir='ltr'><strong>ut</strong></span> <span class='ocrx_word' id='word_1_53' title='bbox 684 850 957 919; x_wconf 86' lang='lat' dir='ltr'><strong>possibile,</strong></span> <span class='ocrx_word' id='word_1_54' title='bbox 993 851 1197 907; x_wconf 88' lang='lat' dir='ltr'><strong>inscius</strong></span> <span class='ocrx_word' id='word_1_55' title='bbox 1226 854 1510 913; x_wconf 78' lang='lat' dir='ltr'><strong>restituere</strong></span> <span class='ocrx_word' id='word_1_56' title='bbox 1539 852 1731 922; x_wconf 86' lang='lat' dir='ltr'><strong>ipsius,</strong></span> <span class='ocrx_word' id='word_1_57' title='bbox 1760 852 1850 922; x_wconf 91' lang='lat' dir='ltr'><strong>qui</strong></span> 
     </span>
    </p>
   </div>
   <div class='ocr_carea' id='block_1_10' title="bbox 262 945 1851 1010">
    <p class='ocr_par' dir='ltr' id='par_1_10' title="bbox 262 945 1851 1010">
     <span class='ocr_line' id='line_1_10' title="bbox 262 945 1851 1010; baseline 0.002 -15"><span class='ocrx_word' id='word_1_58' title='bbox 262 949 349 995; x_wconf 89' lang='lat' dir='ltr'><strong>est</strong></span> <span class='ocrx_word' id='word_1_59' title='bbox 374 956 538 1010; x_wconf 85' lang='lat' dir='ltr'><strong>super</strong></span> <span class='ocrx_word' id='word_1_60' title='bbox 562 957 777 997; x_wconf 90' lang='lat' dir='ltr'><strong>omnem</strong></span> <span class='ocrx_word' id='word_1_61' title='bbox 815 945 1106 1010; x_wconf 86' lang='lat' dir='ltr'><strong>essentiam</strong></span> <span class='ocrx_word' id='word_1_62' title='bbox 1146 953 1200 999; x_wconf 89' lang='lat' dir='ltr'><strong>et</strong></span> <span class='ocrx_word' id='word_1_63' title='bbox 1237 946 1539 1000; x_wconf 79' lang='lat' dir='ltr'><strong>scientiam.</strong></span> <span class='ocrx_word' id='word_1_64' title='bbox 1584 945 1661 999; x_wconf 87' lang='lat' dir='ltr'><strong>Ea</strong></span> <span class='ocrx_word' id='word_1_65' title='bbox 1707 945 1851 999; x_wconf 89' lang='lat' dir='ltr'><strong>enim</strong></span> 
     </span>
    </p>
   </div>
   <div class='ocr_carea' id='block_1_11' title="bbox 264 1029 1853 1104">
    <p class='ocr_par' dir='ltr' id='par_1_11' title="bbox 264 1029 1853 1104">
     <span class='ocr_line' id='line_1_11' title="bbox 264 1029 1853 1104; baseline 0.004 -21"><span class='ocrx_word' id='word_1_66' title='bbox 264 1029 441 1099; x_wconf 85' lang='lat' dir='ltr'><strong>teipse</strong></span> <span class='ocrx_word' id='word_1_67' title='bbox 488 1040 544 1085; x_wconf 91' lang='lat' dir='ltr'><strong>et</strong></span> <span class='ocrx_word' id='word_1_68' title='bbox 581 1033 833 1088; x_wconf 89' lang='lat' dir='ltr'><strong>omnibus</strong></span> <span class='ocrx_word' id='word_1_69' title='bbox 871 1034 1297 1089; x_wconf 90' lang='lat' dir='ltr'><strong>immensurabili</strong></span> <span class='ocrx_word' id='word_1_70' title='bbox 1334 1045 1389 1089; x_wconf 87' lang='lat' dir='ltr'><strong>et</strong></span> <span class='ocrx_word' id='word_1_71' title='bbox 1434 1034 1680 1089; x_wconf 88' lang='lat' dir='ltr'><strong>absoluto</strong></span> <span class='ocrx_word' id='word_1_72' title='bbox 1722 1049 1853 1104; x_wconf 90' lang='lat' dir='ltr'><strong>pure</strong></span> 
     </span>
    </p>
   </div>
   <div class='ocr_carea' id='block_1_12' title="bbox 268 1121 1858 1192">
    <p class='ocr_par' dir='ltr' id='par_1_12' title="bbox 268 1121 1858 1192">
     <span class='ocr_line' id='line_1_12' title="bbox 268 1121 1858 1192; baseline 0.004 -21"><span class='ocrx_word' id='word_1_73' title='bbox 268 1121 468 1174; x_wconf 85' lang='lat' dir='ltr'><strong>mentis</strong></span> <span class='ocrx_word' id='word_1_74' title='bbox 506 1136 733 1177; x_wconf 78' lang='lat' dir='ltr'><strong>excessu</strong></span> <span class='ocrx_word' id='word_1_75' title='bbox 774 1123 841 1176; x_wconf 88' lang='lat' dir='ltr'><strong>ad</strong></span> <span class='ocrx_word' id='word_1_76' title='bbox 882 1124 1391 1192; x_wconf 88' lang='lat' dir='ltr'><strong>snperessentialem</strong></span> <span class='ocrx_word' id='word_1_77' title='bbox 1439 1124 1744 1179; x_wconf 87' lang='lat' dir='ltr'><strong>divinarum</strong></span> <span class='ocrx_word' id='word_1_78' title='bbox 1775 1133 1858 1178; x_wconf 84' lang='lat' dir='ltr'><strong>te-</strong></span> 
     </span>
    </p>
   </div>
   <div class='ocr_carea' id='block_1_13' title="bbox 267 1212 1854 1280">
    <p class='ocr_par' dir='ltr' id='par_1_13' title="bbox 267 1212 1854 1280">
     <span class='ocr_line' id='line_1_13' title="bbox 267 1212 1854 1280; baseline 0.004 -15"><span class='ocrx_word' id='word_1_79' title='bbox 267 1212 558 1267; x_wconf 87' lang='lat' dir='ltr'><strong>nebrarum</strong></span> <span class='ocrx_word' id='word_1_80' title='bbox 596 1214 826 1280; x_wconf 83' lang='lat' dir='ltr'><strong>radium,</strong></span> <span class='ocrx_word' id='word_1_81' title='bbox 866 1218 1046 1271; x_wconf 81' lang='lat' dir='ltr'><strong>omnia</strong></span> <span class='ocrx_word' id='word_1_82' title='bbox 1081 1220 1338 1273; x_wconf 86' lang='lat' dir='ltr'><strong>deserens</strong></span> <span class='ocrx_word' id='word_1_83' title='bbox 1374 1228 1430 1274; x_wconf 92' lang='lat' dir='ltr'><strong>et</strong></span> <span class='ocrx_word' id='word_1_84' title='bbox 1480 1219 1548 1272; x_wconf 90' lang='lat' dir='ltr'><strong>ab</strong></span> <span class='ocrx_word' id='word_1_85' title='bbox 1600 1218 1854 1273; x_wconf 87' lang='lat' dir='ltr'><strong>omnibus</strong></span> 
     </span>
    </p>
   </div>
   <div class='ocr_carea' id='block_1_14' title="bbox 266 1300 1855 1377">
    <p class='ocr_par' dir='ltr' id='par_1_14' title="bbox 266 1300 1855 1377">
     <span class='ocr_line' id='line_1_14' title="bbox 266 1300 1855 1377; baseline 0.006 -24"><span class='ocrx_word' id='word_1_86' title='bbox 266 1300 548 1357; x_wconf 88' lang='lat' dir='ltr'><strong>absolutus</strong></span> <span class='ocrx_word' id='word_1_87' title='bbox 567 1305 847 1360; x_wconf 87' lang='lat' dir='ltr'><strong>ascendes.</strong></span> <span class='ocrx_word' id='word_1_88' title='bbox 874 1306 968 1364; x_wconf 84' lang='lat' dir='ltr'><strong>llis</strong></span> <span class='ocrx_word' id='word_1_89' title='bbox 990 1316 1194 1373; x_wconf 88' lang='lat' dir='ltr'><strong>autem,</strong></span> <span class='ocrx_word' id='word_1_90' title='bbox 1223 1308 1370 1370; x_wconf 90' lang='lat' dir='ltr'><strong>vide,</strong></span> <span class='ocrx_word' id='word_1_91' title='bbox 1400 1307 1670 1377; x_wconf 89' lang='lat' dir='ltr'><strong>quomodo</strong></span> <span class='ocrx_word' id='word_1_92' title='bbox 1698 1322 1855 1362; x_wconf 90' lang='lat' dir='ltr'><strong>nemo</strong></span> 
     </span>
    </p>
   </div>
   <div class='ocr_carea' id='block_1_15' title="bbox 264 1393 1855 1468">
    <p class='ocr_par' dir='ltr' id='par_1_15' title="bbox 264 1393 1855 1468">
     <span class='ocr_line' id='line_1_15' title="bbox 264 1393 1855 1468; baseline 0.006 -20"><span class='ocrx_word' id='word_1_93' title='bbox 264 1393 608 1452; x_wconf 89' lang='lat' dir='ltr'><strong>indoctorum</strong></span> <span class='ocrx_word' id='word_1_94' title='bbox 647 1400 932 1456; x_wconf 86' lang='lat' dir='ltr'><strong>auscultet.</strong></span> <span class='ocrx_word' id='word_1_95' title='bbox 966 1400 1217 1457; x_wconf 87' lang='lat' dir='ltr'><strong>lndoctos</strong></span> <span class='ocrx_word' id='word_1_96' title='bbox 1257 1411 1436 1457; x_wconf 89' lang='lat' dir='ltr'><strong>autem</strong></span> <span class='ocrx_word' id='word_1_97' title='bbox 1474 1403 1625 1468; x_wconf 88' lang='lat' dir='ltr'><strong>dico,</strong></span> <span class='ocrx_word' id='word_1_98' title='bbox 1662 1403 1715 1456; x_wconf 92' lang='lat' dir='ltr'><strong>in</strong></span> <span class='ocrx_word' id='word_1_99' title='bbox 1746 1403 1855 1467; x_wconf 86' lang='lat' dir='ltr'><strong>his,</strong></span> 
     </span>
    </p>
   </div>
   <div class='ocr_carea' id='block_1_16' title="bbox 267 1492 1856 1575">
    <p class='ocr_par' dir='ltr' id='par_1_16' title="bbox 267 1492 1856 1575">
     <span class='ocr_line' id='line_1_16' title="bbox 267 1492 1856 1575; baseline 0.006 -35"><span class='ocrx_word' id='word_1_100' title='bbox 267 1502 411 1556; x_wconf 87' lang='lat' dir='ltr'><strong>quae</strong></span> <span class='ocrx_word' id='word_1_101' title='bbox 435 1499 579 1575; x_wconf 77' lang='lat' dir='ltr'><strong>sunt,</strong></span> <span class='ocrx_word' id='word_1_102' title='bbox 615 1492 1004 1553; x_wconf 81' lang='lat' dir='ltr'><strong>conformatos,</strong></span> <span class='ocrx_word' id='word_1_103' title='bbox 1048 1502 1102 1548; x_wconf 92' lang='lat' dir='ltr'><strong>et</strong></span> <span class='ocrx_word' id='word_1_104' title='bbox 1141 1494 1273 1548; x_wconf 86' lang='lat' dir='ltr'><strong>nihil</strong></span> <span class='ocrx_word' id='word_1_105' title='bbox 1307 1510 1472 1564; x_wconf 89' lang='lat' dir='ltr'><strong>super</strong></span> <span class='ocrx_word' id='word_1_106' title='bbox 1511 1496 1529 1529; x_wconf 76' lang='grc' dir='ltr'>ι</span> <span class='ocrx_word' id='word_1_107' title='bbox 1566 1494 1856 1550; x_wconf 83' lang='lat' dir='ltr'><strong>existentia</strong></span> 
     </span>
    </p>
   </div>
   <div class='ocr_carea' id='block_1_17' title="bbox 267 1582 1856 1656">
    <p class='ocr_par' dir='ltr' id='par_1_17' title="bbox 267 1582 1856 1656">
     <span class='ocr_line' id='line_1_17' title="bbox 267 1582 1856 1656; baseline 0.005 -24"><span class='ocrx_word' id='word_1_108' title='bbox 267 1582 801 1648; x_wconf 89' lang='lat' dir='ltr'><strong>superessentialiler</strong></span> <span class='ocrx_word' id='word_1_109' title='bbox 831 1598 953 1640; x_wconf 88' lang='lat' dir='ltr'><strong>esse</strong></span> <span class='ocrx_word' id='word_1_110' title='bbox 986 1584 1362 1656; x_wconf 82' lang='lat' dir='ltr'><strong>imaginantcs.</strong></span> <span class='ocrx_word' id='word_1_111' title='bbox 1392 1584 1501 1640; x_wconf 85' lang='lat' dir='ltr'><strong>Sed</strong></span> <span class='ocrx_word' id='word_1_112' title='bbox 1532 1587 1619 1641; x_wconf 91' lang='lat' dir='ltr'><strong>his</strong></span> <span class='ocrx_word' id='word_1_113' title='bbox 1640 1586 1856 1655; x_wconf 84' lang='lat' dir='ltr'><strong>quidem</strong></span> 
     </span>
    </p>
   </div>
   <div class='ocr_carea' id='block_1_18' title="bbox 268 1668 1855 1746">
    <p class='ocr_par' dir='ltr' id='par_1_18' title="bbox 268 1668 1855 1746">
     <span class='ocr_line' id='line_1_18' title="bbox 268 1668 1855 1746; baseline 0.004 -24"><span class='ocrx_word' id='word_1_114' title='bbox 268 1668 350 1732; x_wconf 87' lang='lat' dir='ltr'><strong>bi,</strong></span> <span class='ocrx_word' id='word_1_115' title='bbox 395 1684 532 1739; x_wconf 87' lang='lat' dir='ltr'><strong>quos</strong></span> <span class='ocrx_word' id='word_1_116' title='bbox 587 1672 770 1728; x_wconf 88' lang='lat' dir='ltr'><strong>videre</strong></span> <span class='ocrx_word' id='word_1_117' title='bbox 818 1689 916 1738; x_wconf 91' lang='lat' dir='ltr'><strong>ea,</strong></span> <span class='ocrx_word' id='word_1_118' title='bbox 973 1691 1111 1745; x_wconf 85' lang='lat' dir='ltr'><strong>quae</strong></span> <span class='ocrx_word' id='word_1_119' title='bbox 1163 1677 1456 1731; x_wconf 89' lang='lat' dir='ltr'><strong>secundum</strong></span> <span class='ocrx_word' id='word_1_120' title='bbox 1496 1677 1705 1746; x_wconf 90' lang='lat' dir='ltr'><strong>seipsos</strong></span> <span class='ocrx_word' id='word_1_121' title='bbox 1749 1684 1855 1740; x_wconf 89' lang='lat' dir='ltr'><strong>est,</strong></span> 
     </span>
    </p>
   </div>
   <div class='ocr_carea' id='block_1_19' title="bbox 1952 489 3534 560">
    <p class='ocr_par' dir='ltr' id='par_1_19' title="bbox 1952 489 3534 560">
     <span class='ocr_line' id='line_1_19' title="bbox 1952 489 3534 560; baseline 0.003 -18"><span class='ocrx_word' id='word_1_122' title='bbox 1952 498 2009 543; x_wconf 92' lang='lat' dir='ltr'><strong>et</strong></span> <span class='ocrx_word' id='word_1_123' title='bbox 2035 490 2176 558; x_wconf 89' lang='lat' dir='ltr'><strong>quod</strong></span> <span class='ocrx_word' id='word_1_124' title='bbox 2212 489 2340 559; x_wconf 89' lang='lat' dir='ltr'><strong>ipsis</strong></span> <span class='ocrx_word' id='word_1_125' title='bbox 2365 490 2661 547; x_wconf 85' lang='lat' dir='ltr'><strong>absolvitur</strong></span> <span class='ocrx_word' id='word_1_126' title='bbox 2689 490 2991 546; x_wconf 87' lang='lat' dir='ltr'><strong>visibilibus</strong></span> <span class='ocrx_word' id='word_1_127' title='bbox 3030 500 3088 546; x_wconf 87' lang='lat' dir='ltr'><strong>et</strong></span> <span class='ocrx_word' id='word_1_128' title='bbox 3126 491 3454 560; x_wconf 80' lang='lat' dir='ltr'><strong>videntibus,</strong></span> <span class='ocrx_word' id='word_1_129' title='bbox 3476 503 3534 547; x_wconf 89' lang='lat' dir='ltr'><strong>et</strong></span> 
     </span>
    </p>
   </div>
   <div class='ocr_carea' id='block_1_20' title="bbox 1955 581 3533 655">
    <p class='ocr_par' dir='ltr' id='par_1_20' title="bbox 1955 581 3533 655">
     <span class='ocr_line' id='line_1_20' title="bbox 1955 581 3533 655; baseline 0 -18"><span class='ocrx_word' id='word_1_130' title='bbox 1955 581 2009 637; x_wconf 92' lang='lat' dir='ltr'><strong>in</strong></span> <span class='ocrx_word' id='word_1_131' title='bbox 2038 582 2322 652; x_wconf 78' lang='lat' dir='ltr'><strong>caliginem</strong></span> <span class='ocrx_word' id='word_1_132' title='bbox 2350 582 2688 651; x_wconf 82' lang='lat' dir='ltr'><strong>ignorantiae</strong></span> <span class='ocrx_word' id='word_1_133' title='bbox 2710 582 2908 638; x_wconf 81' lang='lat' dir='ltr'><strong>occidit</strong></span> <span class='ocrx_word' id='word_1_134' title='bbox 2930 597 3058 639; x_wconf 88' lang='lat' dir='ltr'><strong>vere</strong></span> <span class='ocrx_word' id='word_1_135' title='bbox 3101 583 3414 655; x_wconf 84' lang='lat' dir='ltr'><strong>mysticam,</strong></span> <span class='ocrx_word' id='word_1_136' title='bbox 3436 598 3533 652; x_wconf 87' lang='lat' dir='ltr'><strong>per</strong></span> 
     </span>
    </p>
   </div>
   <div class='ocr_carea' id='block_1_21' title="bbox 1954 670 3532 742">
    <p class='ocr_par' dir='ltr' id='par_1_21' title="bbox 1954 670 3532 742">
     <span class='ocr_line' id='line_1_21' title="bbox 1954 670 3532 742; baseline 0 -16"><span class='ocrx_word' id='word_1_137' title='bbox 1954 686 2117 742; x_wconf 88' lang='lat' dir='ltr'><strong>quam</strong></span> <span class='ocrx_word' id='word_1_138' title='bbox 2170 670 2331 726; x_wconf 88' lang='lat' dir='ltr'><strong>docet</strong></span> <span class='ocrx_word' id='word_1_139' title='bbox 2369 687 2559 727; x_wconf 90' lang='lat' dir='ltr'><strong>omnes</strong></span> <span class='ocrx_word' id='word_1_140' title='bbox 2611 673 2887 742; x_wconf 83' lang='lat' dir='ltr'><strong>gnosticas</strong></span> <span class='ocrx_word' id='word_1_141' title='bbox 2937 679 3292 741; x_wconf 77' lang='lat' dir='ltr'><strong>receptiones,</strong></span> <span class='ocrx_word' id='word_1_142' title='bbox 3341 673 3394 732; x_wconf 90' lang='lat' dir='ltr'><strong>in</strong></span> <span class='ocrx_word' id='word_1_143' title='bbox 3426 687 3532 742; x_wconf 87' lang='lat' dir='ltr'><strong>qua</strong></span> 
     </span>
    </p>
   </div>
   <div class='ocr_carea' id='block_1_22' title="bbox 1953 760 3536 831">
    <p class='ocr_par' dir='ltr' id='par_1_22' title="bbox 1953 760 3536 831">
     <span class='ocr_line' id='line_1_22' title="bbox 1953 760 3536 831; baseline 0 -15"><span class='ocrx_word' id='word_1_144' title='bbox 1953 776 2115 816; x_wconf 92' lang='lat' dir='ltr'><strong>omne</strong></span> <span class='ocrx_word' id='word_1_145' title='bbox 2153 762 2375 826; x_wconf 88' lang='lat' dir='ltr'><strong>relucet,</strong></span> <span class='ocrx_word' id='word_1_146' title='bbox 2406 770 2461 815; x_wconf 89' lang='lat' dir='ltr'><strong>et</strong></span> <span class='ocrx_word' id='word_1_147' title='bbox 2491 761 2741 817; x_wconf 80' lang='lat' dir='ltr'><strong>invisibili</strong></span> <span class='ocrx_word' id='word_1_148' title='bbox 2768 761 3068 817; x_wconf 83' lang='lat' dir='ltr'><strong>innascitur</strong></span> <span class='ocrx_word' id='word_1_149' title='bbox 3094 762 3293 827; x_wconf 85' lang='lat' dir='ltr'><strong>omnis,</strong></span> <span class='ocrx_word' id='word_1_150' title='bbox 3320 760 3412 831; x_wconf 90' lang='lat' dir='ltr'><strong>qui</strong></span> <span class='ocrx_word' id='word_1_151' title='bbox 3452 768 3536 818; x_wconf 86' lang='lat' dir='ltr'><strong>est</strong></span> 
     </span>
    </p>
   </div>
   <div class='ocr_carea' id='block_1_23' title="bbox 1955 851 3533 921">
    <p class='ocr_par' dir='ltr' id='par_1_23' title="bbox 1955 851 3533 921">
     <span class='ocr_line' id='line_1_23' title="bbox 1955 851 3533 921; baseline -0.002 -15"><span class='ocrx_word' id='word_1_152' title='bbox 1955 852 2012 907; x_wconf 92' lang='lat' dir='ltr'><strong>in</strong></span> <span class='ocrx_word' id='word_1_153' title='bbox 2036 853 2277 907; x_wconf 88' lang='lat' dir='ltr'><strong>omnium</strong></span> <span class='ocrx_word' id='word_1_154' title='bbox 2308 852 2641 916; x_wconf 86' lang='lat' dir='ltr'><strong>summitate,</strong></span> <span class='ocrx_word' id='word_1_155' title='bbox 2695 860 2748 906; x_wconf 90' lang='lat' dir='ltr'><strong>et</strong></span> <span class='ocrx_word' id='word_1_156' title='bbox 2783 868 2812 906; x_wconf 89' lang='lat' dir='ltr'><strong>a</strong></span> <span class='ocrx_word' id='word_1_157' title='bbox 2841 851 3009 916; x_wconf 90' lang='lat' dir='ltr'><strong>nullo,</strong></span> <span class='ocrx_word' id='word_1_158' title='bbox 3041 866 3215 921; x_wconf 82' lang='lat' dir='ltr'><strong>neque</strong></span> <span class='ocrx_word' id='word_1_159' title='bbox 3256 865 3286 905; x_wconf 91' lang='lat' dir='ltr'><strong>a</strong></span> <span class='ocrx_word' id='word_1_160' title='bbox 3330 851 3533 918; x_wconf 79' lang='lat' dir='ltr'><strong>seipse,</strong></span> 
     </span>
    </p>
   </div>
   <div class='ocr_carea' id='block_1_24' title="bbox 1954 941 3532 1012">
    <p class='ocr_par' dir='ltr' id='par_1_24' title="bbox 1954 941 3532 1012">
     <span class='ocr_line' id='line_1_24' title="bbox 1954 941 3532 1012; baseline -0.002 -15"><span class='ocrx_word' id='word_1_161' title='bbox 1954 957 2132 1012; x_wconf 86' lang='lat' dir='ltr'><strong>neque</strong></span> <span class='ocrx_word' id='word_1_162' title='bbox 2180 942 2372 1007; x_wconf 90' lang='lat' dir='ltr'><strong>altero,</strong></span> <span class='ocrx_word' id='word_1_163' title='bbox 2417 942 2636 996; x_wconf 89' lang='lat' dir='ltr'><strong>omnino</strong></span> <span class='ocrx_word' id='word_1_164' title='bbox 2680 950 2860 1001; x_wconf 87' lang='lat' dir='ltr'><strong>autem</strong></span> <span class='ocrx_word' id='word_1_165' title='bbox 2911 943 3097 1012; x_wconf 69' lang='lat' dir='ltr'><strong>ignoto</strong></span> <span class='ocrx_word' id='word_1_166' title='bbox 3158 941 3307 1001; x_wconf 85' lang='lat' dir='ltr'><strong>omni</strong></span> <span class='ocrx_word' id='word_1_167' title='bbox 3354 941 3532 996; x_wconf 85' lang='lat' dir='ltr'><strong>scien-</strong></span> 
     </span>
    </p>
   </div>
   <div class='ocr_carea' id='block_1_25' title="bbox 1959 1032 3539 1105">
    <p class='ocr_par' dir='ltr' id='par_1_25' title="bbox 1959 1032 3539 1105">
     <span class='ocr_line' id='line_1_25' title="bbox 1959 1032 3539 1105; baseline -0.001 -17"><span class='ocrx_word' id='word_1_168' title='bbox 1959 1034 2029 1088; x_wconf 88' lang='lat' dir='ltr'><strong>tia</strong></span> <span class='ocrx_word' id='word_1_169' title='bbox 2086 1034 2140 1089; x_wconf 92' lang='lat' dir='ltr'><strong>in</strong></span> <span class='ocrx_word' id='word_1_170' title='bbox 2183 1036 2295 1090; x_wconf 93' lang='lat' dir='ltr'><strong>otio</strong></span> <span class='ocrx_word' id='word_1_171' title='bbox 2326 1049 2422 1103; x_wconf 85' lang='lat' dir='ltr'><strong>per</strong></span> <span class='ocrx_word' id='word_1_172' title='bbox 2467 1033 2520 1089; x_wconf 94' lang='lat' dir='ltr'><strong>id</strong></span> <span class='ocrx_word' id='word_1_173' title='bbox 2561 1034 2706 1104; x_wconf 85' lang='lat' dir='ltr'><strong>quod</strong></span> <span class='ocrx_word' id='word_1_174' title='bbox 2733 1033 2924 1091; x_wconf 89' lang='lat' dir='ltr'><strong>melius</strong></span> <span class='ocrx_word' id='word_1_175' title='bbox 2972 1043 3057 1089; x_wconf 87' lang='lat' dir='ltr'><strong>est</strong></span> <span class='ocrx_word' id='word_1_176' title='bbox 3105 1032 3430 1105; x_wconf 83' lang='lat' dir='ltr'><strong>intellectus,</strong></span> <span class='ocrx_word' id='word_1_177' title='bbox 3480 1038 3539 1087; x_wconf 85' lang='lat' dir='ltr'><strong>et</strong></span> 
     </span>
    </p>
   </div>
   <div class='ocr_carea' id='block_1_26' title="bbox 1956 1123 3539 1197">
    <p class='ocr_par' dir='ltr' id='par_1_26' title="bbox 1956 1123 3539 1197">
     <span class='ocr_line' id='line_1_26' title="bbox 1956 1123 3539 1197; baseline -0.003 -16"><span class='ocrx_word' id='word_1_178' title='bbox 1956 1125 2089 1181; x_wconf 86' lang='lat' dir='ltr'><strong>nihil</strong></span> <span class='ocrx_word' id='word_1_179' title='bbox 2117 1123 2549 1197; x_wconf 76' lang='lat' dir='ltr'><strong>cognoscendum</strong></span> <span class='ocrx_word' id='word_1_180' title='bbox 2590 1139 2753 1193; x_wconf 87' lang='lat' dir='ltr'><strong>super</strong></span> <span class='ocrx_word' id='word_1_181' title='bbox 2796 1125 3038 1184; x_wconf 88' lang='lat' dir='ltr'><strong>animum</strong></span> <span class='ocrx_word' id='word_1_182' title='bbox 3086 1123 3166 1181; x_wconf 87' lang='lat' dir='ltr'><strong>sic</strong></span> <span class='ocrx_word' id='word_1_183' title='bbox 3210 1136 3539 1193; x_wconf 71' lang='lat' dir='ltr'><strong>cognoscen-</strong></span> 
     </span>
    </p>
   </div>
   <div class='ocr_carea' id='block_1_27' title="bbox 1958 1202 2151 1274">
    <p class='ocr_par' dir='ltr' id='par_1_27' title="bbox 1958 1202 2151 1274">
     <span class='ocr_line' id='line_1_27' title="bbox 1958 1202 2151 1274; baseline 0 -1"><span class='ocrx_word' id='word_1_184' title='bbox 1958 1219 2089 1274; x_wconf 88' lang='lat' dir='ltr'><strong>tium</strong></span> <span class='ocrx_word' id='word_1_185' title='bbox 2113 1202 2151 1273; x_wconf 51' lang='grc' dir='ltr'><strong>ί.</strong></span> 
     </span>
    </p>
   </div>
   <div class='ocr_carea' id='block_1_28' title="bbox 2500 1286 2996 1353">
    <p class='ocr_par' dir='ltr' id='par_1_28' title="bbox 2500 1286 2996 1353">
     <span class='ocr_line' id='line_1_28' title="bbox 2500 1286 2996 1353; baseline -0.006 -10"><span class='ocrx_word' id='word_1_186' title='bbox 2500 1286 2897 1353; x_wconf 74' lang='lat' dir='ltr'><strong>CAPITULUM</strong></span> <span class='ocrx_word' id='word_1_187' title='bbox 2936 1286 2996 1343; x_wconf 85' lang='lat' dir='ltr'><strong>ll.</strong></span> 
     </span>
    </p>
   </div>
   <div class='ocr_carea' id='block_1_29' title="bbox 1962 1396 3540 1475">
    <p class='ocr_par' dir='ltr' id='par_1_29' title="bbox 1962 1396 3540 1475">
     <span class='ocr_line' id='line_1_29' title="bbox 1962 1396 3540 1475; baseline -0.006 -14"><span class='ocrx_word' id='word_1_188' title='bbox 1962 1405 2236 1473; x_wconf 82' lang='lat' dir='ltr'><strong>Quomodo</strong></span> <span class='ocrx_word' id='word_1_189' title='bbox 2279 1419 2477 1475; x_wconf 75' lang='lat' dir='ltr'><strong>oportet</strong></span> <span class='ocrx_word' id='word_1_190' title='bbox 2509 1412 2557 1475; x_wconf 76' lang='lat' dir='ltr'><strong>et</strong></span> <span class='ocrx_word' id='word_1_191' title='bbox 2583 1403 2723 1475; x_wconf 75' lang='lat' dir='ltr'><strong>uniti</strong></span> <span class='ocrx_word' id='word_1_192' title='bbox 2751 1412 2798 1456; x_wconf 85' lang='lat' dir='ltr'><strong>et</strong></span> <span class='ocrx_word' id='word_1_193' title='bbox 2840 1401 3060 1471; x_wconf 75' lang='lat' dir='ltr'><strong>hymnos</strong></span> <span class='ocrx_word' id='word_1_194' title='bbox 3073 1397 3278 1475; x_wconf 61' lang='lat' dir='ltr'><strong>referre</strong></span> <span class='ocrx_word' id='word_1_195' title='bbox 3302 1396 3540 1453; x_wconf 76' lang='lat' dir='ltr'><strong>omnium</strong></span> 
     </span>
    </p>
   </div>
   <div class='ocr_carea' id='block_1_30' title="bbox 2356 1470 3137 1551">
    <p class='ocr_par' dir='ltr' id='par_1_30' title="bbox 2356 1470 3137 1551">
     <span class='ocr_line' id='line_1_30' title="bbox 2356 1470 3137 1551; baseline -0.009 -22"><span class='ocrx_word' id='word_1_196' title='bbox 2356 1474 2559 1551; x_wconf 66' lang='lat' dir='ltr'><strong>causali</strong></span> <span class='ocrx_word' id='word_1_197' title='bbox 2596 1474 2618 1506; x_wconf 87' lang='grc'><strong><em>⁵</em></strong></span> <span class='ocrx_word' id='word_1_198' title='bbox 2656 1484 2703 1527; x_wconf 81' lang='lat' dir='ltr'><strong>et</strong></span> <span class='ocrx_word' id='word_1_199' title='bbox 2742 1470 2899 1542; x_wconf 78' lang='lat' dir='ltr'><strong>super</strong></span> <span class='ocrx_word' id='word_1_200' title='bbox 2940 1470 3137 1524; x_wconf 81' lang='lat' dir='ltr'><strong>omnia.</strong></span> 
     </span>
    </p>
   </div>
   <div class='ocr_carea' id='block_1_31' title="bbox 2031 1580 3543 1657">
    <p class='ocr_par' dir='ltr' id='par_1_31' title="bbox 2031 1580 3543 1657">
     <span class='ocr_line' id='line_1_31' title="bbox 2031 1580 3543 1657; baseline -0.006 -13"><span class='ocrx_word' id='word_1_201' title='bbox 2031 1590 2190 1646; x_wconf 84' lang='lat' dir='ltr'><strong>Juxta</strong></span> <span class='ocrx_word' id='word_1_202' title='bbox 2217 1590 2357 1644; x_wconf 90' lang='lat' dir='ltr'><strong>hanc</strong></span> <span class='ocrx_word' id='word_1_203' title='bbox 2381 1604 2479 1643; x_wconf 90' lang='lat' dir='ltr'><strong>nos</strong></span> <span class='ocrx_word' id='word_1_204' title='bbox 2507 1589 2621 1643; x_wconf 77' lang='lat' dir='ltr'><strong>fieri</strong></span> <span class='ocrx_word' id='word_1_205' title='bbox 2645 1586 3079 1657; x_wconf 84' lang='lat' dir='ltr'><strong>superlucentem</strong></span> <span class='ocrx_word' id='word_1_206' title='bbox 3110 1597 3332 1640; x_wconf 83' lang='lat' dir='ltr'><strong>oramus</strong></span> <span class='ocrx_word' id='word_1_207' title='bbox 3355 1580 3543 1652; x_wconf 75' lang='lat' dir='ltr'><strong>caligi-</strong></span> 
     </span>
    </p>
   </div>
   <div class='ocr_carea' id='block_1_32' title="bbox 1960 1675 3548 1752">
    <p class='ocr_par' dir='ltr' id='par_1_32' title="bbox 1960 1675 3548 1752">
     <span class='ocr_line' id='line_1_32' title="bbox 1960 1675 3548 1752; baseline -0.006 -14"><span class='ocrx_word' id='word_1_208' title='bbox 1960 1698 2106 1745; x_wconf 88' lang='lat' dir='ltr'><strong>nem,</strong></span> <span class='ocrx_word' id='word_1_209' title='bbox 2137 1691 2191 1737; x_wconf 87' lang='lat' dir='ltr'><strong>et</strong></span> <span class='ocrx_word' id='word_1_210' title='bbox 2231 1697 2327 1752; x_wconf 88' lang='lat' dir='ltr'><strong>per</strong></span> <span class='ocrx_word' id='word_1_211' title='bbox 2356 1681 2781 1736; x_wconf 86' lang='lat' dir='ltr'><strong>iuvisibilitatem</strong></span> <span class='ocrx_word' id='word_1_212' title='bbox 2809 1687 2866 1734; x_wconf 91' lang='lat' dir='ltr'><strong>et</strong></span> <span class='ocrx_word' id='word_1_213' title='bbox 2894 1678 3250 1749; x_wconf 79' lang='lat' dir='ltr'><strong>ignorantiam</strong></span> <span class='ocrx_word' id='word_1_214' title='bbox 3275 1675 3461 1729; x_wconf 87' lang='lat' dir='ltr'><strong>videre</strong></span> <span class='ocrx_word' id='word_1_215' title='bbox 3488 1682 3548 1729; x_wconf 80' lang='lat' dir='ltr'><strong>et</strong></span> 
     </span>
    </p>
   </div>
   <div class='ocr_carea' id='block_1_33' title="bbox 272 1746 3542 1845">
    <p class='ocr_par' dir='ltr' id='par_1_33' title="bbox 272 1746 3542 1845">
     <span class='ocr_line' id='line_1_33' title="bbox 272 1746 3542 1845; baseline 0.003 -33"><span class='ocrx_word' id='word_1_216' title='bbox 272 1759 501 1817; x_wconf 87' lang='lat' dir='ltr'><strong>scientia</strong></span> <span class='ocrx_word' id='word_1_217' title='bbox 530 1771 744 1832; x_wconf 86' lang='lat' dir='ltr'><strong>oportet</strong></span> <span class='ocrx_word' id='word_1_218' title='bbox 792 1765 1043 1820; x_wconf 89' lang='lat' dir='ltr'><strong>tenebras</strong></span> <span class='ocrx_word' id='word_1_219' title='bbox 1083 1765 1363 1821; x_wconf 86' lang='lat' dir='ltr'><strong>latibulum</strong></span> <span class='ocrx_word' id='word_1_220' title='bbox 1399 1766 1535 1836; x_wconf 83' lang='lat' dir='ltr'><strong>ejus.</strong></span> <span class='ocrx_word' id='word_1_221' title='bbox 1578 1766 1636 1821; x_wconf 89' lang='lat' dir='ltr'><strong>Si</strong></span> <span class='ocrx_word' id='word_1_222' title='bbox 1674 1775 1855 1820; x_wconf 87' lang='lat' dir='ltr'><strong>autem</strong></span> <span class='ocrx_word' id='word_1_223' title='bbox 1888 1746 1931 1805; x_wconf 72' lang='grc' dir='ltr'><strong><em>Β</em></strong></span> <span class='ocrx_word' id='word_1_224' title='bbox 1956 1746 2285 1845; x_wconf 60' lang='lat' dir='ltr'><strong>cognoscere</strong></span> <span class='ocrx_word' id='word_1_225' title='bbox 2315 1774 2489 1842; x_wconf 81' lang='lat' dir='ltr'><strong>ipsum</strong></span> <span class='ocrx_word' id='word_1_226' title='bbox 2508 1786 2671 1842; x_wconf 82' lang='lat' dir='ltr'><strong>super</strong></span> <span class='ocrx_word' id='word_1_227' title='bbox 2693 1772 2859 1826; x_wconf 86' lang='lat' dir='ltr'><strong>Deum</strong></span> <span class='ocrx_word' id='word_1_228' title='bbox 2882 1746 2937 1825; x_wconf 72' lang='lat' dir='ltr'><strong>et</strong></span> <span class='ocrx_word' id='word_1_229' title='bbox 2962 1769 3265 1825; x_wconf 84' lang='lat' dir='ltr'><strong>scientiam.</strong></span> <span class='ocrx_word' id='word_1_230' title='bbox 3294 1764 3408 1820; x_wconf 76' lang='lat' dir='ltr'><strong>Hoc</strong></span> <span class='ocrx_word' id='word_1_231' title='bbox 3434 1778 3542 1818; x_wconf 83' lang='lat' dir='ltr'><strong>non</strong></span> 
     </span>
    </p>
   </div>
   <div class='ocr_carea' id='block_1_34' title="bbox 210 1852 1853 1928">
    <p class='ocr_par' dir='ltr' id='par_1_34' title="bbox 210 1852 1853 1928">
     <span class='ocr_line' id='line_1_34' title="bbox 210 1852 1853 1928; baseline 0.005 -24"><span class='ocrx_word' id='word_1_232' title='bbox 210 1865 259 1920; x_wconf 60' lang='grc' dir='ltr'>δ</span> <span class='ocrx_word' id='word_1_233' title='bbox 284 1866 437 1921; x_wconf 67' lang='grc' dir='ltr'><strong>ιιιρει·</strong></span> <span class='ocrx_word' id='word_1_234' title='bbox 474 1852 573 1909; x_wconf 86' lang='lat' dir='ltr'><strong>hos</strong></span> <span class='ocrx_word' id='word_1_235' title='bbox 618 1856 980 1911; x_wconf 87' lang='lat' dir='ltr'><strong>suntdivinae</strong></span> <span class='ocrx_word' id='word_1_236' title='bbox 1020 1857 1074 1911; x_wconf 92' lang='lat' dir='ltr'><strong>in</strong></span> <span class='ocrx_word' id='word_1_237' title='bbox 1109 1857 1370 1928; x_wconf 87' lang='lat' dir='ltr'><strong>mysteria</strong></span> <span class='ocrx_word' id='word_1_238' title='bbox 1409 1856 1853 1919; x_wconf 84' lang='lat' dir='ltr'><strong>introductiones,</strong></span> 
     </span>
    </p>
   </div>
   <div class='ocr_carea' id='block_1_35' title="bbox 276 1943 1862 2021">
    <p class='ocr_par' dir='ltr' id='par_1_35' title="bbox 276 1943 1862 2021">
     <span class='ocr_line' id='line_1_35' title="bbox 276 1943 1862 2021; baseline 0.009 -28"><span class='ocrx_word' id='word_1_239' title='bbox 276 1943 405 2011; x_wconf 89' lang='lat' dir='ltr'><strong>quid</strong></span> <span class='ocrx_word' id='word_1_240' title='bbox 457 1945 579 2014; x_wconf 85' lang='lat' dir='ltr'><strong>quis</strong></span> <span class='ocrx_word' id='word_1_241' title='bbox 632 1946 829 2002; x_wconf 78' lang='lat' dir='ltr'><strong>dixerit</strong></span> <span class='ocrx_word' id='word_1_242' title='bbox 874 1949 941 2004; x_wconf 92' lang='lat' dir='ltr'><strong>de</strong></span> <span class='ocrx_word' id='word_1_243' title='bbox 987 1949 1109 2004; x_wconf 90' lang='lat' dir='ltr'><strong>aliis</strong></span> <span class='ocrx_word' id='word_1_244' title='bbox 1149 1949 1505 2015; x_wconf 85' lang='lat' dir='ltr'><strong>ardentibus.</strong></span> <span class='ocrx_word' id='word_1_245' title='bbox 1553 1951 1862 2021; x_wconf 83' lang='lat' dir='ltr'><strong>quicunque</strong></span> 
     </span>
    </p>
   </div>
   <div class='ocr_carea' id='block_1_36' title="bbox 275 2034 1862 2112">
    <p class='ocr_par' dir='ltr' id='par_1_36' title="bbox 275 2034 1862 2112">
     <span class='ocr_line' id='line_1_36' title="bbox 275 2034 1862 2112; baseline 0.006 -26"><span class='ocrx_word' id='word_1_246' title='bbox 275 2034 532 2091; x_wconf 86' lang='lat' dir='ltr'><strong>omnibus</strong></span> <span class='ocrx_word' id='word_1_247' title='bbox 570 2038 966 2107; x_wconf 90' lang='lat' dir='ltr'><strong>superpositam</strong></span> <span class='ocrx_word' id='word_1_248' title='bbox 993 2054 1211 2097; x_wconf 88' lang='lat' dir='ltr'><strong>causam</strong></span> <span class='ocrx_word' id='word_1_249' title='bbox 1238 2056 1306 2096; x_wconf 82' lang='lat' dir='ltr'><strong>ex</strong></span> <span class='ocrx_word' id='word_1_250' title='bbox 1337 2042 1467 2112; x_wconf 87' lang='lat' dir='ltr'><strong>ipsis</strong></span> <span class='ocrx_word' id='word_1_251' title='bbox 1496 2042 1550 2095; x_wconf 91' lang='lat' dir='ltr'><strong>in</strong></span> <span class='ocrx_word' id='word_1_252' title='bbox 1577 2042 1694 2107; x_wconf 89' lang='lat' dir='ltr'><strong>his,</strong></span> <span class='ocrx_word' id='word_1_253' title='bbox 1720 2054 1862 2110; x_wconf 88' lang='lat' dir='ltr'><strong>quae</strong></span> 
     </span>
    </p>
   </div>
   <div class='ocr_carea' id='block_1_37' title="bbox 278 2132 1861 2203">
    <p class='ocr_par' dir='ltr' id='par_1_37' title="bbox 278 2132 1861 2203">
     <span class='ocr_line' id='line_1_37' title="bbox 278 2132 1861 2203; baseline 0.004 -21"><span class='ocrx_word' id='word_1_254' title='bbox 278 2137 428 2195; x_wconf 79' lang='lat' dir='ltr'><strong>Sunt,</strong></span> <span class='ocrx_word' id='word_1_255' title='bbox 458 2132 765 2187; x_wconf 84' lang='lat' dir='ltr'><strong>novissimis</strong></span> <span class='ocrx_word' id='word_1_256' title='bbox 794 2134 1248 2196; x_wconf 88' lang='lat' dir='ltr'><strong>characterizant,</strong></span> <span class='ocrx_word' id='word_1_257' title='bbox 1282 2143 1336 2190; x_wconf 92' lang='lat' dir='ltr'><strong>et</strong></span> <span class='ocrx_word' id='word_1_258' title='bbox 1380 2136 1515 2201; x_wconf 81' lang='lat' dir='ltr'><strong>nihil</strong></span> <span class='ocrx_word' id='word_1_259' title='bbox 1544 2150 1665 2190; x_wconf 86' lang='lat' dir='ltr'><strong>eam</strong></span> <span class='ocrx_word' id='word_1_260' title='bbox 1696 2149 1861 2203; x_wconf 88' lang='lat' dir='ltr'><strong>supe-</strong></span> 
     </span>
    </p>
   </div>
   <div class='ocr_carea' id='block_1_38' title="bbox 279 2222 1863 2295">
    <p class='ocr_par' dir='ltr' id='par_1_38' title="bbox 279 2222 1863 2295">
     <span class='ocr_line' id='line_1_38' title="bbox 279 2222 1863 2295; baseline 0.003 -22"><span class='ocrx_word' id='word_1_261' title='bbox 279 2235 404 2275; x_wconf 88' lang='lat' dir='ltr'><strong>rare</strong></span> <span class='ocrx_word' id='word_1_262' title='bbox 429 2222 581 2276; x_wconf 87' lang='lat' dir='ltr'><strong>aiunt</strong></span> <span class='ocrx_word' id='word_1_263' title='bbox 612 2224 681 2278; x_wconf 85' lang='lat' dir='ltr'><strong>ab</strong></span> <span class='ocrx_word' id='word_1_264' title='bbox 703 2223 835 2294; x_wconf 88' lang='lat' dir='ltr'><strong>ipsis</strong></span> <span class='ocrx_word' id='word_1_265' title='bbox 858 2223 1105 2279; x_wconf 85' lang='lat' dir='ltr'><strong>lictarnm</strong></span> <span class='ocrx_word' id='word_1_266' title='bbox 1142 2224 1477 2295; x_wconf 83' lang='lat' dir='ltr'><strong>impietatum</strong></span> <span class='ocrx_word' id='word_1_267' title='bbox 1510 2235 1567 2280; x_wconf 88' lang='lat' dir='ltr'><strong>et</strong></span> <span class='ocrx_word' id='word_1_268' title='bbox 1597 2223 1863 2280; x_wconf 75' lang='lat' dir='ltr'><strong>multifor-</strong></span> 
     </span>
    </p>
   </div>
   <div class='ocr_carea' id='block_1_39' title="bbox 279 2311 1861 2384">
    <p class='ocr_par' dir='ltr' id='par_1_39' title="bbox 279 2311 1861 2384">
     <span class='ocr_line' id='line_1_39' title="bbox 279 2311 1861 2384; baseline 0.004 -19"><span class='ocrx_word' id='word_1_269' title='bbox 279 2311 448 2365; x_wconf 85' lang='lat' dir='ltr'><strong>mium</strong></span> <span class='ocrx_word' id='word_1_270' title='bbox 491 2311 919 2368; x_wconf 81' lang='lat' dir='ltr'><strong>formationum?</strong></span> <span class='ocrx_word' id='word_1_271' title='bbox 947 2314 1002 2368; x_wconf 88' lang='lat' dir='ltr'><strong>lu</strong></span> <span class='ocrx_word' id='word_1_272' title='bbox 1027 2315 1140 2379; x_wconf 87' lang='lat' dir='ltr'><strong>ipsa</strong></span> <span class='ocrx_word' id='word_1_273' title='bbox 1169 2316 1331 2371; x_wconf 87' lang='lat' dir='ltr'><strong>etiam</strong></span> <span class='ocrx_word' id='word_1_274' title='bbox 1361 2324 1573 2384; x_wconf 87' lang='lat' dir='ltr'><strong>oportet</strong></span> <span class='ocrx_word' id='word_1_275' title='bbox 1620 2329 1810 2371; x_wconf 83' lang='lat' dir='ltr'><strong>omnes</strong></span> <span class='ocrx_word' id='word_1_276' title='bbox 1840 2316 1861 2347; x_wconf 83' lang='lat'><strong>’</strong></span> 
     </span>
    </p>
   </div>
   <div class='ocr_carea' id='block_1_40' title="bbox 277 2404 1863 2476">
    <p class='ocr_par' dir='ltr' id='par_1_40' title="bbox 277 2404 1863 2476">
     <span class='ocr_line' id='line_1_40' title="bbox 277 2404 1863 2476; baseline 0.002 -20"><span class='ocrx_word' id='word_1_277' title='bbox 277 2404 628 2459; x_wconf 89' lang='lat' dir='ltr'><strong>existentium</strong></span> <span class='ocrx_word' id='word_1_278' title='bbox 677 2420 878 2475; x_wconf 90' lang='lat' dir='ltr'><strong>ponere</strong></span> <span class='ocrx_word' id='word_1_279' title='bbox 916 2415 973 2460; x_wconf 92' lang='lat' dir='ltr'><strong>et</strong></span> <span class='ocrx_word' id='word_1_280' title='bbox 1018 2405 1290 2461; x_wconf 82' lang='lat' dir='ltr'><strong>allirmare</strong></span> <span class='ocrx_word' id='word_1_281' title='bbox 1334 2405 1652 2476; x_wconf 78' lang='lat' dir='ltr'><strong>positiones,</strong></span> <span class='ocrx_word' id='word_1_282' title='bbox 1696 2404 1863 2459; x_wconf 86' lang='lat' dir='ltr'><strong>veluti</strong></span> 
     </span>
    </p>
   </div>
   <div class='ocr_carea' id='block_1_41' title="bbox 277 2496 1863 2569">
    <p class='ocr_par' dir='ltr' id='par_1_41' title="bbox 277 2496 1863 2569">
     <span class='ocr_line' id='line_1_41' title="bbox 277 2496 1863 2569; baseline 0.002 -21"><span class='ocrx_word' id='word_1_283' title='bbox 277 2496 520 2550; x_wconf 86' lang='lat' dir='ltr'><strong>omnium</strong></span> <span class='ocrx_word' id='word_1_284' title='bbox 559 2511 745 2562; x_wconf 88' lang='lat' dir='ltr'><strong>causa,</strong></span> <span class='ocrx_word' id='word_1_285' title='bbox 776 2505 830 2552; x_wconf 90' lang='lat' dir='ltr'><strong>et</strong></span> <span class='ocrx_word' id='word_1_286' title='bbox 846 2513 1035 2553; x_wconf 90' lang='lat' dir='ltr'><strong>omnes</strong></span> <span class='ocrx_word' id='word_1_287' title='bbox 1064 2514 1158 2554; x_wconf 85' lang='lat' dir='ltr'><strong>eas</strong></span> <span class='ocrx_word' id='word_1_288' title='bbox 1181 2499 1455 2569; x_wconf 90' lang='lat' dir='ltr'><strong>potentius</strong></span> <span class='ocrx_word' id='word_1_289' title='bbox 1486 2512 1707 2568; x_wconf 81' lang='lat' dir='ltr'><strong>negare,</strong></span> <span class='ocrx_word' id='word_1_290' title='bbox 1741 2505 1863 2551; x_wconf 87' lang='lat' dir='ltr'><strong>tan-</strong></span> 
     </span>
    </p>
   </div>
   <div class='ocr_carea' id='block_1_42' title="bbox 279 2588 1864 2659">
    <p class='ocr_par' dir='ltr' id='par_1_42' title="bbox 279 2588 1864 2659">
     <span class='ocr_line' id='line_1_42' title="bbox 279 2588 1864 2659; baseline 0.002 -21"><span class='ocrx_word' id='word_1_291' title='bbox 279 2602 445 2656; x_wconf 83' lang='lat' dir='ltr'><strong>quam</strong></span> <span class='ocrx_word' id='word_1_292' title='bbox 472 2602 635 2657; x_wconf 88' lang='lat' dir='ltr'><strong>super</strong></span> <span class='ocrx_word' id='word_1_293' title='bbox 666 2588 847 2642; x_wconf 90' lang='lat' dir='ltr'><strong>omnia</strong></span> <span class='ocrx_word' id='word_1_294' title='bbox 888 2589 1342 2659; x_wconf 84' lang='lat' dir='ltr'><strong>superexistente,</strong></span> <span class='ocrx_word' id='word_1_295' title='bbox 1370 2597 1424 2643; x_wconf 92' lang='lat' dir='ltr'><strong>et</strong></span> <span class='ocrx_word' id='word_1_296' title='bbox 1455 2603 1558 2643; x_wconf 90' lang='lat' dir='ltr'><strong>non</strong></span> <span class='ocrx_word' id='word_1_297' title='bbox 1586 2588 1864 2644; x_wconf 87' lang='lat' dir='ltr'><strong>aestimari</strong></span> 
     </span>
    </p>
   </div>
   <div class='ocr_carea' id='block_1_43' title="bbox 279 2676 1869 2750">
    <p class='ocr_par' dir='ltr' id='par_1_43' title="bbox 279 2676 1869 2750">
     <span class='ocr_line' id='line_1_43' title="bbox 279 2676 1869 2750; baseline 0.003 -21"><span class='ocrx_word' id='word_1_298' title='bbox 279 2676 625 2747; x_wconf 84' lang='lat' dir='ltr'><strong>depulsiones</strong></span> <span class='ocrx_word' id='word_1_299' title='bbox 649 2680 925 2750; x_wconf 86' lang='lat' dir='ltr'><strong>oppositas</strong></span> <span class='ocrx_word' id='word_1_300' title='bbox 959 2696 1080 2736; x_wconf 90' lang='lat' dir='ltr'><strong>esse</strong></span> <span class='ocrx_word' id='word_1_301' title='bbox 1109 2681 1526 2743; x_wconf 87' lang='lat' dir='ltr'><strong>intentionibus,</strong></span> <span class='ocrx_word' id='word_1_302' title='bbox 1578 2682 1670 2734; x_wconf 89' lang='lat' dir='ltr'><strong>sed</strong></span> <span class='ocrx_word' id='word_1_303' title='bbox 1699 2679 1869 2749; x_wconf 77' lang='lat' dir='ltr'><strong>puilto</strong></span> 
     </span>
    </p>
   </div>
   <div class='ocr_carea' id='block_1_44' title="bbox 280 2771 1869 2845">
    <p class='ocr_par' dir='ltr' id='par_1_44' title="bbox 280 2771 1869 2845">
     <span class='ocr_line' id='line_1_44' title="bbox 280 2771 1869 2845; baseline 0.001 -21"><span class='ocrx_word' id='word_1_304' title='bbox 280 2771 439 2839; x_wconf 82' lang='lat' dir='ltr'><strong>prius</strong></span> <span class='ocrx_word' id='word_1_305' title='bbox 477 2772 647 2840; x_wconf 84' lang='lat' dir='ltr'><strong>ipsam</strong></span> <span class='ocrx_word' id='word_1_306' title='bbox 694 2788 858 2843; x_wconf 86' lang='lat' dir='ltr'><strong>super</strong></span> <span class='ocrx_word' id='word_1_307' title='bbox 894 2775 1227 2845; x_wconf 86' lang='lat' dir='ltr'><strong>privationes</strong></span> <span class='ocrx_word' id='word_1_308' title='bbox 1253 2789 1399 2839; x_wconf 88' lang='lat' dir='ltr'><strong>esse,</strong></span> <span class='ocrx_word' id='word_1_309' title='bbox 1429 2789 1571 2844; x_wconf 90' lang='lat' dir='ltr'><strong>quae</strong></span> <span class='ocrx_word' id='word_1_310' title='bbox 1597 2782 1681 2828; x_wconf 91' lang='lat' dir='ltr'><strong>est</strong></span> <span class='ocrx_word' id='word_1_311' title='bbox 1719 2774 1741 2805; x_wconf 83' lang='grc'><strong><em>⁸</em></strong></span> <span class='ocrx_word' id='word_1_312' title='bbox 1778 2789 1869 2826; x_wconf 88' lang='lat' dir='ltr'><strong>su-</strong></span> 
     </span>
    </p>
   </div>
   <div class='ocr_carea' id='block_1_45' title="bbox 280 2852 1868 2934">
    <p class='ocr_par' dir='ltr' id='par_1_45' title="bbox 280 2852 1868 2934">
     <span class='ocr_line' id='line_1_45' title="bbox 280 2852 1868 2934; baseline 0.002 -21"><span class='ocrx_word' id='word_1_313' title='bbox 280 2875 384 2930; x_wconf 87' lang='lat' dir='ltr'><strong>per</strong></span> <span class='ocrx_word' id='word_1_314' title='bbox 405 2876 619 2916; x_wconf 88' lang='lat' dir='ltr'><strong>omnem</strong></span> <span class='ocrx_word' id='word_1_315' title='bbox 647 2862 968 2919; x_wconf 88' lang='lat' dir='ltr'><strong>ablationem</strong></span> <span class='ocrx_word' id='word_1_316' title='bbox 989 2871 1045 2919; x_wconf 91' lang='lat' dir='ltr'><strong>et</strong></span> <span class='ocrx_word' id='word_1_317' title='bbox 1069 2852 1408 2933; x_wconf 79' lang='lat' dir='ltr'><strong>positionem.</strong></span> <span class='ocrx_word' id='word_1_318' title='bbox 1431 2862 1524 2918; x_wconf 92' lang='lat' dir='ltr'><strong>Sic</strong></span> <span class='ocrx_word' id='word_1_319' title='bbox 1547 2864 1711 2934; x_wconf 83' lang='lat' dir='ltr'><strong>igitur</strong></span> <span class='ocrx_word' id='word_1_320' title='bbox 1733 2863 1868 2917; x_wconf 85' lang='lat' dir='ltr'><strong>divi-</strong></span> 
     </span>
    </p>
   </div>
   <div class='ocr_carea' id='block_1_46' title="bbox 284 2950 1869 3024">
    <p class='ocr_par' dir='ltr' id='par_1_46' title="bbox 284 2950 1869 3024">
     <span class='ocr_line' id='line_1_46' title="bbox 284 2950 1869 3024; baseline 0.004 -21"><span class='ocrx_word' id='word_1_321' title='bbox 284 2966 390 3003; x_wconf 87' lang='lat' dir='ltr'><strong>nus</strong></span> <span class='ocrx_word' id='word_1_322' title='bbox 418 2950 857 3009; x_wconf 87' lang='lat' dir='ltr'><strong>Bartholomaens</strong></span> <span class='ocrx_word' id='word_1_323' title='bbox 887 2954 984 3016; x_wconf 88' lang='lat' dir='ltr'><strong>ait,</strong></span> <span class='ocrx_word' id='word_1_324' title='bbox 1007 2962 1064 3008; x_wconf 91' lang='lat' dir='ltr'><strong>et</strong></span> <span class='ocrx_word' id='word_1_325' title='bbox 1103 2953 1326 3007; x_wconf 90' lang='lat' dir='ltr'><strong>multam</strong></span> <span class='ocrx_word' id='word_1_326' title='bbox 1369 2953 1694 3024; x_wconf 78' lang='lat' dir='ltr'><strong>theologiam</strong></span> <span class='ocrx_word' id='word_1_327' title='bbox 1723 2967 1869 3016; x_wconf 90' lang='lat' dir='ltr'><strong>esse,</strong></span> 
     </span>
    </p>
   </div>
   <div class='ocr_carea' id='block_1_47' title="bbox 282 3040 1939 3113">
    <p class='ocr_par' dir='ltr' id='par_1_47' title="bbox 282 3040 1939 3113">
     <span class='ocr_line' id='line_1_47' title="bbox 282 3040 1939 3113; baseline 0.001 -20"><span class='ocrx_word' id='word_1_328' title='bbox 282 3048 344 3093; x_wconf 85' lang='lat' dir='ltr'><strong>et</strong></span> <span class='ocrx_word' id='word_1_329' title='bbox 387 3040 689 3104; x_wconf 88' lang='lat' dir='ltr'><strong>minimam,</strong></span> <span class='ocrx_word' id='word_1_330' title='bbox 727 3050 779 3096; x_wconf 90' lang='lat' dir='ltr'><strong>et</strong></span> <span class='ocrx_word' id='word_1_331' title='bbox 817 3042 1154 3113; x_wconf 83' lang='lat' dir='ltr'><strong>evangelium</strong></span> <span class='ocrx_word' id='word_1_332' title='bbox 1202 3043 1395 3106; x_wconf 88' lang='lat' dir='ltr'><strong>latum,</strong></span> <span class='ocrx_word' id='word_1_333' title='bbox 1422 3051 1477 3098; x_wconf 91' lang='lat' dir='ltr'><strong>et</strong></span> <span class='ocrx_word' id='word_1_334' title='bbox 1502 3058 1777 3113; x_wconf 77' lang='lat' dir='ltr'><strong>magnum,</strong></span> <span class='ocrx_word' id='word_1_335' title='bbox 1817 3048 1873 3096; x_wconf 89' lang='lat' dir='ltr'><strong>et</strong></span> <span class='ocrx_word' id='word_1_336' title='bbox 1903 3092 1939 3113; x_wconf 52' lang='grc' dir='ltr'>η</span> 
     </span>
    </p>
   </div>
   <div class='ocr_carea' id='block_1_48' title="bbox 283 3128 1871 3202">
    <p class='ocr_par' dir='ltr' id='par_1_48' title="bbox 283 3128 1871 3202">
     <span class='ocr_line' id='line_1_48' title="bbox 283 3128 1871 3202; baseline 0.002 -20"><span class='ocrx_word' id='word_1_337' title='bbox 283 3128 484 3184; x_wconf 84' lang='lat' dir='ltr'><strong>iterum</strong></span> <span class='ocrx_word' id='word_1_338' title='bbox 541 3140 871 3201; x_wconf 89' lang='lat' dir='ltr'><strong>correptum.</strong></span> <span class='ocrx_word' id='word_1_339' title='bbox 942 3132 1069 3187; x_wconf 80' lang='lat' dir='ltr'><strong>Mihi</strong></span> <span class='ocrx_word' id='word_1_340' title='bbox 1108 3133 1324 3189; x_wconf 89' lang='lat' dir='ltr'><strong>videtur</strong></span> <span class='ocrx_word' id='word_1_341' title='bbox 1383 3132 1871 3202; x_wconf 83' lang='lat' dir='ltr'><strong>supernaturaliter</strong></span> 
     </span>
    </p>
   </div>
   <div class='ocr_carea' id='block_1_49' title="bbox 285 3220 1871 3294">
    <p class='ocr_par' dir='ltr' id='par_1_49' title="bbox 285 3220 1871 3294">
     <span class='ocr_line' id='line_1_49' title="bbox 285 3220 1871 3294; baseline 0.001 -21"><span class='ocrx_word' id='word_1_342' title='bbox 285 3220 610 3289; x_wconf 78' lang='lat' dir='ltr'><strong>intelligens,</strong></span> <span class='ocrx_word' id='word_1_343' title='bbox 641 3223 768 3292; x_wconf 88' lang='lat' dir='ltr'><strong>quia</strong></span> <span class='ocrx_word' id='word_1_344' title='bbox 814 3229 870 3277; x_wconf 89' lang='lat' dir='ltr'><strong>et</strong></span> <span class='ocrx_word' id='word_1_345' title='bbox 902 3222 1218 3294; x_wconf 82' lang='lat' dir='ltr'><strong>multiloqua</strong></span> <span class='ocrx_word' id='word_1_346' title='bbox 1263 3230 1348 3278; x_wconf 88' lang='lat' dir='ltr'><strong>est</strong></span> <span class='ocrx_word' id='word_1_347' title='bbox 1394 3223 1601 3292; x_wconf 76' lang='lat' dir='ltr'><strong>Optima</strong></span> <span class='ocrx_word' id='word_1_348' title='bbox 1628 3221 1871 3283; x_wconf 84' lang='lat' dir='ltr'><strong>omnium</strong></span> 
     </span>
    </p>
   </div>
   <div class='ocr_carea' id='block_1_50' title="bbox 283 3313 1874 3385">
    <p class='ocr_par' dir='ltr' id='par_1_50' title="bbox 283 3313 1874 3385">
     <span class='ocr_line' id='line_1_50' title="bbox 283 3313 1874 3385; baseline -0.001 -14"><span class='ocrx_word' id='word_1_349' title='bbox 283 3328 478 3379; x_wconf 85' lang='lat' dir='ltr'><strong>causa,</strong></span> <span class='ocrx_word' id='word_1_350' title='bbox 499 3323 555 3368; x_wconf 88' lang='lat' dir='ltr'><strong>et</strong></span> <span class='ocrx_word' id='word_1_351' title='bbox 574 3314 888 3385; x_wconf 89' lang='lat' dir='ltr'><strong>breviloqua</strong></span> <span class='ocrx_word' id='word_1_352' title='bbox 913 3316 1095 3378; x_wconf 86' lang='lat' dir='ltr'><strong>simul,</strong></span> <span class='ocrx_word' id='word_1_353' title='bbox 1122 3324 1178 3371; x_wconf 89' lang='lat' dir='ltr'><strong>et</strong></span> <span class='ocrx_word' id='word_1_354' title='bbox 1208 3316 1325 3371; x_wconf 85' lang='lat' dir='ltr'><strong>sine</strong></span> <span class='ocrx_word' id='word_1_355' title='bbox 1364 3316 1552 3380; x_wconf 78' lang='lat' dir='ltr'><strong>verbo,</strong></span> <span class='ocrx_word' id='word_1_356' title='bbox 1602 3313 1874 3384; x_wconf 81' lang='lat' dir='ltr'><strong>quomodo</strong></span> 
     </span>
    </p>
   </div>
   <div class='ocr_carea' id='block_1_51' title="bbox 288 3409 1876 3479">
    <p class='ocr_par' dir='ltr' id='par_1_51' title="bbox 288 3409 1876 3479">
     <span class='ocr_line' id='line_1_51' title="bbox 288 3409 1876 3479; baseline 0 -18"><span class='ocrx_word' id='word_1_357' title='bbox 288 3422 468 3475; x_wconf 89' lang='lat' dir='ltr'><strong>neque</strong></span> <span class='ocrx_word' id='word_1_358' title='bbox 522 3409 782 3472; x_wconf 84' lang='lat' dir='ltr'><strong>verbum,</strong></span> <span class='ocrx_word' id='word_1_359' title='bbox 848 3424 1023 3479; x_wconf 89' lang='lat' dir='ltr'><strong>neque</strong></span> <span class='ocrx_word' id='word_1_360' title='bbox 1088 3409 1500 3479; x_wconf 84' lang='lat' dir='ltr'><strong>intelligentiam</strong></span> <span class='ocrx_word' id='word_1_361' title='bbox 1562 3409 1765 3473; x_wconf 87' lang='lat' dir='ltr'><strong>habet,</strong></span> <span class='ocrx_word' id='word_1_362' title='bbox 1810 3422 1876 3461; x_wconf 91' lang='lat' dir='ltr'><strong>eo</strong></span> 
     </span>
    </p>
   </div>
   <div class='ocr_carea' id='block_1_52' title="bbox 288 3499 1874 3569">
    <p class='ocr_par' dir='ltr' id='par_1_52' title="bbox 288 3499 1874 3569">
     <span class='ocr_line' id='line_1_52' title="bbox 288 3499 1874 3569; baseline 0.001 -19"><span class='ocrx_word' id='word_1_363' title='bbox 288 3500 435 3566; x_wconf 83' lang='lat' dir='ltr'><strong>quod</strong></span> <span class='ocrx_word' id='word_1_364' title='bbox 484 3499 736 3553; x_wconf 89' lang='lat' dir='ltr'><strong>omnibus</strong></span> <span class='ocrx_word' id='word_1_365' title='bbox 782 3500 895 3568; x_wconf 88' lang='lat' dir='ltr'><strong>ipsa</strong></span> <span class='ocrx_word' id='word_1_366' title='bbox 955 3500 1478 3569; x_wconf 83' lang='lat' dir='ltr'><strong>superessentialiter</strong></span> <span class='ocrx_word' id='word_1_367' title='bbox 1536 3500 1874 3568; x_wconf 87' lang='lat' dir='ltr'><strong>superposita</strong></span> 
     </span>
    </p>
   </div>
   <div class='ocr_carea' id='block_1_53' title="bbox 290 3587 1877 3658">
    <p class='ocr_par' dir='ltr' id='par_1_53' title="bbox 290 3587 1877 3658">
     <span class='ocr_line' id='line_1_53' title="bbox 290 3587 1877 3658; baseline 0.002 -17"><span class='ocrx_word' id='word_1_368' title='bbox 290 3597 394 3647; x_wconf 85' lang='lat' dir='ltr'><strong>est,</strong></span> <span class='ocrx_word' id='word_1_369' title='bbox 422 3596 476 3642; x_wconf 87' lang='lat' dir='ltr'><strong>et</strong></span> <span class='ocrx_word' id='word_1_370' title='bbox 497 3587 625 3642; x_wconf 87' lang='lat' dir='ltr'><strong>solis</strong></span> <span class='ocrx_word' id='word_1_371' title='bbox 649 3588 1088 3644; x_wconf 80' lang='lat' dir='ltr'><strong>incircumvelate</strong></span> <span class='ocrx_word' id='word_1_372' title='bbox 1110 3598 1166 3643; x_wconf 80' lang='lat' dir='ltr'><strong>et</strong></span> <span class='ocrx_word' id='word_1_373' title='bbox 1187 3606 1314 3645; x_wconf 82' lang='lat' dir='ltr'><strong>vere</strong></span> <span class='ocrx_word' id='word_1_374' title='bbox 1339 3589 1642 3649; x_wconf 84' lang='lat' dir='ltr'><strong>manifesta.</strong></span> <span class='ocrx_word' id='word_1_375' title='bbox 1675 3589 1877 3658; x_wconf 84' lang='lat' dir='ltr'><strong>polluta</strong></span> 
     </span>
    </p>
   </div>
   <div class='ocr_carea' id='block_1_54' title="bbox 290 3677 1876 3748">
    <p class='ocr_par' dir='ltr' id='par_1_54' title="bbox 290 3677 1876 3748">
     <span class='ocr_line' id='line_1_54' title="bbox 290 3677 1876 3748; baseline 0.001 -18"><span class='ocrx_word' id='word_1_376' title='bbox 290 3677 474 3731; x_wconf 89' lang='lat' dir='ltr'><strong>omnia</strong></span> <span class='ocrx_word' id='word_1_377' title='bbox 497 3684 552 3731; x_wconf 89' lang='lat' dir='ltr'><strong>et</strong></span> <span class='ocrx_word' id='word_1_378' title='bbox 579 3677 856 3732; x_wconf 89' lang='lat' dir='ltr'><strong>immunda</strong></span> <span class='ocrx_word' id='word_1_379' title='bbox 883 3678 1421 3748; x_wconf 75' lang='lat' dir='ltr'><strong>transgredientibus,</strong></span> <span class='ocrx_word' id='word_1_380' title='bbox 1442 3686 1498 3732; x_wconf 89' lang='lat' dir='ltr'><strong>et</strong></span> <span class='ocrx_word' id='word_1_381' title='bbox 1520 3692 1735 3731; x_wconf 90' lang='lat' dir='ltr'><strong>omnem</strong></span> <span class='ocrx_word' id='word_1_382' title='bbox 1758 3692 1876 3732; x_wconf 83' lang='lat' dir='ltr'><strong>om-</strong></span> 
     </span>
    </p>
   </div>
   <div class='ocr_carea' id='block_1_55' title="bbox 291 3750 1879 3839">
    <p class='ocr_par' dir='ltr' id='par_1_55' title="bbox 291 3750 1879 3839">
     <span class='ocr_line' id='line_1_55' title="bbox 291 3750 1879 3839; baseline 0.001 -16"><span class='ocrx_word' id='word_1_383' title='bbox 291 3771 443 3823; x_wconf 78' lang='lat' dir='ltr'><strong>nium</strong></span> <span class='ocrx_word' id='word_1_384' title='bbox 466 3779 775 3824; x_wconf 75' lang='lat' dir='ltr'><strong>sanctarum</strong></span> <span class='ocrx_word' id='word_1_385' title='bbox 804 3771 1178 3825; x_wconf 83' lang='lat' dir='ltr'><strong>sammitatnm</strong></span> <span class='ocrx_word' id='word_1_386' title='bbox 1199 3750 1592 3825; x_wconf 66' lang='lat' dir='ltr'><strong>’:tscelisionem</strong></span> <span class='ocrx_word' id='word_1_387' title='bbox 1627 3783 1879 3839; x_wconf 84' lang='lat' dir='ltr'><strong>superas-</strong></span> 
     </span>
    </p>
   </div>
   <div class='ocr_carea' id='block_1_56' title="bbox 295 3859 1883 3923">
    <p class='ocr_par' dir='ltr' id='par_1_56' title="bbox 295 3859 1883 3923">
     <span class='ocr_line' id='line_1_56' title="bbox 295 3859 1883 3923; baseline 0 -10"><span class='ocrx_word' id='word_1_388' title='bbox 295 3859 674 3923; x_wconf 89' lang='lat' dir='ltr'><strong>cendeutibus,</strong></span> <span class='ocrx_word' id='word_1_389' title='bbox 710 3868 763 3914; x_wconf 91' lang='lat' dir='ltr'><strong>et</strong></span> <span class='ocrx_word' id='word_1_390' title='bbox 797 3860 978 3914; x_wconf 88' lang='lat' dir='ltr'><strong>omnia</strong></span> <span class='ocrx_word' id='word_1_391' title='bbox 1022 3860 1201 3914; x_wconf 81' lang='lat' dir='ltr'><strong>divina</strong></span> <span class='ocrx_word' id='word_1_392' title='bbox 1246 3860 1446 3915; x_wconf 86' lang='lat' dir='ltr'><strong>lumina</strong></span> <span class='ocrx_word' id='word_1_393' title='bbox 1502 3869 1556 3914; x_wconf 88' lang='lat' dir='ltr'><strong>et</strong></span> <span class='ocrx_word' id='word_1_394' title='bbox 1610 3875 1772 3915; x_wconf 88' lang='lat' dir='ltr'><strong>sonos</strong></span> <span class='ocrx_word' id='word_1_395' title='bbox 1826 3868 1883 3915; x_wconf 87' lang='lat' dir='ltr'><strong>et</strong></span> 
     </span>
    </p>
   </div>
   <div class='ocr_carea' id='block_1_57' title="bbox 295 3931 1881 4029">
    <p class='ocr_par' dir='ltr' id='par_1_57' title="bbox 295 3931 1881 4029">
     <span class='ocr_line' id='line_1_57' title="bbox 295 3931 1881 4029; baseline 0 -26"><span class='ocrx_word' id='word_1_396' title='bbox 295 3951 462 4004; x_wconf 86' lang='lat' dir='ltr'><strong>verba</strong></span> <span class='ocrx_word' id='word_1_397' title='bbox 505 3950 760 4029; x_wconf 72' lang='lat' dir='ltr'><strong>caelestia</strong></span> <span class='ocrx_word' id='word_1_398' title='bbox 809 3931 1213 4021; x_wconf 72' lang='lat' dir='ltr'><strong>superaniibus,</strong></span> <span class='ocrx_word' id='word_1_399' title='bbox 1240 3952 1372 4006; x_wconf 90' lang='lat' dir='ltr'><strong>etin</strong></span> <span class='ocrx_word' id='word_1_400' title='bbox 1398 3951 1680 4020; x_wconf 75' lang='lat' dir='ltr'><strong>caliginem</strong></span> <span class='ocrx_word' id='word_1_401' title='bbox 1733 3951 1881 4005; x_wconf 90' lang='lat' dir='ltr'><strong>occi-</strong></span> 
     </span>
    </p>
   </div>
   <div class='ocr_carea' id='block_1_58' title="bbox 298 4042 1882 4113">
    <p class='ocr_par' dir='ltr' id='par_1_58' title="bbox 298 4042 1882 4113">
     <span class='ocr_line' id='line_1_58' title="bbox 298 4042 1882 4113; baseline 0.002 -18"><span class='ocrx_word' id='word_1_402' title='bbox 298 4042 569 4105; x_wconf 88' lang='lat' dir='ltr'><strong>dentibus,</strong></span> <span class='ocrx_word' id='word_1_403' title='bbox 628 4043 717 4097; x_wconf 91' lang='lat' dir='ltr'><strong>ubi</strong></span> <span class='ocrx_word' id='word_1_404' title='bbox 766 4058 891 4098; x_wconf 87' lang='lat' dir='ltr'><strong>vere</strong></span> <span class='ocrx_word' id='word_1_405' title='bbox 912 4053 1017 4107; x_wconf 88' lang='lat' dir='ltr'><strong>est,</strong></span> <span class='ocrx_word' id='word_1_406' title='bbox 1059 4054 1116 4098; x_wconf 86' lang='lat' dir='ltr'><strong>ut</strong></span> <span class='ocrx_word' id='word_1_407' title='bbox 1168 4044 1379 4113; x_wconf 89' lang='lat' dir='ltr'><strong>eloquia</strong></span> <span class='ocrx_word' id='word_1_408' title='bbox 1420 4044 1594 4107; x_wconf 90' lang='lat' dir='ltr'><strong>aiunt,</strong></span> <span class='ocrx_word' id='word_1_409' title='bbox 1636 4045 1882 4099; x_wconf 87' lang='lat' dir='ltr'><strong>omnium</strong></span> 
     </span>
    </p>
   </div>
   <div class='ocr_carea' id='block_1_59' title="bbox 299 4132 1885 4205">
    <p class='ocr_par' dir='ltr' id='par_1_59' title="bbox 299 4132 1885 4205">
     <span class='ocr_line' id='line_1_59' title="bbox 299 4132 1885 4205; baseline 0.002 -18"><span class='ocrx_word' id='word_1_410' title='bbox 299 4135 605 4188; x_wconf 82' lang='lat' dir='ltr'><strong>summitas.</strong></span> <span class='ocrx_word' id='word_1_411' title='bbox 658 4134 866 4188; x_wconf 84' lang='lat' dir='ltr'><strong>Etenim</strong></span> <span class='ocrx_word' id='word_1_412' title='bbox 937 4152 1042 4189; x_wconf 91' lang='lat' dir='ltr'><strong>non</strong></span> <span class='ocrx_word' id='word_1_413' title='bbox 1106 4134 1422 4205; x_wconf 88' lang='lat' dir='ltr'><strong>simpliciter</strong></span> <span class='ocrx_word' id='word_1_414' title='bbox 1489 4132 1699 4190; x_wconf 76' lang='lat' dir='ltr'><strong>divinus</strong></span> <span class='ocrx_word' id='word_1_415' title='bbox 1770 4136 1885 4203; x_wconf 88' lang='lat' dir='ltr'><strong>ipse</strong></span> 
     </span>
    </p>
   </div>
   <div class='ocr_carea' id='block_1_60' title="bbox 300 4228 1882 4300">
    <p class='ocr_par' dir='ltr' id='par_1_60' title="bbox 300 4228 1882 4300">
     <span class='ocr_line' id='line_1_60' title="bbox 300 4228 1882 4300; baseline -0.001 -15"><span class='ocrx_word' id='word_1_416' title='bbox 300 4228 514 4300; x_wconf 77' lang='lat' dir='ltr'><strong>Moyses</strong></span> <span class='ocrx_word' id='word_1_417' title='bbox 544 4231 755 4300; x_wconf 91' lang='lat' dir='ltr'><strong>primus</strong></span> <span class='ocrx_word' id='word_1_418' title='bbox 783 4232 1031 4285; x_wconf 88' lang='lat' dir='ltr'><strong>mundari</strong></span> <span class='ocrx_word' id='word_1_419' title='bbox 1077 4231 1320 4300; x_wconf 90' lang='lat' dir='ltr'><strong>jubetur,</strong></span> <span class='ocrx_word' id='word_1_420' title='bbox 1366 4240 1420 4285; x_wconf 92' lang='lat' dir='ltr'><strong>et</strong></span> <span class='ocrx_word' id='word_1_421' title='bbox 1462 4231 1656 4285; x_wconf 86' lang='lat' dir='ltr'><strong>iterum</strong></span> <span class='ocrx_word' id='word_1_422' title='bbox 1686 4230 1752 4283; x_wconf 89' lang='lat' dir='ltr'><strong>ah</strong></span> <span class='ocrx_word' id='word_1_423' title='bbox 1774 4229 1882 4294; x_wconf 86' lang='lat' dir='ltr'><strong>his,</strong></span> 
     </span>
    </p>
   </div>
   <div class='ocr_carea' id='block_1_61' title="bbox 301 4319 1937 4391">
    <p class='ocr_par' dir='ltr' id='par_1_61' title="bbox 301 4319 1937 4391">
     <span class='ocr_line' id='line_1_61' title="bbox 301 4319 1937 4391; baseline 0.001 -20"><span class='ocrx_word' id='word_1_424' title='bbox 301 4320 393 4388; x_wconf 89' lang='lat' dir='ltr'><strong>qui</strong></span> <span class='ocrx_word' id='word_1_425' title='bbox 427 4320 565 4375; x_wconf 88' lang='lat' dir='ltr'><strong>tales</strong></span> <span class='ocrx_word' id='word_1_426' title='bbox 597 4335 699 4377; x_wconf 75' lang='lat' dir='ltr'><strong>non</strong></span> <span class='ocrx_word' id='word_1_427' title='bbox 732 4328 878 4383; x_wconf 82' lang='lat' dir='ltr'><strong>sunt,</strong></span> <span class='ocrx_word' id='word_1_428' title='bbox 907 4319 1200 4391; x_wconf 74' lang='lat' dir='ltr'><strong>segregari,</strong></span> <span class='ocrx_word' id='word_1_429' title='bbox 1230 4329 1281 4376; x_wconf 80' lang='lat' dir='ltr'><strong>et</strong></span> <span class='ocrx_word' id='word_1_430' title='bbox 1303 4329 1424 4391; x_wconf 76' lang='lat' dir='ltr'><strong>post</strong></span> <span class='ocrx_word' id='word_1_431' title='bbox 1444 4334 1667 4386; x_wconf 67' lang='lat' dir='ltr'><strong>minem</strong></span> <span class='ocrx_word' id='word_1_432' title='bbox 1691 4333 1886 4388; x_wconf 74' lang='lat' dir='ltr'><strong>purga-</strong></span> <span class='ocrx_word' id='word_1_433' title='bbox 1928 4335 1937 4344; x_wconf 81' lang='grc'><strong>-</strong></span> 
     </span>
    </p>
   </div>
   <div class='ocr_carea' id='block_1_62' title="bbox 303 4405 1884 4475">
    <p class='ocr_par' dir='ltr' id='par_1_62' title="bbox 303 4405 1884 4475">
     <span class='ocr_line' id='line_1_62' title="bbox 303 4405 1884 4475; baseline -0.001 -11"><span class='ocrx_word' id='word_1_434' title='bbox 303 4405 506 4467; x_wconf 84' lang='lat' dir='ltr'><strong>tionem</strong></span> <span class='ocrx_word' id='word_1_435' title='bbox 556 4411 707 4465; x_wconf 78' lang='lat' dir='ltr'><strong>audit</strong></span> <span class='ocrx_word' id='word_1_436' title='bbox 742 4410 1070 4466; x_wconf 70' lang='lat' dir='ltr'><strong>muttivoeas</strong></span> <span class='ocrx_word' id='word_1_437' title='bbox 1100 4412 1275 4475; x_wconf 77' lang='lat' dir='ltr'><strong>tubas,</strong></span> <span class='ocrx_word' id='word_1_438' title='bbox 1304 4420 1369 4465; x_wconf 75' lang='lat' dir='ltr'><strong>et</strong></span> <span class='ocrx_word' id='word_1_439' title='bbox 1415 4410 1565 4467; x_wconf 81' lang='lat' dir='ltr'><strong>videt</strong></span> <span class='ocrx_word' id='word_1_440' title='bbox 1600 4409 1884 4463; x_wconf 79' lang='lat' dir='ltr'><strong>huninaria</strong></span> 
     </span>
    </p>
   </div>
   <div class='ocr_carea' id='block_1_63' title="bbox 307 4499 1882 4572">
    <p class='ocr_par' dir='ltr' id='par_1_63' title="bbox 307 4499 1882 4572">
     <span class='ocr_line' id='line_1_63' title="bbox 307 4499 1882 4572; baseline 0.002 -20"><span class='ocrx_word' id='word_1_441' title='bbox 307 4499 475 4553; x_wconf 88' lang='lat' dir='ltr'><strong>nmlta</strong></span> <span class='ocrx_word' id='word_1_442' title='bbox 518 4507 706 4570; x_wconf 82' lang='lat' dir='ltr'><strong>aperte</strong></span> <span class='ocrx_word' id='word_1_443' title='bbox 755 4499 1105 4572; x_wconf 78' lang='lat' dir='ltr'><strong>fulgurantia,</strong></span> <span class='ocrx_word' id='word_1_444' title='bbox 1135 4510 1190 4557; x_wconf 92' lang='lat' dir='ltr'><strong>et</strong></span> <span class='ocrx_word' id='word_1_445' title='bbox 1213 4501 1437 4556; x_wconf 90' lang='lat' dir='ltr'><strong>multum</strong></span> <span class='ocrx_word' id='word_1_446' title='bbox 1482 4500 1630 4555; x_wconf 79' lang='lat' dir='ltr'><strong>fusos</strong></span> <span class='ocrx_word' id='word_1_447' title='bbox 1682 4501 1882 4556; x_wconf 90' lang='lat' dir='ltr'><strong>radios.</strong></span> 
     </span>
    </p>
   </div>
   <div class='ocr_carea' id='block_1_64' title="bbox 305 4591 1927 4664">
    <p class='ocr_par' dir='ltr' id='par_1_64' title="bbox 305 4591 1927 4664">
     <span class='ocr_line' id='line_1_64' title="bbox 305 4591 1927 4664; baseline -0.001 -15"><span class='ocrx_word' id='word_1_448' title='bbox 305 4591 513 4651; x_wconf 80' lang='lat' dir='ltr'><strong>Deinde</strong></span> <span class='ocrx_word' id='word_1_449' title='bbox 558 4592 741 4651; x_wconf 73' lang='lat' dir='ltr'><strong>multis</strong></span> <span class='ocrx_word' id='word_1_450' title='bbox 786 4602 1116 4664; x_wconf 59' lang='lat' dir='ltr'><strong>segregatum</strong></span> <span class='ocrx_word' id='word_1_451' title='bbox 1156 4601 1364 4649; x_wconf 89' lang='lat' dir='ltr'><strong>etcum</strong></span> <span class='ocrx_word' id='word_1_452' title='bbox 1405 4592 1592 4649; x_wconf 86' lang='lat' dir='ltr'><strong>electis</strong></span> <span class='ocrx_word' id='word_1_453' title='bbox 1636 4593 1887 4648; x_wconf 89' lang='lat' dir='ltr'><strong>sacerdo-</strong></span> <span class='ocrx_word' id='word_1_454' title='bbox 1921 4594 1927 4599; x_wconf 79' lang='grc'><em>’</em></span> 
     </span>
    </p>
   </div>
   <div class='ocr_carea' id='block_1_65' title="bbox 305 4682 1887 4752">
    <p class='ocr_par' dir='ltr' id='par_1_65' title="bbox 305 4682 1887 4752">
     <span class='ocr_line' id='line_1_65' title="bbox 305 4682 1887 4752; baseline 0.001 -15"><span class='ocrx_word' id='word_1_455' title='bbox 305 4682 450 4738; x_wconf 85' lang='lat' dir='ltr'><strong>tibus</strong></span> <span class='ocrx_word' id='word_1_456' title='bbox 475 4684 528 4738; x_wconf 93' lang='lat' dir='ltr'><strong>in</strong></span> <span class='ocrx_word' id='word_1_457' title='bbox 563 4683 925 4738; x_wconf 87' lang='lat' dir='ltr'><strong>summitatem</strong></span> <span class='ocrx_word' id='word_1_458' title='bbox 967 4683 1269 4738; x_wconf 86' lang='lat' dir='ltr'><strong>divinarum</strong></span> <span class='ocrx_word' id='word_1_459' title='bbox 1314 4683 1690 4737; x_wconf 89' lang='lat' dir='ltr'><strong>ascensionum</strong></span> <span class='ocrx_word' id='word_1_460' title='bbox 1724 4697 1887 4752; x_wconf 60' lang='lat' dir='ltr'><strong>prae’</strong></span> 
     </span>
    </p>
   </div>
   <div class='ocr_carea' id='block_1_66' title="bbox 306 4772 1892 4833">
    <p class='ocr_par' dir='ltr' id='par_1_66' title="bbox 306 4772 1892 4833">
     <span class='ocr_line' id='line_1_66' title="bbox 306 4772 1892 4833; baseline -0.003 -3"><span class='ocrx_word' id='word_1_461' title='bbox 306 4775 520 4830; x_wconf 81' lang='lat' dir='ltr'><strong>currit:</strong></span> <span class='ocrx_word' id='word_1_462' title='bbox 553 4782 611 4830; x_wconf 88' lang='lat' dir='ltr'><strong>et</strong></span> <span class='ocrx_word' id='word_1_463' title='bbox 652 4774 697 4829; x_wconf 90' lang='lat' dir='ltr'><strong>si</strong></span> <span class='ocrx_word' id='word_1_464' title='bbox 739 4774 819 4830; x_wconf 85' lang='lat' dir='ltr'><strong>eis</strong></span> <span class='ocrx_word' id='word_1_465' title='bbox 862 4775 940 4833; x_wconf 90' lang='lat' dir='ltr'><strong>sic</strong></span> <span class='ocrx_word' id='word_1_466' title='bbox 981 4774 1323 4830; x_wconf 88' lang='lat' dir='ltr'><strong>manentibus</strong></span> <span class='ocrx_word' id='word_1_467' title='bbox 1370 4772 1428 4828; x_wconf 83' lang='lat' dir='ltr'><strong>lit</strong></span> <span class='ocrx_word' id='word_1_468' title='bbox 1468 4773 1601 4832; x_wconf 87' lang='lat' dir='ltr'><strong>Deo,</strong></span> <span class='ocrx_word' id='word_1_469' title='bbox 1652 4780 1892 4828; x_wconf 88' lang='lat' dir='ltr'><strong>contem-</strong></span> 
     </span>
    </p>
   </div>
   <div class='ocr_carea' id='block_1_67' title="bbox 306 4864 1888 4937">
    <p class='ocr_par' dir='ltr' id='par_1_67' title="bbox 306 4864 1888 4937">
     <span class='ocr_line' id='line_1_67' title="bbox 306 4864 1888 4937; baseline 0.001 -20"><span class='ocrx_word' id='word_1_470' title='bbox 306 4865 489 4933; x_wconf 84' lang='lat' dir='ltr'><strong>platur</strong></span> <span class='ocrx_word' id='word_1_471' title='bbox 530 4880 661 4920; x_wconf 87' lang='lat' dir='ltr'><strong>vero</strong></span> <span class='ocrx_word' id='word_1_472' title='bbox 708 4882 811 4921; x_wconf 89' lang='lat' dir='ltr'><strong>non</strong></span> <span class='ocrx_word' id='word_1_473' title='bbox 862 4868 1054 4937; x_wconf 88' lang='lat' dir='ltr'><strong>ipsum,</strong></span> <span class='ocrx_word' id='word_1_474' title='bbox 1093 4865 1377 4921; x_wconf 85' lang='lat' dir='ltr'><strong>invisibilis</strong></span> <span class='ocrx_word' id='word_1_475' title='bbox 1401 4865 1562 4926; x_wconf 88' lang='lat' dir='ltr'><strong>enim,</strong></span> <span class='ocrx_word' id='word_1_476' title='bbox 1590 4864 1888 4925; x_wconf 78' lang='lat' dir='ltr'><strong>sedlocum</strong></span> 
     </span>
    </p>
   </div>
   <div class='ocr_carea' id='block_1_68' title="bbox 310 4944 1890 5028">
    <p class='ocr_par' dir='ltr' id='par_1_68' title="bbox 310 4944 1890 5028">
     <span class='ocr_line' id='line_1_68' title="bbox 310 4944 1890 5028; baseline 0.001 -18"><span class='ocrx_word' id='word_1_477' title='bbox 310 4958 398 5011; x_wconf 86' lang='lat' dir='ltr'><strong>ubi</strong></span> <span class='ocrx_word' id='word_1_478' title='bbox 432 4957 600 5012; x_wconf 89' lang='lat' dir='ltr'><strong>stetit.</strong></span> <span class='ocrx_word' id='word_1_479' title='bbox 627 4958 738 5013; x_wconf 84' lang='lat' dir='ltr'><strong>Hoc</strong></span> <span class='ocrx_word' id='word_1_480' title='bbox 765 4969 942 5014; x_wconf 87' lang='lat' dir='ltr'><strong>autem</strong></span> <span class='ocrx_word' id='word_1_481' title='bbox 970 4944 1206 5014; x_wconf 84' lang='lat' dir='ltr'><strong>arbitror</strong></span> <span class='ocrx_word' id='word_1_482' title='bbox 1225 4959 1530 5028; x_wconf 76' lang='lat' dir='ltr'><strong>signiﬁcare</strong></span> <span class='ocrx_word' id='word_1_483' title='bbox 1557 4956 1890 5019; x_wconf 85' lang='lat' dir='ltr'><strong>divinissirna</strong></span> 
     </span>
    </p>
   </div>
   <div class='ocr_carea' id='block_1_69' title="bbox 308 5048 1902 5119">
    <p class='ocr_par' dir='ltr' id='par_1_69' title="bbox 308 5048 1902 5119">
     <span class='ocr_line' id='line_1_69' title="bbox 308 5048 1902 5119; baseline 0.001 -19"><span class='ocrx_word' id='word_1_484' title='bbox 308 5059 364 5100; x_wconf 86' lang='lat' dir='ltr'><strong>et</strong></span> <span class='ocrx_word' id='word_1_485' title='bbox 393 5048 774 5105; x_wconf 89' lang='lat' dir='ltr'><strong>sublimissima</strong></span> <span class='ocrx_word' id='word_1_486' title='bbox 807 5050 1098 5106; x_wconf 86' lang='lat' dir='ltr'><strong>visibilium</strong></span> <span class='ocrx_word' id='word_1_487' title='bbox 1125 5059 1179 5105; x_wconf 91' lang='lat' dir='ltr'><strong>et</strong></span> <span class='ocrx_word' id='word_1_488' title='bbox 1207 5048 1643 5118; x_wconf 83' lang='lat' dir='ltr'><strong>intelligibilium,</strong></span> <span class='ocrx_word' id='word_1_489' title='bbox 1671 5049 1902 5119; x_wconf 85' lang='lat' dir='ltr'><strong>ypothe-</strong></span> 
     </span>
    </p>
   </div>
   <div class='ocr_carea' id='block_1_70' title="bbox 310 5140 1894 5211">
    <p class='ocr_par' dir='ltr' id='par_1_70' title="bbox 310 5140 1894 5211">
     <span class='ocr_line' id='line_1_70' title="bbox 310 5140 1894 5211; baseline 0 -16"><span class='ocrx_word' id='word_1_490' title='bbox 310 5140 453 5196; x_wconf 87' lang='lat' dir='ltr'><strong>ticos</strong></span> <span class='ocrx_word' id='word_1_491' title='bbox 488 5145 747 5210; x_wconf 87' lang='lat' dir='ltr'><strong>quosdam</strong></span> <span class='ocrx_word' id='word_1_492' title='bbox 796 5159 916 5199; x_wconf 88' lang='lat' dir='ltr'><strong>esse</strong></span> <span class='ocrx_word' id='word_1_493' title='bbox 964 5157 1264 5209; x_wconf 86' lang='lat' dir='ltr'><strong>sermones,</strong></span> <span class='ocrx_word' id='word_1_494' title='bbox 1309 5141 1670 5211; x_wconf 75' lang='lat' dir='ltr'><strong>subiectorum</strong></span> <span class='ocrx_word' id='word_1_495' title='bbox 1715 5141 1894 5196; x_wconf 90' lang='lat' dir='ltr'><strong>omnia</strong></span> 
     </span>
    </p>
   </div>
   <div class='ocr_carea' id='block_1_71' title="bbox 310 5231 1895 5309">
    <p class='ocr_par' dir='ltr' id='par_1_71' title="bbox 310 5231 1895 5309">
     <span class='ocr_line' id='line_1_71' title="bbox 310 5231 1895 5309; baseline 0.001 -26"><span class='ocrx_word' id='word_1_496' title='bbox 310 5234 635 5299; x_wconf 81' lang='lat' dir='ltr'><strong>superanti,</strong></span> <span class='ocrx_word' id='word_1_497' title='bbox 684 5249 781 5306; x_wconf 90' lang='lat' dir='ltr'><strong>per</strong></span> <span class='ocrx_word' id='word_1_498' title='bbox 827 5249 965 5309; x_wconf 88' lang='lat' dir='ltr'><strong>quae</strong></span> <span class='ocrx_word' id='word_1_499' title='bbox 1008 5249 1171 5305; x_wconf 85' lang='lat' dir='ltr'><strong>super</strong></span> <span class='ocrx_word' id='word_1_500' title='bbox 1216 5248 1430 5288; x_wconf 85' lang='lat' dir='ltr'><strong>omnem</strong></span> <span class='ocrx_word' id='word_1_501' title='bbox 1487 5231 1895 5302; x_wconf 75' lang='lat' dir='ltr'><strong>intelligentiam</strong></span> 
     </span>
    </p>
   </div>
   <div class='ocr_carea' id='block_1_72' title="bbox 313 5320 1916 5393">
    <p class='ocr_par' dir='ltr' id='par_1_72' title="bbox 313 5320 1916 5393">
     <span class='ocr_line' id='line_1_72' title="bbox 313 5320 1916 5393; baseline -0.002 -17"><span class='ocrx_word' id='word_1_502' title='bbox 313 5322 486 5393; x_wconf 80' lang='lat' dir='ltr'><strong>ipsius</strong></span> <span class='ocrx_word' id='word_1_503' title='bbox 507 5326 809 5393; x_wconf 86' lang='lat' dir='ltr'><strong>praesentia</strong></span> <span class='ocrx_word' id='word_1_504' title='bbox 852 5326 1177 5392; x_wconf 86' lang='lat' dir='ltr'><strong>ostenditur,</strong></span> <span class='ocrx_word' id='word_1_505' title='bbox 1219 5320 1639 5393; x_wconf 79' lang='lat' dir='ltr'><strong>intelligibilibus</strong></span> <span class='ocrx_word' id='word_1_506' title='bbox 1668 5320 1916 5383; x_wconf 80' lang='lat' dir='ltr'><strong>summi--</strong></span> 
     </span>
    </p>
   </div>
   <div class='ocr_carea' id='block_1_73' title="bbox 1956 1860 3545 1931">
    <p class='ocr_par' dir='ltr' id='par_1_73' title="bbox 1956 1860 3545 1931">
     <span class='ocr_line' id='line_1_73' title="bbox 1956 1860 3545 1931; baseline -0.009 -10"><span class='ocrx_word' id='word_1_507' title='bbox 1956 1867 2141 1921; x_wconf 89' lang='lat' dir='ltr'><strong>videre</strong></span> <span class='ocrx_word' id='word_1_508' title='bbox 2173 1874 2228 1920; x_wconf 90' lang='lat' dir='ltr'><strong>et</strong></span> <span class='ocrx_word' id='word_1_509' title='bbox 2266 1868 2428 1929; x_wconf 88' lang='lat' dir='ltr'><strong>scire,</strong></span> <span class='ocrx_word' id='word_1_510' title='bbox 2470 1864 2701 1931; x_wconf 88' lang='lat' dir='ltr'><strong>idipsum</strong></span> <span class='ocrx_word' id='word_1_511' title='bbox 2750 1873 2834 1917; x_wconf 89' lang='lat' dir='ltr'><strong>est</strong></span> <span class='ocrx_word' id='word_1_512' title='bbox 2872 1876 3001 1915; x_wconf 90' lang='lat' dir='ltr'><strong>vere</strong></span> <span class='ocrx_word' id='word_1_513' title='bbox 3030 1860 3216 1914; x_wconf 90' lang='lat' dir='ltr'><strong>videre</strong></span> <span class='ocrx_word' id='word_1_514' title='bbox 3250 1864 3306 1912; x_wconf 90' lang='lat' dir='ltr'><strong>et</strong></span> <span class='ocrx_word' id='word_1_515' title='bbox 3343 1868 3545 1926; x_wconf 74' lang='lat' dir='ltr'><strong>cogno-</strong></span> 
     </span>
    </p>
   </div>
   <div class='ocr_carea' id='block_1_74' title="bbox 1959 1945 3547 2022">
    <p class='ocr_par' dir='ltr' id='par_1_74' title="bbox 1959 1945 3547 2022">
     <span class='ocr_line' id='line_1_74' title="bbox 1959 1945 3547 2022; baseline -0.008 -14"><span class='ocrx_word' id='word_1_516' title='bbox 1959 1969 2131 2018; x_wconf 88' lang='lat' dir='ltr'><strong>scere,</strong></span> <span class='ocrx_word' id='word_1_517' title='bbox 2180 1952 2684 2022; x_wconf 82' lang='lat' dir='ltr'><strong>superessentialem</strong></span> <span class='ocrx_word' id='word_1_518' title='bbox 2743 1947 3269 2019; x_wconf 87' lang='lat' dir='ltr'><strong>superessentialiter</strong></span> <span class='ocrx_word' id='word_1_519' title='bbox 3320 1945 3547 2000; x_wconf 86' lang='lat' dir='ltr'><strong>laudaro</strong></span> 
     </span>
    </p>
   </div>
   <div class='ocr_carea' id='block_1_75' title="bbox 1961 2034 3548 2114">
    <p class='ocr_par' dir='ltr' id='par_1_75' title="bbox 1961 2034 3548 2114">
     <span class='ocr_line' id='line_1_75' title="bbox 1961 2034 3548 2114; baseline -0.006 -16"><span class='ocrx_word' id='word_1_520' title='bbox 1961 2059 2059 2114; x_wconf 89' lang='lat' dir='ltr'><strong>per</strong></span> <span class='ocrx_word' id='word_1_521' title='bbox 2084 2045 2322 2098; x_wconf 89' lang='lat' dir='ltr'><strong>omnium</strong></span> <span class='ocrx_word' id='word_1_522' title='bbox 2349 2043 2697 2105; x_wconf 84' lang='lat' dir='ltr'><strong>existentinm</strong></span> <span class='ocrx_word' id='word_1_523' title='bbox 2740 2040 3088 2102; x_wconf 79' lang='lat' dir='ltr'><strong>ablutionem,</strong></span> <span class='ocrx_word' id='word_1_524' title='bbox 3117 2038 3255 2093; x_wconf 91' lang='lat' dir='ltr'><strong>sicut</strong></span> <span class='ocrx_word' id='word_1_525' title='bbox 3281 2052 3379 2106; x_wconf 92' lang='lat' dir='ltr'><strong>per</strong></span> <span class='ocrx_word' id='word_1_526' title='bbox 3404 2034 3548 2103; x_wconf 80' lang='lat' dir='ltr'><strong>seip-</strong></span> 
     </span>
    </p>
   </div>
   <div class='ocr_carea' id='block_1_76' title="bbox 1961 2131 3549 2207">
    <p class='ocr_par' dir='ltr' id='par_1_76' title="bbox 1961 2131 3549 2207">
     <span class='ocr_line' id='line_1_76' title="bbox 1961 2131 3549 2207; baseline -0.008 -14"><span class='ocrx_word' id='word_1_527' title='bbox 1961 2154 2081 2194; x_wconf 88' lang='lat' dir='ltr'><strong>sum</strong></span> <span class='ocrx_word' id='word_1_528' title='bbox 2134 2137 2381 2192; x_wconf 86' lang='lat' dir='ltr'><strong>naturale</strong></span> <span class='ocrx_word' id='word_1_529' title='bbox 2412 2136 2619 2207; x_wconf 80' lang='lat' dir='ltr'><strong>agalma</strong></span> <span class='ocrx_word' id='word_1_530' title='bbox 2674 2135 2951 2199; x_wconf 80' lang='lat' dir='ltr'><strong>facientes,</strong></span> <span class='ocrx_word' id='word_1_531' title='bbox 2986 2131 3241 2187; x_wconf 79' lang='lat' dir='ltr'><strong>auferunt</strong></span> <span class='ocrx_word' id='word_1_532' title='bbox 3291 2145 3376 2191; x_wconf 88' lang='lat' dir='ltr'><strong>ea,</strong></span> <span class='ocrx_word' id='word_1_533' title='bbox 3406 2141 3549 2198; x_wconf 87' lang='lat' dir='ltr'><strong>quae</strong></span> 
     </span>
    </p>
   </div>
   <div class='ocr_carea' id='block_1_77' title="bbox 1963 2218 3549 2303">
    <p class='ocr_par' dir='ltr' id='par_1_77' title="bbox 1963 2218 3549 2303">
     <span class='ocr_line' id='line_1_77' title="bbox 1963 2218 3549 2303; baseline -0.011 -14"><span class='ocrx_word' id='word_1_534' title='bbox 1963 2232 2336 2303; x_wconf 81' lang='lat' dir='ltr'><strong>superadjecta</strong></span> <span class='ocrx_word' id='word_1_535' title='bbox 2374 2240 2521 2294; x_wconf 90' lang='lat' dir='ltr'><strong>sunt,</strong></span> <span class='ocrx_word' id='word_1_536' title='bbox 2560 2245 2691 2299; x_wconf 84' lang='lat' dir='ltr'><strong>pura</strong></span> <span class='ocrx_word' id='word_1_537' title='bbox 2717 2228 2916 2284; x_wconf 88' lang='lat' dir='ltr'><strong>occulti</strong></span> <span class='ocrx_word' id='word_1_538' title='bbox 2951 2226 3160 2281; x_wconf 88' lang='lat' dir='ltr'><strong>visione</strong></span> <span class='ocrx_word' id='word_1_539' title='bbox 3209 2223 3231 2255; x_wconf 80' lang='grc'>⁸</span> <span class='ocrx_word' id='word_1_540' title='bbox 3279 2218 3549 2281; x_wconf 72' lang='lat' dir='ltr'><strong>velantia,</strong></span> 
     </span>
    </p>
   </div>
   <div class='ocr_carea' id='block_1_78' title="bbox 1962 2308 3551 2394">
    <p class='ocr_par' dir='ltr' id='par_1_78' title="bbox 1962 2308 3551 2394">
     <span class='ocr_line' id='line_1_78' title="bbox 1962 2308 3551 2394; baseline -0.012 -14"><span class='ocrx_word' id='word_1_541' title='bbox 1962 2335 2017 2380; x_wconf 91' lang='lat' dir='ltr'><strong>et</strong></span> <span class='ocrx_word' id='word_1_542' title='bbox 2048 2325 2217 2394; x_wconf 86' lang='lat' dir='ltr'><strong>ipsam</strong></span> <span class='ocrx_word' id='word_1_543' title='bbox 2258 2324 2311 2376; x_wconf 91' lang='lat' dir='ltr'><strong>in</strong></span> <span class='ocrx_word' id='word_1_544' title='bbox 2350 2321 2526 2392; x_wconf 86' lang='lat' dir='ltr'><strong>seipsa</strong></span> <span class='ocrx_word' id='word_1_545' title='bbox 2560 2322 2581 2355; x_wconf 77' lang='grc' dir='ltr'><strong><em>τ</em></strong></span> <span class='ocrx_word' id='word_1_546' title='bbox 2613 2321 2885 2376; x_wconf 88' lang='lat' dir='ltr'><strong>ablatione</strong></span> <span class='ocrx_word' id='word_1_547' title='bbox 2937 2317 3048 2373; x_wconf 85' lang='lat' dir='ltr'><strong>sola</strong></span> <span class='ocrx_word' id='word_1_548' title='bbox 3079 2313 3348 2371; x_wconf 83' lang='lat' dir='ltr'><strong>occultant</strong></span> <span class='ocrx_word' id='word_1_549' title='bbox 3377 2308 3551 2364; x_wconf 85' lang='lat' dir='ltr'><strong>mani-</strong></span> 
     </span>
    </p>
   </div>
   <div class='ocr_carea' id='block_1_79' title="bbox 1963 2400 3550 2485">
    <p class='ocr_par' dir='ltr' id='par_1_79' title="bbox 1963 2400 3550 2485">
     <span class='ocr_line' id='line_1_79' title="bbox 1963 2400 3550 2485; baseline -0.013 -11"><span class='ocrx_word' id='word_1_550' title='bbox 1963 2418 2166 2474; x_wconf 77' lang='lat' dir='ltr'><strong>festam</strong></span> <span class='ocrx_word' id='word_1_551' title='bbox 2214 2417 2465 2471; x_wconf 78' lang='lat' dir='ltr'><strong>formam.</strong></span> <span class='ocrx_word' id='word_1_552' title='bbox 2498 2415 2725 2485; x_wconf 88' lang='lat' dir='ltr'><strong>Oportet</strong></span> <span class='ocrx_word' id='word_1_553' title='bbox 2762 2420 2962 2471; x_wconf 88' lang='lat' dir='ltr'><strong>autem,</strong></span> <span class='ocrx_word' id='word_1_554' title='bbox 3009 2417 3066 2462; x_wconf 91' lang='lat' dir='ltr'><strong>ut</strong></span> <span class='ocrx_word' id='word_1_555' title='bbox 3098 2406 3356 2468; x_wconf 88' lang='lat' dir='ltr'><strong>arbitror,</strong></span> <span class='ocrx_word' id='word_1_556' title='bbox 3386 2400 3550 2458; x_wconf 83' lang='lat' dir='ltr'><strong>abla-</strong></span> 
     </span>
    </p>
   </div>
   <div class='ocr_carea' id='block_1_80' title="bbox 1967 2492 3551 2574">
    <p class='ocr_par' dir='ltr' id='par_1_80' title="bbox 1967 2492 3551 2574">
     <span class='ocr_line' id='line_1_80' title="bbox 1967 2492 3551 2574; baseline -0.012 -10"><span class='ocrx_word' id='word_1_557' title='bbox 1967 2511 2141 2565; x_wconf 87' lang='lat' dir='ltr'><strong>tiones</strong></span> <span class='ocrx_word' id='word_1_558' title='bbox 2182 2508 2236 2562; x_wconf 92' lang='lat' dir='ltr'><strong>in</strong></span> <span class='ocrx_word' id='word_1_559' title='bbox 2272 2506 2602 2562; x_wconf 86' lang='lat' dir='ltr'><strong>contrarium</strong></span> <span class='ocrx_word' id='word_1_560' title='bbox 2653 2502 3010 2574; x_wconf 83' lang='lat' dir='ltr'><strong>positionibus</strong></span> <span class='ocrx_word' id='word_1_561' title='bbox 3061 2498 3299 2554; x_wconf 87' lang='lat' dir='ltr'><strong>laudare.</strong></span> <span class='ocrx_word' id='word_1_562' title='bbox 3334 2492 3551 2549; x_wconf 84' lang='lat' dir='ltr'><strong>Etenim</strong></span> 
     </span>
    </p>
   </div>
   <div class='ocr_carea' id='block_1_81' title="bbox 1968 2590 3557 2668">
    <p class='ocr_par' dir='ltr' id='par_1_81' title="bbox 1968 2590 3557 2668">
     <span class='ocr_line' id='line_1_81' title="bbox 1968 2590 3557 2668; baseline -0.01 -13"><span class='ocrx_word' id='word_1_563' title='bbox 1968 2601 2088 2656; x_wconf 90' lang='lat' dir='ltr'><strong>illas</strong></span> <span class='ocrx_word' id='word_1_564' title='bbox 2132 2600 2348 2668; x_wconf 87' lang='lat' dir='ltr'><strong>quidem</strong></span> <span class='ocrx_word' id='word_1_565' title='bbox 2394 2613 2423 2652; x_wconf 88' lang='lat' dir='ltr'><strong>a</strong></span> <span class='ocrx_word' id='word_1_566' title='bbox 2472 2594 2957 2667; x_wconf 85' lang='lat' dir='ltr'><strong>praestantissimis</strong></span> <span class='ocrx_word' id='word_1_567' title='bbox 2991 2590 3330 2651; x_wconf 88' lang='lat' dir='ltr'><strong>inchoantes,</strong></span> <span class='ocrx_word' id='word_1_568' title='bbox 3366 2593 3423 2641; x_wconf 89' lang='lat' dir='ltr'><strong>et</strong></span> <span class='ocrx_word' id='word_1_569' title='bbox 3454 2598 3557 2653; x_wconf 87' lang='lat' dir='ltr'><strong>per</strong></span> 
     </span>
    </p>
   </div>
   <div class='ocr_carea' id='block_1_82' title="bbox 1968 2676 3557 2752">
    <p class='ocr_par' dir='ltr' id='par_1_82' title="bbox 1968 2676 3557 2752">
     <span class='ocr_line' id='line_1_82' title="bbox 1968 2676 3557 2752; baseline -0.011 -4"><span class='ocrx_word' id='word_1_570' title='bbox 1968 2694 2145 2748; x_wconf 86' lang='lat' dir='ltr'><strong>media</strong></span> <span class='ocrx_word' id='word_1_571' title='bbox 2169 2693 2224 2747; x_wconf 91' lang='lat' dir='ltr'><strong>in</strong></span> <span class='ocrx_word' id='word_1_572' title='bbox 2251 2690 2542 2745; x_wconf 76' lang='lat' dir='ltr'><strong>novissima</strong></span> <span class='ocrx_word' id='word_1_573' title='bbox 2591 2687 3001 2746; x_wconf 85' lang='lat' dir='ltr'><strong>descendentes,</strong></span> <span class='ocrx_word' id='word_1_574' title='bbox 3042 2681 3383 2752; x_wconf 88' lang='lat' dir='ltr'><strong>apponimus.</strong></span> <span class='ocrx_word' id='word_1_575' title='bbox 3411 2676 3557 2732; x_wconf 83' lang='lat' dir='ltr'><strong>Hinc</strong></span> 
     </span>
    </p>
   </div>
   <div class='ocr_carea' id='block_1_83' title="bbox 1967 2770 3558 2848">
    <p class='ocr_par' dir='ltr' id='par_1_83' title="bbox 1967 2770 3558 2848">
     <span class='ocr_line' id='line_1_83' title="bbox 1967 2770 3558 2848; baseline -0.01 -9"><span class='ocrx_word' id='word_1_576' title='bbox 1967 2800 2096 2839; x_wconf 87' lang='lat' dir='ltr'><strong>vero</strong></span> <span class='ocrx_word' id='word_1_577' title='bbox 2135 2801 2164 2838; x_wconf 86' lang='lat' dir='ltr'><strong>a</strong></span> <span class='ocrx_word' id='word_1_578' title='bbox 2198 2782 2505 2838; x_wconf 88' lang='lat' dir='ltr'><strong>novissimis</strong></span> <span class='ocrx_word' id='word_1_579' title='bbox 2554 2780 2618 2833; x_wconf 88' lang='lat' dir='ltr'><strong>ad</strong></span> <span class='ocrx_word' id='word_1_580' title='bbox 2673 2777 3152 2848; x_wconf 86' lang='lat' dir='ltr'><strong>principalissimas</strong></span> <span class='ocrx_word' id='word_1_581' title='bbox 3206 2770 3558 2828; x_wconf 75' lang='lat' dir='ltr'><strong>escensiones</strong></span> 
     </span>
    </p>
   </div>
   <div class='ocr_carea' id='block_1_84' title="bbox 1970 2860 3586 2935">
    <p class='ocr_par' dir='ltr' id='par_1_84' title="bbox 1970 2860 3586 2935">
     <span class='ocr_line' id='line_1_84' title="bbox 1970 2860 3586 2935; baseline -0.011 -7"><span class='ocrx_word' id='word_1_582' title='bbox 1970 2873 2253 2934; x_wconf 80' lang='lat' dir='ltr'><strong>facientes,</strong></span> <span class='ocrx_word' id='word_1_583' title='bbox 2303 2871 2482 2925; x_wconf 90' lang='lat' dir='ltr'><strong>omnia</strong></span> <span class='ocrx_word' id='word_1_584' title='bbox 2524 2869 2842 2931; x_wconf 80' lang='lat' dir='ltr'><strong>auferimus,</strong></span> <span class='ocrx_word' id='word_1_585' title='bbox 2887 2874 2946 2920; x_wconf 91' lang='lat' dir='ltr'><strong>ut</strong></span> <span class='ocrx_word' id='word_1_586' title='bbox 2999 2860 3440 2919; x_wconf 79' lang='lat' dir='ltr'><strong>incircumvelate</strong></span> <span class='ocrx_word' id='word_1_587' title='bbox 3462 2874 3586 2935; x_wconf 32' lang='grc' dir='ltr'><strong>ρο-.</strong></span> 
     </span>
    </p>
   </div>
   <div class='ocr_carea' id='block_1_85' title="bbox 1972 2953 3617 3035">
    <p class='ocr_par' dir='ltr' id='par_1_85' title="bbox 1972 2953 3617 3035">
     <span class='ocr_line' id='line_1_85' title="bbox 1972 2953 3617 3035; baseline -0.007 -17"><span class='ocrx_word' id='word_1_588' title='bbox 1972 2979 2293 3035; x_wconf 81' lang='lat' dir='ltr'><strong>gnoscamus</strong></span> <span class='ocrx_word' id='word_1_589' title='bbox 2317 2963 2461 3015; x_wconf 87' lang='lat' dir='ltr'><strong>illam</strong></span> <span class='ocrx_word' id='word_1_590' title='bbox 2487 2960 2873 3033; x_wconf 79' lang='lat' dir='ltr'><strong>ignorantiam,</strong></span> <span class='ocrx_word' id='word_1_591' title='bbox 2898 2959 2965 3011; x_wconf 89' lang='lat' dir='ltr'><strong>ab</strong></span> <span class='ocrx_word' id='word_1_592' title='bbox 2986 2957 3236 3012; x_wconf 90' lang='lat' dir='ltr'><strong>omnibus</strong></span> <span class='ocrx_word' id='word_1_593' title='bbox 3257 2953 3558 3025; x_wconf 77' lang='lat' dir='ltr'><strong>ignoranti-</strong></span> <span class='ocrx_word' id='word_1_594' title='bbox 3613 3029 3617 3033; x_wconf 15' lang='grc' dir='ltr'><strong><em>ν</em></strong></span> 
     </span>
    </p>
   </div>
   <div class='ocr_carea' id='block_1_86' title="bbox 1973 3043 3559 3129">
    <p class='ocr_par' dir='ltr' id='par_1_86' title="bbox 1973 3043 3559 3129">
     <span class='ocr_line' id='line_1_86' title="bbox 1973 3043 3559 3129; baseline -0.009 -21"><span class='ocrx_word' id='word_1_595' title='bbox 1973 3056 2074 3110; x_wconf 90' lang='lat' dir='ltr'><strong>bus</strong></span> <span class='ocrx_word' id='word_1_596' title='bbox 2099 3054 2151 3108; x_wconf 92' lang='lat' dir='ltr'><strong>in</strong></span> <span class='ocrx_word' id='word_1_597' title='bbox 2175 3053 2426 3112; x_wconf 88' lang='lat' dir='ltr'><strong>omnibus</strong></span> <span class='ocrx_word' id='word_1_598' title='bbox 2448 3050 2804 3106; x_wconf 78' lang='lat' dir='ltr'><strong>existentibus</strong></span> <span class='ocrx_word' id='word_1_599' title='bbox 2838 3044 3281 3104; x_wconf 88' lang='lat' dir='ltr'><strong>circumvelatam</strong></span> <span class='ocrx_word' id='word_1_600' title='bbox 3304 3043 3349 3106; x_wconf 74' lang='grc'>⁸,</span> <span class='ocrx_word' id='word_1_601' title='bbox 3389 3052 3445 3129; x_wconf 57' lang='lat' dir='ltr'><strong>e’t</strong></span> <span class='ocrx_word' id='word_1_602' title='bbox 3464 3056 3559 3094; x_wconf 79' lang='lat' dir='ltr'><strong>su-</strong></span> 
     </span>
    </p>
   </div>
   <div class='ocr_carea' id='block_1_87' title="bbox 1973 3137 3555 3213">
    <p class='ocr_par' dir='ltr' id='par_1_87' title="bbox 1973 3137 3555 3213">
     <span class='ocr_line' id='line_1_87' title="bbox 1973 3137 3555 3213; baseline -0.002 -19"><span class='ocrx_word' id='word_1_603' title='bbox 1973 3143 2412 3213; x_wconf 76' lang='lat' dir='ltr'><strong>peressentialem</strong></span> <span class='ocrx_word' id='word_1_604' title='bbox 2443 3142 2589 3196; x_wconf 81' lang='lat' dir='ltr'><strong>illaut</strong></span> <span class='ocrx_word' id='word_1_605' title='bbox 2618 3142 2896 3196; x_wconf 82' lang='lat' dir='ltr'><strong>videamus</strong></span> <span class='ocrx_word' id='word_1_606' title='bbox 2915 3140 3225 3212; x_wconf 80' lang='lat' dir='ltr'><strong>caliginem,</strong></span> <span class='ocrx_word' id='word_1_607' title='bbox 3244 3139 3312 3194; x_wconf 92' lang='lat' dir='ltr'><strong>ab</strong></span> <span class='ocrx_word' id='word_1_608' title='bbox 3333 3137 3555 3192; x_wconf 90' lang='lat' dir='ltr'><strong>omniin</strong></span> 
     </span>
    </p>
   </div>
   <div class='ocr_carea' id='block_1_88' title="bbox 1972 3235 2846 3294">
    <p class='ocr_par' dir='ltr' id='par_1_88' title="bbox 1972 3235 2846 3294">
     <span class='ocr_line' id='line_1_88' title="bbox 1972 3235 2846 3294; baseline -0.007 -2"><span class='ocrx_word' id='word_1_609' title='bbox 1972 3237 2329 3294; x_wconf 79' lang='lat' dir='ltr'><strong>existentibus</strong></span> <span class='ocrx_word' id='word_1_610' title='bbox 2348 3236 2469 3291; x_wconf 84' lang='lat' dir='ltr'><strong>luce</strong></span> <span class='ocrx_word' id='word_1_611' title='bbox 2497 3235 2846 3289; x_wconf 87' lang='lat' dir='ltr'><strong>occultatam.</strong></span> 
     </span>
    </p>
   </div>
   <div class='ocr_carea' id='block_1_89' title="bbox 2497 3344 3028 3403">
    <p class='ocr_par' dir='ltr' id='par_1_89' title="bbox 2497 3344 3028 3403">
     <span class='ocr_line' id='line_1_89' title="bbox 2497 3344 3028 3403; baseline -0.006 -1"><span class='ocrx_word' id='word_1_612' title='bbox 2497 3347 2580 3403; x_wconf 80' lang='lat' dir='ltr'><strong>CA</strong></span> <span class='ocrx_word' id='word_1_613' title='bbox 2592 3345 2899 3402; x_wconf 72' lang='lat' dir='ltr'><strong>PlTbLUM</strong></span> <span class='ocrx_word' id='word_1_614' title='bbox 2941 3344 3028 3400; x_wconf 89' lang='grc'><strong>111.</strong></span> 
     </span>
    </p>
   </div>
   <div class='ocr_carea' id='block_1_90' title="bbox 1979 3455 3564 3534">
    <p class='ocr_par' dir='ltr' id='par_1_90' title="bbox 1979 3455 3564 3534">
     <span class='ocr_line' id='line_1_90' title="bbox 1979 3455 3564 3534; baseline -0.011 -13"><span class='ocrx_word' id='word_1_615' title='bbox 1979 3465 2126 3534; x_wconf 82' lang='lat' dir='ltr'><strong>Quae</strong></span> <span class='ocrx_word' id='word_1_616' title='bbox 2166 3472 2284 3519; x_wconf 80' lang='lat' dir='ltr'><strong>sunt</strong></span> <span class='ocrx_word' id='word_1_617' title='bbox 2318 3462 2660 3533; x_wconf 57' lang='grc' dir='ltr'><strong>καταφατικαί</strong></span> <span class='ocrx_word' id='word_1_618' title='bbox 2715 3458 3025 3528; x_wconf 76' lang='lat' dir='ltr'><strong>lheologiae,</strong></span> <span class='ocrx_word' id='word_1_619' title='bbox 3053 3469 3187 3527; x_wconf 84' lang='lat' dir='ltr'><strong>quae</strong></span> <span class='ocrx_word' id='word_1_620' title='bbox 3229 3455 3564 3524; x_wconf 73' lang='grc' dir='ltr'><strong>ἂποφατικαί.</strong></span> 
     </span>
    </p>
   </div>
   <div class='ocr_carea' id='block_1_91' title="bbox 2048 3567 3558 3646">
    <p class='ocr_par' dir='ltr' id='par_1_91' title="bbox 2048 3567 3558 3646">
     <span class='ocr_line' id='line_1_91' title="bbox 2048 3567 3558 3646; baseline -0.01 -11"><span class='ocrx_word' id='word_1_621' title='bbox 2048 3580 2106 3635; x_wconf 85' lang='lat' dir='ltr'><strong>In</strong></span> <span class='ocrx_word' id='word_1_622' title='bbox 2152 3575 2469 3646; x_wconf 80' lang='lat' dir='ltr'><strong>theologicis</strong></span> <span class='ocrx_word' id='word_1_623' title='bbox 2513 3575 2679 3644; x_wconf 80' lang='lat' dir='ltr'><strong>igitur</strong></span> <span class='ocrx_word' id='word_1_624' title='bbox 2730 3571 3138 3628; x_wconf 78' lang='lat' dir='ltr'><strong>characterihus</strong></span> <span class='ocrx_word' id='word_1_625' title='bbox 3182 3567 3558 3638; x_wconf 85' lang='lat' dir='ltr'><strong>potentissima</strong></span> 
     </span>
    </p>
   </div>
   <div class='ocr_carea' id='block_1_92' title="bbox 1980 3657 3562 3736">
    <p class='ocr_par' dir='ltr' id='par_1_92' title="bbox 1980 3657 3562 3736">
     <span class='ocr_line' id='line_1_92' title="bbox 1980 3657 3562 3736; baseline -0.011 -7"><span class='ocrx_word' id='word_1_626' title='bbox 1980 3671 2334 3729; x_wconf 82' lang='lat' dir='ltr'><strong>allirmativae</strong></span> <span class='ocrx_word' id='word_1_627' title='bbox 2360 3666 2660 3736; x_wconf 78' lang='lat' dir='ltr'><strong>tbeologiae</strong></span> <span class='ocrx_word' id='word_1_628' title='bbox 2696 3665 3053 3728; x_wconf 87' lang='lat' dir='ltr'><strong>laudavimus,</strong></span> <span class='ocrx_word' id='word_1_629' title='bbox 3084 3661 3354 3732; x_wconf 83' lang='lat' dir='ltr'><strong>quomodo</strong></span> <span class='ocrx_word' id='word_1_630' title='bbox 3379 3657 3562 3712; x_wconf 82' lang='lat' dir='ltr'><strong>divina</strong></span> 
     </span>
    </p>
   </div>
   <div class='ocr_carea' id='block_1_93' title="bbox 1980 3749 3562 3831">
    <p class='ocr_par' dir='ltr' id='par_1_93' title="bbox 1980 3749 3562 3831">
     <span class='ocr_line' id='line_1_93' title="bbox 1980 3749 3562 3831; baseline -0.011 -12"><span class='ocrx_word' id='word_1_631' title='bbox 1980 3772 2036 3819; x_wconf 89' lang='lat' dir='ltr'><strong>et</strong></span> <span class='ocrx_word' id='word_1_632' title='bbox 2065 3761 2268 3831; x_wconf 89' lang='lat' dir='ltr'><strong>optima</strong></span> <span class='ocrx_word' id='word_1_633' title='bbox 2310 3768 2498 3813; x_wconf 88' lang='lat' dir='ltr'><strong>natura</strong></span> <span class='ocrx_word' id='word_1_634' title='bbox 2523 3758 2680 3812; x_wconf 85' lang='lat' dir='ltr'><strong>unica</strong></span> <span class='ocrx_word' id='word_1_635' title='bbox 2705 3756 2905 3811; x_wconf 91' lang='lat' dir='ltr'><strong>dicitur</strong></span> <span class='ocrx_word' id='word_1_636' title='bbox 2936 3757 2981 3819; x_wconf 80' lang='lat'><strong>°,</strong></span> <span class='ocrx_word' id='word_1_637' title='bbox 3009 3753 3283 3822; x_wconf 90' lang='lat' dir='ltr'><strong>quomodo</strong></span> <span class='ocrx_word' id='word_1_638' title='bbox 3313 3749 3562 3814; x_wconf 87' lang='lat' dir='ltr'><strong>triadica,</strong></span> 
     </span>
    </p>
   </div>
   <div class='ocr_carea' id='block_1_94' title="bbox 1982 3842 3565 3926">
    <p class='ocr_par' dir='ltr' id='par_1_94' title="bbox 1982 3842 3565 3926">
     <span class='ocr_line' id='line_1_94' title="bbox 1982 3842 3565 3926; baseline -0.009 -17"><span class='ocrx_word' id='word_1_639' title='bbox 1982 3870 2121 3926; x_wconf 85' lang='lat' dir='ltr'><strong>quae</strong></span> <span class='ocrx_word' id='word_1_640' title='bbox 2165 3846 2458 3909; x_wconf 76' lang='lat' dir='ltr'><strong>secundum</strong></span> <span class='ocrx_word' id='word_1_641' title='bbox 2494 3852 2664 3917; x_wconf 87' lang='lat' dir='ltr'><strong>ipsam</strong></span> <span class='ocrx_word' id='word_1_642' title='bbox 2694 3849 2834 3902; x_wconf 84' lang='lat' dir='ltr'><strong>dicta</strong></span> <span class='ocrx_word' id='word_1_643' title='bbox 2858 3855 2913 3901; x_wconf 91' lang='lat' dir='ltr'><strong>et</strong></span> <span class='ocrx_word' id='word_1_644' title='bbox 2958 3846 3278 3915; x_wconf 86' lang='lat' dir='ltr'><strong>paternitas,</strong></span> <span class='ocrx_word' id='word_1_645' title='bbox 3307 3854 3361 3897; x_wconf 92' lang='lat' dir='ltr'><strong>et</strong></span> <span class='ocrx_word' id='word_1_646' title='bbox 3389 3842 3565 3896; x_wconf 80' lang='lat' dir='ltr'><strong>ﬂlioii-</strong></span> 
     </span>
    </p>
   </div>
   <div class='ocr_carea' id='block_1_95' title="bbox 1989 3934 3565 4015">
    <p class='ocr_par' dir='ltr' id='par_1_95' title="bbox 1989 3934 3565 4015">
     <span class='ocr_line' id='line_1_95' title="bbox 1989 3934 3565 4015; baseline -0.006 -19"><span class='ocrx_word' id='word_1_647' title='bbox 1989 3957 2097 4011; x_wconf 74' lang='lat' dir='ltr'><strong>tas,</strong></span> <span class='ocrx_word' id='word_1_648' title='bbox 2155 3943 2284 4015; x_wconf 87' lang='lat' dir='ltr'><strong>quid</strong></span> <span class='ocrx_word' id='word_1_649' title='bbox 2314 3942 2430 3997; x_wconf 90' lang='lat' dir='ltr'><strong>vult</strong></span> <span class='ocrx_word' id='word_1_650' title='bbox 2472 3939 2750 3993; x_wconf 80' lang='lat' dir='ltr'><strong>declarare</strong></span> <span class='ocrx_word' id='word_1_651' title='bbox 2778 3939 2831 3991; x_wconf 92' lang='lat' dir='ltr'><strong>in</strong></span> <span class='ocrx_word' id='word_1_652' title='bbox 2864 3937 3055 4003; x_wconf 89' lang='lat' dir='ltr'><strong>spiritu</strong></span> <span class='ocrx_word' id='word_1_653' title='bbox 3107 3934 3399 3996; x_wconf 76' lang='lat' dir='ltr'><strong>theolozia,</strong></span> <span class='ocrx_word' id='word_1_654' title='bbox 3430 3947 3565 4001; x_wconf 81' lang='lat' dir='ltr'><strong>quo-</strong></span> 
     </span>
    </p>
   </div>
   <div class='ocr_carea' id='block_1_96' title="bbox 1985 4024 3569 4097">
    <p class='ocr_par' dir='ltr' id='par_1_96' title="bbox 1985 4024 3569 4097">
     <span class='ocr_line' id='line_1_96' title="bbox 1985 4024 3569 4097; baseline -0.012 -1"><span class='ocrx_word' id='word_1_655' title='bbox 1985 4040 2146 4097; x_wconf 87' lang='lat' dir='ltr'><strong>modo</strong></span> <span class='ocrx_word' id='word_1_656' title='bbox 2186 4054 2250 4093; x_wconf 76' lang='lat' dir='ltr'><strong>ex</strong></span> <span class='ocrx_word' id='word_1_657' title='bbox 2280 4031 2623 4091; x_wconf 86' lang='lat' dir='ltr'><strong>immateriali</strong></span> <span class='ocrx_word' id='word_1_658' title='bbox 2647 4038 2700 4084; x_wconf 89' lang='lat' dir='ltr'><strong>et</strong></span> <span class='ocrx_word' id='word_1_659' title='bbox 2739 4028 3049 4097; x_wconf 83' lang='lat' dir='ltr'><strong>impartibili</strong></span> <span class='ocrx_word' id='word_1_660' title='bbox 3081 4028 3285 4096; x_wconf 76' lang='lat' dir='ltr'><strong>Optimo</strong></span> <span class='ocrx_word' id='word_1_661' title='bbox 3315 4025 3367 4079; x_wconf 92' lang='lat' dir='ltr'><strong>in</strong></span> <span class='ocrx_word' id='word_1_662' title='bbox 3399 4024 3569 4078; x_wconf 87' lang='lat' dir='ltr'><strong>corde</strong></span> 
     </span>
    </p>
   </div>
   <div class='ocr_carea' id='block_1_97' title="bbox 1986 4115 3578 4196">
    <p class='ocr_par' dir='ltr' id='par_1_97' title="bbox 1986 4115 3578 4196">
     <span class='ocr_line' id='line_1_97' title="bbox 1986 4115 3578 4196; baseline -0.01 -10"><span class='ocrx_word' id='word_1_663' title='bbox 1986 4128 2243 4186; x_wconf 85' lang='lat' dir='ltr'><strong>bonitatis</strong></span> <span class='ocrx_word' id='word_1_664' title='bbox 2265 4125 2563 4196; x_wconf 78' lang='lat' dir='ltr'><strong>germinata</strong></span> <span class='ocrx_word' id='word_1_665' title='bbox 2597 4130 2722 4177; x_wconf 89' lang='lat' dir='ltr'><strong>sunt</strong></span> <span class='ocrx_word' id='word_1_666' title='bbox 2748 4118 2947 4173; x_wconf 87' lang='lat' dir='ltr'><strong>lumina</strong></span> <span class='ocrx_word' id='word_1_667' title='bbox 2969 4161 2982 4180; x_wconf 95' lang='lat'><strong>,</strong></span> <span class='ocrx_word' id='word_1_668' title='bbox 3015 4129 3067 4173; x_wconf 91' lang='lat' dir='ltr'><strong>et</strong></span> <span class='ocrx_word' id='word_1_669' title='bbox 3102 4116 3369 4189; x_wconf 91' lang='lat' dir='ltr'><strong>quomodo</strong></span> <span class='ocrx_word' id='word_1_670' title='bbox 3396 4115 3578 4184; x_wconf 66' lang='lat' dir='ltr'><strong>ipsius</strong></span> 
     </span>
    </p>
   </div>
   <div class='ocr_carea' id='block_1_98' title="bbox 1990 4210 3581 4291">
    <p class='ocr_par' dir='ltr' id='par_1_98' title="bbox 1990 4210 3581 4291">
     <span class='ocr_line' id='line_1_98' title="bbox 1990 4210 3581 4291; baseline -0.01 -15"><span class='ocrx_word' id='word_1_671' title='bbox 1990 4224 2042 4277; x_wconf 89' lang='lat' dir='ltr'><strong>in</strong></span> <span class='ocrx_word' id='word_1_672' title='bbox 2072 4223 2187 4291; x_wconf 84' lang='lat' dir='ltr'><strong>ipso</strong></span> <span class='ocrx_word' id='word_1_673' title='bbox 2233 4227 2283 4273; x_wconf 87' lang='lat' dir='ltr'><strong>et</strong></span> <span class='ocrx_word' id='word_1_674' title='bbox 2319 4219 2371 4271; x_wconf 92' lang='lat' dir='ltr'><strong>iu</strong></span> <span class='ocrx_word' id='word_1_675' title='bbox 2404 4215 2598 4284; x_wconf 84' lang='lat' dir='ltr'><strong>seipsis</strong></span> <span class='ocrx_word' id='word_1_676' title='bbox 2636 4221 2689 4266; x_wconf 87' lang='lat' dir='ltr'><strong>et</strong></span> <span class='ocrx_word' id='word_1_677' title='bbox 2718 4213 2859 4266; x_wconf 88' lang='lat' dir='ltr'><strong>inter</strong></span> <span class='ocrx_word' id='word_1_678' title='bbox 2884 4226 2941 4266; x_wconf 88' lang='lat' dir='ltr'><strong>se</strong></span> <span class='ocrx_word' id='word_1_679' title='bbox 2983 4210 3211 4264; x_wconf 89' lang='lat' dir='ltr'><strong>invicem</strong></span> <span class='ocrx_word' id='word_1_680' title='bbox 3243 4216 3581 4262; x_wconf 69' lang='lat' dir='ltr'><strong>coaeternae</strong></span> 
     </span>
    </p>
   </div>
   <div class='ocr_carea' id='block_1_99' title="bbox 1991 4296 3581 4387">
    <p class='ocr_par' dir='ltr' id='par_1_99' title="bbox 1991 4296 3581 4387">
     <span class='ocr_line' id='line_1_99' title="bbox 1991 4296 3581 4387; baseline -0.013 -20"><span class='ocrx_word' id='word_1_681' title='bbox 1991 4311 2044 4367; x_wconf 80' lang='lat' dir='ltr'><strong>in</strong></span> <span class='ocrx_word' id='word_1_682' title='bbox 2086 4307 2483 4387; x_wconf 68' lang='lat' dir='ltr'><strong>germinatione</strong></span> <span class='ocrx_word' id='word_1_683' title='bbox 2530 4302 2829 4371; x_wconf 77' lang='lat' dir='ltr'><strong>mansionis</strong></span> <span class='ocrx_word' id='word_1_684' title='bbox 2889 4306 3244 4367; x_wconf 72' lang='lat' dir='ltr'><strong>servaverunt</strong></span> <span class='ocrx_word' id='word_1_685' title='bbox 3311 4296 3581 4358; x_wconf 66' lang='lat' dir='ltr'><strong>reditum,</strong></span> 
     </span>
    </p>
   </div>
   <div class='ocr_carea' id='block_1_100' title="bbox 1991 4384 3581 4472">
    <p class='ocr_par' dir='ltr' id='par_1_100' title="bbox 1991 4384 3581 4472">
     <span class='ocr_line' id='line_1_100' title="bbox 1991 4384 3581 4472; baseline -0.009 -19"><span class='ocrx_word' id='word_1_686' title='bbox 1991 4384 2262 4472; x_wconf 65' lang='lat' dir='ltr'><strong>qttomodo</strong></span> <span class='ocrx_word' id='word_1_687' title='bbox 2288 4392 2759 4467; x_wconf 70' lang='lat' dir='ltr'><strong>superessentialis</strong></span> <span class='ocrx_word' id='word_1_688' title='bbox 2777 4388 2936 4462; x_wconf 59' lang='lat' dir='ltr'><strong>{esus</strong></span> <span class='ocrx_word' id='word_1_689' title='bbox 2962 4387 3214 4464; x_wconf 82' lang='lat' dir='ltr'><strong>humanis</strong></span> <span class='ocrx_word' id='word_1_690' title='bbox 3228 4384 3581 4445; x_wconf 76' lang='lat' dir='ltr'><strong>naturalibus</strong></span> 
     </span>
    </p>
   </div>
   <div class='ocr_carea' id='block_1_101' title="bbox 1994 4474 3579 4556">
    <p class='ocr_par' dir='ltr' id='par_1_101' title="bbox 1994 4474 3579 4556">
     <span class='ocr_line' id='line_1_101' title="bbox 1994 4474 3579 4556; baseline -0.013 -9"><span class='ocrx_word' id='word_1_691' title='bbox 1994 4490 2313 4546; x_wconf 85' lang='lat' dir='ltr'><strong>veritatibus</strong></span> <span class='ocrx_word' id='word_1_692' title='bbox 2361 4485 2595 4540; x_wconf 88' lang='lat' dir='ltr'><strong>essentia</strong></span> <span class='ocrx_word' id='word_1_693' title='bbox 2626 4485 2801 4556; x_wconf 82' lang='lat' dir='ltr'><strong>factus</strong></span> <span class='ocrx_word' id='word_1_694' title='bbox 2835 4488 2939 4543; x_wconf 85' lang='lat' dir='ltr'><strong>est,</strong></span> <span class='ocrx_word' id='word_1_695' title='bbox 2983 4488 3036 4535; x_wconf 89' lang='lat' dir='ltr'><strong>et</strong></span> <span class='ocrx_word' id='word_1_696' title='bbox 3073 4490 3427 4547; x_wconf 84' lang='lat' dir='ltr'><strong>quaecunque</strong></span> <span class='ocrx_word' id='word_1_697' title='bbox 3466 4474 3579 4528; x_wconf 71' lang='lat' dir='ltr'><strong>alia</strong></span> 
     </span>
    </p>
   </div>
   <div class='ocr_carea' id='block_1_102' title="bbox 1992 4567 3582 4649">
    <p class='ocr_par' dir='ltr' id='par_1_102' title="bbox 1992 4567 3582 4649">
     <span class='ocr_line' id='line_1_102' title="bbox 1992 4567 3582 4649; baseline -0.008 -12"><span class='ocrx_word' id='word_1_698' title='bbox 1992 4583 2060 4638; x_wconf 91' lang='lat' dir='ltr'><strong>ab</strong></span> <span class='ocrx_word' id='word_1_699' title='bbox 2109 4579 2336 4649; x_wconf 87' lang='lat' dir='ltr'><strong>eloquiis</strong></span> <span class='ocrx_word' id='word_1_700' title='bbox 2380 4586 2637 4647; x_wconf 84' lang='lat' dir='ltr'><strong>expressa</strong></span> <span class='ocrx_word' id='word_1_701' title='bbox 2706 4582 2832 4628; x_wconf 90' lang='lat' dir='ltr'><strong>sunt</strong></span> <span class='ocrx_word' id='word_1_702' title='bbox 2891 4573 3188 4627; x_wconf 85' lang='lat' dir='ltr'><strong>secundum</strong></span> <span class='ocrx_word' id='word_1_703' title='bbox 3243 4567 3582 4641; x_wconf 61' lang='lat' dir='ltr'><strong>theologicae</strong></span> 
     </span>
    </p>
   </div>
   <div class='ocr_carea' id='block_1_103' title="bbox 1992 4657 3577 4733">
    <p class='ocr_par' dir='ltr' id='par_1_103' title="bbox 1992 4657 3577 4733">
     <span class='ocr_line' id='line_1_103' title="bbox 1992 4657 3577 4733; baseline -0.011 -3"><span class='ocrx_word' id='word_1_704' title='bbox 1992 4676 2358 4730; x_wconf 89' lang='lat' dir='ltr'><strong>characteres.</strong></span> <span class='ocrx_word' id='word_1_705' title='bbox 2400 4668 2455 4722; x_wconf 91' lang='lat' dir='ltr'><strong>ln</strong></span> <span class='ocrx_word' id='word_1_706' title='bbox 2493 4681 2559 4722; x_wconf 91' lang='lat' dir='ltr'><strong>eo</strong></span> <span class='ocrx_word' id='word_1_707' title='bbox 2599 4673 2775 4719; x_wconf 88' lang='lat' dir='ltr'><strong>autem</strong></span> <span class='ocrx_word' id='word_1_708' title='bbox 2803 4662 3001 4733; x_wconf 89' lang='lat' dir='ltr'><strong>quiest</strong></span> <span class='ocrx_word' id='word_1_709' title='bbox 3027 4660 3094 4715; x_wconf 89' lang='lat' dir='ltr'><strong>de</strong></span> <span class='ocrx_word' id='word_1_710' title='bbox 3122 4659 3319 4716; x_wconf 73' lang='lat' dir='ltr'><strong>divinis</strong></span> <span class='ocrx_word' id='word_1_711' title='bbox 3345 4657 3577 4719; x_wconf 83' lang='lat' dir='ltr'><strong>nomini-</strong></span> 
     </span>
    </p>
   </div>
   <div class='ocr_carea' id='block_1_104' title="bbox 1994 4749 3575 4832">
    <p class='ocr_par' dir='ltr' id='par_1_104' title="bbox 1994 4749 3575 4832">
     <span class='ocr_line' id='line_1_104' title="bbox 1994 4749 3575 4832; baseline -0.011 -12"><span class='ocrx_word' id='word_1_712' title='bbox 1994 4766 2120 4829; x_wconf 90' lang='lat' dir='ltr'><strong>bus,</strong></span> <span class='ocrx_word' id='word_1_713' title='bbox 2174 4761 2445 4832; x_wconf 87' lang='lat' dir='ltr'><strong>quomodo</strong></span> <span class='ocrx_word' id='word_1_714' title='bbox 2495 4756 2732 4831; x_wconf 83' lang='lat' dir='ltr'><strong>optimus</strong></span> <span class='ocrx_word' id='word_1_715' title='bbox 2779 4752 3110 4816; x_wconf 90' lang='lat' dir='ltr'><strong>nominatur,</strong></span> <span class='ocrx_word' id='word_1_716' title='bbox 3159 4750 3429 4821; x_wconf 81' lang='lat' dir='ltr'><strong>quomodo</strong></span> <span class='ocrx_word' id='word_1_717' title='bbox 3483 4749 3575 4825; x_wconf 65' lang='grc' dir='ltr'><strong>ᾥγ,</strong></span> 
     </span>
    </p>
   </div>
   <div class='ocr_carea' id='block_1_105' title="bbox 1995 4846 3586 4929">
    <p class='ocr_par' dir='ltr' id='par_1_105' title="bbox 1995 4846 3586 4929">
     <span class='ocr_line' id='line_1_105' title="bbox 1995 4846 3586 4929; baseline -0.008 -18"><span class='ocrx_word' id='word_1_718' title='bbox 1995 4856 2267 4929; x_wconf 86' lang='lat' dir='ltr'><strong>quomodo</strong></span> <span class='ocrx_word' id='word_1_719' title='bbox 2292 4855 2419 4915; x_wconf 88' lang='lat' dir='ltr'><strong>vita,</strong></span> <span class='ocrx_word' id='word_1_720' title='bbox 2443 4863 2498 4908; x_wconf 94' lang='lat' dir='ltr'><strong>et</strong></span> <span class='ocrx_word' id='word_1_721' title='bbox 2523 4850 2813 4922; x_wconf 89' lang='lat' dir='ltr'><strong>sapientia,</strong></span> <span class='ocrx_word' id='word_1_722' title='bbox 2839 4855 2895 4903; x_wconf 92' lang='lat' dir='ltr'><strong>et</strong></span> <span class='ocrx_word' id='word_1_723' title='bbox 2919 4846 3112 4909; x_wconf 90' lang='lat' dir='ltr'><strong>virtus,</strong></span> <span class='ocrx_word' id='word_1_724' title='bbox 3137 4852 3194 4902; x_wconf 93' lang='lat' dir='ltr'><strong>et</strong></span> <span class='ocrx_word' id='word_1_725' title='bbox 3221 4857 3586 4915; x_wconf 71' lang='lat' dir='ltr'><strong>quaecunque</strong></span> 
     </span>
    </p>
   </div>
   <div class='ocr_carea' id='block_1_106' title="bbox 1997 4936 3580 5019">
    <p class='ocr_par' dir='ltr' id='par_1_106' title="bbox 1997 4936 3580 5019">
     <span class='ocr_line' id='line_1_106' title="bbox 1997 4936 3580 5019; baseline -0.013 -12"><span class='ocrx_word' id='word_1_726' title='bbox 1997 4952 2101 5006; x_wconf 84' lang='lat' dir='ltr'><strong>alia</strong></span> <span class='ocrx_word' id='word_1_727' title='bbox 2125 4947 2474 5019; x_wconf 79' lang='lat' dir='ltr'><strong>intelligibilis</strong></span> <span class='ocrx_word' id='word_1_728' title='bbox 2501 4952 2625 5000; x_wconf 90' lang='lat' dir='ltr'><strong>sunt</strong></span> <span class='ocrx_word' id='word_1_729' title='bbox 2654 4942 2868 5017; x_wconf 79' lang='lat' dir='ltr'><strong>divinae</strong></span> <span class='ocrx_word' id='word_1_730' title='bbox 2895 4937 3303 4997; x_wconf 86' lang='lat' dir='ltr'><strong>nominationis.</strong></span> <span class='ocrx_word' id='word_1_731' title='bbox 3349 4936 3405 4999; x_wconf 76' lang='lat' dir='ltr'><strong>in</strong></span> <span class='ocrx_word' id='word_1_732' title='bbox 3432 4948 3580 5015; x_wconf 58' lang='lat' dir='ltr'><strong>synt-</strong></span> 
     </span>
    </p>
   </div>
   <div class='ocr_carea' id='block_1_107' title="bbox 1996 5025 3579 5106">
    <p class='ocr_par' dir='ltr' id='par_1_107' title="bbox 1996 5025 3579 5106">
     <span class='ocr_line' id='line_1_107' title="bbox 1996 5025 3579 5106; baseline -0.012 -7"><span class='ocrx_word' id='word_1_733' title='bbox 1996 5043 2170 5100; x_wconf 88' lang='lat' dir='ltr'><strong>bolica</strong></span> <span class='ocrx_word' id='word_1_734' title='bbox 2192 5056 2320 5095; x_wconf 89' lang='lat' dir='ltr'><strong>vero</strong></span> <span class='ocrx_word' id='word_1_735' title='bbox 2362 5035 2652 5106; x_wconf 80' lang='lat' dir='ltr'><strong>theologia,</strong></span> <span class='ocrx_word' id='word_1_736' title='bbox 2679 5049 2816 5104; x_wconf 89' lang='lat' dir='ltr'><strong>quae</strong></span> <span class='ocrx_word' id='word_1_737' title='bbox 2839 5034 2948 5088; x_wconf 89' lang='lat' dir='ltr'><strong>sint</strong></span> <span class='ocrx_word' id='word_1_738' title='bbox 2988 5048 3018 5086; x_wconf 92' lang='lat' dir='ltr'><strong>a</strong></span> <span class='ocrx_word' id='word_1_739' title='bbox 3046 5031 3389 5087; x_wconf 88' lang='lat' dir='ltr'><strong>sensibilibus</strong></span> <span class='ocrx_word' id='word_1_740' title='bbox 3409 5028 3463 5081; x_wconf 91' lang='lat' dir='ltr'><strong>in</strong></span> <span class='ocrx_word' id='word_1_741' title='bbox 3495 5025 3579 5080; x_wconf 64' lang='lat' dir='ltr'><strong>dio</strong></span> 
     </span>
    </p>
   </div>
   <div class='ocr_carea' id='block_1_108' title="bbox 1996 5122 3583 5195">
    <p class='ocr_par' dir='ltr' id='par_1_108' title="bbox 1996 5122 3583 5195">
     <span class='ocr_line' id='line_1_108' title="bbox 1996 5122 3583 5195; baseline -0.009 -9"><span class='ocrx_word' id='word_1_742' title='bbox 1996 5136 2120 5189; x_wconf 87' lang='lat' dir='ltr'><strong>vina</strong></span> <span class='ocrx_word' id='word_1_743' title='bbox 2147 5130 2875 5195; x_wconf 86' lang='lat' dir='ltr'><strong>transnominationes,quae</strong></span> <span class='ocrx_word' id='word_1_744' title='bbox 2890 5124 3165 5181; x_wconf 74' lang='lat' dir='ltr'><strong>divinae”</strong></span> <span class='ocrx_word' id='word_1_745' title='bbox 3183 5122 3409 5180; x_wconf 77' lang='lat' dir='ltr'><strong>formae,</strong></span> <span class='ocrx_word' id='word_1_746' title='bbox 3434 5132 3583 5186; x_wconf 83' lang='lat' dir='ltr'><strong>quae</strong></span> 
     </span>
    </p>
   </div>
   <div class='ocr_carea' id='block_1_109' title="bbox 1999 5205 3575 5292">
    <p class='ocr_par' dir='ltr' id='par_1_109' title="bbox 1999 5205 3575 5292">
     <span class='ocr_line' id='line_1_109' title="bbox 1999 5205 3575 5292; baseline -0.013 -13"><span class='ocrx_word' id='word_1_747' title='bbox 1999 5225 2214 5279; x_wconf 90' lang='lat' dir='ltr'><strong>divinae</strong></span> <span class='ocrx_word' id='word_1_748' title='bbox 2238 5221 2462 5292; x_wconf 79' lang='lat' dir='ltr'><strong>ﬁgurae,</strong></span> <span class='ocrx_word' id='word_1_749' title='bbox 2493 5226 2548 5273; x_wconf 91' lang='lat' dir='ltr'><strong>et</strong></span> <span class='ocrx_word' id='word_1_750' title='bbox 2575 5225 2775 5287; x_wconf 81' lang='lat' dir='ltr'><strong>partes,</strong></span> <span class='ocrx_word' id='word_1_751' title='bbox 2802 5225 2857 5271; x_wconf 84' lang='lat' dir='ltr'><strong>et</strong></span> <span class='ocrx_word' id='word_1_752' title='bbox 2899 5229 3126 5285; x_wconf 81' lang='lat' dir='ltr'><strong>organa,</strong></span> <span class='ocrx_word' id='word_1_753' title='bbox 3161 5211 3251 5281; x_wconf 87' lang='lat' dir='ltr'><strong>qui</strong></span> <span class='ocrx_word' id='word_1_754' title='bbox 3277 5207 3442 5264; x_wconf 87' lang='lat' dir='ltr'><strong>divini</strong></span> <span class='ocrx_word' id='word_1_755' title='bbox 3464 5205 3575 5259; x_wconf 81' lang='lat' dir='ltr'><strong>lori</strong></span> 
     </span>
    </p>
   </div>
   <div class='ocr_carea' id='block_1_110' title="bbox 2000 5299 3636 5383">
    <p class='ocr_par' dir='ltr' id='par_1_110' title="bbox 2000 5299 3636 5383">
     <span class='ocr_line' id='line_1_110' title="bbox 2000 5299 3636 5383; baseline -0.017 -10"><span class='ocrx_word' id='word_1_756' title='bbox 2000 5326 2053 5373; x_wconf 87' lang='lat' dir='ltr'><strong>et</strong></span> <span class='ocrx_word' id='word_1_757' title='bbox 2075 5313 2278 5378; x_wconf 86' lang='lat' dir='ltr'><strong>mundi,</strong></span> <span class='ocrx_word' id='word_1_758' title='bbox 2303 5311 2393 5383; x_wconf 92' lang='lat' dir='ltr'><strong>qui</strong></span> <span class='ocrx_word' id='word_1_759' title='bbox 2419 5310 2644 5375; x_wconf 79' lang='lat' dir='ltr'><strong>furores,</strong></span> <span class='ocrx_word' id='word_1_760' title='bbox 2669 5325 2807 5379; x_wconf 82' lang='lat' dir='ltr'><strong>quae</strong></span> <span class='ocrx_word' id='word_1_761' title='bbox 2823 5307 3072 5375; x_wconf 83' lang='lat' dir='ltr'><strong>tristitiae</strong></span> <span class='ocrx_word' id='word_1_762' title='bbox 3097 5313 3150 5358; x_wconf 90' lang='lat' dir='ltr'><strong>et</strong></span> <span class='ocrx_word' id='word_1_763' title='bbox 3184 5299 3416 5361; x_wconf 86' lang='lat' dir='ltr'><strong>maniae,</strong></span> <span class='ocrx_word' id='word_1_764' title='bbox 3439 5309 3587 5368; x_wconf 82' lang='lat' dir='ltr'><strong>quae</strong></span> <span class='ocrx_word' id='word_1_765' title='bbox 3633 5309 3636 5312; x_wconf 67' lang='grc'><strong>’</strong></span> 
     </span>
    </p>
   </div>
   <div class='ocr_carea' id='block_1_111' title="bbox 1597 5470 2297 5531">
    <p class='ocr_par' dir='ltr' id='par_1_111' title="bbox 1597 5470 2297 5531">
     <span class='ocr_line' id='line_1_111' title="bbox 1597 5470 2297 5531; baseline -0.007 -4"><span class='ocrx_word' id='word_1_766' title='bbox 1597 5474 1853 5531; x_wconf 71' lang='lat' dir='ltr'><strong>VARIAE</strong></span> <span class='ocrx_word' id='word_1_767' title='bbox 1892 5470 2297 5531; x_wconf 72' lang='lat' dir='ltr'><strong>LECTIONES.</strong></span> 
     </span>
    </p>
   </div>
   <div class='ocr_carea' id='block_1_112' title="bbox 393 5625 1578 5696">
    <p class='ocr_par' dir='ltr' id='par_1_112' title="bbox 393 5625 1578 5696">
     <span class='ocr_line' id='line_1_112' title="bbox 393 5625 1578 5696; baseline 0 -19"><span class='ocrx_word' id='word_1_768' title='bbox 393 5626 405 5654; x_wconf 86' lang='lat'>&#39;</span> <span class='ocrx_word' id='word_1_769' title='bbox 438 5625 522 5678; x_wconf 71' lang='grc' dir='ltr'><strong>ΒΕ</strong></span> <span class='ocrx_word' id='word_1_770' title='bbox 552 5644 710 5696; x_wconf 72' lang='lat' dir='ltr'><strong>supra</strong></span> <span class='ocrx_word' id='word_1_771' title='bbox 785 5628 802 5656; x_wconf 85' lang='grc'>¹</span> <span class='ocrx_word' id='word_1_772' title='bbox 834 5628 895 5678; x_wconf 69' lang='grc' dir='ltr'><strong>Δ·</strong></span> <span class='ocrx_word' id='word_1_773' title='bbox 935 5627 1070 5679; x_wconf 66' lang='lat' dir='ltr'><strong>enim</strong></span> <span class='ocrx_word' id='word_1_774' title='bbox 1102 5637 1295 5694; x_wconf 74' lang='lat' dir='ltr'><strong>oportet</strong></span> <span class='ocrx_word' id='word_1_775' title='bbox 1328 5627 1578 5678; x_wconf 81' lang='lat' dir='ltr'><strong>omnium.</strong></span> 
     </span>
    </p>
   </div>
   <div class='ocr_carea' id='block_1_113' title="bbox 323 5695 1764 5765">
    <p class='ocr_par' dir='ltr' id='par_1_113' title="bbox 323 5695 1764 5765">
     <span class='ocr_line' id='line_1_113' title="bbox 323 5695 1764 5765; baseline -0.001 -16"><span class='ocrx_word' id='word_1_776' title='bbox 323 5696 589 5761; x_wconf 50' lang='lat' dir='ltr'><strong>viantum».</strong></span> <span class='ocrx_word' id='word_1_777' title='bbox 661 5699 677 5726; x_wconf 82' lang='grc'><strong>⁷</strong></span> <span class='ocrx_word' id='word_1_778' title='bbox 716 5696 799 5749; x_wconf 71' lang='lat' dir='ltr'><strong>[ill</strong></span> <span class='ocrx_word' id='word_1_779' title='bbox 837 5698 887 5749; x_wconf 89' lang='lat' dir='ltr'><strong>in</strong></span> <span class='ocrx_word' id='word_1_780' title='bbox 911 5701 1152 5765; x_wconf 73' lang='lat' dir='ltr'><strong>scipsom.</strong></span> <span class='ocrx_word' id='word_1_781' title='bbox 1233 5698 1253 5727; x_wconf 83' lang='grc'><strong>⁸</strong></span> <span class='ocrx_word' id='word_1_782' title='bbox 1286 5696 1328 5749; x_wconf 81' lang='lat' dir='ltr'><strong>ll</strong></span> <span class='ocrx_word' id='word_1_783' title='bbox 1368 5695 1764 5750; x_wconf 77' lang='lat' dir='ltr'><strong>circumdatam.</strong></span> 
     </span>
    </p>
   </div>
   <div class='ocr_carea' id='block_1_114' title="bbox 1648 5623 1942 5677">
    <p class='ocr_par' dir='ltr' id='par_1_114' title="bbox 1648 5623 1942 5677">
     <span class='ocr_line' id='line_1_114' title="bbox 1648 5623 1942 5677; baseline -0.003 0"><span class='ocrx_word' id='word_1_784' title='bbox 1648 5623 1668 5652; x_wconf 85' lang='grc'><strong><em>⁸</em></strong></span> <span class='ocrx_word' id='word_1_785' title='bbox 1706 5623 1792 5677; x_wconf 79' lang='lat' dir='ltr'><strong>BH</strong></span> <span class='ocrx_word' id='word_1_786' title='bbox 1814 5642 1942 5677; x_wconf 68' lang='lat' dir='ltr'><strong>esse.</strong></span> 
     </span>
    </p>
   </div>
   <div class='ocr_carea' id='block_1_115' title="bbox 1843 5691 2535 5747">
    <p class='ocr_par' dir='ltr' id='par_1_115' title="bbox 1843 5691 2535 5747">
     <span class='ocr_line' id='line_1_115' title="bbox 1843 5691 2535 5747; baseline -0.004 -1"><span class='ocrx_word' id='word_1_787' title='bbox 1843 5694 1864 5724; x_wconf 83' lang='lat'><strong>’</strong></span> <span class='ocrx_word' id='word_1_788' title='bbox 1891 5695 2042 5747; x_wconf 67' lang='lat' dir='ltr'><strong>unica</strong></span> <span class='ocrx_word' id='word_1_789' title='bbox 2070 5692 2263 5746; x_wconf 80' lang='lat' dir='ltr'><strong>dicitur</strong></span> <span class='ocrx_word' id='word_1_790' title='bbox 2286 5691 2393 5746; x_wconf 80' lang='lat' dir='ltr'><strong>0m.</strong></span> <span class='ocrx_word' id='word_1_791' title='bbox 2428 5691 2535 5745; x_wconf 81' lang='lat' dir='ltr'><strong>Bll.</strong></span> 
     </span>
    </p>
   </div>
   <div class='ocr_carea' id='block_1_116' title="bbox 2022 5611 3574 5693">
    <p class='ocr_par' dir='ltr' id='par_1_116' title="bbox 2022 5611 3574 5693">
     <span class='ocr_line' id='line_1_116' title="bbox 2022 5611 3574 5693; baseline -0.011 -16"><span class='ocrx_word' id='word_1_792' title='bbox 2022 5623 2041 5654; x_wconf 65' lang='grc'>⁸</span> <span class='ocrx_word' id='word_1_793' title='bbox 2070 5622 2108 5676; x_wconf 82' lang='grc' dir='ltr'>Ε</span> <span class='ocrx_word' id='word_1_794' title='bbox 2128 5623 2205 5677; x_wconf 80' lang='lat' dir='ltr'><strong>sic</strong></span> <span class='ocrx_word' id='word_1_795' title='bbox 2229 5621 2662 5693; x_wconf 55' lang='lat' dir='ltr'><strong>cognoscendum.</strong></span> <span class='ocrx_word' id='word_1_796' title='bbox 2791 5618 2872 5671; x_wconf 75' lang='lat' dir='ltr'><strong>BE</strong></span> <span class='ocrx_word' id='word_1_797' title='bbox 2896 5632 3102 5693; x_wconf 57' lang='lat' dir='ltr'><strong>causae.</strong></span> <span class='ocrx_word' id='word_1_798' title='bbox 3164 5611 3293 5693; x_wconf 47' lang='grc' dir='ltr'><strong>σηιξη</strong></span> <span class='ocrx_word' id='word_1_799' title='bbox 3322 5629 3502 5679; x_wconf 66' lang='lat' dir='ltr'><strong>riu-rm:</strong></span> <span class='ocrx_word' id='word_1_800' title='bbox 3522 5631 3574 5667; x_wconf 87' lang='grc' dir='ltr'><strong>υ.</strong></span> 
     </span>
    </p>
   </div>
   <div class='ocr_carea' id='block_1_117' title="bbox 2616 5685 3406 5759">
    <p class='ocr_par' dir='ltr' id='par_1_117' title="bbox 2616 5685 3406 5759">
     <span class='ocr_line' id='line_1_117' title="bbox 2616 5685 3406 5759; baseline -0.011 -15"><span class='ocrx_word' id='word_1_801' title='bbox 2616 5690 2656 5721; x_wconf 79' lang='grc' dir='ltr'><strong>³ο</strong></span> <span class='ocrx_word' id='word_1_802' title='bbox 2682 5689 2767 5744; x_wconf 75' lang='grc' dir='ltr'><strong>ΒΗ</strong></span> <span class='ocrx_word' id='word_1_803' title='bbox 2798 5703 2934 5759; x_wconf 83' lang='lat' dir='ltr'><strong>quae</strong></span> <span class='ocrx_word' id='word_1_804' title='bbox 2968 5686 3150 5753; x_wconf 75' lang='lat' dir='ltr'><strong>ﬁnitae</strong></span> <span class='ocrx_word' id='word_1_805' title='bbox 3183 5685 3406 5738; x_wconf 71' lang='lat' dir='ltr'><strong>formae.</strong></span> 
     </span>
    </p>
   </div>
  </div>
