  <div class='ocr_page' id='page_1' title='image "/cluster/home/n/w/nwhite01/storage/ocr_20150623/122/hvd.32044054759840/625.png"; bbox 0 0 3978 6160; ppageno 0'>
   <div class='ocr_carea' id='block_1_1' title="bbox 404 284 542 342">
    <p class='ocr_par' dir='ltr' id='par_1_1' title="bbox 404 284 542 342">
     <span class='ocr_line' id='line_1_1' title="bbox 404 284 542 342; baseline 0.022 -3"><span class='ocrx_word' id='word_1_1' title='bbox 404 284 542 342; x_wconf 78' lang='lat' dir='ltr'><strong>H75</strong></span> 
     </span>
    </p>
   </div>
   <div class='ocr_carea' id='block_1_2' title="bbox 1755 280 2272 346">
    <p class='ocr_par' dir='ltr' id='par_1_2' title="bbox 1755 280 2272 346">
     <span class='ocr_line' id='line_1_2' title="bbox 1755 280 2272 346; baseline 0.002 -5"><span class='ocrx_word' id='word_1_2' title='bbox 1755 280 2037 343; x_wconf 77' lang='lat' dir='ltr'><strong>JOANNIS</strong></span> <span class='ocrx_word' id='word_1_3' title='bbox 2076 285 2272 346; x_wconf 82' lang='lat' dir='ltr'><strong>SCOTI</strong></span> 
     </span>
    </p>
   </div>
   <div class='ocr_carea' id='block_1_3' title="bbox 3516 280 3655 346">
    <p class='ocr_par' dir='ltr' id='par_1_3' title="bbox 3516 280 3655 346">
     <span class='ocr_line' id='line_1_3' title="bbox 3516 280 3655 346; baseline -0.007 0"><span class='ocrx_word' id='word_1_4' title='bbox 3516 280 3655 346; x_wconf 65' lang='grc' dir='ltr'><strong>11Ἵό</strong></span> 
     </span>
    </p>
   </div>
   <div class='ocr_carea' id='block_1_4' title="bbox 401 390 3657 469">
    <p class='ocr_par' dir='ltr' id='par_1_4' title="bbox 401 390 3657 469">
     <span class='ocr_line' id='line_1_4' title="bbox 401 390 3657 469; baseline 0.002 -17"><span class='ocrx_word' id='word_1_5' title='bbox 401 397 697 452; x_wconf 86' lang='lat' dir='ltr'><strong>ebrietates</strong></span> <span class='ocrx_word' id='word_1_6' title='bbox 716 402 769 450; x_wconf 91' lang='lat' dir='ltr'><strong>et</strong></span> <span class='ocrx_word' id='word_1_7' title='bbox 796 390 1064 464; x_wconf 82' lang='lat' dir='ltr'><strong>crapulae,</strong></span> <span class='ocrx_word' id='word_1_8' title='bbox 1087 406 1226 464; x_wconf 81' lang='lat' dir='ltr'><strong>quae</strong></span> <span class='ocrx_word' id='word_1_9' title='bbox 1246 393 1573 463; x_wconf 72' lang='lat' dir='ltr'><strong>iuramenta,</strong></span> <span class='ocrx_word' id='word_1_10' title='bbox 1602 404 1739 465; x_wconf 85' lang='lat' dir='ltr'><strong>quae</strong></span> <span class='ocrx_word' id='word_1_11' title='bbox 1759 411 1981 452; x_wconf 81' lang='lat' dir='ltr'><strong>execra-</strong></span> <span class='ocrx_word' id='word_1_12' title='bbox 2008 404 2055 461; x_wconf 82' lang='grc' dir='ltr'>Α</span> <span class='ocrx_word' id='word_1_13' title='bbox 2085 399 2542 468; x_wconf 87' lang='lat' dir='ltr'><strong>perturbationem</strong></span> <span class='ocrx_word' id='word_1_14' title='bbox 2599 415 2628 454; x_wconf 82' lang='lat' dir='ltr'><strong>a</strong></span> <span class='ocrx_word' id='word_1_15' title='bbox 2692 399 3030 469; x_wconf 89' lang='lat' dir='ltr'><strong>passionibus</strong></span> <span class='ocrx_word' id='word_1_16' title='bbox 3077 393 3447 456; x_wconf 82' lang='lat' dir='ltr'><strong>materialibtts</strong></span> <span class='ocrx_word' id='word_1_17' title='bbox 3508 413 3657 459; x_wconf 54' lang='lat' dir='ltr'><strong>notae</strong></span> 
     </span>
    </p>
   </div>
   <div class='ocr_carea' id='block_1_5' title="bbox 402 485 1983 556">
    <p class='ocr_par' dir='ltr' id='par_1_5' title="bbox 402 485 1983 556">
     <span class='ocr_line' id='line_1_5' title="bbox 402 485 1983 556; baseline 0.002 -17"><span class='ocrx_word' id='word_1_18' title='bbox 402 494 603 551; x_wconf 86' lang='lat' dir='ltr'><strong>ttones,</strong></span> <span class='ocrx_word' id='word_1_19' title='bbox 625 485 716 554; x_wconf 88' lang='lat' dir='ltr'><strong>qui</strong></span> <span class='ocrx_word' id='word_1_20' title='bbox 748 489 945 549; x_wconf 90' lang='lat' dir='ltr'><strong>somni,</strong></span> <span class='ocrx_word' id='word_1_21' title='bbox 978 500 1115 555; x_wconf 87' lang='lat' dir='ltr'><strong>quae</strong></span> <span class='ocrx_word' id='word_1_22' title='bbox 1137 485 1367 556; x_wconf 75' lang='lat' dir='ltr'><strong>vigiliae,</strong></span> <span class='ocrx_word' id='word_1_23' title='bbox 1395 495 1451 540; x_wconf 90' lang='lat' dir='ltr'><strong>et</strong></span> <span class='ocrx_word' id='word_1_24' title='bbox 1473 500 1825 556; x_wconf 85' lang='lat' dir='ltr'><strong>quaecunque</strong></span> <span class='ocrx_word' id='word_1_25' title='bbox 1845 485 1983 542; x_wconf 83' lang='lat' dir='ltr'><strong>aliae</strong></span> 
     </span>
    </p>
   </div>
   <div class='ocr_carea' id='block_1_6' title="bbox 407 569 1984 646">
    <p class='ocr_par' dir='ltr' id='par_1_6' title="bbox 407 569 1984 646">
     <span class='ocr_line' id='line_1_6' title="bbox 407 569 1984 646; baseline 0.001 -17"><span class='ocrx_word' id='word_1_26' title='bbox 407 569 740 646; x_wconf 81' lang='lat' dir='ltr'><strong>symbolicae</strong></span> <span class='ocrx_word' id='word_1_27' title='bbox 762 576 888 629; x_wconf 85' lang='lat' dir='ltr'><strong>sntit</strong></span> <span class='ocrx_word' id='word_1_28' title='bbox 915 574 1126 629; x_wconf 85' lang='lat' dir='ltr'><strong>divinae</strong></span> <span class='ocrx_word' id='word_1_29' title='bbox 1147 575 1516 630; x_wconf 84' lang='lat' dir='ltr'><strong>similitudinis</strong></span> <span class='ocrx_word' id='word_1_30' title='bbox 1538 590 1691 631; x_wconf 87' lang='lat' dir='ltr'><strong>sacre</strong></span> <span class='ocrx_word' id='word_1_31' title='bbox 1720 576 1984 645; x_wconf 82' lang='lat' dir='ltr'><strong>figuratae</strong></span> 
     </span>
    </p>
   </div>
   <div class='ocr_carea' id='block_1_7' title="bbox 409 662 1985 734">
    <p class='ocr_par' dir='ltr' id='par_1_7' title="bbox 409 662 1985 734">
     <span class='ocr_line' id='line_1_7' title="bbox 409 662 1985 734; baseline 0.001 -17"><span class='ocrx_word' id='word_1_32' title='bbox 409 663 780 717; x_wconf 82' lang='lat' dir='ltr'><strong>formationes.</strong></span> <span class='ocrx_word' id='word_1_33' title='bbox 815 662 883 716; x_wconf 89' lang='lat' dir='ltr'><strong>Et</strong></span> <span class='ocrx_word' id='word_1_34' title='bbox 930 671 981 717; x_wconf 88' lang='lat' dir='ltr'><strong>te</strong></span> <span class='ocrx_word' id='word_1_35' title='bbox 1010 663 1250 719; x_wconf 82' lang='lat' dir='ltr'><strong>arbitror</strong></span> <span class='ocrx_word' id='word_1_36' title='bbox 1292 664 1686 729; x_wconf 81' lang='lat' dir='ltr'><strong>considerasse,</strong></span> <span class='ocrx_word' id='word_1_37' title='bbox 1716 666 1985 734; x_wconf 84' lang='lat' dir='ltr'><strong>quomodo</strong></span> 
     </span>
    </p>
   </div>
   <div class='ocr_carea' id='block_1_8' title="bbox 405 751 1981 824">
    <p class='ocr_par' dir='ltr' id='par_1_8' title="bbox 405 751 1981 824">
     <span class='ocr_line' id='line_1_8' title="bbox 405 751 1981 824; baseline 0.001 -19"><span class='ocrx_word' id='word_1_38' title='bbox 405 751 586 806; x_wconf 86' lang='lat' dir='ltr'><strong>verbis</strong></span> <span class='ocrx_word' id='word_1_39' title='bbox 632 751 933 821; x_wconf 83' lang='lat' dir='ltr'><strong>copiosiora</strong></span> <span class='ocrx_word' id='word_1_40' title='bbox 993 753 1167 822; x_wconf 83' lang='lat' dir='ltr'><strong>magis</strong></span> <span class='ocrx_word' id='word_1_41' title='bbox 1239 761 1364 808; x_wconf 79' lang='lat' dir='ltr'><strong>sunt</strong></span> <span class='ocrx_word' id='word_1_42' title='bbox 1432 754 1719 809; x_wconf 87' lang='lat' dir='ltr'><strong>novissima</strong></span> <span class='ocrx_word' id='word_1_43' title='bbox 1771 754 1981 824; x_wconf 83' lang='lat' dir='ltr'><strong>primis.</strong></span> 
     </span>
    </p>
   </div>
   <div class='ocr_carea' id='block_1_9' title="bbox 405 841 1986 913">
    <p class='ocr_par' dir='ltr' id='par_1_9' title="bbox 405 841 1986 913">
     <span class='ocr_line' id='line_1_9' title="bbox 405 841 1986 913; baseline 0.003 -18"><span class='ocrx_word' id='word_1_44' title='bbox 405 841 617 896; x_wconf 84' lang='lat' dir='ltr'><strong>Etenim</strong></span> <span class='ocrx_word' id='word_1_45' title='bbox 644 842 845 897; x_wconf 87' lang='lat' dir='ltr'><strong>habere</strong></span> <span class='ocrx_word' id='word_1_46' title='bbox 866 841 1194 913; x_wconf 89' lang='lat' dir='ltr'><strong>theologicos</strong></span> <span class='ocrx_word' id='word_1_47' title='bbox 1218 844 1658 907; x_wconf 82' lang='lat' dir='ltr'><strong>characteres,et</strong></span> <span class='ocrx_word' id='word_1_48' title='bbox 1679 844 1986 899; x_wconf 83' lang='lat' dir='ltr'><strong>divinorum</strong></span> 
     </span>
    </p>
   </div>
   <div class='ocr_carea' id='block_1_10' title="bbox 408 931 1986 1006">
    <p class='ocr_par' dir='ltr' id='par_1_10' title="bbox 408 931 1986 1006">
     <span class='ocr_line' id='line_1_10' title="bbox 408 931 1986 1006; baseline 0.001 -20"><span class='ocrx_word' id='word_1_49' title='bbox 408 931 688 986; x_wconf 84' lang='lat' dir='ltr'><strong>nominum</strong></span> <span class='ocrx_word' id='word_1_50' title='bbox 720 932 1107 987; x_wconf 89' lang='lat' dir='ltr'><strong>reserationem</strong></span> <span class='ocrx_word' id='word_1_51' title='bbox 1142 934 1442 989; x_wconf 79' lang='lat' dir='ltr'><strong>breviorem</strong></span> <span class='ocrx_word' id='word_1_52' title='bbox 1474 935 1655 989; x_wconf 85' lang='lat' dir='ltr'><strong>verbis</strong></span> <span class='ocrx_word' id='word_1_53' title='bbox 1684 949 1805 990; x_wconf 89' lang='lat' dir='ltr'><strong>esse</strong></span> <span class='ocrx_word' id='word_1_54' title='bbox 1841 949 1986 1006; x_wconf 80' lang='lat' dir='ltr'><strong>sym-</strong></span> 
     </span>
    </p>
   </div>
   <div class='ocr_carea' id='block_1_11' title="bbox 406 1014 1988 1093">
    <p class='ocr_par' dir='ltr' id='par_1_11' title="bbox 406 1014 1988 1093">
     <span class='ocr_line' id='line_1_11' title="bbox 406 1014 1988 1093; baseline 0.003 -19"><span class='ocrx_word' id='word_1_55' title='bbox 406 1019 586 1074; x_wconf 88' lang='lat' dir='ltr'><strong>bolica</strong></span> <span class='ocrx_word' id='word_1_56' title='bbox 628 1014 912 1091; x_wconf 77' lang='lat' dir='ltr'><strong>theologia.</strong></span> <span class='ocrx_word' id='word_1_57' title='bbox 948 1021 1209 1089; x_wconf 84' lang='lat' dir='ltr'><strong>Quoniam</strong></span> <span class='ocrx_word' id='word_1_58' title='bbox 1233 1023 1447 1092; x_wconf 87' lang='lat' dir='ltr'><strong>quidem</strong></span> <span class='ocrx_word' id='word_1_59' title='bbox 1481 1033 1739 1093; x_wconf 90' lang='lat' dir='ltr'><strong>quantum</strong></span> <span class='ocrx_word' id='word_1_60' title='bbox 1786 1023 1854 1078; x_wconf 88' lang='lat' dir='ltr'><strong>ad</strong></span> <span class='ocrx_word' id='word_1_61' title='bbox 1894 1038 1988 1078; x_wconf 53' lang='lat' dir='ltr'><strong>sub</strong></span> 
     </span>
    </p>
   </div>
   <div class='ocr_carea' id='block_1_12' title="bbox 409 1115 1988 1185">
    <p class='ocr_par' dir='ltr' id='par_1_12' title="bbox 409 1115 1988 1185">
     <span class='ocr_line' id='line_1_12' title="bbox 409 1115 1988 1185; baseline 0 -15"><span class='ocrx_word' id='word_1_62' title='bbox 409 1115 626 1184; x_wconf 88' lang='lat' dir='ltr'><strong>periora</strong></span> <span class='ocrx_word' id='word_1_63' title='bbox 655 1116 993 1185; x_wconf 81' lang='lat' dir='ltr'><strong>reSpicimus,</strong></span> <span class='ocrx_word' id='word_1_64' title='bbox 1020 1124 1227 1170; x_wconf 89' lang='lat' dir='ltr'><strong>tantum</strong></span> <span class='ocrx_word' id='word_1_65' title='bbox 1250 1116 1412 1169; x_wconf 88' lang='lat' dir='ltr'><strong>verba</strong></span> <span class='ocrx_word' id='word_1_66' title='bbox 1443 1115 1988 1185; x_wconf 85' lang='lat' dir='ltr'><strong>contemplationibus</strong></span> 
     </span>
    </p>
   </div>
   <div class='ocr_carea' id='block_1_13' title="bbox 410 1203 1984 1275">
    <p class='ocr_par' dir='ltr' id='par_1_13' title="bbox 410 1203 1984 1275">
     <span class='ocr_line' id='line_1_13' title="bbox 410 1203 1984 1275; baseline 0.001 -17"><span class='ocrx_word' id='word_1_67' title='bbox 410 1203 760 1258; x_wconf 87' lang='lat' dir='ltr'><strong>invisibilium</strong></span> <span class='ocrx_word' id='word_1_68' title='bbox 789 1213 1102 1259; x_wconf 89' lang='lat' dir='ltr'><strong>coartautur</strong></span> <span class='ocrx_word' id='word_1_69' title='bbox 1153 1222 1166 1258; x_wconf 89' lang='lat'><strong>:</strong></span> <span class='ocrx_word' id='word_1_70' title='bbox 1201 1206 1341 1261; x_wconf 88' lang='lat' dir='ltr'><strong>sicut</strong></span> <span class='ocrx_word' id='word_1_71' title='bbox 1371 1215 1425 1259; x_wconf 90' lang='lat' dir='ltr'><strong>et</strong></span> <span class='ocrx_word' id='word_1_72' title='bbox 1449 1220 1593 1260; x_wconf 88' lang='lat' dir='ltr'><strong>nunc</strong></span> <span class='ocrx_word' id='word_1_73' title='bbox 1621 1206 1673 1260; x_wconf 91' lang='lat' dir='ltr'><strong>in</strong></span> <span class='ocrx_word' id='word_1_74' title='bbox 1697 1207 1866 1275; x_wconf 88' lang='lat' dir='ltr'><strong>ipsam</strong></span> <span class='ocrx_word' id='word_1_75' title='bbox 1898 1220 1984 1259; x_wconf 85' lang='lat' dir='ltr'><strong>su-</strong></span> 
     </span>
    </p>
   </div>
   <div class='ocr_carea' id='block_1_14' title="bbox 411 1287 1989 1365">
    <p class='ocr_par' dir='ltr' id='par_1_14' title="bbox 411 1287 1989 1365">
     <span class='ocr_line' id='line_1_14' title="bbox 411 1287 1989 1365; baseline 0.001 -19"><span class='ocrx_word' id='word_1_76' title='bbox 411 1306 510 1361; x_wconf 85' lang='lat' dir='ltr'><strong>per</strong></span> <span class='ocrx_word' id='word_1_77' title='bbox 561 1292 892 1346; x_wconf 89' lang='lat' dir='ltr'><strong>intellectum</strong></span> <span class='ocrx_word' id='word_1_78' title='bbox 939 1287 1250 1349; x_wconf 81' lang='lat' dir='ltr'><strong>occidentes</strong></span> <span class='ocrx_word' id='word_1_79' title='bbox 1293 1293 1599 1365; x_wconf 79' lang='lat' dir='ltr'><strong>caliginem,</strong></span> <span class='ocrx_word' id='word_1_80' title='bbox 1628 1311 1733 1350; x_wconf 90' lang='lat' dir='ltr'><strong>non</strong></span> <span class='ocrx_word' id='word_1_81' title='bbox 1770 1296 1989 1349; x_wconf 85' lang='lat' dir='ltr'><strong>brevem</strong></span> 
     </span>
    </p>
   </div>
   <div class='ocr_carea' id='block_1_15' title="bbox 414 1382 1991 1446">
    <p class='ocr_par' dir='ltr' id='par_1_15' title="bbox 414 1382 1991 1446">
     <span class='ocr_line' id='line_1_15' title="bbox 414 1382 1991 1446; baseline 0.002 -8"><span class='ocrx_word' id='word_1_82' title='bbox 414 1382 720 1438; x_wconf 84' lang='lat' dir='ltr'><strong>sermonem</strong></span> <span class='ocrx_word' id='word_1_83' title='bbox 751 1384 792 1446; x_wconf 73' lang='grc'><strong>⁸.</strong></span> <span class='ocrx_word' id='word_1_84' title='bbox 843 1386 940 1439; x_wconf 90' lang='lat' dir='ltr'><strong>sed</strong></span> <span class='ocrx_word' id='word_1_85' title='bbox 978 1387 1244 1440; x_wconf 89' lang='lat' dir='ltr'><strong>sermonis</strong></span> <span class='ocrx_word' id='word_1_86' title='bbox 1269 1386 1536 1441; x_wconf 84' lang='lat' dir='ltr'><strong>defectum</strong></span> <span class='ocrx_word' id='word_1_87' title='bbox 1567 1394 1622 1441; x_wconf 90' lang='lat' dir='ltr'><strong>et</strong></span> <span class='ocrx_word' id='word_1_88' title='bbox 1666 1386 1991 1441; x_wconf 88' lang='lat' dir='ltr'><strong>nominatio-</strong></span> 
     </span>
    </p>
   </div>
   <div class='ocr_carea' id='block_1_16' title="bbox 414 1471 1995 1542">
    <p class='ocr_par' dir='ltr' id='par_1_16' title="bbox 414 1471 1995 1542">
     <span class='ocr_line' id='line_1_16' title="bbox 414 1471 1995 1542; baseline 0.003 -17"><span class='ocrx_word' id='word_1_89' title='bbox 414 1471 501 1526; x_wconf 86' lang='lat' dir='ltr'><strong>nis</strong></span> <span class='ocrx_word' id='word_1_90' title='bbox 529 1471 886 1526; x_wconf 82' lang='lat' dir='ltr'><strong>inveniemus.</strong></span> <span class='ocrx_word' id='word_1_91' title='bbox 919 1473 983 1525; x_wconf 87' lang='lat' dir='ltr'><strong>Et</strong></span> <span class='ocrx_word' id='word_1_92' title='bbox 1012 1472 1083 1527; x_wconf 88' lang='lat' dir='ltr'><strong>ibi</strong></span> <span class='ocrx_word' id='word_1_93' title='bbox 1119 1474 1336 1542; x_wconf 84' lang='lat' dir='ltr'><strong>quidem</strong></span> <span class='ocrx_word' id='word_1_94' title='bbox 1365 1475 1648 1530; x_wconf 89' lang='lat' dir='ltr'><strong>desursum</strong></span> <span class='ocrx_word' id='word_1_95' title='bbox 1671 1474 1737 1530; x_wconf 87' lang='lat' dir='ltr'><strong>ad</strong></span> <span class='ocrx_word' id='word_1_96' title='bbox 1765 1475 1995 1530; x_wconf 85' lang='lat' dir='ltr'><strong>novissi—</strong></span> 
     </span>
    </p>
   </div>
   <div class='ocr_carea' id='block_1_17' title="bbox 418 1560 1994 1634">
    <p class='ocr_par' dir='ltr' id='par_1_17' title="bbox 418 1560 1994 1634">
     <span class='ocr_line' id='line_1_17' title="bbox 418 1560 1994 1634; baseline 0.002 -18"><span class='ocrx_word' id='word_1_97' title='bbox 418 1575 505 1616; x_wconf 87' lang='lat' dir='ltr'><strong>tna</strong></span> <span class='ocrx_word' id='word_1_98' title='bbox 533 1560 867 1617; x_wconf 82' lang='lat' dir='ltr'><strong>descendens</strong></span> <span class='ocrx_word' id='word_1_99' title='bbox 896 1578 1095 1628; x_wconf 86' lang='lat' dir='ltr'><strong>sermo,</strong></span> <span class='ocrx_word' id='word_1_100' title='bbox 1124 1563 1274 1632; x_wconf 75' lang='lat' dir='ltr'><strong>juxta</strong></span> <span class='ocrx_word' id='word_1_101' title='bbox 1297 1565 1651 1633; x_wconf 83' lang='lat' dir='ltr'><strong>quantitatem</strong></span> <span class='ocrx_word' id='word_1_102' title='bbox 1681 1562 1816 1633; x_wconf 76' lang='lat' dir='ltr'><strong>ejus,</strong></span> <span class='ocrx_word' id='word_1_103' title='bbox 1853 1579 1994 1634; x_wconf 77' lang='lat' dir='ltr'><strong>quae</strong></span> 
     </span>
    </p>
   </div>
   <div class='ocr_carea' id='block_1_18' title="bbox 419 1650 1995 1723">
    <p class='ocr_par' dir='ltr' id='par_1_18' title="bbox 419 1650 1995 1723">
     <span class='ocr_line' id='line_1_18' title="bbox 419 1650 1995 1723; baseline 0.003 -19"><span class='ocrx_word' id='word_1_104' title='bbox 419 1658 503 1704; x_wconf 90' lang='lat' dir='ltr'><strong>est</strong></span> <span class='ocrx_word' id='word_1_105' title='bbox 520 1650 898 1705; x_wconf 85' lang='lat' dir='ltr'><strong>universalitet‘</strong></span> <span class='ocrx_word' id='word_1_106' title='bbox 922 1653 989 1705; x_wconf 90' lang='lat' dir='ltr'><strong>ad</strong></span> <span class='ocrx_word' id='word_1_107' title='bbox 1012 1654 1467 1723; x_wconf 82' lang='lat' dir='ltr'><strong>proportionalem</strong></span> <span class='ocrx_word' id='word_1_108' title='bbox 1484 1654 1902 1719; x_wconf 83' lang='lat' dir='ltr'><strong>multitudinem,</strong></span> <span class='ocrx_word' id='word_1_109' title='bbox 1918 1655 1995 1708; x_wconf 90' lang='lat' dir='ltr'><strong>in-</strong></span> 
     </span>
    </p>
   </div>
   <div class='ocr_carea' id='block_1_19' title="bbox 2086 488 3657 558">
    <p class='ocr_par' dir='ltr' id='par_1_19' title="bbox 2086 488 3657 558">
     <span class='ocr_line' id='line_1_19' title="bbox 2086 488 3657 558; baseline 0.003 -17"><span class='ocrx_word' id='word_1_110' title='bbox 2086 496 2251 551; x_wconf 87' lang='lat' dir='ltr'><strong>mota,</strong></span> <span class='ocrx_word' id='word_1_111' title='bbox 2284 503 2459 558; x_wconf 88' lang='lat' dir='ltr'><strong>neque</strong></span> <span class='ocrx_word' id='word_1_112' title='bbox 2500 488 2770 558; x_wconf 90' lang='lat' dir='ltr'><strong>impotens</strong></span> <span class='ocrx_word' id='word_1_113' title='bbox 2808 498 2893 545; x_wconf 88' lang='lat' dir='ltr'><strong>est</strong></span> <span class='ocrx_word' id='word_1_114' title='bbox 2925 488 3273 545; x_wconf 82' lang='lat' dir='ltr'><strong>sensibilibus</strong></span> <span class='ocrx_word' id='word_1_115' title='bbox 3299 492 3657 546; x_wconf 79' lang='lat' dir='ltr'><strong>succumbens</strong></span> 
     </span>
    </p>
   </div>
   <div class='ocr_carea' id='block_1_20' title="bbox 2083 576 3660 649">
    <p class='ocr_par' dir='ltr' id='par_1_20' title="bbox 2083 576 3660 649">
     <span class='ocr_line' id='line_1_20' title="bbox 2083 576 3660 649; baseline 0.001 -19"><span class='ocrx_word' id='word_1_116' title='bbox 2083 576 2553 646; x_wconf 79' lang='lat' dir='ltr'><strong>casibus,,neque</strong></span> <span class='ocrx_word' id='word_1_117' title='bbox 2621 577 2861 648; x_wconf 77' lang='lat' dir='ltr'><strong>indigens</strong></span> <span class='ocrx_word' id='word_1_118' title='bbox 2910 584 2994 633; x_wconf 90' lang='lat' dir='ltr'><strong>est</strong></span> <span class='ocrx_word' id='word_1_119' title='bbox 3048 576 3216 643; x_wconf 87' lang='lat' dir='ltr'><strong>lucis,</strong></span> <span class='ocrx_word' id='word_1_120' title='bbox 3262 591 3439 649; x_wconf 86' lang='lat' dir='ltr'><strong>neque</strong></span> <span class='ocrx_word' id='word_1_121' title='bbox 3486 586 3660 632; x_wconf 84' lang='lat' dir='ltr'><strong>muta-</strong></span> 
     </span>
    </p>
   </div>
   <div class='ocr_carea' id='block_1_21' title="bbox 2084 665 3656 737">
    <p class='ocr_par' dir='ltr' id='par_1_21' title="bbox 2084 665 3656 737">
     <span class='ocr_line' id='line_1_21' title="bbox 2084 665 3656 737; baseline 0.001 -18"><span class='ocrx_word' id='word_1_122' title='bbox 2084 665 2306 729; x_wconf 89' lang='lat' dir='ltr'><strong>tionem,</strong></span> <span class='ocrx_word' id='word_1_123' title='bbox 2338 672 2430 719; x_wconf 89' lang='lat' dir='ltr'><strong>aut</strong></span> <span class='ocrx_word' id='word_1_124' title='bbox 2454 667 2884 736; x_wconf 83' lang='lat' dir='ltr'><strong>corruptionem,</strong></span> <span class='ocrx_word' id='word_1_125' title='bbox 2914 674 3007 720; x_wconf 88' lang='lat' dir='ltr'><strong>aut</strong></span> <span class='ocrx_word' id='word_1_126' title='bbox 3032 667 3399 737; x_wconf 83' lang='lat' dir='ltr'><strong>partitionem,</strong></span> <span class='ocrx_word' id='word_1_127' title='bbox 3433 675 3529 721; x_wconf 89' lang='lat' dir='ltr'><strong>aut</strong></span> <span class='ocrx_word' id='word_1_128' title='bbox 3548 667 3656 737; x_wconf 89' lang='lat' dir='ltr'><strong>pri-</strong></span> 
     </span>
    </p>
   </div>
   <div class='ocr_carea' id='block_1_22' title="bbox 2083 754 3662 828">
    <p class='ocr_par' dir='ltr' id='par_1_22' title="bbox 2083 754 3662 828">
     <span class='ocr_line' id='line_1_22' title="bbox 2083 754 3662 828; baseline 0.003 -21"><span class='ocrx_word' id='word_1_129' title='bbox 2083 755 2375 819; x_wconf 86' lang='lat' dir='ltr'><strong>vationem,</strong></span> <span class='ocrx_word' id='word_1_130' title='bbox 2407 763 2502 809; x_wconf 89' lang='lat' dir='ltr'><strong>aut</strong></span> <span class='ocrx_word' id='word_1_131' title='bbox 2527 754 2751 821; x_wconf 82' lang='lat' dir='ltr'><strong>ﬂuxum,</strong></span> <span class='ocrx_word' id='word_1_132' title='bbox 2783 770 2957 828; x_wconf 87' lang='lat' dir='ltr'><strong>neque</strong></span> <span class='ocrx_word' id='word_1_133' title='bbox 2984 755 3128 811; x_wconf 90' lang='lat' dir='ltr'><strong>aliud</strong></span> <span class='ocrx_word' id='word_1_134' title='bbox 3154 756 3283 826; x_wconf 90' lang='lat' dir='ltr'><strong>quid</strong></span> <span class='ocrx_word' id='word_1_135' title='bbox 3324 755 3662 813; x_wconf 78' lang='lat' dir='ltr'><strong>sensibilium</strong></span> 
     </span>
    </p>
   </div>
   <div class='ocr_carea' id='block_1_23' title="bbox 2076 845 2620 931">
    <p class='ocr_par' dir='ltr' id='par_1_23' title="bbox 2076 845 2620 931">
     <span class='ocr_line' id='line_1_23' title="bbox 2076 845 2620 931; baseline 0.002 -32"><span class='ocrx_word' id='word_1_136' title='bbox 2076 852 2188 931; x_wconf 88' lang='lat' dir='ltr'><strong>est,</strong></span> <span class='ocrx_word' id='word_1_137' title='bbox 2216 859 2388 914; x_wconf 87' lang='lat' dir='ltr'><strong>neque</strong></span> <span class='ocrx_word' id='word_1_138' title='bbox 2418 845 2620 902; x_wconf 81' lang='lat' dir='ltr'><strong>habet.</strong></span> 
     </span>
    </p>
   </div>
   <div class='ocr_carea' id='block_1_24' title="bbox 2609 947 3110 1036">
    <p class='ocr_par' dir='ltr' id='par_1_24' title="bbox 2609 947 3110 1036">
     <span class='ocr_line' id='line_1_24' title="bbox 2609 947 3110 1036; baseline 0 -2"><span class='ocrx_word' id='word_1_139' title='bbox 2609 976 3006 1036; x_wconf 78' lang='lat' dir='ltr'><strong>CAPITULUM</strong></span> <span class='ocrx_word' id='word_1_140' title='bbox 3045 947 3110 1036; x_wconf 79' lang='lat' dir='ltr'><strong>v.</strong></span> 
     </span>
    </p>
   </div>
   <div class='ocr_carea' id='block_1_25' title="bbox 2088 1086 3668 1163">
    <p class='ocr_par' dir='ltr' id='par_1_25' title="bbox 2088 1086 3668 1163">
     <span class='ocr_line' id='line_1_25' title="bbox 2088 1086 3668 1163; baseline 0.004 -22"><span class='ocrx_word' id='word_1_141' title='bbox 2088 1086 2226 1154; x_wconf 83' lang='lat' dir='ltr'><strong>Quia</strong></span> <span class='ocrx_word' id='word_1_142' title='bbox 2256 1088 2387 1143; x_wconf 72' lang='lat' dir='ltr'><strong>nihil</strong></span> <span class='ocrx_word' id='word_1_143' title='bbox 2416 1088 2816 1163; x_wconf 66' lang='lat' dir='ltr'><strong>intelligihilium</strong></span> <span class='ocrx_word' id='word_1_144' title='bbox 2840 1093 3007 1160; x_wconf 80' lang='lat' dir='ltr'><strong>omnis</strong></span> <span class='ocrx_word' id='word_1_145' title='bbox 3027 1089 3668 1163; x_wconf 13' lang='lat' dir='ltr'><strong>iratelligibilisperwcd-</strong></span> 
     </span>
    </p>
   </div>
   <div class='ocr_carea' id='block_1_26' title="bbox 2630 1159 3119 1215">
    <p class='ocr_par' dir='ltr' id='par_1_26' title="bbox 2630 1159 3119 1215">
     <span class='ocr_line' id='line_1_26' title="bbox 2630 1159 3119 1215; baseline 0.004 -3"><span class='ocrx_word' id='word_1_146' title='bbox 2630 1159 2843 1214; x_wconf 79' lang='lat' dir='ltr'><strong>lentiaut</strong></span> <span class='ocrx_word' id='word_1_147' title='bbox 2870 1161 3119 1215; x_wconf 82' lang='lat' dir='ltr'><strong>causalis.</strong></span> 
     </span>
    </p>
   </div>
   <div class='ocr_carea' id='block_1_27' title="bbox 2157 1292 3669 1364">
    <p class='ocr_par' dir='ltr' id='par_1_27' title="bbox 2157 1292 3669 1364">
     <span class='ocr_line' id='line_1_27' title="bbox 2157 1292 3669 1364; baseline 0.003 -18"><span class='ocrx_word' id='word_1_148' title='bbox 2157 1292 2355 1347; x_wconf 90' lang='lat' dir='ltr'><strong>lterum</strong></span> <span class='ocrx_word' id='word_1_149' title='bbox 2411 1301 2589 1348; x_wconf 83' lang='lat' dir='ltr'><strong>autem</strong></span> <span class='ocrx_word' id='word_1_150' title='bbox 2646 1294 2997 1350; x_wconf 82' lang='lat' dir='ltr'><strong>ascendentes</strong></span> <span class='ocrx_word' id='word_1_151' title='bbox 3037 1292 3300 1360; x_wconf 86' lang='lat' dir='ltr'><strong>dicamus,</strong></span> <span class='ocrx_word' id='word_1_152' title='bbox 3354 1294 3424 1353; x_wconf 67' lang='grc' dir='ltr'><strong>ὢν</strong></span> <span class='ocrx_word' id='word_1_153' title='bbox 3489 1310 3669 1364; x_wconf 80' lang='lat' dir='ltr'><strong>neque</strong></span> 
     </span>
    </p>
   </div>
   <div class='ocr_carea' id='block_1_28' title="bbox 2089 1382 3668 1454">
    <p class='ocr_par' dir='ltr' id='par_1_28' title="bbox 2089 1382 3668 1454">
     <span class='ocr_line' id='line_1_28' title="bbox 2089 1382 3668 1454; baseline 0.002 -19"><span class='ocrx_word' id='word_1_154' title='bbox 2089 1382 2267 1436; x_wconf 91' lang='lat' dir='ltr'><strong>anima</strong></span> <span class='ocrx_word' id='word_1_155' title='bbox 2292 1392 2400 1445; x_wconf 84' lang='lat' dir='ltr'><strong>est,</strong></span> <span class='ocrx_word' id='word_1_156' title='bbox 2423 1397 2596 1452; x_wconf 90' lang='lat' dir='ltr'><strong>neque</strong></span> <span class='ocrx_word' id='word_1_157' title='bbox 2622 1382 2946 1449; x_wconf 83' lang='lat' dir='ltr'><strong>intellectus,</strong></span> <span class='ocrx_word' id='word_1_158' title='bbox 2978 1398 3153 1454; x_wconf 89' lang='lat' dir='ltr'><strong>neque</strong></span> <span class='ocrx_word' id='word_1_159' title='bbox 3177 1384 3541 1454; x_wconf 84' lang='lat' dir='ltr'><strong>phantasiam,</strong></span> <span class='ocrx_word' id='word_1_160' title='bbox 3569 1393 3668 1438; x_wconf 82' lang='lat' dir='ltr'><strong>aut</strong></span> 
     </span>
    </p>
   </div>
   <div class='ocr_carea' id='block_1_29' title="bbox 2090 1473 3669 1546">
    <p class='ocr_par' dir='ltr' id='par_1_29' title="bbox 2090 1473 3669 1546">
     <span class='ocr_line' id='line_1_29' title="bbox 2090 1473 3669 1546; baseline 0.001 -18"><span class='ocrx_word' id='word_1_161' title='bbox 2090 1473 2421 1542; x_wconf 80' lang='lat' dir='ltr'><strong>Opinionem,</strong></span> <span class='ocrx_word' id='word_1_162' title='bbox 2452 1484 2545 1528; x_wconf 87' lang='lat' dir='ltr'><strong>aut</strong></span> <span class='ocrx_word' id='word_1_163' title='bbox 2572 1475 2815 1537; x_wconf 85' lang='lat' dir='ltr'><strong>verbum,</strong></span> <span class='ocrx_word' id='word_1_164' title='bbox 2857 1483 2949 1528; x_wconf 87' lang='lat' dir='ltr'><strong>aut</strong></span> <span class='ocrx_word' id='word_1_165' title='bbox 2992 1474 3400 1546; x_wconf 76' lang='lat' dir='ltr'><strong>intelligentiam</strong></span> <span class='ocrx_word' id='word_1_166' title='bbox 3431 1474 3467 1507; x_wconf 63' lang='grc'><strong>⁸</strong></span> <span class='ocrx_word' id='word_1_167' title='bbox 3480 1475 3669 1537; x_wconf 81' lang='lat' dir='ltr'><strong>habet,</strong></span> 
     </span>
    </p>
   </div>
   <div class='ocr_carea' id='block_1_30' title="bbox 2091 1562 3670 1634">
    <p class='ocr_par' dir='ltr' id='par_1_30' title="bbox 2091 1562 3670 1634">
     <span class='ocr_line' id='line_1_30' title="bbox 2091 1562 3670 1634; baseline -0.003 -15"><span class='ocrx_word' id='word_1_168' title='bbox 2091 1577 2267 1632; x_wconf 89' lang='lat' dir='ltr'><strong>neque</strong></span> <span class='ocrx_word' id='word_1_169' title='bbox 2291 1562 2427 1617; x_wconf 87' lang='lat' dir='ltr'><strong>ratio</strong></span> <span class='ocrx_word' id='word_1_170' title='bbox 2448 1571 2551 1627; x_wconf 91' lang='lat' dir='ltr'><strong>est,</strong></span> <span class='ocrx_word' id='word_1_171' title='bbox 2580 1577 2753 1633; x_wconf 87' lang='lat' dir='ltr'><strong>neque</strong></span> <span class='ocrx_word' id='word_1_172' title='bbox 2774 1562 3124 1634; x_wconf 89' lang='lat' dir='ltr'><strong>intelligentia</strong></span> <span class='ocrx_word' id='word_1_173' title='bbox 3151 1563 3203 1629; x_wconf 72' lang='grc'><strong>⁸,</strong></span> <span class='ocrx_word' id='word_1_174' title='bbox 3251 1578 3424 1633; x_wconf 89' lang='lat' dir='ltr'><strong>neque</strong></span> <span class='ocrx_word' id='word_1_175' title='bbox 3444 1563 3670 1625; x_wconf 82' lang='lat' dir='ltr'><strong>dicitur,</strong></span> 
     </span>
    </p>
   </div>
   <div class='ocr_carea' id='block_1_31' title="bbox 2095 1650 3673 1722">
    <p class='ocr_par' dir='ltr' id='par_1_31' title="bbox 2095 1650 3673 1722">
     <span class='ocr_line' id='line_1_31' title="bbox 2095 1650 3673 1722; baseline -0.001 -15"><span class='ocrx_word' id='word_1_176' title='bbox 2095 1666 2270 1722; x_wconf 79' lang='lat' dir='ltr'><strong>neque</strong></span> <span class='ocrx_word' id='word_1_177' title='bbox 2309 1651 2646 1722; x_wconf 86' lang='lat' dir='ltr'><strong>intelligitur,</strong></span> <span class='ocrx_word' id='word_1_178' title='bbox 2679 1666 2854 1722; x_wconf 89' lang='lat' dir='ltr'><strong>neque</strong></span> <span class='ocrx_word' id='word_1_179' title='bbox 2891 1659 3274 1716; x_wconf 86' lang='lat' dir='ltr'><strong>numerus-est,</strong></span> <span class='ocrx_word' id='word_1_180' title='bbox 3309 1665 3483 1721; x_wconf 84' lang='lat' dir='ltr'><strong>neque</strong></span> <span class='ocrx_word' id='word_1_181' title='bbox 3508 1650 3673 1714; x_wconf 82' lang='lat' dir='ltr'><strong>ordo.</strong></span> 
     </span>
    </p>
   </div>
   <div class='ocr_carea' id='block_1_32' title="bbox 421 1740 3675 1816">
    <p class='ocr_par' dir='ltr' id='par_1_32' title="bbox 421 1740 3675 1816">
     <span class='ocr_line' id='line_1_32' title="bbox 421 1740 3675 1816; baseline 0.002 -24"><span class='ocrx_word' id='word_1_182' title='bbox 421 1751 616 1796; x_wconf 85' lang='lat' dir='ltr'><strong>ventus</strong></span> <span class='ocrx_word' id='word_1_183' title='bbox 639 1752 740 1797; x_wconf 90' lang='lat' dir='ltr'><strong>est.</strong></span> <span class='ocrx_word' id='word_1_184' title='bbox 759 1740 911 1797; x_wconf 81' lang='lat' dir='ltr'><strong>Nunc</strong></span> <span class='ocrx_word' id='word_1_185' title='bbox 932 1753 1112 1798; x_wconf 91' lang='lat' dir='ltr'><strong>autem</strong></span> <span class='ocrx_word' id='word_1_186' title='bbox 1139 1745 1207 1801; x_wconf 90' lang='lat' dir='ltr'><strong>ab</strong></span> <span class='ocrx_word' id='word_1_187' title='bbox 1227 1745 1334 1810; x_wconf 90' lang='lat' dir='ltr'><strong>his,</strong></span> <span class='ocrx_word' id='word_1_188' title='bbox 1356 1761 1494 1816; x_wconf 89' lang='lat' dir='ltr'><strong>quae</strong></span> <span class='ocrx_word' id='word_1_189' title='bbox 1516 1747 1536 1777; x_wconf 81' lang='grc'><em>³</em></span> <span class='ocrx_word' id='word_1_190' title='bbox 1559 1746 1811 1801; x_wconf 87' lang='lat' dir='ltr'><strong>deorsum</strong></span> <span class='ocrx_word' id='word_1_191' title='bbox 1839 1753 1992 1811; x_wconf 85' lang='lat' dir='ltr'><strong>sunt,</strong></span> <span class='ocrx_word' id='word_1_192' title='bbox 2023 1755 2069 1814; x_wconf 77' lang='grc' dir='ltr'><strong>Β</strong></span> <span class='ocrx_word' id='word_1_193' title='bbox 2095 1757 2269 1813; x_wconf 88' lang='lat' dir='ltr'><strong>neque</strong></span> <span class='ocrx_word' id='word_1_194' title='bbox 2294 1740 2626 1810; x_wconf 84' lang='lat' dir='ltr'><strong>magnitudo,</strong></span> <span class='ocrx_word' id='word_1_195' title='bbox 2658 1757 2832 1813; x_wconf 83' lang='lat' dir='ltr'><strong>neque</strong></span> <span class='ocrx_word' id='word_1_196' title='bbox 2870 1744 3125 1814; x_wconf 84' lang='lat' dir='ltr'><strong>parvitas,</strong></span> <span class='ocrx_word' id='word_1_197' title='bbox 3149 1758 3323 1813; x_wconf 86' lang='lat' dir='ltr'><strong>neque</strong></span> <span class='ocrx_word' id='word_1_198' title='bbox 3346 1742 3675 1812; x_wconf 82' lang='lat' dir='ltr'><strong>aequalitas.</strong></span> 
     </span>
    </p>
   </div>
   <div class='ocr_carea' id='block_1_33' title="bbox 423 1834 1994 1907">
    <p class='ocr_par' dir='ltr' id='par_1_33' title="bbox 423 1834 1994 1907">
     <span class='ocr_line' id='line_1_33' title="bbox 423 1834 1994 1907; baseline 0.003 -17"><span class='ocrx_word' id='word_1_199' title='bbox 423 1834 492 1890; x_wconf 87' lang='lat' dir='ltr'><strong>ad</strong></span> <span class='ocrx_word' id='word_1_200' title='bbox 535 1837 930 1907; x_wconf 86' lang='lat' dir='ltr'><strong>superpositum</strong></span> <span class='ocrx_word' id='word_1_201' title='bbox 964 1837 1280 1906; x_wconf 90' lang='lat' dir='ltr'><strong>ascendens,</strong></span> <span class='ocrx_word' id='word_1_202' title='bbox 1338 1839 1631 1896; x_wconf 88' lang='lat' dir='ltr'><strong>secundum</strong></span> <span class='ocrx_word' id='word_1_203' title='bbox 1679 1855 1994 1897; x_wconf 89' lang='lat' dir='ltr'><strong>mensuram</strong></span> 
     </span>
    </p>
   </div>
   <div class='ocr_carea' id='block_1_34' title="bbox 423 1926 1997 1999">
    <p class='ocr_par' dir='ltr' id='par_1_34' title="bbox 423 1926 1997 1999">
     <span class='ocr_line' id='line_1_34' title="bbox 423 1926 1997 1999; baseline 0.006 -21"><span class='ocrx_word' id='word_1_204' title='bbox 423 1926 555 1980; x_wconf 84' lang='lat' dir='ltr'><strong>invii</strong></span> <span class='ocrx_word' id='word_1_205' title='bbox 588 1928 897 1997; x_wconf 87' lang='lat' dir='ltr'><strong>corripitur,</strong></span> <span class='ocrx_word' id='word_1_206' title='bbox 926 1940 982 1983; x_wconf 90' lang='lat' dir='ltr'><strong>et</strong></span> <span class='ocrx_word' id='word_1_207' title='bbox 1001 1938 1123 1999; x_wconf 91' lang='lat' dir='ltr'><strong>post</strong></span> <span class='ocrx_word' id='word_1_208' title='bbox 1143 1946 1305 1986; x_wconf 90' lang='lat' dir='ltr'><strong>omne</strong></span> <span class='ocrx_word' id='word_1_209' title='bbox 1326 1931 1529 1986; x_wconf 87' lang='lat' dir='ltr'><strong>invium</strong></span> <span class='ocrx_word' id='word_1_210' title='bbox 1555 1939 1698 1987; x_wconf 91' lang='lat' dir='ltr'><strong>totus</strong></span> <span class='ocrx_word' id='word_1_211' title='bbox 1722 1932 1839 1988; x_wconf 90' lang='lat' dir='ltr'><strong>sine</strong></span> <span class='ocrx_word' id='word_1_212' title='bbox 1865 1945 1997 1987; x_wconf 86' lang='lat' dir='ltr'><strong>voce</strong></span> 
     </span>
    </p>
   </div>
   <div class='ocr_carea' id='block_1_35' title="bbox 426 2016 1995 2088">
    <p class='ocr_par' dir='ltr' id='par_1_35' title="bbox 426 2016 1995 2088">
     <span class='ocr_line' id='line_1_35' title="bbox 426 2016 1995 2088; baseline 0.006 -19"><span class='ocrx_word' id='word_1_213' title='bbox 426 2016 552 2079; x_wconf 83' lang='lat' dir='ltr'><strong>erit,</strong></span> <span class='ocrx_word' id='word_1_214' title='bbox 587 2027 641 2070; x_wconf 89' lang='lat' dir='ltr'><strong>et</strong></span> <span class='ocrx_word' id='word_1_215' title='bbox 664 2027 806 2072; x_wconf 88' lang='lat' dir='ltr'><strong>totus</strong></span> <span class='ocrx_word' id='word_1_216' title='bbox 842 2018 1167 2073; x_wconf 88' lang='lat' dir='ltr'><strong>adunabitur</strong></span> <span class='ocrx_word' id='word_1_217' title='bbox 1187 2033 1323 2074; x_wconf 87' lang='lat' dir='ltr'><strong>sono</strong></span> <span class='ocrx_word' id='word_1_218' title='bbox 1348 2022 1578 2076; x_wconf 86' lang='lat' dir='ltr'><strong>carenti.</strong></span> <span class='ocrx_word' id='word_1_219' title='bbox 1603 2021 1784 2088; x_wconf 86' lang='lat' dir='ltr'><strong>Quare</strong></span> <span class='ocrx_word' id='word_1_220' title='bbox 1809 2030 1995 2078; x_wconf 89' lang='lat' dir='ltr'><strong>autem</strong></span> 
     </span>
    </p>
   </div>
   <div class='ocr_carea' id='block_1_36' title="bbox 426 2107 1999 2181">
    <p class='ocr_par' dir='ltr' id='par_1_36' title="bbox 426 2107 1999 2181">
     <span class='ocr_line' id='line_1_36' title="bbox 426 2107 1999 2181; baseline 0.006 -21"><span class='ocrx_word' id='word_1_221' title='bbox 426 2107 665 2171; x_wconf 89' lang='lat' dir='ltr'><strong>omnino,</strong></span> <span class='ocrx_word' id='word_1_222' title='bbox 695 2107 891 2176; x_wconf 79' lang='lat' dir='ltr'><strong>inquis,</strong></span> <span class='ocrx_word' id='word_1_223' title='bbox 919 2123 988 2163; x_wconf 79' lang='lat' dir='ltr'><strong>ex</strong></span> <span class='ocrx_word' id='word_1_224' title='bbox 1009 2111 1472 2178; x_wconf 85' lang='lat' dir='ltr'><strong>praestantissimo</strong></span> <span class='ocrx_word' id='word_1_225' title='bbox 1501 2119 1764 2181; x_wconf 85' lang='lat' dir='ltr'><strong>ponentes</strong></span> <span class='ocrx_word' id='word_1_226' title='bbox 1786 2112 1999 2170; x_wconf 89' lang='lat' dir='ltr'><strong>divinas</strong></span> 
     </span>
    </p>
   </div>
   <div class='ocr_carea' id='block_1_37' title="bbox 430 2197 2001 2264">
    <p class='ocr_par' dir='ltr' id='par_1_37' title="bbox 430 2197 2001 2264">
     <span class='ocr_line' id='line_1_37' title="bbox 430 2197 2001 2264; baseline 0.008 -14"><span class='ocrx_word' id='word_1_227' title='bbox 430 2197 749 2264; x_wconf 88' lang='lat' dir='ltr'><strong>positiones,</strong></span> <span class='ocrx_word' id='word_1_228' title='bbox 775 2213 804 2251; x_wconf 92' lang='lat' dir='ltr'><strong>a</strong></span> <span class='ocrx_word' id='word_1_229' title='bbox 829 2200 1140 2256; x_wconf 83' lang='lat' dir='ltr'><strong>novissimis</strong></span> <span class='ocrx_word' id='word_1_230' title='bbox 1178 2203 1494 2259; x_wconf 82' lang='lat' dir='ltr'><strong>inchoamus</strong></span> <span class='ocrx_word' id='word_1_231' title='bbox 1518 2204 1753 2259; x_wconf 86' lang='lat' dir='ltr'><strong>divinam</strong></span> <span class='ocrx_word' id='word_1_232' title='bbox 1776 2204 2001 2263; x_wconf 83' lang='lat' dir='ltr'><strong>ablatio-</strong></span> 
     </span>
    </p>
   </div>
   <div class='ocr_carea' id='block_1_38' title="bbox 435 2285 1998 2365">
    <p class='ocr_par' dir='ltr' id='par_1_38' title="bbox 435 2285 1998 2365">
     <span class='ocr_line' id='line_1_38' title="bbox 435 2285 1998 2365; baseline 0.008 -25"><span class='ocrx_word' id='word_1_233' title='bbox 435 2285 600 2340; x_wconf 81' lang='lat' dir='ltr'><strong>netn?</strong></span> <span class='ocrx_word' id='word_1_234' title='bbox 625 2285 760 2353; x_wconf 86' lang='lat' dir='ltr'><strong>Quia</strong></span> <span class='ocrx_word' id='word_1_235' title='bbox 782 2288 911 2358; x_wconf 91' lang='lat' dir='ltr'><strong>quid</strong></span> <span class='ocrx_word' id='word_1_236' title='bbox 940 2304 1104 2360; x_wconf 83' lang='lat' dir='ltr'><strong>super</strong></span> <span class='ocrx_word' id='word_1_237' title='bbox 1130 2306 1346 2348; x_wconf 89' lang='lat' dir='ltr'><strong>omnem</strong></span> <span class='ocrx_word' id='word_1_238' title='bbox 1377 2304 1637 2364; x_wconf 86' lang='lat' dir='ltr'><strong>ponentes</strong></span> <span class='ocrx_word' id='word_1_239' title='bbox 1656 2297 1998 2365; x_wconf 89' lang='lat' dir='ltr'><strong>positionem,</strong></span> 
     </span>
    </p>
   </div>
   <div class='ocr_carea' id='block_1_39' title="bbox 425 2377 2002 2452">
    <p class='ocr_par' dir='ltr' id='par_1_39' title="bbox 425 2377 2002 2452">
     <span class='ocr_line' id='line_1_39' title="bbox 425 2377 2002 2452; baseline 0.008 -21"><span class='ocrx_word' id='word_1_240' title='bbox 425 2391 501 2431; x_wconf 78' lang='lat' dir='ltr'><strong>ex</strong></span> <span class='ocrx_word' id='word_1_241' title='bbox 548 2377 718 2447; x_wconf 88' lang='lat' dir='ltr'><strong>magis</strong></span> <span class='ocrx_word' id='word_1_242' title='bbox 772 2378 873 2447; x_wconf 88' lang='lat' dir='ltr'><strong>ipsi</strong></span> <span class='ocrx_word' id='word_1_243' title='bbox 913 2382 1209 2452; x_wconf 89' lang='lat' dir='ltr'><strong>cognatiori</strong></span> <span class='ocrx_word' id='word_1_244' title='bbox 1242 2385 1655 2441; x_wconf 89' lang='lat' dir='ltr'><strong>couditionalem</strong></span> <span class='ocrx_word' id='word_1_245' title='bbox 1691 2386 2002 2444; x_wconf 82' lang='lat' dir='ltr'><strong>atlirmatio-</strong></span> 
     </span>
    </p>
   </div>
   <div class='ocr_carea' id='block_1_40' title="bbox 429 2469 2004 2548">
    <p class='ocr_par' dir='ltr' id='par_1_40' title="bbox 429 2469 2004 2548">
     <span class='ocr_line' id='line_1_40' title="bbox 429 2469 2004 2548; baseline 0.01 -28"><span class='ocrx_word' id='word_1_246' title='bbox 429 2481 553 2521; x_wconf 87' lang='lat' dir='ltr'><strong>nem</strong></span> <span class='ocrx_word' id='word_1_247' title='bbox 580 2469 817 2537; x_wconf 90' lang='lat' dir='ltr'><strong>oportuit</strong></span> <span class='ocrx_word' id='word_1_248' title='bbox 861 2486 1108 2541; x_wconf 75' lang='lat' dir='ltr'><strong>ponere:</strong></span> <span class='ocrx_word' id='word_1_249' title='bbox 1148 2477 1291 2545; x_wconf 87' lang='lat' dir='ltr'><strong>quod</strong></span> <span class='ocrx_word' id='word_1_250' title='bbox 1345 2486 1525 2533; x_wconf 88' lang='lat' dir='ltr'><strong>autem</strong></span> <span class='ocrx_word' id='word_1_251' title='bbox 1578 2492 1742 2548; x_wconf 89' lang='lat' dir='ltr'><strong>super</strong></span> <span class='ocrx_word' id='word_1_252' title='bbox 1788 2494 2004 2535; x_wconf 90' lang='lat' dir='ltr'><strong>omnem</strong></span> 
     </span>
    </p>
   </div>
   <div class='ocr_carea' id='block_1_41' title="bbox 432 2557 2007 2640">
    <p class='ocr_par' dir='ltr' id='par_1_41' title="bbox 432 2557 2007 2640">
     <span class='ocr_line' id='line_1_41' title="bbox 432 2557 2007 2640; baseline 0.012 -30"><span class='ocrx_word' id='word_1_253' title='bbox 432 2557 760 2614; x_wconf 78' lang='lat' dir='ltr'><strong>ablutionem</strong></span> <span class='ocrx_word' id='word_1_254' title='bbox 803 2561 1132 2630; x_wconf 83' lang='lat' dir='ltr'><strong>auferentes,</strong></span> <span class='ocrx_word' id='word_1_255' title='bbox 1180 2582 1248 2630; x_wconf 72' lang='lat' dir='ltr'><strong>ex</strong></span> <span class='ocrx_word' id='word_1_256' title='bbox 1289 2569 1462 2640; x_wconf 86' lang='lat' dir='ltr'><strong>magis</strong></span> <span class='ocrx_word' id='word_1_257' title='bbox 1515 2569 1632 2640; x_wconf 90' lang='lat' dir='ltr'><strong>ipso</strong></span> <span class='ocrx_word' id='word_1_258' title='bbox 1682 2569 2007 2629; x_wconf 74' lang='lat' dir='ltr'><strong>distantibus</strong></span> 
     </span>
    </p>
   </div>
   <div class='ocr_carea' id='block_1_42' title="bbox 434 2645 2009 2730">
    <p class='ocr_par' dir='ltr' id='par_1_42' title="bbox 434 2645 2009 2730">
     <span class='ocr_line' id='line_1_42' title="bbox 434 2645 2009 2730; baseline 0.011 -31"><span class='ocrx_word' id='word_1_259' title='bbox 434 2645 674 2702; x_wconf 79' lang='lat' dir='ltr'><strong>auferre.</strong></span> <span class='ocrx_word' id='word_1_260' title='bbox 715 2649 796 2703; x_wconf 84' lang='lat' dir='ltr'><strong>An</strong></span> <span class='ocrx_word' id='word_1_261' title='bbox 822 2666 927 2706; x_wconf 90' lang='lat' dir='ltr'><strong>non</strong></span> <span class='ocrx_word' id='word_1_262' title='bbox 959 2655 1129 2725; x_wconf 89' lang='lat' dir='ltr'><strong>magis</strong></span> <span class='ocrx_word' id='word_1_263' title='bbox 1148 2665 1233 2710; x_wconf 91' lang='lat' dir='ltr'><strong>est</strong></span> <span class='ocrx_word' id='word_1_264' title='bbox 1258 2658 1367 2713; x_wconf 85' lang='lat' dir='ltr'><strong>vita</strong></span> <span class='ocrx_word' id='word_1_265' title='bbox 1391 2666 1449 2712; x_wconf 91' lang='lat' dir='ltr'><strong>et</strong></span> <span class='ocrx_word' id='word_1_266' title='bbox 1474 2658 1706 2725; x_wconf 85' lang='lat' dir='ltr'><strong>bonitas,</strong></span> <span class='ocrx_word' id='word_1_267' title='bbox 1728 2676 1889 2730; x_wconf 90' lang='lat' dir='ltr'><strong>quam</strong></span> <span class='ocrx_word' id='word_1_268' title='bbox 1913 2676 2009 2718; x_wconf 88' lang='lat' dir='ltr'><strong>aer</strong></span> 
     </span>
    </p>
   </div>
   <div class='ocr_carea' id='block_1_43' title="bbox 433 2738 2002 2819">
    <p class='ocr_par' dir='ltr' id='par_1_43' title="bbox 433 2738 2002 2819">
     <span class='ocr_line' id='line_1_43' title="bbox 433 2738 2002 2819; baseline 0.01 -28"><span class='ocrx_word' id='word_1_269' title='bbox 433 2745 491 2792; x_wconf 91' lang='lat' dir='ltr'><strong>et</strong></span> <span class='ocrx_word' id='word_1_270' title='bbox 540 2738 708 2808; x_wconf 86' lang='lat' dir='ltr'><strong>lapis?</strong></span> <span class='ocrx_word' id='word_1_271' title='bbox 746 2740 812 2794; x_wconf 87' lang='lat' dir='ltr'><strong>Et</strong></span> <span class='ocrx_word' id='word_1_272' title='bbox 864 2747 1033 2815; x_wconf 87' lang='lat' dir='ltr'><strong>magis</strong></span> <span class='ocrx_word' id='word_1_273' title='bbox 1064 2761 1168 2800; x_wconf 91' lang='lat' dir='ltr'><strong>non</strong></span> <span class='ocrx_word' id='word_1_274' title='bbox 1219 2749 1493 2819; x_wconf 87' lang='lat' dir='ltr'><strong>crapulae,</strong></span> <span class='ocrx_word' id='word_1_275' title='bbox 1545 2758 1599 2806; x_wconf 90' lang='lat' dir='ltr'><strong>et</strong></span> <span class='ocrx_word' id='word_1_276' title='bbox 1626 2766 1735 2808; x_wconf 90' lang='lat' dir='ltr'><strong>non</strong></span> <span class='ocrx_word' id='word_1_277' title='bbox 1772 2752 2002 2818; x_wconf 76' lang='lat' dir='ltr'><strong>manias,</strong></span> 
     </span>
    </p>
   </div>
   <div class='ocr_carea' id='block_1_44' title="bbox 434 2831 1548 2911">
    <p class='ocr_par' dir='ltr' id='par_1_44' title="bbox 434 2831 1548 2911">
     <span class='ocr_line' id='line_1_44' title="bbox 434 2831 1548 2911; baseline 0.014 -30"><span class='ocrx_word' id='word_1_278' title='bbox 434 2842 597 2896; x_wconf 82' lang='lat' dir='ltr'><strong>quam</strong></span> <span class='ocrx_word' id='word_1_279' title='bbox 638 2845 745 2885; x_wconf 90' lang='lat' dir='ltr'><strong>non</strong></span> <span class='ocrx_word' id='word_1_280' title='bbox 769 2831 967 2888; x_wconf 87' lang='lat' dir='ltr'><strong>dicitur</strong></span> <span class='ocrx_word' id='word_1_281' title='bbox 990 2852 1165 2906; x_wconf 86' lang='lat' dir='ltr'><strong>neque</strong></span> <span class='ocrx_word' id='word_1_282' title='bbox 1193 2840 1548 2911; x_wconf 83' lang='lat' dir='ltr'><strong>intelligitur?</strong></span> 
     </span>
    </p>
   </div>
   <div class='ocr_carea' id='block_1_45' title="bbox 963 2942 1486 3005">
    <p class='ocr_par' dir='ltr' id='par_1_45' title="bbox 963 2942 1486 3005">
     <span class='ocr_line' id='line_1_45' title="bbox 963 2942 1486 3005; baseline 0.006 -7"><span class='ocrx_word' id='word_1_283' title='bbox 963 2942 1361 3004; x_wconf 78' lang='lat' dir='ltr'><strong>CAPITULUM</strong></span> <span class='ocrx_word' id='word_1_284' title='bbox 1398 2948 1486 3005; x_wconf 83' lang='lat' dir='ltr'><strong>IV.</strong></span> 
     </span>
    </p>
   </div>
   <div class='ocr_carea' id='block_1_46' title="bbox 437 3024 2009 3112">
    <p class='ocr_par' dir='ltr' id='par_1_46' title="bbox 437 3024 2009 3112">
     <span class='ocr_line' id='line_1_46' title="bbox 437 3024 2009 3112; baseline 0.014 -33"><span class='ocrx_word' id='word_1_285' title='bbox 437 3024 577 3092; x_wconf 80' lang='lat' dir='ltr'><strong>Quia</strong></span> <span class='ocrx_word' id='word_1_286' title='bbox 608 3029 740 3084; x_wconf 80' lang='lat' dir='ltr'><strong>nihil</strong></span> <span class='ocrx_word' id='word_1_287' title='bbox 784 3033 1108 3112; x_wconf 71' lang='lat' dir='ltr'><strong>sensibilium</strong></span> <span class='ocrx_word' id='word_1_288' title='bbox 1140 3040 1306 3093; x_wconf 80' lang='lat' dir='ltr'><strong>omnis</strong></span> <span class='ocrx_word' id='word_1_289' title='bbox 1336 3040 1593 3112; x_wconf 72' lang='lat' dir='ltr'><strong>sensibilis</strong></span> <span class='ocrx_word' id='word_1_290' title='bbox 1625 3059 1719 3112; x_wconf 82' lang='lat' dir='ltr'><strong>per</strong></span> <span class='ocrx_word' id='word_1_291' title='bbox 1757 3043 2009 3100; x_wconf 70' lang='lat' dir='ltr'><strong>excellen-</strong></span> 
     </span>
    </p>
   </div>
   <div class='ocr_carea' id='block_1_47' title="bbox 1021 3106 1428 3164">
    <p class='ocr_par' dir='ltr' id='par_1_47' title="bbox 1021 3106 1428 3164">
     <span class='ocr_line' id='line_1_47' title="bbox 1021 3106 1428 3164; baseline 0.017 -6"><span class='ocrx_word' id='word_1_292' title='bbox 1021 3106 1149 3160; x_wconf 84' lang='lat' dir='ltr'><strong>tiam</strong></span> <span class='ocrx_word' id='word_1_293' title='bbox 1179 3110 1428 3164; x_wconf 77' lang='lat' dir='ltr'><strong>causalis.</strong></span> 
     </span>
    </p>
   </div>
   <div class='ocr_carea' id='block_1_48' title="bbox 512 3186 2013 3272">
    <p class='ocr_par' dir='ltr' id='par_1_48' title="bbox 512 3186 2013 3272">
     <span class='ocr_line' id='line_1_48' title="bbox 512 3186 2013 3272; baseline 0.015 -34"><span class='ocrx_word' id='word_1_294' title='bbox 512 3186 763 3243; x_wconf 84' lang='lat' dir='ltr'><strong>Dicamus</strong></span> <span class='ocrx_word' id='word_1_295' title='bbox 789 3190 952 3260; x_wconf 84' lang='lat' dir='ltr'><strong>igitur</strong></span> <span class='ocrx_word' id='word_1_296' title='bbox 975 3193 1051 3249; x_wconf 91' lang='lat' dir='ltr'><strong>sic</strong></span> <span class='ocrx_word' id='word_1_297' title='bbox 1077 3212 1091 3249; x_wconf 88' lang='lat'><strong>:</strong></span> <span class='ocrx_word' id='word_1_298' title='bbox 1121 3193 1373 3252; x_wconf 90' lang='lat' dir='ltr'><strong>Omnium</strong></span> <span class='ocrx_word' id='word_1_299' title='bbox 1397 3215 1584 3266; x_wconf 83' lang='lat' dir='ltr'><strong>causa,</strong></span> <span class='ocrx_word' id='word_1_300' title='bbox 1617 3210 1672 3257; x_wconf 91' lang='lat' dir='ltr'><strong>et</strong></span> <span class='ocrx_word' id='word_1_301' title='bbox 1696 3216 1861 3272; x_wconf 82' lang='lat' dir='ltr'><strong>super</strong></span> <span class='ocrx_word' id='word_1_302' title='bbox 1888 3216 2013 3270; x_wconf 67' lang='lat' dir='ltr'><strong>omv,</strong></span> 
     </span>
    </p>
   </div>
   <div class='ocr_carea' id='block_1_49' title="bbox 440 3276 2013 3364">
    <p class='ocr_par' dir='ltr' id='par_1_49' title="bbox 440 3276 2013 3364">
     <span class='ocr_line' id='line_1_49' title="bbox 440 3276 2013 3364; baseline 0.014 -36"><span class='ocrx_word' id='word_1_303' title='bbox 440 3276 525 3328; x_wconf 79' lang='lat' dir='ltr'><strong>nia</strong></span> <span class='ocrx_word' id='word_1_304' title='bbox 554 3291 686 3343; x_wconf 89' lang='lat' dir='ltr'><strong>ens,</strong></span> <span class='ocrx_word' id='word_1_305' title='bbox 735 3296 911 3351; x_wconf 90' lang='lat' dir='ltr'><strong>neque</strong></span> <span class='ocrx_word' id='word_1_306' title='bbox 951 3299 1144 3342; x_wconf 88' lang='lat' dir='ltr'><strong>carens</strong></span> <span class='ocrx_word' id='word_1_307' title='bbox 1174 3292 1407 3346; x_wconf 86' lang='lat' dir='ltr'><strong>essentia</strong></span> <span class='ocrx_word' id='word_1_308' title='bbox 1457 3303 1564 3359; x_wconf 90' lang='lat' dir='ltr'><strong>est,</strong></span> <span class='ocrx_word' id='word_1_309' title='bbox 1603 3308 1778 3364; x_wconf 84' lang='lat' dir='ltr'><strong>neque</strong></span> <span class='ocrx_word' id='word_1_310' title='bbox 1820 3309 2013 3351; x_wconf 78' lang='lat' dir='ltr'><strong>carens</strong></span> 
     </span>
    </p>
   </div>
   <div class='ocr_carea' id='block_1_50' title="bbox 436 3366 2010 3453">
    <p class='ocr_par' dir='ltr' id='par_1_50' title="bbox 436 3366 2010 3453">
     <span class='ocr_line' id='line_1_50' title="bbox 436 3366 2010 3453; baseline 0.016 -36"><span class='ocrx_word' id='word_1_311' title='bbox 436 3366 571 3430; x_wconf 65' lang='lat' dir='ltr'><strong>vita,</strong></span> <span class='ocrx_word' id='word_1_312' title='bbox 626 3384 800 3440; x_wconf 91' lang='lat' dir='ltr'><strong>neque</strong></span> <span class='ocrx_word' id='word_1_313' title='bbox 855 3374 1239 3436; x_wconf 87' lang='lat' dir='ltr'><strong>irrationabilis</strong></span> <span class='ocrx_word' id='word_1_314' title='bbox 1279 3391 1387 3449; x_wconf 90' lang='lat' dir='ltr'><strong>est,</strong></span> <span class='ocrx_word' id='word_1_315' title='bbox 1444 3399 1616 3453; x_wconf 89' lang='lat' dir='ltr'><strong>neque</strong></span> <span class='ocrx_word' id='word_1_316' title='bbox 1668 3385 2010 3452; x_wconf 88' lang='lat' dir='ltr'><strong>insensualis,</strong></span> 
     </span>
    </p>
   </div>
   <div class='ocr_carea' id='block_1_51' title="bbox 437 3468 2011 3545">
    <p class='ocr_par' dir='ltr' id='par_1_51' title="bbox 437 3468 2011 3545">
     <span class='ocr_line' id='line_1_51' title="bbox 437 3468 2011 3545; baseline 0.015 -37"><span class='ocrx_word' id='word_1_317' title='bbox 437 3468 613 3523; x_wconf 83' lang='lat' dir='ltr'><strong>neque</strong></span> <span class='ocrx_word' id='word_1_318' title='bbox 662 3473 858 3531; x_wconf 86' lang='lat' dir='ltr'><strong>corpus</strong></span> <span class='ocrx_word' id='word_1_319' title='bbox 917 3474 1018 3529; x_wconf 89' lang='lat' dir='ltr'><strong>est,</strong></span> <span class='ocrx_word' id='word_1_320' title='bbox 1077 3483 1252 3537; x_wconf 88' lang='lat' dir='ltr'><strong>neque</strong></span> <span class='ocrx_word' id='word_1_321' title='bbox 1297 3472 1499 3542; x_wconf 71' lang='lat' dir='ltr'><strong>figura,</strong></span> <span class='ocrx_word' id='word_1_322' title='bbox 1559 3488 1732 3544; x_wconf 87' lang='lat' dir='ltr'><strong>neque</strong></span> <span class='ocrx_word' id='word_1_323' title='bbox 1786 3475 2011 3545; x_wconf 86' lang='lat' dir='ltr'><strong>species,</strong></span> 
     </span>
    </p>
   </div>
   <div class='ocr_carea' id='block_1_52' title="bbox 441 3552 2012 3630">
    <p class='ocr_par' dir='ltr' id='par_1_52' title="bbox 441 3552 2012 3630">
     <span class='ocr_line' id='line_1_52' title="bbox 441 3552 2012 3630; baseline 0.014 -31"><span class='ocrx_word' id='word_1_324' title='bbox 441 3560 616 3613; x_wconf 81' lang='lat' dir='ltr'><strong>neque</strong></span> <span class='ocrx_word' id='word_1_325' title='bbox 662 3552 1000 3621; x_wconf 85' lang='lat' dir='ltr'><strong>qualitatem.</strong></span> <span class='ocrx_word' id='word_1_326' title='bbox 1041 3568 1134 3613; x_wconf 89' lang='lat' dir='ltr'><strong>aut</strong></span> <span class='ocrx_word' id='word_1_327' title='bbox 1161 3563 1544 3630; x_wconf 85' lang='lat' dir='ltr'><strong>quantitatem,</strong></span> <span class='ocrx_word' id='word_1_328' title='bbox 1600 3574 1695 3620; x_wconf 89' lang='lat' dir='ltr'><strong>aut</strong></span> <span class='ocrx_word' id='word_1_329' title='bbox 1746 3575 2012 3621; x_wconf 89' lang='lat' dir='ltr'><strong>tumorem</strong></span> 
     </span>
    </p>
   </div>
   <div class='ocr_carea' id='block_1_53' title="bbox 440 3634 2012 3727">
    <p class='ocr_par' dir='ltr' id='par_1_53' title="bbox 440 3634 2012 3727">
     <span class='ocr_line' id='line_1_53' title="bbox 440 3634 2012 3727; baseline 0.015 -40"><span class='ocrx_word' id='word_1_330' title='bbox 440 3634 639 3700; x_wconf 78' lang='lat' dir='ltr'><strong>habet,</strong></span> <span class='ocrx_word' id='word_1_331' title='bbox 685 3655 862 3709; x_wconf 88' lang='lat' dir='ltr'><strong>neque</strong></span> <span class='ocrx_word' id='word_1_332' title='bbox 902 3644 955 3699; x_wconf 90' lang='lat' dir='ltr'><strong>in</strong></span> <span class='ocrx_word' id='word_1_333' title='bbox 1003 3646 1121 3703; x_wconf 91' lang='lat' dir='ltr'><strong>loco</strong></span> <span class='ocrx_word' id='word_1_334' title='bbox 1146 3662 1266 3716; x_wconf 89' lang='lat' dir='ltr'><strong>est,</strong></span> <span class='ocrx_word' id='word_1_335' title='bbox 1324 3667 1499 3722; x_wconf 88' lang='lat' dir='ltr'><strong>neque</strong></span> <span class='ocrx_word' id='word_1_336' title='bbox 1551 3654 1792 3721; x_wconf 89' lang='lat' dir='ltr'><strong>videtur,</strong></span> <span class='ocrx_word' id='word_1_337' title='bbox 1836 3669 2012 3727; x_wconf 90' lang='lat' dir='ltr'><strong>neque</strong></span> 
     </span>
    </p>
   </div>
   <div class='ocr_carea' id='block_1_54' title="bbox 444 3731 2010 3814">
    <p class='ocr_par' dir='ltr' id='par_1_54' title="bbox 444 3731 2010 3814">
     <span class='ocr_line' id='line_1_54' title="bbox 444 3731 2010 3814; baseline 0.016 -39"><span class='ocrx_word' id='word_1_338' title='bbox 444 3734 648 3780; x_wconf 83' lang='lat' dir='ltr'><strong>tactum</strong></span> <span class='ocrx_word' id='word_1_339' title='bbox 706 3731 1013 3787; x_wconf 88' lang='lat' dir='ltr'><strong>seusibilem</strong></span> <span class='ocrx_word' id='word_1_340' title='bbox 1056 3737 1250 3805; x_wconf 88' lang='lat' dir='ltr'><strong>habet,</strong></span> <span class='ocrx_word' id='word_1_341' title='bbox 1297 3755 1472 3809; x_wconf 89' lang='lat' dir='ltr'><strong>neque</strong></span> <span class='ocrx_word' id='word_1_342' title='bbox 1526 3744 1786 3807; x_wconf 89' lang='lat' dir='ltr'><strong>sentitur,</strong></span> <span class='ocrx_word' id='word_1_343' title='bbox 1835 3758 2010 3814; x_wconf 85' lang='lat' dir='ltr'><strong>neque</strong></span> 
     </span>
    </p>
   </div>
   <div class='ocr_carea' id='block_1_55' title="bbox 443 3815 2006 3905">
    <p class='ocr_par' dir='ltr' id='par_1_55' title="bbox 443 3815 2006 3905">
     <span class='ocr_line' id='line_1_55' title="bbox 443 3815 2006 3905; baseline 0.013 -36"><span class='ocrx_word' id='word_1_344' title='bbox 443 3815 718 3875; x_wconf 85' lang='lat' dir='ltr'><strong>sensibilis</strong></span> <span class='ocrx_word' id='word_1_345' title='bbox 755 3830 869 3887; x_wconf 87' lang='lat' dir='ltr'><strong>est,</strong></span> <span class='ocrx_word' id='word_1_346' title='bbox 906 3839 1080 3896; x_wconf 88' lang='lat' dir='ltr'><strong>neque</strong></span> <span class='ocrx_word' id='word_1_347' title='bbox 1127 3816 1578 3888; x_wconf 83' lang='lat' dir='ltr'><strong>inordinatiouem</strong></span> <span class='ocrx_word' id='word_1_348' title='bbox 1607 3834 1792 3899; x_wconf 88' lang='lat' dir='ltr'><strong>habet,</strong></span> <span class='ocrx_word' id='word_1_349' title='bbox 1832 3849 2006 3905; x_wconf 88' lang='lat' dir='ltr'><strong>neque</strong></span> 
     </span>
    </p>
   </div>
   <div class='ocr_carea' id='block_1_56' title="bbox 2094 1833 3693 1905">
    <p class='ocr_par' dir='ltr' id='par_1_56' title="bbox 2094 1833 3693 1905">
     <span class='ocr_line' id='line_1_56' title="bbox 2094 1833 3693 1905; baseline -0.001 -15"><span class='ocrx_word' id='word_1_350' title='bbox 2094 1849 2269 1905; x_wconf 86' lang='lat' dir='ltr'><strong>neque</strong></span> <span class='ocrx_word' id='word_1_351' title='bbox 2296 1833 2590 1889; x_wconf 89' lang='lat' dir='ltr'><strong>similitudo</strong></span> <span class='ocrx_word' id='word_1_352' title='bbox 2612 1842 2706 1889; x_wconf 91' lang='lat' dir='ltr'><strong>aut</strong></span> <span class='ocrx_word' id='word_1_353' title='bbox 2725 1834 3127 1900; x_wconf 88' lang='lat' dir='ltr'><strong>dissimilitudo,</strong></span> <span class='ocrx_word' id='word_1_354' title='bbox 3154 1848 3327 1903; x_wconf 89' lang='lat' dir='ltr'><strong>neque</strong></span> <span class='ocrx_word' id='word_1_355' title='bbox 3346 1843 3470 1893; x_wconf 84' lang='lat' dir='ltr'><strong>stat.</strong></span> <span class='ocrx_word' id='word_1_356' title='bbox 3493 1848 3693 1902; x_wconf 77' lang='lat' dir='ltr'><strong>neque</strong></span> 
     </span>
    </p>
   </div>
   <div class='ocr_carea' id='block_1_57' title="bbox 2096 1923 3682 1993">
    <p class='ocr_par' dir='ltr' id='par_1_57' title="bbox 2096 1923 3682 1993">
     <span class='ocr_line' id='line_1_57' title="bbox 2096 1923 3682 1993; baseline -0.001 -15"><span class='ocrx_word' id='word_1_357' title='bbox 2096 1933 2366 1988; x_wconf 81' lang='lat' dir='ltr'><strong>movetur,</strong></span> <span class='ocrx_word' id='word_1_358' title='bbox 2397 1938 2573 1993; x_wconf 85' lang='lat' dir='ltr'><strong>neque</strong></span> <span class='ocrx_word' id='word_1_359' title='bbox 2593 1923 2867 1979; x_wconf 89' lang='lat' dir='ltr'><strong>silentium</strong></span> <span class='ocrx_word' id='word_1_360' title='bbox 2891 1923 3061 1988; x_wconf 88' lang='lat' dir='ltr'><strong>ducit,</strong></span> <span class='ocrx_word' id='word_1_361' title='bbox 3097 1939 3273 1993; x_wconf 86' lang='lat' dir='ltr'><strong>neque</strong></span> <span class='ocrx_word' id='word_1_362' title='bbox 3313 1924 3475 1979; x_wconf 84' lang='lat' dir='ltr'><strong>habet</strong></span> <span class='ocrx_word' id='word_1_363' title='bbox 3499 1924 3682 1977; x_wconf 80' lang='lat' dir='ltr'><strong>virtu-</strong></span> 
     </span>
    </p>
   </div>
   <div class='ocr_carea' id='block_1_58' title="bbox 2097 2013 3695 2084">
    <p class='ocr_par' dir='ltr' id='par_1_58' title="bbox 2097 2013 3695 2084">
     <span class='ocr_line' id='line_1_58' title="bbox 2097 2013 3695 2084; baseline -0.004 -13"><span class='ocrx_word' id='word_1_364' title='bbox 2097 2024 2228 2080; x_wconf 88' lang='lat' dir='ltr'><strong>tem,</strong></span> <span class='ocrx_word' id='word_1_365' title='bbox 2273 2029 2448 2084; x_wconf 89' lang='lat' dir='ltr'><strong>neque</strong></span> <span class='ocrx_word' id='word_1_366' title='bbox 2489 2014 2665 2070; x_wconf 88' lang='lat' dir='ltr'><strong>virtus</strong></span> <span class='ocrx_word' id='word_1_367' title='bbox 2706 2021 2812 2078; x_wconf 88' lang='lat' dir='ltr'><strong>est,</strong></span> <span class='ocrx_word' id='word_1_368' title='bbox 2854 2028 3029 2083; x_wconf 85' lang='lat' dir='ltr'><strong>neque</strong></span> <span class='ocrx_word' id='word_1_369' title='bbox 3072 2013 3183 2077; x_wconf 83' lang='lat' dir='ltr'><strong>lux,</strong></span> <span class='ocrx_word' id='word_1_370' title='bbox 3216 2026 3391 2083; x_wconf 85' lang='lat' dir='ltr'><strong>neque</strong></span> <span class='ocrx_word' id='word_1_371' title='bbox 3429 2013 3532 2065; x_wconf 79' lang='lat' dir='ltr'><strong>vita</strong></span> <span class='ocrx_word' id='word_1_372' title='bbox 3557 2020 3695 2076; x_wconf 65' lang='lat' dir='ltr'><strong>est,</strong></span> 
     </span>
    </p>
   </div>
   <div class='ocr_carea' id='block_1_59' title="bbox 2098 2105 3693 2179">
    <p class='ocr_par' dir='ltr' id='par_1_59' title="bbox 2098 2105 3693 2179">
     <span class='ocr_line' id='line_1_59' title="bbox 2098 2105 3693 2179; baseline -0.003 -17"><span class='ocrx_word' id='word_1_373' title='bbox 2098 2121 2274 2177; x_wconf 89' lang='lat' dir='ltr'><strong>neque</strong></span> <span class='ocrx_word' id='word_1_374' title='bbox 2318 2106 2495 2161; x_wconf 87' lang='lat' dir='ltr'><strong>hostia</strong></span> <span class='ocrx_word' id='word_1_375' title='bbox 2536 2113 2637 2179; x_wconf 78' lang='lat' dir='ltr'><strong>est,</strong></span> <span class='ocrx_word' id='word_1_376' title='bbox 2687 2120 2863 2176; x_wconf 83' lang='lat' dir='ltr'><strong>neque</strong></span> <span class='ocrx_word' id='word_1_377' title='bbox 2906 2105 3166 2171; x_wconf 83' lang='lat' dir='ltr'><strong>secutum,</strong></span> <span class='ocrx_word' id='word_1_378' title='bbox 3221 2118 3393 2175; x_wconf 86' lang='lat' dir='ltr'><strong>neque</strong></span> <span class='ocrx_word' id='word_1_379' title='bbox 3437 2114 3693 2175; x_wconf 53' lang='lat' dir='ltr'><strong>tempus,</strong></span> 
     </span>
    </p>
   </div>
   <div class='ocr_carea' id='block_1_60' title="bbox 2098 2195 3677 2269">
    <p class='ocr_par' dir='ltr' id='par_1_60' title="bbox 2098 2195 3677 2269">
     <span class='ocr_line' id='line_1_60' title="bbox 2098 2195 3677 2269; baseline -0.004 -16"><span class='ocrx_word' id='word_1_380' title='bbox 2098 2212 2277 2269; x_wconf 87' lang='lat' dir='ltr'><strong>neque</strong></span> <span class='ocrx_word' id='word_1_381' title='bbox 2305 2206 2480 2253; x_wconf 87' lang='lat' dir='ltr'><strong>tactus</strong></span> <span class='ocrx_word' id='word_1_382' title='bbox 2506 2206 2593 2252; x_wconf 91' lang='lat' dir='ltr'><strong>est</strong></span> <span class='ocrx_word' id='word_1_383' title='bbox 2633 2197 2750 2266; x_wconf 82' lang='lat' dir='ltr'><strong>ejus</strong></span> <span class='ocrx_word' id='word_1_384' title='bbox 2792 2197 3161 2269; x_wconf 85' lang='lat' dir='ltr'><strong>intelligibilis,</strong></span> <span class='ocrx_word' id='word_1_385' title='bbox 3203 2211 3375 2265; x_wconf 85' lang='lat' dir='ltr'><strong>neque</strong></span> <span class='ocrx_word' id='word_1_386' title='bbox 3421 2195 3677 2259; x_wconf 76' lang='lat' dir='ltr'><strong>scientia,</strong></span> 
     </span>
    </p>
   </div>
   <div class='ocr_carea' id='block_1_61' title="bbox 2099 2287 3678 2361">
    <p class='ocr_par' dir='ltr' id='par_1_61' title="bbox 2099 2287 3678 2361">
     <span class='ocr_line' id='line_1_61' title="bbox 2099 2287 3678 2361; baseline -0.003 -16"><span class='ocrx_word' id='word_1_387' title='bbox 2099 2302 2276 2360; x_wconf 85' lang='lat' dir='ltr'><strong>neque</strong></span> <span class='ocrx_word' id='word_1_388' title='bbox 2300 2289 2501 2345; x_wconf 88' lang='lat' dir='ltr'><strong>veritas</strong></span> <span class='ocrx_word' id='word_1_389' title='bbox 2539 2297 2646 2354; x_wconf 84' lang='lat' dir='ltr'><strong>est,</strong></span> <span class='ocrx_word' id='word_1_390' title='bbox 2687 2303 2864 2357; x_wconf 87' lang='lat' dir='ltr'><strong>neque</strong></span> <span class='ocrx_word' id='word_1_391' title='bbox 2900 2304 3147 2361; x_wconf 87' lang='lat' dir='ltr'><strong>regnum,</strong></span> <span class='ocrx_word' id='word_1_392' title='bbox 3186 2302 3359 2359; x_wconf 82' lang='lat' dir='ltr'><strong>neque</strong></span> <span class='ocrx_word' id='word_1_393' title='bbox 3387 2287 3678 2358; x_wconf 85' lang='lat' dir='ltr'><strong>sapientia,</strong></span> 
     </span>
    </p>
   </div>
   <div class='ocr_carea' id='block_1_62' title="bbox 2101 2379 3689 2452">
    <p class='ocr_par' dir='ltr' id='par_1_62' title="bbox 2101 2379 3689 2452">
     <span class='ocr_line' id='line_1_62' title="bbox 2101 2379 3689 2452; baseline -0.003 -16"><span class='ocrx_word' id='word_1_394' title='bbox 2101 2395 2276 2451; x_wconf 84' lang='lat' dir='ltr'><strong>neque</strong></span> <span class='ocrx_word' id='word_1_395' title='bbox 2312 2396 2511 2446; x_wconf 91' lang='lat' dir='ltr'><strong>unum,</strong></span> <span class='ocrx_word' id='word_1_396' title='bbox 2565 2396 2740 2452; x_wconf 87' lang='lat' dir='ltr'><strong>neque</strong></span> <span class='ocrx_word' id='word_1_397' title='bbox 2788 2384 3003 2447; x_wconf 89' lang='lat' dir='ltr'><strong>unitas,</strong></span> <span class='ocrx_word' id='word_1_398' title='bbox 3048 2397 3223 2452; x_wconf 90' lang='lat' dir='ltr'><strong>neque</strong></span> <span class='ocrx_word' id='word_1_399' title='bbox 3265 2382 3436 2437; x_wconf 87' lang='lat' dir='ltr'><strong>deitas</strong></span> <span class='ocrx_word' id='word_1_400' title='bbox 3473 2379 3527 2446; x_wconf 83' lang='grc'><strong>⁸,</strong></span> <span class='ocrx_word' id='word_1_401' title='bbox 3574 2388 3689 2433; x_wconf 73' lang='lat' dir='ltr'><strong>aut</strong></span> 
     </span>
    </p>
   </div>
   <div class='ocr_carea' id='block_1_63' title="bbox 2101 2472 3687 2543">
    <p class='ocr_par' dir='ltr' id='par_1_63' title="bbox 2101 2472 3687 2543">
     <span class='ocr_line' id='line_1_63' title="bbox 2101 2472 3687 2543; baseline -0.003 -15"><span class='ocrx_word' id='word_1_402' title='bbox 2101 2472 2338 2539; x_wconf 88' lang='lat' dir='ltr'><strong>bonitas,</strong></span> <span class='ocrx_word' id='word_1_403' title='bbox 2368 2488 2545 2543; x_wconf 89' lang='lat' dir='ltr'><strong>neque</strong></span> <span class='ocrx_word' id='word_1_404' title='bbox 2572 2474 2794 2542; x_wconf 90' lang='lat' dir='ltr'><strong>spiritus</strong></span> <span class='ocrx_word' id='word_1_405' title='bbox 2816 2480 2920 2538; x_wconf 87' lang='lat' dir='ltr'><strong>est,</strong></span> <span class='ocrx_word' id='word_1_406' title='bbox 2948 2474 3087 2528; x_wconf 86' lang='lat' dir='ltr'><strong>sicut</strong></span> <span class='ocrx_word' id='word_1_407' title='bbox 3108 2488 3207 2528; x_wconf 90' lang='lat' dir='ltr'><strong>nos</strong></span> <span class='ocrx_word' id='word_1_408' title='bbox 3244 2472 3461 2535; x_wconf 88' lang='lat' dir='ltr'><strong>scimus,</strong></span> <span class='ocrx_word' id='word_1_409' title='bbox 3499 2484 3687 2538; x_wconf 74' lang='lat' dir='ltr'><strong>neque</strong></span> 
     </span>
    </p>
   </div>
   <div class='ocr_carea' id='block_1_64' title="bbox 2103 2560 3685 2634">
    <p class='ocr_par' dir='ltr' id='par_1_64' title="bbox 2103 2560 3685 2634">
     <span class='ocr_line' id='line_1_64' title="bbox 2103 2560 3685 2634; baseline -0.003 -17"><span class='ocrx_word' id='word_1_410' title='bbox 2103 2560 2361 2629; x_wconf 80' lang='lat' dir='ltr'><strong>filiolitas,</strong></span> <span class='ocrx_word' id='word_1_411' title='bbox 2405 2577 2581 2632; x_wconf 91' lang='lat' dir='ltr'><strong>neque</strong></span> <span class='ocrx_word' id='word_1_412' title='bbox 2622 2563 2939 2634; x_wconf 75' lang='lat' dir='ltr'><strong>pate‘rnitos,</strong></span> <span class='ocrx_word' id='word_1_413' title='bbox 2986 2578 3160 2634; x_wconf 90' lang='lat' dir='ltr'><strong>neque</strong></span> <span class='ocrx_word' id='word_1_414' title='bbox 3192 2562 3335 2616; x_wconf 85' lang='lat' dir='ltr'><strong>aliud</strong></span> <span class='ocrx_word' id='word_1_415' title='bbox 3366 2561 3492 2631; x_wconf 91' lang='lat' dir='ltr'><strong>quid</strong></span> <span class='ocrx_word' id='word_1_416' title='bbox 3522 2560 3685 2614; x_wconf 81' lang='lat' dir='ltr'><strong>nobis</strong></span> 
     </span>
    </p>
   </div>
   <div class='ocr_carea' id='block_1_65' title="bbox 2105 2650 3677 2724">
    <p class='ocr_par' dir='ltr' id='par_1_65' title="bbox 2105 2650 3677 2724">
     <span class='ocr_line' id='line_1_65' title="bbox 2105 2650 3677 2724; baseline -0.003 -17"><span class='ocrx_word' id='word_1_417' title='bbox 2105 2660 2199 2707; x_wconf 87' lang='lat' dir='ltr'><strong>aut</strong></span> <span class='ocrx_word' id='word_1_418' title='bbox 2227 2652 2387 2708; x_wconf 89' lang='lat' dir='ltr'><strong>alicui</strong></span> <span class='ocrx_word' id='word_1_419' title='bbox 2435 2654 2781 2709; x_wconf 74' lang='lat' dir='ltr'><strong>existentiutu</strong></span> <span class='ocrx_word' id='word_1_420' title='bbox 2823 2654 3119 2724; x_wconf 89' lang='lat' dir='ltr'><strong>cognitum,</strong></span> <span class='ocrx_word' id='word_1_421' title='bbox 3166 2668 3339 2723; x_wconf 84' lang='lat' dir='ltr'><strong>neque</strong></span> <span class='ocrx_word' id='word_1_422' title='bbox 3385 2650 3512 2721; x_wconf 91' lang='lat' dir='ltr'><strong>quid</strong></span> <span class='ocrx_word' id='word_1_423' title='bbox 3561 2666 3677 2704; x_wconf 74' lang='lat' dir='ltr'><strong>non</strong></span> 
     </span>
    </p>
   </div>
   <div class='ocr_carea' id='block_1_66' title="bbox 2106 2740 3686 2812">
    <p class='ocr_par' dir='ltr' id='par_1_66' title="bbox 2106 2740 3686 2812">
     <span class='ocr_line' id='line_1_66' title="bbox 2106 2740 3686 2812; baseline -0.004 -13"><span class='ocrx_word' id='word_1_424' title='bbox 2106 2741 2492 2806; x_wconf 82' lang='lat' dir='ltr'><strong>existentium,</strong></span> <span class='ocrx_word' id='word_1_425' title='bbox 2548 2756 2724 2812; x_wconf 90' lang='lat' dir='ltr'><strong>neque</strong></span> <span class='ocrx_word' id='word_1_426' title='bbox 2769 2742 2899 2812; x_wconf 90' lang='lat' dir='ltr'><strong>quid</strong></span> <span class='ocrx_word' id='word_1_427' title='bbox 2947 2740 3297 2797; x_wconf 76' lang='lat' dir='ltr'><strong>existentium</strong></span> <span class='ocrx_word' id='word_1_428' title='bbox 3341 2747 3462 2803; x_wconf 87' lang='lat' dir='ltr'><strong>est,</strong></span> <span class='ocrx_word' id='word_1_429' title='bbox 3504 2751 3686 2806; x_wconf 79' lang='lat' dir='ltr'><strong>neque</strong></span> 
     </span>
    </p>
   </div>
   <div class='ocr_carea' id='block_1_67' title="bbox 2106 2826 3684 2903">
    <p class='ocr_par' dir='ltr' id='par_1_67' title="bbox 2106 2826 3684 2903">
     <span class='ocr_line' id='line_1_67' title="bbox 2106 2826 3684 2903; baseline -0.004 -17"><span class='ocrx_word' id='word_1_430' title='bbox 2106 2831 2393 2889; x_wconf 77' lang='lat' dir='ltr'><strong>existentia</strong></span> <span class='ocrx_word' id='word_1_431' title='bbox 2427 2845 2550 2885; x_wconf 90' lang='lat' dir='ltr'><strong>eam</strong></span> <span class='ocrx_word' id='word_1_432' title='bbox 2579 2840 2932 2903; x_wconf 87' lang='lat' dir='ltr'><strong>cognoscunt,</strong></span> <span class='ocrx_word' id='word_1_433' title='bbox 2965 2847 3033 2886; x_wconf 91' lang='lat' dir='ltr'><strong>an</strong></span> <span class='ocrx_word' id='word_1_434' title='bbox 3064 2831 3176 2901; x_wconf 87' lang='lat' dir='ltr'><strong>ipsa</strong></span> <span class='ocrx_word' id='word_1_435' title='bbox 3203 2830 3306 2892; x_wconf 89' lang='lat' dir='ltr'><strong>sit,</strong></span> <span class='ocrx_word' id='word_1_436' title='bbox 3356 2841 3532 2897; x_wconf 87' lang='lat' dir='ltr'><strong>neque</strong></span> <span class='ocrx_word' id='word_1_437' title='bbox 3562 2826 3684 2895; x_wconf 79' lang='lat' dir='ltr'><strong>ipsa</strong></span> 
     </span>
    </p>
   </div>
   <div class='ocr_carea' id='block_1_68' title="bbox 2107 2917 3688 2996">
    <p class='ocr_par' dir='ltr' id='par_1_68' title="bbox 2107 2917 3688 2996">
     <span class='ocr_line' id='line_1_68' title="bbox 2107 2917 3688 2996; baseline -0.006 -16"><span class='ocrx_word' id='word_1_438' title='bbox 2107 2924 2385 2996; x_wconf 90' lang='lat' dir='ltr'><strong>cognoscit</strong></span> <span class='ocrx_word' id='word_1_439' title='bbox 2425 2924 2741 2989; x_wconf 79' lang='lat' dir='ltr'><strong>existentia,</strong></span> <span class='ocrx_word' id='word_1_440' title='bbox 2785 2938 2854 2977; x_wconf 88' lang='lat' dir='ltr'><strong>an</strong></span> <span class='ocrx_word' id='word_1_441' title='bbox 2904 2921 3189 2978; x_wconf 80' lang='lat' dir='ltr'><strong>existentia</strong></span> <span class='ocrx_word' id='word_1_442' title='bbox 3229 2927 3355 2975; x_wconf 87' lang='lat' dir='ltr'><strong>sunt</strong></span> <span class='ocrx_word' id='word_1_443' title='bbox 3390 2917 3453 2980; x_wconf 81' lang='grc'><strong>⁸,</strong></span> <span class='ocrx_word' id='word_1_444' title='bbox 3508 2931 3688 2985; x_wconf 78' lang='lat' dir='ltr'><strong>neque</strong></span> 
     </span>
    </p>
   </div>
   <div class='ocr_carea' id='block_1_69' title="bbox 2107 3007 3699 3085">
    <p class='ocr_par' dir='ltr' id='par_1_69' title="bbox 2107 3007 3699 3085">
     <span class='ocr_line' id='line_1_69' title="bbox 2107 3007 3699 3085; baseline -0.006 -13"><span class='ocrx_word' id='word_1_445' title='bbox 2107 3018 2334 3073; x_wconf 89' lang='lat' dir='ltr'><strong>verbum</strong></span> <span class='ocrx_word' id='word_1_446' title='bbox 2378 3015 2497 3085; x_wconf 87' lang='lat' dir='ltr'><strong>ejus</strong></span> <span class='ocrx_word' id='word_1_447' title='bbox 2527 3023 2632 3080; x_wconf 86' lang='lat' dir='ltr'><strong>est,</strong></span> <span class='ocrx_word' id='word_1_448' title='bbox 2662 3029 2836 3083; x_wconf 85' lang='lat' dir='ltr'><strong>neque</strong></span> <span class='ocrx_word' id='word_1_449' title='bbox 2882 3028 3100 3077; x_wconf 90' lang='lat' dir='ltr'><strong>nomen,</strong></span> <span class='ocrx_word' id='word_1_450' title='bbox 3150 3024 3327 3082; x_wconf 86' lang='lat' dir='ltr'><strong>neque</strong></span> <span class='ocrx_word' id='word_1_451' title='bbox 3371 3007 3607 3065; x_wconf 85' lang='lat' dir='ltr'><strong>scientia</strong></span> <span class='ocrx_word' id='word_1_452' title='bbox 3636 3008 3699 3069; x_wconf 50' lang='grc' dir='ltr'><strong>’.ε</strong></span> 
     </span>
    </p>
   </div>
   <div class='ocr_carea' id='block_1_70' title="bbox 2034 3096 3685 3179">
    <p class='ocr_par' dir='ltr' id='par_1_70' title="bbox 2034 3096 3685 3179">
     <span class='ocr_line' id='line_1_70' title="bbox 2034 3096 3685 3179; baseline -0.009 -11"><span class='ocrx_word' id='word_1_453' title='bbox 2034 3106 2080 3169; x_wconf 88' lang='lat' dir='ltr'><strong>C</strong></span> <span class='ocrx_word' id='word_1_454' title='bbox 2109 3123 2286 3179; x_wconf 86' lang='lat' dir='ltr'><strong>neque</strong></span> <span class='ocrx_word' id='word_1_455' title='bbox 2320 3109 2575 3163; x_wconf 87' lang='lat' dir='ltr'><strong>tenebrae</strong></span> <span class='ocrx_word' id='word_1_456' title='bbox 2630 3114 2744 3171; x_wconf 89' lang='lat' dir='ltr'><strong>est,</strong></span> <span class='ocrx_word' id='word_1_457' title='bbox 2794 3120 2971 3175; x_wconf 79' lang='lat' dir='ltr'><strong>neque</strong></span> <span class='ocrx_word' id='word_1_458' title='bbox 3017 3096 3219 3168; x_wconf 89' lang='lat' dir='ltr'><strong>lumen,</strong></span> <span class='ocrx_word' id='word_1_459' title='bbox 3278 3115 3458 3170; x_wconf 84' lang='lat' dir='ltr'><strong>neque</strong></span> <span class='ocrx_word' id='word_1_460' title='bbox 3506 3114 3685 3163; x_wconf 84' lang='lat' dir='ltr'><strong>error,</strong></span> 
     </span>
    </p>
   </div>
   <div class='ocr_carea' id='block_1_71' title="bbox 2110 3188 3687 3267">
    <p class='ocr_par' dir='ltr' id='par_1_71' title="bbox 2110 3188 3687 3267">
     <span class='ocr_line' id='line_1_71' title="bbox 2110 3188 3687 3267; baseline -0.008 -13"><span class='ocrx_word' id='word_1_461' title='bbox 2110 3211 2287 3266; x_wconf 89' lang='lat' dir='ltr'><strong>neque</strong></span> <span class='ocrx_word' id='word_1_462' title='bbox 2324 3197 2558 3261; x_wconf 81' lang='lat' dir='ltr'><strong>veritas,</strong></span> <span class='ocrx_word' id='word_1_463' title='bbox 2599 3210 2772 3267; x_wconf 89' lang='lat' dir='ltr'><strong>neque</strong></span> <span class='ocrx_word' id='word_1_464' title='bbox 2810 3204 2896 3252; x_wconf 88' lang='lat' dir='ltr'><strong>est</strong></span> <span class='ocrx_word' id='word_1_465' title='bbox 2918 3195 3035 3266; x_wconf 84' lang='lat' dir='ltr'><strong>ejus</strong></span> <span class='ocrx_word' id='word_1_466' title='bbox 3059 3192 3438 3248; x_wconf 81' lang='lat' dir='ltr'><strong>universaliter</strong></span> <span class='ocrx_word' id='word_1_467' title='bbox 3464 3188 3687 3258; x_wconf 66' lang='lat' dir='ltr'><strong>positio,</strong></span> 
     </span>
    </p>
   </div>
   <div class='ocr_carea' id='block_1_72' title="bbox 2112 3277 3685 3355">
    <p class='ocr_par' dir='ltr' id='par_1_72' title="bbox 2112 3277 3685 3355">
     <span class='ocr_line' id='line_1_72' title="bbox 2112 3277 3685 3355; baseline -0.008 -13"><span class='ocrx_word' id='word_1_468' title='bbox 2112 3300 2287 3355; x_wconf 85' lang='lat' dir='ltr'><strong>neque</strong></span> <span class='ocrx_word' id='word_1_469' title='bbox 2308 3284 2530 3350; x_wconf 88' lang='lat' dir='ltr'><strong>ablatio,</strong></span> <span class='ocrx_word' id='word_1_470' title='bbox 2560 3284 2656 3340; x_wconf 88' lang='lat' dir='ltr'><strong>sed</strong></span> <span class='ocrx_word' id='word_1_471' title='bbox 2681 3299 2889 3350; x_wconf 87' lang='lat' dir='ltr'><strong>eorum,</strong></span> <span class='ocrx_word' id='word_1_472' title='bbox 2916 3297 3055 3354; x_wconf 87' lang='lat' dir='ltr'><strong>quae</strong></span> <span class='ocrx_word' id='word_1_473' title='bbox 3076 3289 3200 3353; x_wconf 89' lang='lat' dir='ltr'><strong>post</strong></span> <span class='ocrx_word' id='word_1_474' title='bbox 3226 3295 3346 3335; x_wconf 87' lang='lat' dir='ltr'><strong>eam</strong></span> <span class='ocrx_word' id='word_1_475' title='bbox 3374 3286 3523 3340; x_wconf 86' lang='lat' dir='ltr'><strong>sunt,</strong></span> <span class='ocrx_word' id='word_1_476' title='bbox 3544 3277 3685 3345; x_wconf 55' lang='lat' dir='ltr'><strong>posi-</strong></span> 
     </span>
    </p>
   </div>
   <div class='ocr_carea' id='block_1_73' title="bbox 2113 3366 3691 3443">
    <p class='ocr_par' dir='ltr' id='par_1_73' title="bbox 2113 3366 3691 3443">
     <span class='ocr_line' id='line_1_73' title="bbox 2113 3366 3691 3443; baseline -0.006 -11"><span class='ocrx_word' id='word_1_477' title='bbox 2113 3377 2288 3433; x_wconf 88' lang='lat' dir='ltr'><strong>tiones</strong></span> <span class='ocrx_word' id='word_1_478' title='bbox 2317 3388 2375 3433; x_wconf 89' lang='lat' dir='ltr'><strong>et</strong></span> <span class='ocrx_word' id='word_1_479' title='bbox 2400 3376 2698 3432; x_wconf 89' lang='lat' dir='ltr'><strong>ablationes</strong></span> <span class='ocrx_word' id='word_1_480' title='bbox 2740 3376 3018 3439; x_wconf 77' lang='lat' dir='ltr'><strong>facientes,</strong></span> <span class='ocrx_word' id='word_1_481' title='bbox 3048 3374 3219 3443; x_wconf 83' lang='lat' dir='ltr'><strong>ipsam</strong></span> <span class='ocrx_word' id='word_1_482' title='bbox 3265 3384 3443 3439; x_wconf 83' lang='lat' dir='ltr'><strong>neque</strong></span> <span class='ocrx_word' id='word_1_483' title='bbox 3488 3366 3691 3423; x_wconf 84' lang='lat' dir='ltr'><strong>auferi-</strong></span> 
     </span>
    </p>
   </div>
   <div class='ocr_carea' id='block_1_74' title="bbox 2114 3467 3695 3541">
    <p class='ocr_par' dir='ltr' id='par_1_74' title="bbox 2114 3467 3695 3541">
     <span class='ocr_line' id='line_1_74' title="bbox 2114 3467 3695 3541; baseline -0.008 -15"><span class='ocrx_word' id='word_1_484' title='bbox 2114 3485 2255 3536; x_wconf 84' lang='lat' dir='ltr'><strong>mus,</strong></span> <span class='ocrx_word' id='word_1_485' title='bbox 2306 3483 2482 3540; x_wconf 87' lang='lat' dir='ltr'><strong>neque</strong></span> <span class='ocrx_word' id='word_1_486' title='bbox 2528 3469 2800 3541; x_wconf 88' lang='lat' dir='ltr'><strong>ponimus,</strong></span> <span class='ocrx_word' id='word_1_487' title='bbox 2856 3467 3108 3536; x_wconf 87' lang='lat' dir='ltr'><strong>quoniam</strong></span> <span class='ocrx_word' id='word_1_488' title='bbox 3157 3472 3212 3519; x_wconf 90' lang='lat' dir='ltr'><strong>et</strong></span> <span class='ocrx_word' id='word_1_489' title='bbox 3261 3476 3426 3532; x_wconf 88' lang='lat' dir='ltr'><strong>super</strong></span> <span class='ocrx_word' id='word_1_490' title='bbox 3471 3474 3695 3516; x_wconf 58' lang='lat' dir='ltr'><strong>omnem</strong></span> 
     </span>
    </p>
   </div>
   <div class='ocr_carea' id='block_1_75' title="bbox 2113 3550 3695 3632">
    <p class='ocr_par' dir='ltr' id='par_1_75' title="bbox 2113 3550 3695 3632">
     <span class='ocr_line' id='line_1_75' title="bbox 2113 3550 3695 3632; baseline -0.008 -16"><span class='ocrx_word' id='word_1_491' title='bbox 2113 3561 2433 3632; x_wconf 90' lang='lat' dir='ltr'><strong>positionem</strong></span> <span class='ocrx_word' id='word_1_492' title='bbox 2457 3567 2543 3616; x_wconf 89' lang='lat' dir='ltr'><strong>est</strong></span> <span class='ocrx_word' id='word_1_493' title='bbox 2583 3558 2822 3629; x_wconf 83' lang='lat' dir='ltr'><strong>perfecta</strong></span> <span class='ocrx_word' id='word_1_494' title='bbox 2844 3565 2901 3612; x_wconf 91' lang='lat' dir='ltr'><strong>et</strong></span> <span class='ocrx_word' id='word_1_495' title='bbox 2921 3555 3209 3626; x_wconf 84' lang='lat' dir='ltr'><strong>singularis</strong></span> <span class='ocrx_word' id='word_1_496' title='bbox 3234 3550 3478 3608; x_wconf 88' lang='lat' dir='ltr'><strong>omnium</strong></span> <span class='ocrx_word' id='word_1_497' title='bbox 3498 3563 3695 3613; x_wconf 76' lang='lat' dir='ltr'><strong>cauusr</strong></span> 
     </span>
    </p>
   </div>
   <div class='ocr_carea' id='block_1_76' title="bbox 2111 3640 3685 3723">
    <p class='ocr_par' dir='ltr' id='par_1_76' title="bbox 2111 3640 3685 3723">
     <span class='ocr_line' id='line_1_76' title="bbox 2111 3640 3685 3723; baseline -0.008 -16"><span class='ocrx_word' id='word_1_498' title='bbox 2111 3668 2275 3723; x_wconf 86' lang='lat' dir='ltr'><strong>super</strong></span> <span class='ocrx_word' id='word_1_499' title='bbox 2292 3666 2506 3707; x_wconf 90' lang='lat' dir='ltr'><strong>omnem</strong></span> <span class='ocrx_word' id='word_1_500' title='bbox 2531 3649 2854 3705; x_wconf 87' lang='lat' dir='ltr'><strong>ablationem</strong></span> <span class='ocrx_word' id='word_1_501' title='bbox 2883 3646 3199 3703; x_wconf 83' lang='lat' dir='ltr'><strong>excellentia</strong></span> <span class='ocrx_word' id='word_1_502' title='bbox 3235 3645 3257 3678; x_wconf 84' lang='grc'><strong>⁸</strong></span> <span class='ocrx_word' id='word_1_503' title='bbox 3288 3643 3532 3699; x_wconf 88' lang='lat' dir='ltr'><strong>omnium</strong></span> <span class='ocrx_word' id='word_1_504' title='bbox 3560 3640 3685 3696; x_wconf 77' lang='lat' dir='ltr'><strong>sim-</strong></span> 
     </span>
    </p>
   </div>
   <div class='ocr_carea' id='block_1_77' title="bbox 2108 3730 3687 3815">
    <p class='ocr_par' dir='ltr' id='par_1_77' title="bbox 2108 3730 3687 3815">
     <span class='ocr_line' id='line_1_77' title="bbox 2108 3730 3687 3815; baseline -0.009 -18"><span class='ocrx_word' id='word_1_505' title='bbox 2108 3743 2323 3815; x_wconf 89' lang='lat' dir='ltr'><strong>pliciter</strong></span> <span class='ocrx_word' id='word_1_506' title='bbox 2347 3730 2677 3814; x_wconf 82' lang='lat' dir='ltr'><strong>perfectione</strong></span> <span class='ocrx_word' id='word_1_507' title='bbox 2696 3741 2739 3803; x_wconf 82' lang='lat'><strong>&#39;,</strong></span> <span class='ocrx_word' id='word_1_508' title='bbox 2771 3749 2829 3795; x_wconf 90' lang='lat' dir='ltr'><strong>et</strong></span> <span class='ocrx_word' id='word_1_509' title='bbox 2855 3740 3140 3795; x_wconf 85' lang='lat' dir='ltr'><strong>smnmitas</strong></span> <span class='ocrx_word' id='word_1_510' title='bbox 3162 3735 3428 3793; x_wconf 82' lang='lat' dir='ltr'><strong>omnium.</strong></span> <span class='ocrx_word' id='word_1_511' title='bbox 3457 3730 3687 3802; x_wconf 70' lang='lat' dir='ltr'><strong>Esplieit</strong></span> 
     </span>
    </p>
   </div>
   <div class='ocr_carea' id='block_1_78' title="bbox 2108 3830 2950 3904">
    <p class='ocr_par' dir='ltr' id='par_1_78' title="bbox 2108 3830 2950 3904">
     <span class='ocr_line' id='line_1_78' title="bbox 2108 3830 2950 3904; baseline -0.005 -17"><span class='ocrx_word' id='word_1_512' title='bbox 2108 3833 2238 3890; x_wconf 85' lang='lat' dir='ltr'><strong>liber</strong></span> <span class='ocrx_word' id='word_1_513' title='bbox 2268 3833 2332 3889; x_wconf 88' lang='lat' dir='ltr'><strong>de</strong></span> <span class='ocrx_word' id='word_1_514' title='bbox 2360 3833 2582 3904; x_wconf 76' lang='lat' dir='ltr'><strong>mystica</strong></span> <span class='ocrx_word' id='word_1_515' title='bbox 2615 3830 2874 3901; x_wconf 77' lang='lat' dir='ltr'><strong>theologia</strong></span> <span class='ocrx_word' id='word_1_516' title='bbox 2901 3842 2950 3883; x_wconf 76' lang='grc' dir='ltr'><strong>ι.</strong></span> 
     </span>
    </p>
   </div>
   <div class='ocr_carea' id='block_1_79' title="bbox 889 3974 3187 4150">
    <p class='ocr_par' dir='ltr' id='par_1_79' title="bbox 889 3974 3187 4150">
     <span class='ocr_line' id='line_1_79' title="bbox 889 3974 3187 4150; baseline -0.003 -10"><span class='ocrx_word' id='word_1_517' title='bbox 889 4024 1401 4145; x_wconf 84' lang='lat' dir='ltr'><strong>SANCTI</strong></span> <span class='ocrx_word' id='word_1_518' title='bbox 1484 3974 2125 4150; x_wconf 79' lang='lat' dir='ltr'><strong>DIONYSII</strong></span> <span class='ocrx_word' id='word_1_519' title='bbox 2211 4014 3187 4146; x_wconf 83' lang='lat' dir='ltr'><strong>AREOPAGITAE</strong></span> 
     </span>
    </p>
   </div>
   <div class='ocr_carea' id='block_1_80' title="bbox 738 4305 2068 4452">
    <p class='ocr_par' dir='ltr' id='par_1_80' title="bbox 738 4305 2068 4452">
     <span class='ocr_line' id='line_1_80' title="bbox 738 4305 2068 4452; baseline -0.002 0"><span class='ocrx_word' id='word_1_520' title='bbox 738 4305 1993 4452; x_wconf 85' lang='lat' dir='ltr'><strong>EPISTOLAE</strong></span> <span class='ocrx_word' id='word_1_521' title='bbox 2051 4310 2068 4325; x_wconf 84' lang='grc'><strong>’</strong></span> 
     </span>
    </p>
   </div>
   <div class='ocr_carea' id='block_1_81' title="bbox 446 4583 901 4654">
    <p class='ocr_par' dir='ltr' id='par_1_81' title="bbox 446 4583 901 4654">
     <span class='ocr_line' id='line_1_81' title="bbox 446 4583 901 4654; baseline -0.007 -9"><span class='ocrx_word' id='word_1_522' title='bbox 446 4583 494 4654; x_wconf 63' lang='grc' dir='ltr'><strong>ζ.</strong></span> <span class='ocrx_word' id='word_1_523' title='bbox 515 4594 632 4654; x_wconf 74' lang='lat' dir='ltr'><strong>Gaio</strong></span> <span class='ocrx_word' id='word_1_524' title='bbox 654 4593 901 4644; x_wconf 85' lang='lat' dir='ltr'><strong>monacho.</strong></span> 
     </span>
    </p>
   </div>
   <div class='ocr_carea' id='block_1_82' title="bbox 449 4650 737 4706">
    <p class='ocr_par' dir='ltr' id='par_1_82' title="bbox 449 4650 737 4706">
     <span class='ocr_line' id='line_1_82' title="bbox 449 4650 737 4706; baseline 0.017 -5"><span class='ocrx_word' id='word_1_525' title='bbox 449 4650 516 4704; x_wconf 79' lang='lat' dir='ltr'><strong>ﬂ.</strong></span> <span class='ocrx_word' id='word_1_526' title='bbox 551 4650 737 4706; x_wconf 70' lang='lat' dir='ltr'><strong>Eidem.</strong></span> 
     </span>
    </p>
   </div>
   <div class='ocr_carea' id='block_1_83' title="bbox 450 4707 762 4765">
    <p class='ocr_par' dir='ltr' id='par_1_83' title="bbox 450 4707 762 4765">
     <span class='ocr_line' id='line_1_83' title="bbox 450 4707 762 4765; baseline 0.006 -2"><span class='ocrx_word' id='word_1_527' title='bbox 450 4707 536 4764; x_wconf 78' lang='grc' dir='ltr'><strong>ΙΙΙ.</strong></span> <span class='ocrx_word' id='word_1_528' title='bbox 574 4716 762 4765; x_wconf 84' lang='lat' dir='ltr'><strong>Eidem.</strong></span> 
     </span>
    </p>
   </div>
   <div class='ocr_carea' id='block_1_84' title="bbox 452 4771 757 4834">
    <p class='ocr_par' dir='ltr' id='par_1_84' title="bbox 452 4771 757 4834">
     <span class='ocr_line' id='line_1_84' title="bbox 452 4771 757 4834; baseline 0.01 -13"><span class='ocrx_word' id='word_1_529' title='bbox 452 4771 534 4825; x_wconf 83' lang='grc' dir='ltr'><strong>ιν.</strong></span> <span class='ocrx_word' id='word_1_530' title='bbox 574 4776 757 4834; x_wconf 74' lang='lat' dir='ltr'><strong>Eilem,</strong></span> 
     </span>
    </p>
   </div>
   <div class='ocr_carea' id='block_1_85' title="bbox 450 4834 1058 4886">
    <p class='ocr_par' dir='ltr' id='par_1_85' title="bbox 450 4834 1058 4886">
     <span class='ocr_line' id='line_1_85' title="bbox 450 4834 1058 4886; baseline 0.007 -5"><span class='ocrx_word' id='word_1_531' title='bbox 450 4834 508 4882; x_wconf 82' lang='lat' dir='ltr'><strong>V.</strong></span> <span class='ocrx_word' id='word_1_532' title='bbox 547 4834 790 4886; x_wconf 86' lang='lat' dir='ltr'><strong>Dorotbeo</strong></span> <span class='ocrx_word' id='word_1_533' title='bbox 825 4837 1058 4885; x_wconf 76' lang='lat' dir='ltr'><strong>ministro.</strong></span> 
     </span>
    </p>
   </div>
   <div class='ocr_carea' id='block_1_86' title="bbox 451 4895 1093 4947">
    <p class='ocr_par' dir='ltr' id='par_1_86' title="bbox 451 4895 1093 4947">
     <span class='ocr_line' id='line_1_86' title="bbox 451 4895 1093 4947; baseline 0.008 -5"><span class='ocrx_word' id='word_1_534' title='bbox 451 4895 531 4945; x_wconf 76' lang='grc' dir='ltr'><strong>Η.</strong></span> <span class='ocrx_word' id='word_1_535' title='bbox 555 4897 806 4947; x_wconf 68' lang='grc' dir='ltr'><strong>Βοςὶοειιτο</strong></span> <span class='ocrx_word' id='word_1_536' title='bbox 832 4898 1093 4946; x_wconf 85' lang='lat' dir='ltr'><strong>sacerdoti.</strong></span> 
     </span>
    </p>
   </div>
   <div class='ocr_carea' id='block_1_87' title="bbox 449 4956 1333 5022">
    <p class='ocr_par' dir='ltr' id='par_1_87' title="bbox 449 4956 1333 5022">
     <span class='ocr_line' id='line_1_87' title="bbox 449 4956 1333 5022; baseline 0.001 -15"><span class='ocrx_word' id='word_1_537' title='bbox 449 4956 555 5008; x_wconf 76' lang='lat' dir='ltr'><strong>VH.</strong></span> <span class='ocrx_word' id='word_1_538' title='bbox 593 4956 852 5022; x_wconf 76' lang='lat' dir='ltr'><strong>Polyearpo</strong></span> <span class='ocrx_word' id='word_1_539' title='bbox 868 4970 1054 5008; x_wconf 88' lang='lat' dir='ltr'><strong>summo</strong></span> <span class='ocrx_word' id='word_1_540' title='bbox 1075 4957 1333 5009; x_wconf 80' lang='lat' dir='ltr'><strong>sacerdoti.</strong></span> 
     </span>
    </p>
   </div>
   <div class='ocr_carea' id='block_1_88' title="bbox 2231 4297 3415 4452">
    <p class='ocr_par' dir='ltr' id='par_1_88' title="bbox 2231 4297 3415 4452">
     <span class='ocr_line' id='line_1_88' title="bbox 2231 4297 3415 4452; baseline -0.005 -7"><span class='ocrx_word' id='word_1_541' title='bbox 2231 4306 2913 4452; x_wconf 81' lang='lat' dir='ltr'><strong>DIV-EB</strong></span> <span class='ocrx_word' id='word_1_542' title='bbox 2938 4297 3415 4442; x_wconf 72' lang='grc' dir='ltr'><strong>ΒΑΕ.</strong></span> 
     </span>
    </p>
   </div>
   <div class='ocr_carea' id='block_1_89' title="bbox 2037 4581 3691 4666">
    <p class='ocr_par' dir='ltr' id='par_1_89' title="bbox 2037 4581 3691 4666">
     <span class='ocr_line' id='line_1_89' title="bbox 2037 4581 3691 4666; baseline -0.007 -27"><span class='ocrx_word' id='word_1_543' title='bbox 2037 4605 2091 4666; x_wconf 79' lang='lat' dir='ltr'><strong><em>D</em></strong></span> <span class='ocrx_word' id='word_1_544' title='bbox 2117 4591 2248 4666; x_wconf 75' lang='lat' dir='ltr'><strong>vttt.</strong></span> <span class='ocrx_word' id='word_1_545' title='bbox 2280 4590 2577 4666; x_wconf 72' lang='lat' dir='ltr'><strong>pemOphilo</strong></span> <span class='ocrx_word' id='word_1_546' title='bbox 2614 4587 2850 4639; x_wconf 80' lang='lat' dir='ltr'><strong>monacho</strong></span> <span class='ocrx_word' id='word_1_547' title='bbox 2886 4587 2954 4637; x_wconf 83' lang='lat' dir='ltr'><strong>de</strong></span> <span class='ocrx_word' id='word_1_548' title='bbox 2995 4586 3187 4648; x_wconf 85' lang='lat' dir='ltr'><strong>propria</strong></span> <span class='ocrx_word' id='word_1_549' title='bbox 3222 4581 3603 4633; x_wconf 80' lang='lat' dir='ltr'><strong>manauetudina</strong></span> <span class='ocrx_word' id='word_1_550' title='bbox 3638 4585 3691 4629; x_wconf 73' lang='lat' dir='ltr'><strong>et</strong></span> 
     </span>
    </p>
   </div>
   <div class='ocr_carea' id='block_1_90' title="bbox 2121 4657 3683 4767">
    <p class='ocr_par' dir='ltr' id='par_1_90' title="bbox 2121 4657 3683 4767">
     <span class='ocr_line' id='line_1_90' title="bbox 2182 4657 2419 4702; baseline 0 0"><span class='ocrx_word' id='word_1_551' title='bbox 2182 4657 2419 4702; x_wconf 84' lang='lat' dir='ltr'><strong>bonitate.</strong></span> 
     </span>
     <span class='ocr_line' id='line_1_91' title="bbox 2121 4699 3683 4767; baseline -0.008 -3"><span class='ocrx_word' id='word_1_552' title='bbox 2121 4713 2202 4764; x_wconf 81' lang='lat' dir='ltr'><strong>IX.</strong></span> <span class='ocrx_word' id='word_1_553' title='bbox 2240 4713 2348 4763; x_wconf 86' lang='lat' dir='ltr'><strong>Pito</strong></span> <span class='ocrx_word' id='word_1_554' title='bbox 2390 4723 2575 4760; x_wconf 89' lang='lat' dir='ltr'><strong>summo</strong></span> <span class='ocrx_word' id='word_1_555' title='bbox 2614 4710 2853 4761; x_wconf 73' lang='lat' dir='ltr'><strong>sacerdoti</strong></span> <span class='ocrx_word' id='word_1_556' title='bbox 2891 4708 3214 4763; x_wconf 77' lang='lat' dir='ltr'><strong>interroganti</strong></span> <span class='ocrx_word' id='word_1_557' title='bbox 3266 4716 3354 4767; x_wconf 73' lang='lat' dir='ltr'><strong>per</strong></span> <span class='ocrx_word' id='word_1_558' title='bbox 3389 4699 3640 4767; x_wconf 66' lang='lat' dir='ltr'><strong>epistolam</strong></span> <span class='ocrx_word' id='word_1_559' title='bbox 3666 4736 3683 4757; x_wconf 89' lang='lat'><strong>.</strong></span> 
     </span>
    </p>
   </div>
   <div class='ocr_carea' id='block_1_91' title="bbox 2179 4765 3689 4834">
    <p class='ocr_par' dir='ltr' id='par_1_91' title="bbox 2179 4765 3689 4834">
     <span class='ocr_line' id='line_1_92' title="bbox 2179 4765 3689 4834; baseline -0.007 -11"><span class='ocrx_word' id='word_1_560' title='bbox 2179 4786 2305 4834; x_wconf 89' lang='lat' dir='ltr'><strong>quae</strong></span> <span class='ocrx_word' id='word_1_561' title='bbox 2328 4776 2598 4832; x_wconf 62' lang='lat' dir='ltr'><strong>sapinntiae</strong></span> <span class='ocrx_word' id='word_1_562' title='bbox 2619 4773 2807 4828; x_wconf 83' lang='lat' dir='ltr'><strong>domus,</strong></span> <span class='ocrx_word' id='word_1_563' title='bbox 2824 4770 2936 4831; x_wconf 84' lang='lat' dir='ltr'><strong>quis</strong></span> <span class='ocrx_word' id='word_1_564' title='bbox 2953 4775 3137 4829; x_wconf 85' lang='lat' dir='ltr'><strong>crater,</strong></span> <span class='ocrx_word' id='word_1_565' title='bbox 3161 4775 3214 4818; x_wconf 83' lang='lat' dir='ltr'><strong>et</strong></span> <span class='ocrx_word' id='word_1_566' title='bbox 3238 4765 3323 4830; x_wconf 81' lang='lat' dir='ltr'><strong>qut</strong></span> <span class='ocrx_word' id='word_1_567' title='bbox 3353 4767 3453 4816; x_wconf 72' lang='lat' dir='ltr'><strong>can</strong></span> <span class='ocrx_word' id='word_1_568' title='bbox 3489 4765 3615 4826; x_wconf 65' lang='lat' dir='ltr'><strong>eius,</strong></span> <span class='ocrx_word' id='word_1_569' title='bbox 3635 4769 3689 4812; x_wconf 77' lang='lat' dir='ltr'><strong>et</strong></span> 
     </span>
    </p>
   </div>
   <div class='ocr_carea' id='block_1_92' title="bbox 2176 4838 2451 4897">
    <p class='ocr_par' dir='ltr' id='par_1_92' title="bbox 2176 4838 2451 4897">
     <span class='ocr_line' id='line_1_93' title="bbox 2176 4838 2451 4897; baseline 0.022 -18"><span class='ocrx_word' id='word_1_570' title='bbox 2176 4838 2265 4897; x_wconf 76' lang='lat' dir='ltr'><strong>qui</strong></span> <span class='ocrx_word' id='word_1_571' title='bbox 2290 4843 2451 4896; x_wconf 78' lang='lat' dir='ltr'><strong>potus.</strong></span> 
     </span>
    </p>
   </div>
   <div class='ocr_carea' id='block_1_93' title="bbox 2114 4884 3690 4953">
    <p class='ocr_par' dir='ltr' id='par_1_93' title="bbox 2114 4884 3690 4953">
     <span class='ocr_line' id='line_1_94' title="bbox 2114 4884 3690 4953; baseline -0.008 -8"><span class='ocrx_word' id='word_1_572' title='bbox 2114 4895 2171 4945; x_wconf 79' lang='grc' dir='ltr'><strong>Χ.</strong></span> <span class='ocrx_word' id='word_1_573' title='bbox 2195 4884 2380 4944; x_wconf 75' lang='lat' dir='ltr'><strong>&#39;Joa&#39;oni</strong></span> <span class='ocrx_word' id='word_1_574' title='bbox 2425 4884 2650 4953; x_wconf 78' lang='lat' dir='ltr'><strong>theologo</strong></span> <span class='ocrx_word' id='word_1_575' title='bbox 2673 4889 2890 4952; x_wconf 81' lang='lat' dir='ltr'><strong>apostolo</strong></span> <span class='ocrx_word' id='word_1_576' title='bbox 2912 4895 2964 4940; x_wconf 89' lang='lat' dir='ltr'><strong>et</strong></span> <span class='ocrx_word' id='word_1_577' title='bbox 2998 4886 3336 4952; x_wconf 80' lang='lat' dir='ltr'><strong>evangelistae</strong></span> <span class='ocrx_word' id='word_1_578' title='bbox 3373 4884 3690 4938; x_wconf 64' lang='lat' dir='ltr'><strong>circumcisio</strong></span> 
     </span>
    </p>
   </div>
   <div class='ocr_carea' id='block_1_94' title="bbox 2173 4955 2773 5007">
    <p class='ocr_par' dir='ltr' id='par_1_94' title="bbox 2173 4955 2773 5007">
     <span class='ocr_line' id='line_1_95' title="bbox 2173 4955 2773 5007; baseline -0.007 0"><span class='ocrx_word' id='word_1_579' title='bbox 2173 4959 2220 5007; x_wconf 84' lang='lat' dir='ltr'><strong>in</strong></span> <span class='ocrx_word' id='word_1_580' title='bbox 2241 4957 2466 5007; x_wconf 80' lang='lat' dir='ltr'><strong>Patlttnos</strong></span> <span class='ocrx_word' id='word_1_581' title='bbox 2487 4957 2531 4988; x_wconf 77' lang='grc' dir='ltr'><strong><em>ιο</em></strong></span> <span class='ocrx_word' id='word_1_582' title='bbox 2556 4955 2773 5005; x_wconf 87' lang='lat' dir='ltr'><strong>insulam.</strong></span> 
     </span>
    </p>
   </div>
   <div class='ocr_carea' id='block_1_95' title="bbox 1715 5078 2396 5140">
    <p class='ocr_par' dir='ltr' id='par_1_95' title="bbox 1715 5078 2396 5140">
     <span class='ocr_line' id='line_1_96' title="bbox 1715 5078 2396 5140; baseline -0.003 -2"><span class='ocrx_word' id='word_1_583' title='bbox 1715 5083 1962 5139; x_wconf 72' lang='lat' dir='ltr'><strong>VARIAE</strong></span> <span class='ocrx_word' id='word_1_584' title='bbox 1998 5078 2396 5140; x_wconf 79' lang='lat' dir='ltr'><strong>LECTIONES.</strong></span> 
     </span>
    </p>
   </div>
   <div class='ocr_carea' id='block_1_96' title="bbox 521 5180 3685 5267">
    <p class='ocr_par' dir='ltr' id='par_1_96' title="bbox 521 5180 3685 5267">
     <span class='ocr_line' id='line_1_97' title="bbox 521 5180 3685 5267; baseline -0.006 -13"><span class='ocrx_word' id='word_1_585' title='bbox 521 5197 539 5230; x_wconf 83' lang='lat'><strong><em>‘</em></strong></span> <span class='ocrx_word' id='word_1_586' title='bbox 565 5213 851 5254; x_wconf 84' lang='lat' dir='ltr'><strong>sermonem</strong></span> <span class='ocrx_word' id='word_1_587' title='bbox 872 5210 980 5251; x_wconf 90' lang='lat' dir='ltr'><strong>om.</strong></span> <span class='ocrx_word' id='word_1_588' title='bbox 1007 5194 1154 5267; x_wconf 38' lang='lat' dir='ltr'><strong>BE.”</strong></span> <span class='ocrx_word' id='word_1_589' title='bbox 1193 5197 1213 5227; x_wconf 84' lang='grc'>¹</span> <span class='ocrx_word' id='word_1_590' title='bbox 1229 5196 1439 5267; x_wconf 68' lang='lat' dir='ltr'><strong>Bliqui.</strong></span> <span class='ocrx_word' id='word_1_591' title='bbox 1517 5195 1648 5267; x_wconf 17' lang='lat' dir='ltr'><strong>&#39;7le</strong></span> <span class='ocrx_word' id='word_1_592' title='bbox 1673 5197 1949 5267; x_wconf 70' lang='lat' dir='ltr'><strong>phantasia</strong></span> <span class='ocrx_word' id='word_1_593' title='bbox 1971 5225 2039 5236; x_wconf 92' lang='lat'><strong>-—</strong></span> <span class='ocrx_word' id='word_1_594' title='bbox 2055 5194 2229 5264; x_wconf 78' lang='lat' dir='ltr'><strong>opinio</strong></span> <span class='ocrx_word' id='word_1_595' title='bbox 2248 5226 2319 5236; x_wconf 92' lang='lat'><strong><em>—</em></strong></span> <span class='ocrx_word' id='word_1_596' title='bbox 2342 5191 2706 5267; x_wconf 72' lang='lat' dir='ltr'><strong>intelligentia.</strong></span> <span class='ocrx_word' id='word_1_597' title='bbox 2783 5189 2805 5222; x_wconf 71' lang='grc'>⁸</span> <span class='ocrx_word' id='word_1_598' title='bbox 2824 5189 3065 5267; x_wconf 81' lang='lat' dir='ltr'><strong>habet_--</strong></span> <span class='ocrx_word' id='word_1_599' title='bbox 3084 5186 3428 5267; x_wconf 47' lang='lat' dir='ltr'><strong>intelligentia</strong></span> <span class='ocrx_word' id='word_1_600' title='bbox 3450 5200 3558 5240; x_wconf 83' lang='lat' dir='ltr'><strong>om.</strong></span> <span class='ocrx_word' id='word_1_601' title='bbox 3578 5180 3685 5237; x_wconf 73' lang='lat' dir='ltr'><strong>BH.</strong></span> 
     </span>
    </p>
   </div>
   <div class='ocr_carea' id='block_1_97' title="bbox 446 5256 3687 5338">
    <p class='ocr_par' dir='ltr' id='par_1_97' title="bbox 446 5256 3687 5338">
     <span class='ocr_line' id='line_1_98' title="bbox 446 5256 3687 5338; baseline 0.001 -38"><span class='ocrx_word' id='word_1_602' title='bbox 446 5267 473 5300; x_wconf 70' lang='grc' dir='ltr'><strong><em>ι</em></strong></span> <span class='ocrx_word' id='word_1_603' title='bbox 512 5285 670 5338; x_wconf 82' lang='lat' dir='ltr'><strong>neque</strong></span> <span class='ocrx_word' id='word_1_604' title='bbox 713 5267 879 5321; x_wconf 75' lang='lat' dir='ltr'><strong>deitas</strong></span> <span class='ocrx_word' id='word_1_605' title='bbox 915 5282 1026 5320; x_wconf 89' lang='lat' dir='ltr'><strong>om.</strong></span> <span class='ocrx_word' id='word_1_606' title='bbox 1068 5264 1174 5319; x_wconf 82' lang='lat' dir='ltr'><strong>BH.</strong></span> <span class='ocrx_word' id='word_1_607' title='bbox 1250 5268 1271 5298; x_wconf 76' lang='grc' dir='ltr'><strong>ο</strong></span> <span class='ocrx_word' id='word_1_608' title='bbox 1298 5256 1388 5321; x_wconf 76' lang='lat' dir='ltr'><strong>Sic</strong></span> <span class='ocrx_word' id='word_1_609' title='bbox 1414 5266 1456 5319; x_wconf 78' lang='grc' dir='ltr'><strong>Α</strong></span> <span class='ocrx_word' id='word_1_610' title='bbox 1483 5283 1497 5331; x_wconf 88' lang='grc'>;</span> <span class='ocrx_word' id='word_1_611' title='bbox 1524 5256 1755 5338; x_wconf 73' lang='lat' dir='ltr'><strong>Bﬂeatn</strong></span> <span class='ocrx_word' id='word_1_612' title='bbox 1782 5256 2114 5338; x_wconf 75' lang='lat' dir='ltr'><strong>cognoscunt</strong></span> <span class='ocrx_word' id='word_1_613' title='bbox 2140 5274 2241 5338; x_wconf 74' lang='lat' dir='ltr'><strong>aut</strong></span> <span class='ocrx_word' id='word_1_614' title='bbox 2259 5256 2532 5338; x_wconf 73' lang='lat' dir='ltr'><strong>existentia</strong></span> <span class='ocrx_word' id='word_1_615' title='bbox 2550 5269 2652 5338; x_wconf 58' lang='lat' dir='ltr'><strong>est,</strong></span> <span class='ocrx_word' id='word_1_616' title='bbox 2678 5259 3099 5338; x_wconf 52' lang='lat' dir='ltr'><strong>nequejerbunt</strong></span> <span class='ocrx_word' id='word_1_617' title='bbox 3128 5256 3465 5338; x_wconf 46' lang='lat' dir='ltr'><strong>cet:;F:‘e_atu</strong></span> <span class='ocrx_word' id='word_1_618' title='bbox 3493 5267 3687 5338; x_wconf 52' lang='lat' dir='ltr'><strong>(mgnu—</strong></span> 
     </span>
    </p>
   </div>
   <div class='ocr_carea' id='block_1_98' title="bbox 443 5324 3686 5405">
    <p class='ocr_par' dir='ltr' id='par_1_98' title="bbox 443 5324 3686 5405">
     <span class='ocr_line' id='line_1_99' title="bbox 443 5324 3686 5405; baseline -0.005 -14"><span class='ocrx_word' id='word_1_619' title='bbox 443 5324 608 5392; x_wconf 63' lang='lat' dir='ltr'><strong>srnn&#39;t</strong></span> <span class='ocrx_word' id='word_1_620' title='bbox 630 5347 719 5390; x_wconf 82' lang='lat' dir='ltr'><strong>aut</strong></span> <span class='ocrx_word' id='word_1_621' title='bbox 742 5337 1015 5391; x_wconf 64' lang='lat' dir='ltr'><strong>eminentia</strong></span> <span class='ocrx_word' id='word_1_622' title='bbox 1044 5343 1296 5399; x_wconf 80' lang='lat' dir='ltr'><strong>sunl,est,</strong></span> <span class='ocrx_word' id='word_1_623' title='bbox 1323 5324 1495 5405; x_wconf 84' lang='lat' dir='ltr'><strong>neque</strong></span> <span class='ocrx_word' id='word_1_624' title='bbox 1515 5336 1737 5392; x_wconf 84' lang='lat' dir='ltr'><strong>verbum</strong></span> <span class='ocrx_word' id='word_1_625' title='bbox 1768 5324 1879 5390; x_wconf 49' lang='lat' dir='ltr'><strong>cet:</strong></span> <span class='ocrx_word' id='word_1_626' title='bbox 1947 5336 1968 5360; x_wconf 83' lang='lat'><strong>&#39;</strong></span> <span class='ocrx_word' id='word_1_627' title='bbox 1992 5350 2152 5404; x_wconf 83' lang='lat' dir='ltr'><strong>neque</strong></span> <span class='ocrx_word' id='word_1_628' title='bbox 2171 5336 2385 5389; x_wconf 82' lang='lat' dir='ltr'><strong>scientia</strong></span> <span class='ocrx_word' id='word_1_629' title='bbox 2414 5347 2521 5387; x_wconf 89' lang='lat' dir='ltr'><strong>om.</strong></span> <span class='ocrx_word' id='word_1_630' title='bbox 2550 5327 2655 5384; x_wconf 82' lang='lat' dir='ltr'><strong>BH.</strong></span> <span class='ocrx_word' id='word_1_631' title='bbox 2738 5324 2871 5383; x_wconf 67' lang='lat' dir='ltr'><strong>&quot;BH</strong></span> <span class='ocrx_word' id='word_1_632' title='bbox 2899 5327 3174 5382; x_wconf 69' lang='lat' dir='ltr'><strong>excellens.</strong></span> <span class='ocrx_word' id='word_1_633' title='bbox 3247 5325 3269 5357; x_wconf 85' lang='grc'><strong>⁹</strong></span> <span class='ocrx_word' id='word_1_634' title='bbox 3301 5325 3386 5380; x_wconf 84' lang='lat' dir='ltr'><strong>Bll</strong></span> <span class='ocrx_word' id='word_1_635' title='bbox 3421 5324 3686 5393; x_wconf 74' lang='lat' dir='ltr'><strong>perfectio.</strong></span> 
     </span>
    </p>
   </div>
   <div class='ocr_carea' id='block_1_99' title="bbox 1979 5472 2224 5530">
    <p class='ocr_par' dir='ltr' id='par_1_99' title="bbox 1979 5472 2224 5530">
     <span class='ocr_line' id='line_1_100' title="bbox 1979 5472 2224 5530; baseline -0.012 -1"><span class='ocrx_word' id='word_1_636' title='bbox 1979 5472 2224 5530; x_wconf 81' lang='lat' dir='ltr'><strong>NOTAE.</strong></span> 
     </span>
    </p>
   </div>
   <div class='ocr_carea' id='block_1_100' title="bbox 450 5406 898 5461">
    <p class='ocr_par' dir='ltr' id='par_1_100' title="bbox 450 5406 898 5461">
     <span class='ocr_line' id='line_1_101' title="bbox 450 5406 898 5461; baseline -0.007 1"><span class='ocrx_word' id='word_1_637' title='bbox 450 5406 502 5437; x_wconf 79' lang='lat'><strong>‘°</strong></span> <span class='ocrx_word' id='word_1_638' title='bbox 542 5407 583 5461; x_wconf 86' lang='lat' dir='ltr'><strong>E</strong></span> <span class='ocrx_word' id='word_1_639' title='bbox 621 5406 898 5460; x_wconf 77' lang='lat' dir='ltr'><strong>Pal/tmen.</strong></span> 
     </span>
    </p>
   </div>
   <div class='ocr_carea' id='block_1_101' title="bbox 523 5583 2010 5655">
    <p class='ocr_par' dir='ltr' id='par_1_101' title="bbox 523 5583 2010 5655">
     <span class='ocr_line' id='line_1_102' title="bbox 523 5583 2010 5655; baseline -0.002 -17"><span class='ocrx_word' id='word_1_640' title='bbox 523 5597 548 5625; x_wconf 72' lang='grc' dir='ltr'>ι</span> <span class='ocrx_word' id='word_1_641' title='bbox 591 5583 815 5651; x_wconf 67' lang='lat' dir='ltr'><strong>Explieit</strong></span> <span class='ocrx_word' id='word_1_642' title='bbox 866 5586 1099 5655; x_wconf 74' lang='lat' dir='ltr'><strong>Dionysii</strong></span> <span class='ocrx_word' id='word_1_643' title='bbox 1157 5584 1497 5655; x_wconf 72' lang='lat' dir='ltr'><strong>Areopagitae</strong></span> <span class='ocrx_word' id='word_1_644' title='bbox 1526 5583 1749 5655; x_wconf 76' lang='lat' dir='ltr'><strong>episcopi</strong></span> <span class='ocrx_word' id='word_1_645' title='bbox 1790 5584 2010 5655; x_wconf 71' lang='lat' dir='ltr'><strong>Athena-</strong></span> 
     </span>
    </p>
   </div>
   <div class='ocr_carea' id='block_1_102' title="bbox 445 5653 2017 5725">
    <p class='ocr_par' dir='ltr' id='par_1_102' title="bbox 445 5653 2017 5725">
     <span class='ocr_line' id='line_1_103' title="bbox 445 5653 2017 5725; baseline 0.001 -21"><span class='ocrx_word' id='word_1_646' title='bbox 445 5667 567 5706; x_wconf 63' lang='lat' dir='ltr'><strong>rum</strong></span> <span class='ocrx_word' id='word_1_647' title='bbox 599 5656 660 5709; x_wconf 81' lang='lat' dir='ltr'><strong>tle</strong></span> <span class='ocrx_word' id='word_1_648' title='bbox 697 5658 911 5723; x_wconf 66' lang='lat' dir='ltr'><strong>mystica</strong></span> <span class='ocrx_word' id='word_1_649' title='bbox 946 5653 1220 5725; x_wconf 56' lang='lat' dir='ltr'><strong>thialogia.</strong></span> <span class='ocrx_word' id='word_1_650' title='bbox 1259 5653 1322 5710; x_wconf 80' lang='lat' dir='ltr'><strong>In</strong></span> <span class='ocrx_word' id='word_1_651' title='bbox 1367 5653 1637 5724; x_wconf 77' lang='lat' dir='ltr'><strong>caliginem</strong></span> <span class='ocrx_word' id='word_1_652' title='bbox 1672 5653 2017 5708; x_wconf 76' lang='lat' dir='ltr'><strong>clarissimam</strong></span> 
     </span>
    </p>
   </div>
   <div class='ocr_carea' id='block_1_103' title="bbox 2122 5572 3690 5649">
    <p class='ocr_par' dir='ltr' id='par_1_103' title="bbox 2122 5572 3690 5649">
     <span class='ocr_line' id='line_1_104' title="bbox 2122 5572 3690 5649; baseline -0.009 -16"><span class='ocrx_word' id='word_1_653' title='bbox 2122 5581 2406 5649; x_wconf 78' lang='lat' dir='ltr'><strong>ingressus,</strong></span> <span class='ocrx_word' id='word_1_654' title='bbox 2444 5580 2497 5632; x_wconf 82' lang='lat' dir='ltr'><strong>in</strong></span> <span class='ocrx_word' id='word_1_655' title='bbox 2526 5595 2625 5647; x_wconf 81' lang='lat' dir='ltr'><strong>qua</strong></span> <span class='ocrx_word' id='word_1_656' title='bbox 2665 5578 2863 5645; x_wconf 81' lang='lat' dir='ltr'><strong>fovetur</strong></span> <span class='ocrx_word' id='word_1_657' title='bbox 2890 5575 3195 5649; x_wconf 71' lang='lat' dir='ltr'><strong>prim&#39;ipittm</strong></span> <span class='ocrx_word' id='word_1_658' title='bbox 3228 5572 3450 5641; x_wconf 68' lang='lat' dir='ltr'><strong>duplicis</strong></span> <span class='ocrx_word' id='word_1_659' title='bbox 3489 5572 3690 5640; x_wconf 55' lang='lat' dir='ltr'><strong>salien-</strong></span> 
     </span>
    </p>
   </div>
   <div class='ocr_carea' id='block_1_104' title="bbox 2127 5646 3078 5727">
    <p class='ocr_par' dir='ltr' id='par_1_104' title="bbox 2127 5646 3078 5727">
     <span class='ocr_line' id='line_1_105' title="bbox 2127 5646 3078 5727; baseline -0.005 -24"><span class='ocrx_word' id='word_1_660' title='bbox 2127 5646 2228 5705; x_wconf 74' lang='lat' dir='ltr'><strong>tiae</strong></span> <span class='ocrx_word' id='word_1_661' title='bbox 2257 5661 2418 5706; x_wconf 79' lang='lat' dir='ltr'><strong>metra</strong></span> <span class='ocrx_word' id='word_1_662' title='bbox 2450 5646 2730 5727; x_wconf 77' lang='lat' dir='ltr'><strong>theologiae</strong></span> <span class='ocrx_word' id='word_1_663' title='bbox 2760 5646 3078 5715; x_wconf 59' lang='lat' dir='ltr'><strong>niani/cstas.</strong></span> 
     </span>
    </p>
   </div>
  </div>
