3978 6160
292 313 426 369 ΗΠ

1149 289 1394 348 VERSIO
1429 283 1709 343 OPERUM
1747 282 1803 336 S.
1845 276 2161 334 DIONYSH.
2195 305 2261 314 ο
2290 267 2688 328 EPISTOLAE.

3394 261 3525 317 1178

1648 445 2192 528 INCIPIUNT

899 657 1419 762 EPISTOLAE
1492 646 1967 748 DIVERSAE
2043 643 2380 739 SANCTI
2454 616 2936 735 DIONYSII1

300 996 539 1072 Epistolas
584 989 748 1048 sancti
796 971 1410 1102 Dionyszifsfopagitae
1447 964 1580 1036 Gajo
1618 962 1870 1018 monacho

377 1155 653 1213 Tenebrae
686 1144 899 1217 quidem
930 1140 1188 1194 obscurae
1217 1132 1351 1186 fiunt
1376 1125 1596 1187 lumine,
1627 1129 1682 1176 et
1703 1117 1874 1186 magis

301 1248 474 1304 multo
514 1215 730 1297 lumine.
782 1229 1138 1305 lgnorantiam
1177 1222 1449 1279 occultant
1489 1215 1775 1275 scientiae,
1820 1220 1876 1263 et

282 1362 287 1367 ε
303 1337 477 1406 magis
510 1331 708 1387 multae
749 1299 1023 1380 scientiae.
1066 1317 1211 1371 Haec
1247 1307 1739 1380 supereminenter,
1779 1299 1874 1356 sed

305 1396 427 1486 nonv
461 1421 750 1480 secundum
793 1413 1145 1486 privationem
1175 1404 1477 1471 accipiens,
1517 1396 1751 1467 approba
1781 1407 1872 1446 su-

307 1531 554 1592 pervere,
582 1514 704 1582 quia
739 1485 866 1562 latet
893 1505 1150 1560 habentes
1173 1495 1224 1552 ὂν
1251 1497 1455 1558 lumen,
1478 1499 1533 1544 et
1563 1501 1686 1542 vere
1709 1485 1878 1585 scien-

308 1566 386 1665 iia
439 1566 728 1662 secundum
779 1597 948 1652 Deum
1001 1587 1300 1662 ignorantia
1331 1624 1346 1648 ,
1402 1591 1457 1637 et
1512 1566 1878 1648 superpositae

307 1701 477 1769 ipsius
505 1692 758 1750 tenebrae
788 1685 1033 1740 velantur
1055 1665 1122 1734 ab
1147 1675 1293 1731 omni
1330 1671 1552 1732 lumine,
1577 1678 1631 1722 et
1659 1666 1881 1769 abscon-

310 1754 445 1846 dunt
500 1785 712 1841 omnem
757 1775 1057 1833 scientiam.
1105 1770 1170 1823 Et
1218 1766 1262 1821 si
1311 1763 1432 1834 quis
1477 1759 1664 1813 videns
1712 1754 1880 1807 Deum

311 1877 573 1935 intellexit
611 1871 753 1942 quod
795 1867 946 1929 vidit,
990 1876 1094 1916 non
1137 1859 1310 1928 ipsum
1357 1847 1749 1918 contemplatus
1775 1849 1880 1906 est,

311 1973 406 2029 se]
441 1969 567 2040 quid
598 1979 784 2022 eorum
820 1962 887 2015 ab
922 1959 1038 2029 ipso
1070 1949 1415 2010 existentium
1445 1953 1500 2000 et
1525 1942 1879 2012 cognitorum.

311 2065 433 2132 Ipse
458 2027 634 2114 autem
673 2068 836 2124 super
871 2049 1108 2104 animum
1144 2051 1198 2099 et
1237 2038 1522 2096 essentiam
1555 2027 1884 2103 supercollo-

314 2119 491 2211 catus,
516 2119 888 2201 universaliter
914 2153 1018 2193 non
1045 2129 1414 2204 cognoscendo
1440 2138 1614 2195 neque
1633 2119 1882 2182 videndo,

313 2255 370 2296 et
404 2249 487 2296 est
516 2230 1060 2309 superessentialiter,
1110 2233 1163 2281 et
1211 2237 1369 2292 super
1408 2219 1644 2274 animum
1684 2227 1883 2278 cogno-

313 2335 510 2388 scitur.
547 2305 614 2384 Evt
641 2329 754 2399 ipsa
781 2323 1074 2380 secundum
1103 2316 1244 2389 quod
1277 2313 1468 2369 melius
1493 2305 1886 2380 perfectissima

317 2421 622 2492 ignorantia
649 2395 871 2473 scientia
901 2420 983 2467 est
1021 2408 1137 2477 ejus
1166 2419 1328 2475 super
1353 2401 1532 2458 omnia
1565 2395 1797 2488 cognita.

1072 2517 1137 2572 11.

1006 2631 1209 2689 Eidem.

379 2752 671 2819 'Quomodo
694 2746 931 2802 omnium
961 2740 1243 2797 summitas
1280 2744 1335 2791 et
1374 2747 1535 2802 super
1559 2727 1892 2784 divinitatem

307 2856 409 2899 .est
438 2853 494 2899 et
533 2856 694 2911 super
719 2833 1050 2894 bonitatem?
1097 2831 1153 2884 Si
1203 2827 1452 2884 deitatem
1503 2833 1557 2876 et
1601 2819 1894 2876 bonitatem

303 2909 800 3002 intelligas—ipsam
842 2939 955 2980 rem
985 2919 1209 2978 beneﬁci
1244 2925 1300 2972 et
1339 2913 1511 2970 deifici
1557 2909 1815 2970 muneris,
1843 2913 1898 2958 et

327 3038 436 3078 non
467 2995 778 3074 imitabilem
811 3010 1059 3084 superdei
1095 3017 1149 3064 et
1184 3001 1566 3075 superoptimi,
1605 2995 1898 3052 secundum

327 3130 490 3186 quam
555 3111 866 3166 deiﬁcamur
906 3112 963 3164 et
1021 3100 1394 3158 bonillcamur.
1445 3091 1656 3148 Etenim
1703 3089 1749 3144 si
1799 3087 1901 3141 hoc

329 3179 651 3276 principium
682 3199 740 3254 iit
773 3195 1077 3259 dedicandi,
1106 3201 1162 3247 et
1194 3190 1394 3260 optime
1439 3185 1614 3276 agitur
1640 3179 1902 3276 deihcatis

321 3271 388 3350 et
415 3271 616 3364 optime
643 3291 821 3354 factis,
847 3287 1022 3342 omnis
1050 3281 1298 3364 principii
1325 3271 1815 3347 superprincipalis,
1849 3277 1905 3364 et

331 3385 413 3439 sic
441 3357 614 3436 dictae
639 3377 853 3433 deitalis
875 3383 930 3430 et
967 3371 1244 3432 bonitatis,
1263 3358 1328 3422 in
1356 3363 1649 3421 divinitatis
1673 3369 1727 3414 et
1751 3357 1904 3414 boni-

315 3472 466 3527 tatis
490 3478 573 3524 est
607 3469 908 3531 summitas,
939 3471 1197 3534 quantum
1229 3456 1562 3514 inimitabilis
1591 3462 1646 3510 et
1678 3453 1904 3508 immen-

316 3561 612 3625 surabilis,
643 3565 862 3629 superat
890 3555 1219 3610 imitationes
1259 3557 1313 3605 et
1355 3544 1820 3618 participationes,
1849 3547 1905 3594 et

327 3653 610 3708 imitantes
647 3659 698 3705 et
730 3647 1133 3718 participantes.

1009 3845 1214 3900 Eidem.

403 3945 493 3998 2E:
526 3941 737 3997 occulto
763 3947 866 4002 est,
894 3936 1036 4006 quod
1064 3942 1252 3988 contra
1280 3943 1450 4001 spem,
1477 3937 1533 3984 et
1557 3942 1624 3984 ex
1653 3940 1717 3980 eo
1744 3937 1912 3994 usque

341 4037 633 4091 obscurum
681 4032 734 4084 in
769 4026 1110 4083 manifestum
1141 4023 1445 4078 deductum.
1492 4019 1590 4073 Ast
1621 4015 1912 4072 secundum

325 4124 620 4180 Christum
646 4118 976 4174 humanitate
1003 4127 1057 4169 et
1087 4115 1188 4168 hoc
1222 4112 1454 4166 arbitror
1485 4108 1804 4176 theologiam
1829 4105 1916 4158 de-

345 4217 594 4274 clarare,
645 4225 712 4264 ex
760 4207 971 4262 occulto
1022 4199 1525 4273 superessentialem
1581 4199 1633 4252 in
1679 4205 1916 4251 nostram

345 4299 835 4358 manifestationem
872 4293 1178 4351 humanitus
1205 4291 1552 4346 essentiatum
1589 4287 1915 4358 provenisse.

334 4391 606 4448 Occultus
633 4399 813 4442 autem
839 4395 923 4440 est
955 4393 1008 4438 et
1044 4391 1164 4452 post
1199 4377 1704 4440 manifestationem,
1735 4385 1826 4430 aut
1863 4383 1922 4428 ut

1893 847 1937 905 Α
1970 845 2068 898 bus
2111 850 2195 897 est
2240 841 2545 896 hominibus
2595 837 2954 895 essentialiter
3001 837 3348 892 coordinatus
3395 833 3544 893 Non’

1973 935 2116 990 enim
2146 942 2204 987 ut
2246 932 2482 987 causalis
2520 932 2826 993 hominum,
2859 930 2946 983 hic
2989 929 3186 983 dicitur
3226 929 3416 992 homo,
3452 932 3545 983 sed

1973 1033 2033 1078 ut
2071 1025 2173 1078 hoc
2212 1023 2506 1078 secundum
2541 1021 2829 1076 essintiam
2873 1029 3037 1074 totam
3078 1034 3205 1073 vere
3253 1020 3414 1074 homo
3455 1021 3543 1076 ὧν.

1974 1115 2082 1170 Nos
2120 1123 2298 1168 autem
2321 1113 2504 1167 Jesum
2539 1126 2642 1165 non
2681 1111 2996 1164 humanitus
3036 1110 3395 1180 segregamus.
3445 1109 3548 1165 Ne-

1973 1220 2078 1274 que
2124 1205 2268 1257 enim
2313 1205 2475 1257 homo
2521 1209 2748 1263 tantum,
2785 1215 2957 1268 neque
2988 1199 3452 1267 superessentialis
3479 1200 3550 1254 sit

1973 1297 2134 1350 homo
2166 1303 2371 1349 tantum
2399 1333 2414 1357 ,
2447 1293 2541 1347 sed
2567 1293 2726 1345 homo
2753 1304 2906 1353 vere,
2935 1287 3242 1344 dill'erenter
3264 1290 3553 1352 humanus,

1975 1403 2136 1457 super
2163 1387 2427 1450 homines,
2457 1394 2512 1439 et
2539 1383 2833 1439 secundum
2861 1382 3127 1443 homines,
3153 1397 3215 1434 ex
3246 1381 3552 1435 hominibus

1976 1495 2039 1534 ex
2072 1479 2305 1532 essentia
2336 1473 2802 1546 superessentialis
2836 1473 3180 1528 essentiatus.
3228 1471 3325 1524 Est
3375 1479 3552 1525 autem

1977 1569 2114 1624 nihil
2145 1569 2321 1622 minus
2347 1564 2915 1635 superessentialitatis
2939 1560 3376 1631 superplenitudo
3407 1575 3554 1613 sem-

1977 1674 2077 1728 per
2118 1656 2606 1728 superessentialis.
2652 1654 2837 1722 Itaque
2875 1652 2964 1706 tali
3009 1651 3372 1720 magnitudine
3411 1658 3462 1702 et
3502 1649 3555 1701 in

1979 1747 2271 1803 essentiam
2297 1761 2422 1799 vere
2449 1744 2701 1806 veniens,
2733 1750 2787 1796 et
2830 1755 2991 1810 super
3030 1738 3320 1793 essentiam
3366 1752 3551 1791 esseu-

1981 1838 2145 1892 tiatus
2191 1846 2301 1902 est,
2346 1844 2402 1890 et
2441 1849 2603 1903 super
2649 1833 2920 1888 hominem
2965 1840 3220 1901 operatur
3247 1843 3385 1897 quae
3432 1835 3558 1881 sunt

1983 1928 2216 1985 hominis
2242 1939 2291 1981 ι.
2322 1926 2386 1979 Et
2413 1924 2653 1979 declarat
2682 1923 2833 1991 virgo
2863 1919 3340 1989 supernaturaliter
3367 1928 3555 1986 partu-

1981 2021 2148 2084 riens,
2176 2025 2230 2073 et
2257 2031 2396 2085 aqua
2427 2013 2715 2075 instabilis,
2753 2011 3110 2067 materialium
3140 2019 3194 2063 et
3221 2018 3557 2064 terrenarum

1983 2109 2176 2178 pedum
2199 2105 2470 2162 sustinens
2496 2105 2836 2173 gravitatem,
2859 2109 2914 2155 et
2939 2114 3043 2154 non
3076 2099 3441 2168 imaginatam,
3470 2096 3564 2152 sed

1914 2185 1960 2244 Β
1989 2195 2381 2268 supernaturali
2406 2189 2603 2249 virtute
2631 2195 2699 2249 ad
2726 2190 3008 2247 insolubile
3031 2190 3400 2245 constitutam.
3425 2186 3563 2252 Quid
3623 2255 3634 2264 Ι

1986 2291 2032 2346 si
2063 2290 2185 2358 quis
2223 2296 2404 2342 cetera
2446 2285 2678 2355 plurima
2723 2282 3006 2337 existentia
3056 2287 3431 2350 pertranseat,
3469 2291 3571 2347 per

1987 2395 2126 2450 quae
2156 2378 2412 2434 divinitus
2439 2377 2626 2430 videns
2671 2387 2830 2443 super
2873 2371 3110 2426 animum
3158 2377 3478 2440 cognoscet,
3509 2377 3566 2422 et

1989 2472 2045 2526 in
2087 2469 2422 2526 humanitate
2463 2466 2589 2522 Jesu
2632 2465 2957 2520 intentiones
2984 2463 3237 2517 virtutem
3275 2462 3568 2530 superemi-

1991 2561 2168 2617 nentis
2195 2557 2524 2629 depulsionis
2564 2553 2860 2610 habentes?
2907 2553 3114 2607 Etenim
3158 2560 3218 2605 ut
3259 2550 3573 2620 colligentes

1992 2651 2236 2707 dicamus
2261 2688 2276 2714 ,
2318 2663 2494 2719 neque
2536 2647 2698 2702 homo
2726 2654 2876 2710 erat,
2926 2659 3032 2698 non
3081 2651 3141 2697 ut
3180 2659 3284 2697 non
3333 2641 3569 2703 homine,

1994 2742 2090 2797 sed
2125 2748 2182 2794 ut
2216 2754 2283 2794 ex
2328 2737 2636 2793 hominibus
2680 2736 2957 2792 hominum
3005 2735 3260 2796 ὶπέκεινα,
3311 2741 3365 2785 et
3413 2745 3579 2800 super

1995 2830 2266 2887 hominem
2295 2844 2423 2884 vere
2451 2829 2614 2883 homo
2643 2826 2838 2882 iactus.
2874 2827 2941 2880 Et
2967 2833 3207 2880 ceterum
3240 2839 3346 2878 non
3383 2837 3576 2877 secun-

1997 2922 2124 2977 dum
2154 2922 2319 2975 Deum
2351 2921 2532 2974 divina
2560 2927 2813 2990 operatus
2839 2927 2956 2982 est,
2988 2931 3164 2985 neque
3209 2916 3441 2969 humana
3491 2929 3574 2968 se-

1999 3011 2232 3066 cundum
2264 3008 2558 3072 hominem,
2586 3007 2680 3064 sed
2709 3008 3001 3062 humanato
3037 3003 3148 3058 Deo
3183 3017 3376 3058 novam
3402 3017 3576 3072 quan-

1999 3101 2124 3156 dam
2170 3100 2551 3156 deibumanam
2601 3096 2968 3168 operationem
3021 3093 3178 3150 nobis
3225 3098 3582 3147 conversatus

2001 3202 2104 3250 est.

2765 3277 2831 3332 Ἴ.

2513 3367 2774 3423 υονοιΙιεο
2813 3365 3073 3424 ministro.

1930 3509 1976 3572 ο
2073 3501 2263 3556 Divina
2289 3498 2462 3570 caligo
2489 3505 2575 3552 est
2603 3493 2973 3551 inaccessibile
3002 3492 3212 3560 lumen,
3254 3490 3306 3542 in
3339 3503 3446 3560 quo
3478 3489 3580 3544 ba-

2001 3591 2176 3646 bitare
2205 3590 2346 3645 Deus
2371 3589 2601 3651 dicitur,
2642 3595 2699 3640 et
2745 3583 3000 3639 invisibili
3043 3583 3336 3657 existente,
3370 3587 3589 3650 propter

2006 3681 2493 3751 supereminentem
2523 3679 2545 3710 ’
2589 3676 2912 3738 claritatem,
2935 3683 2990 3728 et
3019 3670 3372 3726 inaccessibili
3399 3670 3586 3723 eodem

2005 3785 2106 3840 per
2173 3765 2710 3837 superexcellentiam
2782 3760 3254 3830 superessentialis
3321 3759 3582 3813 luminum

2008 3855 2348 3911 manationis.
2399 3853 2456 3907 In
2489 3853 2591 3907 hoc
2622 3853 2682 3904 lit
2723 3851 2902 3906 omn-is
2939 3850 3106 3903 Deum
3133 3850 3274 3904 scire
3320 3858 3374 3904 et
3412 3849 3591 3902 videre

2010 3948 2230 4018 dignus,
2273 3961 2338 4000 eo
2392 3959 2498 3999 non
2539 3941 2770 3996 videndo
2815 3954 2989 4008 neque
3032 3941 3425 4010 cognoscendo,
3465 3955 3590 3992 vere

2013 4039 2067 4093 in
2095 4053 2202 4108 quo
2234 4051 2397 4106 super
2427 4022 2687 4087 visionem
2739 4040 2794 4086 et
2835 4031 3194 4101 cognitionem
3232 4031 3403 4084 factus
3429 4070 3442 4094 ,
3484 4031 3586 4084 hoc

2015 4128 2188 4197 ipsum
2217 4137 2578 4194 cognoscens,
2616 4120 2741 4189 quia
2791 4135 2952 4189 super
2977 4120 3156 4174 omnia
3190 4128 3273 4174 est
3317 4119 3592 4172 sensibilia

3333 4208 3408 4262 Mi
3416 4226 3466 4261 ru
3479 4210 3595 4264 bilis

2020 4304 2161 4379 facta
2197 4315 2270 4359 est
2305 4305 2517 4358 scientia
2571 4313 2663 4356 tua
2711 4318 2775 4355 ea:
2813 4318 2911 4365 me,
2940 4301 3234 4368 confertam
3269 4309 3361 4363 est,
3419 4309 3463 4352 et
3493 4317 3598 4354 non

2020 4410 2197 4469 potero
2233 4397 2299 4450 ad
2328 4411 2442 4449 eam
2473 4394 2522 4446 b.
2561 4392 2650 4448 Sic
2675 4407 2803 4461 ergo
2826 4392 3036 4446 divinus
3061 4390 3254 4443 Paulus
3281 4392 3597 4460 cognovisse

2018 4226 2072 4273 et
2127 4213 2516 4285 intelligibilia,
2566 4221 2620 4266 et
2666 4211 2980 4282 pr0phetice
3026 4211 3214 4264 videns
3265 4228 3277 4262 :

339 4484 458 4538 .hoe
487 4479 720 4535 divinius
746 4478 958 4539 dicam,
1002 4483 1057 4528 et
1104 4474 1156 4527 in
1203 4468 1656 4526 manifestatione.
1709 4468 1776 4521 Et
1822 4466 1918 4521 hoc

2022 4488 2190 4542 Deum
2213 4484 2426 4547 dicitur,
2445 4496 2776 4552 cognoscens
2796 4495 2916 4533 eum
2943 4494 3107 4548 super
3129 4493 3342 4532 omnem
3364 4479 3598 4532 existen-

340 4573 499 4628 cnim
533 4569 659 4625 Jesu
700 4567 1023 4629 occultatur,
1049 4572 1104 4618 et
1133 4561 1277 4618 nullo
1300 4560 1497 4625 verbo,
1545 4575 1718 4629 neque
1762 4558 1924 4612 intel-

2026 4587 2134 4631 tem
2162 4574 2490 4629 intellectum
2517 4581 2572 4625 et
2595 4570 2872 4624 scientiam
2892 4569 2933 4623 ³.
3014 4566 3240 4636 Propter
3265 4566 3405 4635 quod
3437 4575 3493 4619 et
3521 4566 3603 4619 in~

353 4663 500 4718 lectu
538 4657 828 4714 secundum
874 4657 1048 4724 ipsum
1090 4652 1439 4721 investigatur
1473 4651 1809 4720 mysterium,
1835 4649 1918 4703 sed

2026 4661 2368 4734 vestigabilcs
2396 4676 2516 4715 esse
2539 4661 2656 4714 vias
2687 4659 2802 4728 ejus
2828 4659 2938 4722 ait,
2969 4668 3024 4711 et
3055 4656 3424 4711 inscrutahilia
3459 4655 3605 4724 judi-

352 4761 414 4808 et
441 4750 640 4805 dictum
679 4743 945 4802 ineffabile
987 4751 1200 4806 manet,
1230 4749 1285 4796 et
1319 4738 1646 4794 intellectum
1692 4738 1928 4814 incogni-

360 4849 474 4898 ιιιη
1098 4897 1165 4952 lv

1042 5009 1247 5065 Eidem.

436 5125 749 5204 Quomodo,
780 5122 993 5192 inquis,
1024 5120 1178 5176 Jesus
1203 5119 1441 5174 omnium
1478 5123 1731 5184 ιπὲκιινα,
1760 5120 1934 5174 omni-

2030 4757 2113 4812 cia
2143 4754 2276 4824 ejus,
2300 4764 2353 4808 et
2380 4751 2770 4808 inenarrabiles
2793 4750 3106 4804 donationes
3128 4748 3280 4815 ejusc
3300 4788 3314 4812 ,
3338 4757 3391 4802 et
3417 4762 3604 4817 pacem

1957 4829 2011 4889 Ῑ)
2035 4847 2153 4916 ejus
2180 4854 2520 4915 superantem
2566 4856 2779 4897 omnem
2828 4837 3200 4903 intellectumd,
3227 4840 3304 4892 sic
3333 4838 3608 4892 inveniens

2039 4953 2201 5008 super
2241 4937 2445 4999 omnia,
2493 4943 2548 4986 et
2600 4933 2701 4987 hoc
2752 4946 2913 5000 super
2963 4930 3368 4999 intelligentiam
3417 4941 3589 4997 cogno

2039 5042 2226 5088 scens,
2257 5025 2381 5093 quia
2412 5022 2652 5076 omnium
2694 5029 2776 5075 est
2805 5021 3036 5076 ἐπέκεινα
3056 5058 3069 5083 ,
3105 5020 3345 5074 omnium
3383 5015 3610 5070 causalis

2039 5138 2156 5177 ens.

1645 5229 1899 5288 VARIAE
1935 5229 2333 5289 LECTIONES.

443 5331 460 5361 ¹
501 5327 767 5398 Incipiunt
795 5354 865 5364 —
893 5322 1131 5393 Dionysii
1168 5335 1274 5375 om.
1317 5318 1389 5386 E,
1433 5319 1594 5376 indici
1643 5321 1989 5390 epistolarum
2042 5317 2341 5392 praemittit
2387 5315 2449 5370 Β.
2525 5321 2546 5353 ¹
2587 5315 2630 5370 E
2662 5315 2985 5370 minantem.

372 5400 528 5455 codd.

3117 5320 3164 5365 et
3201 5309 3466 5365 scientiam
3501 5323 3616 5366 om.

1926 5459 2174 5518 NOTAE.

449 5573 476 5600 ι
515 5559 669 5616 Joan.
695 5559 754 5614 ,l:
797 5558 924 5614 Luc.
964 5559 1023 5612 ll.

457 5631 484 5668 δ
521 5630 660 5684 l’sai.
704 5627 1028 5694 CXXXVIII,
1062 5629 1115 5684 6.

2121 5565 2144 5591 ε
2187 5551 2341 5605 Rom.
2376 5550 2467 5614 XI,
2497 5549 2585 5603 55.

2127 5623 2152 5661 ά
2190 5623 2418 5692 Philipp.
2448 5619 2531 5683 IV,
2559 5620 2610 5676 7.
