3978 6160
489 292 620 348 H73

1233 397 1317 451 Vl.

979 487 1250 556 Sosipatro
1289 487 1566 540 sacerdoti.

551 580 668 636 Noli
693 580 796 635 hoc
824 578 1114 633 aestimare
1143 576 1448 638 victoriam,
1479 591 1634 631 sacer
1666 574 1961 646 Sosipater,
2004 575 2058 629 in

482 672 790 738 religionem
817 679 907 720 aut
934 666 1160 738 gloriam
1187 666 1438 735 injuriam
1467 666 1643 719 facere
1669 664 1775 718 noli
1801 662 2057 734 optimam

483 778 531 812 ιιι
574 760 842 811 uiri-stam.
902 758 1086 825 Neque
1130 758 1275 810 enim
1325 765 1539 826 oportet
1586 755 1883 823 judieatam
1935 770 2056 808 eam

614 867 791 919 igttzts,
828 848 939 915 jam
968 848 1233 917 Sosipatri
1263 849 1421 902 bona.
1450 846 1711 900 Possibile
1738 847 1883 898 enim
1912 854 1967 899 et
2005 854 2057 897 te

554 943 685 991 alius
714 939 910 991 lliltllOS
939 936 1090 991 falsis
1129 946 1184 991 et
1222 936 1522 991 manifestis
1572 950 1736 988 unum
1775 935 1830 991 ὂν
1866 944 1920 989 ει
1959 948 2053 987 oc-

475 1034 674 1085 mltum
731 1046 916 1084 verum
976 1029 1164 1084 latere.
1227 1027 1412 1098 Neque
1461 1028 1605 1082 enim
1662 1026 1707 1080 si
1763 1026 1890 1094 quid
1947 1042 2051 1080 non

476 1126 718 1185 rubemu,
755 1124 867 1193 jam
898 1123 1101 1186 alhnm,
1162 1121 1206 1175 si
1242 1121 1364 1188 quis
1393 1133 1499 1173 nou
1533 1133 1737 1187 equus,
1766 1133 1832 1172 ex
1866 1130 2055 1172 neces-

469 1224 627 1266 sitate
658 1214 840 1267 homo.
888 1214 980 1266 Sic
1008 1221 1185 1265 autem
1220 1210 1407 1273 facies,
1436 1209 1566 1262 mihi
1596 1209 1845 1271 credens,
1880 1208 2055 1261 dimit-

468 1315 548 1355 tes
578 1303 794 1371 quidem
824 1303 928 1356 hoc
957 1300 1249 1355 secundum
1289 1300 1424 1353 alios
1463 1299 1666 1359 dicere,
1701 1312 1799 1367 pro
1825 1299 2051 1352 veritate

465 1404 644 1446 autem
674 1408 799 1447 vere
833 1394 1000 1451 dices.
1032 1390 1113 1445 sic
1141 1390 1287 1445 omni
1325 1390 1484 1445 modo
1509 1404 1630 1444 esse
1660 1390 2050 1459 irrepreheusb

467 1487 589 1541 bilia
631 1503 771 1556 quae
806 1487 947 1541 dicta
985 1494 1132 1539 sunt.

1208 1576 1319 1632 Ἧι.

829 1669 1121 1737 Polyrarpo
1155 1678 1358 1723 sumina
1395 1667 1677 1725 sacerdoti.

1826 283 2110 342 JOANNIS
2151 282 2347 340 ΞΗΟΠ

2088 400 2135 454 Α
2166 395 2545 451 transcendere
2593 396 2986 452 ordinationem
3044 407 3098 453 et
3158 399 3447 455 motionem
3476 442 3490 465 ,
3543 403 3588 457 si
3640 419 3752 458 non

3609 290 3753 346 i180

2162 484 2336 551 ipsum
2369 486 2580 540 essrndi
2611 486 2780 555 ipsam
2819 496 2873 541 et
2916 488 3053 545 bene
3093 491 3443 557 eminentem,
3469 503 3525 548 et
3558 510 3752 550 causa-

2162 574 2267 628 lem
2314 576 2591 630 habuisset
2634 578 2685 630 in
2732 577 2836 632 hoc
2870 589 3207 645 moventem,
3248 581 3535 638 facientem
3560 589 3748 640 omnia

2159 672 2213 715 et
2272 664 2747 719 transformantem
2805 668 3101 722 secundum
3154 684 3369 725 sacrum
3426 675 3649 728 verbum
3691 676 3747 728 δ.

2159 753 2437 817 Quomodo
2473 753 2636 821 igitur
2678 770 2781 808 non
2830 756 2960 810 colit
3001 757 3331 828 incognitum
3374 763 3564 828 nobis,
3594 773 3651 819 et
3679 781 3743 819 ex

2159 844 2261 898 hoc
2317 854 2372 898 et
2414 860 2541 899 vere
2584 846 2946 909 existentem,
3009 858 3062 903 et
3122 866 3252 905 vere
3312 850 3480 905 Deum
3543 855 3748 909 ducens

2155 950 2276 988 eum
2333 936 2701 990 causalissima
2754 948 2808 990 et
2858 939 3279 1007 superiuetl'abili
3343 942 3573 1005 virtute,
3622 960 3745 999 eum

2156 1025 2235 1077 Sol
2273 1027 2339 1078 ab
2388 1026 2503 1094 ipso
2547 1035 2602 1080 et
2650 1026 2773 1080 luna
2821 1029 3113 1083 secundum
3154 1032 3408 1085 virtutem
3447 1042 3503 1086 et
3542 1043 3745 1090 statum

2154 1116 2780 1185 supernaturalissimum
2841 1118 3002 1171 simul
3064 1120 3319 1175 universo
3387 1124 3454 1175 ad
3522 1126 3745 1179 omnino

2154 1206 2430 1260 imumliile
2471 1205 2821 1273 definiuntur,
2875 1218 2928 1261 et
2972 1213 3025 1262 iu
3077 1226 3379 1265 mensuram
3427 1212 3532 1266 diei
3580 1215 3745 1269 totius

2155 1298 2205 1349 iu
2253 1297 2456 1350 eisdem
2500 1307 2646 1350 stant
2687 1297 2869 1350 numia
2898 1298 3300 1368 signis“?Aut,
3327 1301 3473 1370 quod
3515 1317 3581 1357 eo
3629 1319 3745 1356 am-

2150 1387 2333 1455 plius,
2399 1387 2537 1455 siqui
2564 1388 2665 1440 lem
2727 1389 2977 1443 omnibus
3025 1399 3079 1444 et
3127 1391 3442 1447 melioribus
3485 1402 3539 1448 et
3604 1410 3741 1449 con-

2153 1480 2449 1532 tinentibus
2478 1480 2493 1509 ¹
2522 1479 2601 1532 sic
2643 1480 2847 1534 evectis
2892 1496 2998 1533 non
3041 1482 3408 1537 circumducta
3450 1493 3575 1538 sunt
3600 1500 3744 1554 quae

2147 1570 2534 1626 continentur?
2578 1569 2645 1624 Et
2707 1586 2830 1625 cum
2892 1573 3000 1627 alia
3054 1575 3316 1643 quaedam
3370 1577 3484 1631 dies
3540 1592 3741 1632 secun-

2151 1663 2278 1716 dum
2316 1661 2724 1715 eouttnuitatem
2774 1662 2885 1717 fere
2932 1664 3267 1733 triplicatur,
3320 1677 3381 1721 et
3441 1668 3493 1721 in
3548 1667 3742 1737 viginti

538 1759 645 1827 Ego
673 1762 890 1832 qui.lem
921 1762 1103 1814 nescio
1134 1761 1199 1813 ad
1230 1759 1467 1815 Graecos
1497 1770 1591 1813 aut
1616 1759 1816 1813 alteros
1838 1759 2044 1821 dicens,
2074 1740 2123 1799 Β
2150 1756 2404 1808 omnilms
2454 1754 2603 1807 horis
2650 1754 2708 1807 lit
2735 1794 2750 1819 ,
2801 1758 2947 1824 quod
2992 1771 3098 1810 nou
3141 1758 3289 1812 otniii
3336 1767 3389 1813 te
3412 1774 3573 1827 uapore
3622 1761 3742 1813 vias

460 1850 706 1906 sufﬁcere
750 1852 1020 1906 arbitrans
1066 1851 1286 1919 optimis
1323 1851 1485 1915 viris,
1527 1850 1572 1905 si
1599 1856 1786 1904 rerum
1829 1851 1896 1902 ab
1933 1851 2046 1918 ipso

472 1944 523 1997 iu
556 1944 734 2013 seipse
759 1932 1032 2013 potuerint
1061 1952 1115 1997 et
1143 1952 1471 2011 cognoscere
1496 1941 1774 2001 etidicere,
1804 1958 1871 1994 an
1921 1943 2045 1993 vere

462 2033 647 2087 habet.
668 2032 780 2087 Hoc
805 2033 972 2096 enim,
996 2033 1353 2102 quodcunque
1372 2033 1623 2100 estjuxta
1650 2032 1820 2101 legem
1848 2034 2046 2085 verita-

458 2124 548 2185 tis,
585 2132 731 2175 recte
760 2133 983 2176 ostenso
1025 2131 1077 2176 et
1122 2130 1257 2191 puro
1296 2131 1506 2185 stante,
1548 2130 1709 2177 omne
1751 2124 1909 2176 aliter
1944 2123 2045 2179 ita-

457 2210 615 2275 bens,
643 2220 697 2265 et
724 2211 1006 2266 veritatem
1024 2209 1310 2275 aﬂectan's,
1337 2210 1707 2282 redarguetur,
1729 2221 1786 2266 et
1812 2214 2043 2268 alterum

458 2297 515 2355 ὃν
556 2316 684 2356 vere
708 2301 873 2366 ontis,
904 2310 959 2356 et
1000 2297 1286 2362 dissimile,
1313 2310 1369 2355 et
1404 2302 1678 2371 opinabile
1712 2302 1842 2356 illud
1864 2304 2043 2373 magis

452 2408 615 2464 quam
660 2390 735 2449 ὃν.
790 2392 1130 2462 Superlhmm
1164 2394 1331 2464 igitur
1367 2402 1483 2457 est,
1530 2394 1777 2449 veritatis
1813 2396 2043 2450 manife-

450 2491 711 2537 statorem
739 2482 807 2536 ad
838 2482 936 2537 hos
960 2491 1052 2536 aut
1080 2482 1202 2537 illos
1231 2481 1509 2538 dimicare.
1538 2482 1678 2537 Dicit
1700 2484 1844 2538 enim
1872 2496 2065 2539 unus--

419 2564 683 2643 ‘quisqne
736 2574 934 2628 habere
978 2573 1245 2628 numisma
1293 2574 1507 2644 regale,
1545 2583 1601 2628 et
1644 2575 1832 2645 utique
1875 2575 2041 2631 habet

453 2666 726 2736 quandam
748 2667 867 2736 puri
891 2664 1189 2733 cujusdam,
1216 2665 1333 2733 ejus
1352 2678 1480 2720 vere
1500 2665 1746 2720 fallacem
1762 2665 2037 2719 umbram.

451 2757 521 2812 Et
547 2758 590 2811 si
623 2758 769 2811 hunc
792 2758 1104 2828 redarguas,
1130 2757 1267 2813 alter
1288 2770 1343 2813 et
1374 2758 1571 2813 iterum
1593 2758 1732 2813 alter
1755 2759 1820 2814 de
1847 2760 2037 2814 eadem

451 2850 752 2904 contendit.
802 2850 1001 2905 Eodem
1040 2860 1220 2904 autem
1250 2864 1379 2905 vere
1412 2851 1589 2921 posito
1629 2860 1776 2906 recte
1807 2848 2034 2915 ratione,

452 2948 508 2994 et
538 2939 607 2995 ab
642 2939 763 2993 aliis
789 2941 1040 2996 omnibus
1068 2940 1267 2995 selecto
1300 2942 1529 3007 ridente,
1560 2950 1720 2996 omne
1753 2943 1897 3012 quod
1924 2954 2036 2996 non
2058 2952 2071 2973 ί

450 3032 535 3085 ίδίε
559 3034 658 3101 per
681 3033 861 3086 omnia
893 3033 1119 3097 habens,
1145 3033 1376 3102 idipsum
1400 3049 1469 3089 ex
1496 3035 1676 3105 seipso
1700 3034 2038 3104 irrepreh‘en-

455 3125 599 3180 sibili
632 3135 772 3181 statu
818 3140 945 3181 vere
973 3138 1101 3183 vero
1130 3128 1435 3198 expellitur.
1481 3127 1597 3183 Hoc
1632 3129 1815 3199 igitur,
1848 3132 1907 3183 nt
1948 3136 2038 3182 ar-

448 3214 646 3282 bitror,
672 3216 807 3271 bene
835 3233 1188 3289 cognoscens,
1217 3234 1322 3272 non
1355 3219 1648 3274 acceleravi
1688 3220 1754 3273 ad
1797 3218 2037 3275 Graecus

452 3315 541 3360 aut
586 3306 786 3362 alteros
830 3309 1013 3362 dicere
1048 3327 1059 3361 :
1104 3309 1196 3363 sed
1229 3309 1478 3363 idoneum
1511 3309 1639 3363 mihi
1668 3318 1720 3363 et
1763 3309 1865 3364 hoc
1893 3308 2035 3365 Deus

450 3402 577 3464 det,
622 3399 688 3455 de
732 3400 957 3455 veritate
986 3400 1125 3455 scire
1154 3400 1387 3471 primum
1406 3442 1420 3466 ,
1451 3402 1644 3457 deinde
1674 3403 1936 3457 scientem
1975 3411 2038 3457 ut

450 3499 666 3560 oportet
714 3491 914 3546 dicere.
951 3490 1048 3545 Ubi
1098 3500 1278 3545 autem
1319 3492 1518 3561 inquis,
1549 3492 1871 3549 maledicere
1896 3493 2032 3547 mihi

448 3585 749 3653 sophistam
778 3583 1241 3653 Apollophanem,
1282 3592 1338 3639 et
1380 3592 1661 3652 paternam
1709 3584 2033 3640 sententiam

453 3676 793 3738 revocando,
848 3683 1099 3743 tanquam
1146 3674 1479 3730 Graecorum
1532 3676 1584 3730 in
1634 3675 1871 3734 Graecos
1927 3694 2033 3734 non

453 3774 645 3820 sancte
681 3764 872 3819 utenti.
901 3764 968 3819 Et
1004 3765 1219 3834 quidem
1263 3766 1332 3821 ad
1365 3766 1538 3836 ipsum
1567 3783 1666 3823 nos
1707 3777 1827 3824 erat
1854 3771 2036 3828 verius

450 3856 653 3917 dicere,
681 3856 949 3926 quomodo
974 3854 1165 3911 Graeci
1196 3857 1392 3912 divinis
1416 3873 1523 3913 non
1551 3867 1739 3914 sancte
1768 3861 1826 3916 in
1850 3861 2033 3916 divina

449 3956 692 4012 uttmtnr,
726 3963 822 4017 per
857 3947 1176 4017 sapientiam
1209 3948 1304 4002 Dei
1342 3948 1595 4005 divinum
1614 3950 1885 4019 expellere
1920 3961 2037 4006 tert-

448 4048 631 4096 tantes
656 4038 879 4093 cultum.
908 4039 974 4093 Et
1006 4039 1086 4094 sic
1128 4039 1352 4093 multam
1396 4049 1495 4110 ego
1520 4040 1740 4109 quidem
1769 4040 1892 4095 dico
1916 4040 2034 4112 glo-

446 4132 591 4186 riam
637 4131 957 4201 quibusdam
1006 4140 1327 4199 poetarum,
1366 4131 1729 4187 materialiter
1763 4141 1819 4186 et
1863 4134 2036 4203 passi-

443 4220 633 4279 biliter
665 4221 1079 4285 remaneir'timn,
1108 4230 1165 4275 et
1195 4230 1478 4276 creaturae
1505 4231 1693 4277 contra
1720 4222 2034 4279 Creatorem

451 4316 821 4371 servientium.
852 4312 957 4367 Sed
978 4322 1038 4367 et
1058 4311 1174 4383 ipse
1195 4312 1590 4382 Apollophanes
1614 4328 1718 4367 non
1745 4324 1933 4368 sancte
1955 4315 2040 4368 di-

452 4406 593 4461 vinis
620 4406 673 4459 in
700 4404 880 4459 divina
915 4403 1100 4457 utitur.
1138 4403 1212 4457 Ea
1234 4403 1378 4457 enim
1408 4403 1754 4458 existentium
1783 4404 2032 4469 scientia,

453 4496 743 4552 benedicta
769 4497 837 4550 ab
858 4494 1027 4564 ipsius
1046 4493 1404 4564 philosophia,
1430 4503 1489 4547 et
1506 4509 1539 4547 a
1564 4494 1751 4549 divino
1761 4493 1929 4550 Paulo
1948 4510 2039 4552 sa-

451 4580 658 4657 pientia
695 4586 788 4640 Dei
820 4593 1009 4639 vocata
1038 4596 1083 4648 α,
1122 4593 1177 4639 ει
1214 4586 1287 4637 ad
1328 4584 1600 4640 cmtsalem
1636 4585 1874 4654 ipsorum
1916 4587 2039 4641 exi-

454 4674 713 4730 stentiqu
754 4684 809 4729 et
855 4675 1113 4728 scientiae
1142 4689 1357 4739 eorum,
1387 4675 1628 4743 oportuit
1668 4676 1849 4733 reduci
1876 4692 2037 4733 veros

455 4767 821 4839 philosophos.
865 4768 932 4820 Et
967 4777 1021 4820 ut
1061 4782 1167 4821 non
1202 4767 1367 4837 ipsam
1410 4767 1672 4832 aliorum,
1721 4780 1811 4822 aut
1860 4770 2029 4837 ipsam

440 4860 629 4929 ’ἱρείας
653 4860 791 4912 ultra
817 4858 967 4927 quod
1002 4858 1292 4927 putandum
1334 4857 1617 4927 redarguat
1667 4859 1795 4927 quid
1825 4860 2033 4927 opinio-

454 4960 619 5012 nem,
664 4957 874 5018 oportet
918 4948 1259 5003 considerare
1302 4947 1764 5016 Apollophanem,
1816 4951 2033 5018 sapiens

455 5042 550 5115 qui
600 5048 684 5097 εει
712 5082 727 5107 ,
778 5052 885 5095 non
938 5040 1095 5094 aliter
1132 5038 1428 5109 aliquando
1474 5038 1714 5108 potuisse
1747 5042 2033 5098 caelestem

2063 3085 2109 3147 C

2148 1853 2343 1898 contra
2376 1846 2456 1899 ias
2498 1846 2638 1900 redit
2678 1856 2734 1900 et
2774 1850 3106 1902 revertitur:
3135 1850 3215 1903 sic
3277 1850 3430 1903 valde
3473 1864 3743 1919 superua-

2150 1940 2415 1994 tnralibus
2455 1941 2763 1994 eeontrario
2805 1941 3359 1996 circumducuonibus
3404 1943 3482 1995 sol
3512 1943 3737 2011 proprio

2150 2044 2311 2084 cursu
2341 2032 2809 2099 quinquel’ormem
2852 2045 3008 2084 suum
3048 2040 3252 2085 motum
3282 2030 3335 2084 in
3367 2031 3511 2085 horis
3539 2034 3734 2088 decem

2148 2122 2477 2176 convolvens
2497 2122 2543 2184 ’,
2570 2122 2841 2191 analytiee
2864 2122 3059 2177 iterum
3086 2132 3256 2176 totum
3284 2123 3338 2177 in
3360 2124 3477 2176 aliis
3499 2124 3692 2179 decem
3712 2122 3735 2155 '

2148 2228 2341 2267 noram
2391 2214 2663 2280 quandam
2724 2212 3042 2267 seruiturum
3107 2214 3250 2266 viam
3318 2215 3731 2286 retrograditur.

2146 2302 2261 2359 Hoc
2307 2312 2364 2357 et
2399 2301 2726 2374 Babylonios
2771 2304 2964 2358 merito
3004 2302 3249 2367 inﬂexit,
3296 2312 3353 2355 et
3388 2290 3504 2358 sine
3548 2320 3730 2374 pugna

2146 2395 2414 2451 Ezechiae
2453 2396 2688 2468 subegit,
2728 2404 2987 2464 tanquam
3028 2397 3080 2448 in
3122 2394 3339 2464 aequali
3377 2393 3484 2448 Deo
3511 2395 3730 2449 cuidam

2142 2495 2202 2541 et
2225 2486 2500 2554 superanti
2529 2486 2791 2540 homines.
2841 2485 2908 2539 Et
2931 2498 3106 2554 neque
3142 2486 3232 2540 hic
3261 2486 3381 2540 dico
3409 2486 3459 2539 in
3483 2487 3732 2556 Aegypto

2143 2593 2371 2648 magnas
2393 2579 2759 2647 operationes,
2783 2585 2872 2630 aut
2900 2577 3003 2631 alia
3030 2577 3299 2648 quaedam
3323 2577 3516 2632 alicubi
3543 2578 3728 2632 divina

2143 2671 2295 2740 signa
2338 2668 2501 2732 facta,
2546 2672 2640 2724 sed
2680 2670 2988 2723 communia
3030 2680 3086 2723 et
3123 2672 3412 2734 caelestia,
3442 2680 3496 2723 et
3521 2669 3578 2724 in
3601 2669 3727 2723 uni-

2141 2774 2302 2817 verso
2354 2770 2411 2815 et
2469 2760 2522 2814 in
2561 2761 2815 2816 omnibus
2868 2760 3255 2830 triumphantis
3295 2759 3345 2814 ἀ.
3407 2761 3495 2815 Ait
3540 2770 3729 2814 autem

2142 2854 2363 2908 omnino
2404 2850 2805 2923 A-pollophanes
2846 2868 2957 2908 non
2998 2867 3121 2908 esse
3164 2854 3300 2908 haec
3342 2866 3488 2906 vera.
3553 2851 3731 2923 Magis

2142 2946 2358 3015 quidem
2405 2947 2508 3001 hoc
2550 2942 2837 2999 Persarum
2878 2944 3304 3000 ‘sacerdoulibus
3346 2943 3578 2999 infertur
3610 2959 3732 2999 me-

2144 3038 2353 3101 moriis,
2378 3047 2433 3091 et
2457 3038 2634 3093 adhuc
2668 3034 2809 3106 Magi
2848 3037 3200 3091 memoranda
3251 3035 3476 3106 triplasii
3516 3036 3728 3106 mythri

2140 3124 2452 3200 perficiunt;
2503 3127 2609 3184 Sed
2670 3127 2878 3182 licitum
2924 3128 3001 3196 sit
3036 3127 3146 3197 ipsi
3191 3128 3277 3182 his
3314 3139 3536 3197 propter
3577 3130 3729 3198 igneo

2138 3223 2368 3277 rantiam
2394 3229 2489 3274 aut
2512 3234 2765 3290 magnam
2792 3218 3251 3273 incredulitatem.
3299 3219 3396 3273 Dic
3424 3228 3607 3274 autem
3633 3221 3721 3275 ei:

2132 3296 2276 3377 Quid
2303 3311 2439 3365 dicis
2472 3309 2539 3365 de
2572 3309 2692 3380 ipsa
2727 3308 2781 3363 in
2820 3308 3043 3363 salutati
3081 3321 3244 3363 cruce
3272 3306 3415 3363 facta
3440 3308 3722 3378 eclipsih

2137 3400 2272 3457 Nam
2312 3402 2534 3473 “utrique
2576 3411 2704 3456 tunc
2740 3400 2895 3469 juxta
2940 3401 3073 3455 solis
3110 3400 3384 3454 civitatem
3422 3400 3589 3455 simul
3624 3402 3722 3454 ad-

2138 3498 2417 3551 venientes
2436 3503 2491 3549 et
2505 3493 2889 3558 consistentes,
2911 3491 3232 3546 mirabiliter
3250 3492 3353 3546 soli
3378 3491 3563 3546 lunam
3585 3492 3720 3546 inci-

2132 3587 2352 3641 dentem
2376 3585 2608 3639 vidimus
2624 3581 3724 3652 —non~enimeratcoitustempus—ito-

2139 3692 2257 3731 rum
2274 3685 2452 3730 autem
2478 3676 2646 3743 ipsam
2667 3690 2696 3728 a
2720 3689 2858 3728 nona
2884 3674 3018 3728 liora
3040 3688 3209 3742 usque
3227 3673 3721 3743 vesperuginem

2136 3766 2462 3820 diametrum
2480 3764 2970 3833 supernaturaliter
2983 3763 3292 3819 econtrario
3311 3764 3718 3819 consistentem.

2136 3854 2382 3909 Admone
2398 3862 2577 3908 autem
2592 3854 2850 3923 quiddam
2872 3860 2930 3908 et
2949 3853 3178 3907 alterum
3202 3853 3395 3921 ipsum.
3422 3852 3718 3919 Scitenim,

2134 3948 2264 4016 quia
2312 3956 2373 4002 ’et
2402 3956 2658 4001 occasum
2712 3945 2889 4016 ipsum
2911 3961 2977 4000 ex
3002 3945 3372 4002 Orientalibus
3405 3946 3724 4001 videbamus

2137 4040 2505 4105 inclinantem,
2532 4048 2588 4092 et
2626 4050 2797 4106 usque
2833 4036 3064 4092 solarem
3100 4037 3470 4092 summitatem
3500 4038 3722 4092 venien-

2134 4122 2284 4194 tem,
2333 4129 2528 4185 deinde
2577 4126 3062 4198 retrogradientem
3089 4166 3106 4191 ,
3152 4135 3210 4179 et
3256 4125 3453 4180 iterum
3500 4142 3609 4181 non
3652 4142 3721 4180 ex

2135 4221 2327 4276 eadem
2371 4212 2430 4275 ett
2468 4230 2722 4274 occasum
2767 4228 2824 4273 et
2860 4217 3323 4288 repurgatiouem.
3367 4219 3465 4272 sed
3526 4232 3725 4271 secuti-

2139 4312 2266 4367 ih'tm
2652 4309 2963 4365 πεπυ-θήρ
2989 4308 3213 4362 factam.
3256 4306 3411 4362 τιιὶθ
3434 4317 3571 4362 sunt
3593 4317 3729 4361 tunc

2126 4403 2401 4473 temperie
2440 4400 2911 4471 ’superuatnralia,
2955 4406 3012 4452 et
3055 4397 3172 4453 solo
3206 4396 3429 4452 Christo
3458 4397 3724 4453 causalis-

2137 4494 2274 4548 sima
2318 4492 2520 4546 virtute
2548 4490 2796 4544 faciente
2842 4496 3046 4561 magna
3096 4497 3154 4542 et
3211 4489 3437 4558 ampla,
3487 4498 3721 4559 quorum

2135 4590 2241 4641 non
2278 4586 2367 4639 'est
2414 4594 2673 4637 numerus
2701 4580 2743 4632 ί.
2816 4580 2962 4635 Haec
3023 4580 3069 4635 si
3138 4579 3235 4635 tibi
3262 4577 3480 4647 justum
3518 4579 3615 4634 die
3665 4590 3724 4635 et

2133 4677 2390 4748 possibile
2415 4716 2429 4741 ,
2461 4674 2814 4744 Apdllophani
2871 4674 3154 4742 redargue,
3199 4680 3259 4726 et
3298 4672 3436 4727 mihi
3483 4680 3611 4727 tme
3665 4683 3721 4728 et

2134 4767 2546 4823 convenientem
2592 4765 2686 4818 tibi
2732 4770 2789 4818 et
2828 4761 3348 4832 conspeculantem,
3399 4772 3458 4817 et
3488 4768 3721 4832 conqui-

2133 4868 2342 4914 rentem
2382 4857 2589 4921 omnia,
2626 4864 2683 4911 et
2721 4854 3109 4910 cdnferentem.
3155 4854 3393 4926 Negligit
3430 4857 3725 4911 etdirina~

2136 4952 2298 5006 tionis
2341 4959 2490 5015 tunc,
2536 4948 2739 5003 nescio.
2766 4945 2895 5002 Inde
2930 4946 3331 5018 Apollophanes
3373 4949 3534 5014 abiit,
3563 4957 3620 5002 et
3649 4951 3726 5002 ad

2138 5059 2246 5110 me,
2291 5043 2434 5099 sicut
2467 5039 2609 5095 facta
2651 5049 2798 5105 sunt,
2832 5037 3125 5095 ceriferens
3166 5038 3283 5092 ait:
3326 5038 3493 5104 Haec,
3517 5053 3548 5093 o
3570 5039 3728 5098 bone

1738 5160 1993 5231 vantA’E
2030 5172 2432 5234 LECTIONES.

472 5355 483 5366 .
529 5288 553 5321 ⁸
580 5300 630 5346 et
654 5289 1030 5346 continentibus
1056 5301 1164 5340 om.
1194 5282 1303 5337 BH.
1379 5284 1401 5315 ⁸
1441 5282 1530 5339 Sic
1555 5283 1594 5337 A
1624 5300 1637 5348 ;
1670 5282 1712 5337 E
1737 5285 2016 5344 inuoluens.
2094 5299 2115 5331 ³
2136 5289 2438 5345 convolvens
2468 5319 2538 5329 —
2563 5289 2735 5343 decent
2762 5301 2872 5342 om.
2901 5284 3009 5341 ΒΗ.

1973 5399 2153 5456 ΝοΤΑ
2168 5401 2229 5454 E.

523 5503 559 5535 II
597 5493 615 5547 l
653 5494 778 5549 Cor.
819 5491 879 5545 ll.

532 5563 562 5601 δ
603 5565 737 5617 Dan.
778 5562 839 5617 II.

526 5644 557 5737 Ϊι
589 5630 985 5769 Ῐὶδθῖῗξεέχμ
1037 5700 1077 5753 ιι
1106 5700 1228 5765 Par.
1260 5697 1515 5765 .xxxu;
1570 5698 1691 5753 lsai.
1723 5696 2026 5767 xxxvm;

2142 5446 2310 5545 Each
2338 5491 2450 5556 VII,
2477 5489 2608 5552 Vlll,
2640 5491 2732 5554 IX,
2762 5490 2829 5557 Χ,
2859 5491 2949 5553 XI,
2984 5446 3093 5546 ἐιι.

2218 5574 2241 5669 ῖ
2269 5560 2706 5701 ξιοθὺιιξίιχχνιη
2742 5561 2908 5617 Marc.
2938 5561 3053 5628 XV;
3086 5562 3220 5617 Luc.
3252 5562 3436 5618 ΧΧῆί.
