3978 6160
459 208 595 261 1185

1842 207 2123 265 JOANNIS
2165 212 2357 270 SCOTI

3572 227 3704 282 1184

453 301 617 360 disce,
650 308 744 364 per
768 309 899 362 quos
925 302 977 348 et
1017 309 1134 348 esse
1159 294 1389 348 famulas
1421 295 1576 366 digne
1615 295 1786 351 factus
1811 313 1890 352 es.
1918 293 2023 352 Aut
2053 307 2097 362 Α
2128 303 2364 370 quitatis.
2391 304 2574 374 Itaque
2598 303 2770 367 nef..s,
2790 315 2842 360 ut
2870 322 3020 361 sacra
3051 309 3258 380 eloquia
3280 313 3430 368 aiunt
3453 315 3506 378 δ,
3530 331 3708 371 saneta

456 385 712 454 numquid
738 394 793 437 et
821 400 970 436 sacra
1003 384 1242 454 symbola
1273 385 1373 438 hoc
1397 385 1666 440 clamant?
1693 385 1903 440 Etenim
1931 404 2033 441 non

455 475 774 545 simpliciter
797 469 1045 528 omnibus
1083 476 1298 545 quidem
1326 476 1634 530 exaltantur
1677 478 1870 529 ’sancta
1911 493 2039 531 san-

454 575 686 619 ctorum.
720 565 1070 633 Approximat
1118 574 1296 619 autem
1331 566 1500 635 magis
1554 565 1638 618 his
1687 580 1842 619 sacre
1870 566 2033 635 perﬁ-

455 655 708 709 cientimn
761 665 1020 718 ornatus,
1077 655 1266 709 deinde
1330 657 1669 709 sacerdotum
1703 657 2030 724 dispositio:

453 761 789 814 consequens
812 755 990 799 autem
1024 747 1106 800 his
1131 746 1242 814 ipsa
1275 747 1698 800 ministrantium
1727 765 1738 800 :
1770 747 2033 802 ordinatis

452 852 628 893 autem
686 839 901 894 famulis
950 849 1136 909 portae
1193 840 1376 893 talium
1432 849 1557 895 sunt
1599 851 1937 910 segregtlae,
1967 841 2035 895 ad

452 945 585 996 quas
615 938 669 981 et
714 921 1085 997 perfiCiuutur,
1113 937 1166 981 ct
1209 927 1443 992 adstant,
1481 944 1582 981 non
1621 931 1685 982 ad
1733 930 2032 982 custodiam

452 1035 660 1082 carm-ti,
685 1019 778 1072 sed
811 1030 863 1072 et
888 1020 954 1072 ad
997 1017 1392 1072 ordinationem
1418 1029 1471 1070 et
1493 1020 1847 1088 cognitionem
1880 1003 2031 1071 suam

455 1109 622 1174 magis
669 1107 862 1176 pepnlo
930 1123 1088 1176 quam
1152 1107 1513 1161 sacerdotales
1569 1110 2028 1176 :qtproximantes.

452 1198 578 1252 lude
611 1199 946 1252 sacerdotum
986 1208 1170 1252 sancta
1231 1198 1498 1250 ordinatio
1533 1198 1846 1266 principalis
1894 1198 2032 1250 reci-

452 1305 580 1359 pere
625 1306 717 1342 eos
758 1305 910 1344 sacre
957 1290 1107 1358 ponit
1144 1288 1337 1344 divinis
1364 1328 1378 1352 ,
1426 1289 1544 1342 aliis
1569 1329 1582 1352 ,
1616 1289 1863 1342 videlicet
1897 1289 2031 1342 inte~

457 1379 688 1434 rioribus
747 1380 899 1448 ipsis,
954 1380 1224 1432 (lationem
1274 1380 1487 1448 quidem
1540 1380 1774 1435 tradens.
1820 1381 2030 1434 Etenim

453 1471 594 1525 circa
615 1471 851 1524 divinum
877 1469 1167 1540 symbolice
1183 1479 1607 1538 semperstautes
1632 1471 1825 1536 altare,
1851 1479 2035 1523 amant

451 1570 507 1612 et
535 1561 757 1612 auiiuut
788 1559 968 1613 divina
1000 1560 1145 1614 clare
1179 1558 1259 1612 eis
1305 1562 1559 1624 revelata,
1593 1570 1648 1614 et
1682 1562 2031 1630 procedentes

452 1649 786 1703 tleifarmiter
815 1659 939 1702 sunt
973 1665 1110 1719 quae
1148 1651 1162 1680 ¹
1209 1661 1362 1706 extra
1409 1652 1588 1704 divina
1623 1651 1735 1704 vela
1781 1649 2034 1718 subjectis

454 1739 694 1802 famulis,
720 1748 772 1793 et
803 1755 958 1792 sacro
999 1741 1212 1809 populo,
1250 1751 1304 1794 et
1335 1741 1574 1809 purgatis
1615 1740 1895 1794 ordinibus
1923 1756 2036 1792 ma-

453 1826 714 1883 nifestant
767 1829 1055 1882 secundum
1087 1829 1404 1898 dignitatem
1433 1845 1586 1883 sacra
1626 1830 1761 1883 bene
1786 1818 2033 1883 inconta-

456 1921 658 1974 minata
689 1921 974 1984 custodita,
1007 1936 1174 1989 usque
1205 1923 1328 1974 dum
1363 1921 1640 1991 tyrannice
1667 1921 1744 1975 eis
1771 1920 2032 1986 insiliens,

457 2010 794 2079 triumphare
844 2010 936 2063 tibi
973 2019 1157 2062 sancta
1185 2019 1493 2063 sanctorum
1529 2011 1750 2078 coegisti
1775 2009 2030 2076 uolentia,

452 2109 506 2153 et
533 2099 731 2153 habere
760 2100 935 2169 inquis
958 2115 1110 2154 sacra
1137 2109 1192 2154 et
1220 2099 1509 2153 custodire.
1535 2100 1601 2153 Et
1625 2100 1838 2168 quidem
1862 2115 2034 2169 neque

455 2188 655 2254 vidisti,
681 2204 852 2257 neque
876 2189 1095 2253 audisti,
1118 2205 1290 2258 neque
1313 2190 1479 2256 habes
1498 2189 1622 2258 quid
1651 2189 2032 2258 pertinentium

454 2280 522 2333 ad
580 2282 908 2344 sacerdotes,
942 2281 1081 2334 sicut
1135 2294 1310 2350 neque
1365 2280 1648 2334 veritatem
1698 2279 2034 2349 cloquiorum

457 2370 776 2441 eugnovisti,
810 2371 1048 2440 quotidie
1073 2371 1138 2423 ad
1167 2371 1300 2425 haec
1334 2371 1498 2425 verbo
1523 2385 1786 2440 pugnans,
1813 2371 2038 2425 subver-

459 2471 576 2516 teus
605 2463 897 2517 auditores.
930 2462 996 2516 Et
1020 2464 1064 2516 si
1091 2464 1309 2532 quidem
1334 2464 1509 2533 gentis
1531 2463 1892 2534 principatum
1915 2463 2037 2532 quis

455 2553 692 2607 obtinuit
724 2555 1028 2608 inordinate
1060 2555 1160 2608 sibi
1186 2565 1374 2608 contra
1413 2569 1616 2622 regem,
1641 2555 1788 2624 juste
1817 2557 2037 2626 punitus

452 2653 554 2698 est.
583 2643 650 2698 Et
675 2647 718 2698 si
746 2645 1045 2716 principem
1070 2644 1452 2713 justificantem
1478 2647 1755 2715 quosdam,
1780 2657 1874 2702 aut
1903 2663 2035 2702 con-

457 2738 820 2800 dcmnautem,
838 2737 1057 2790 adstans
1069 2737 1191 2806 quis
1208 2738 1306 2792 sub
1329 2737 1444 2806 ipso
1461 2738 1830 2793 ordinatorum
1853 2739 2038 2795 redar-

454 2840 615 2896 guere
664 2841 825 2880 ausus
873 2826 963 2891 sit,
998 2827 1234 2881 nondum
1277 2827 1420 2880 enim
1456 2828 1575 2882 dico
1629 2830 1946 2894 detrahere,
1981 2836 2037 2884 et

417 2975 439 2995 μ’
454 2916 612 2971 simul
641 2933 707 2972 ex
739 2919 1040 2988 principatu
1074 2918 1344 2989 expellere
1371 2959 1386 2985 ,
1447 2926 1501 2973 tu
1539 2921 1701 2975 homo
1729 2922 1806 2975 sic
1857 2921 2035 2975 audax

2135 391 2275 445 ultra
2322 392 2634 460 dignitatem
2689 397 2955 464 persequi.
3006 398 3301 454 Attendcre
3349 417 3478 456 vero
3528 419 3710 458 unum-

2133 496 2400 551 quemque
2424 483 2631 552 sibiipsi
2663 495 2894 553 oportet,
2925 494 2978 538 et
3009 502 3112 540 non
3149 489 3470 552 excelsiora,
3505 501 3557 545 et
3580 508 3704 562 pro-

2135 569 2378 625 Iundiora
2433 588 2671 636 noscere,
2725 573 3022 645 intelligere
3069 592 3197 631 vero
3245 579 3357 632 sola
3415 582 3705 635 secundum

2132 660 2444 729 dignitatem
2493 663 2592 716 sibi
2645 664 2914 717 ordinata.
2955 666 3093 730 Quid
3134 681 3261 737 ergo
3286 668 3330 732 ⁸,
3361 669 3564 738 inquis,
3607 686 3706 724 non

2135 760 2350 818 oportet
2375 752 2686 806 sacerdotes
2719 753 2881 822 impie
2908 763 3148 821 agentes,
3176 766 3267 808 aut
3293 757 3437 809 aliud
3469 760 3598 827 quid
3629 760 3708 812 in-

2131 839 2500 892 ordinatorum
2577 840 2975 908 redarguendos
3031 843 3226 912 corrigi
3274 862 3288 896 :
3345 845 3478 899 solis
3538 856 3711 900 autem

2132 925 2334 980 licitum
2362 929 2464 981 erit
2506 929 2755 997 gloriosis
2788 931 2838 982 in
2893 931 3030 1000 lege,
3064 947 3161 999 per
3189 936 3709 1002 praevaricationem

2131 1015 2270 1085 legis
2321 1016 2484 1070 Deum
2534 1020 2900 1072 dehouorare?
2953 1021 3035 1073 Et
3065 1024 3333 1090 quomodo
3405 1027 3714 1078 sacerdotes

2133 1107 2563 1161 ntanifcstatores
2612 1118 2736 1162 sunt
2774 1109 2902 1163 Dei?
2934 1110 3210 1176 Quomodo
3239 1115 3575 1167 annunciaut
3622 1129 3714 1184 po-

2132 1197 2259 1268 pulo
2306 1199 2516 1250 divinas
2549 1201 2798 1262 virtutes,
2834 1216 2936 1253 non
2985 1211 3368 1271 cognoscentes
3413 1219 3568 1257 suam
3613 1206 3716 1258 vir-

2134 1300 2301 1344 tutem
2317 1291 2340 1343 ?
2357 1292 2464 1344 Aut
2485 1306 2588 1358 quo
2613 1293 2751 1344 t-odo
2786 1291 3084 1344 illuminant
3108 1293 3377 1346 obscurati
3395 1297 3418 1345 ?
3439 1294 3716 1360 Quomodo

2134 1378 2552 1444 autemgdivinos
2583 1379 2796 1430 tradent
2823 1380 3043 1446 spiritus
3081 1381 3124 1444 ',
3169 1397 3345 1450 neque
3379 1384 3423 1436 si
3462 1395 3548 1437 est
3597 1383 3718 1452 Spi-

2133 1476 2268 1522 l‘llllS
2320 1478 2558 1529 sanctus,
2609 1468 2794 1521 habitu
2852 1478 2907 1521 et
2955 1470 3180 1522 veritate
3233 1472 3556 1526 credentes?
3607 1473 3718 1543 Ego

2134 1569 2312 1612 autem
2347 1559 2630 1613 defendam
2666 1569 2718 1611 te
2772 1561 2837 1614 ad
2899 1563 3048 1614 haec.
3088 1545 3304 1615 Etenim
3328 1579 3434 1616 non
3469 1565 3718 1618 inimicus

2067 1631 2110 1692 Β
2138 1649 2507 1717 Demophilus,
2541 1665 2712 1719 neque
2740 1651 2919 1719 patiar
2969 1660 3040 1704 te~
3055 1653 3261 1721 percuti
3317 1654 3540 1707 Satana.
3578 1655 3716 1708 Nam

2136 1749 2189 1795 et
2243 1755 2595 1808 unaquaeque
2641 1741 2784 1793 circa
2838 1739 3004 1793 Detun
3053 1741 3342 1810 dispositio
3399 1744 3716 1797 deiformior

2135 1832 2311 1902 magis
2342 1834 2574 1907 distante
2605 1839 2709 1894 est,
2740 1841 2794 1884 et
2824 1831 3208 1885 illumiuautior
3241 1833 3398 1886 simul
3429 1845 3485 1887 et
3515 1834 3718 1886 illumi—

2134 1923 2312 1976 natior
2338 1939 2350 1974 :
2383 1921 2551 1990 magis
2583 1936 2711 1974 vero
2739 1920 2926 1973 lumini
2955 1922 3274 1988 proximior,
3303 1930 3356 1976 et
3384 1937 3488 1974 non
3535 1921 3718 1976 locali-

2138 2020 2222 2065 ter
2247 2011 2543 2080 excipiens,
2575 2010 2668 2063 sed
2707 2009 3001 2063 secundum
3049 2009 3138 2062 Dei
3174 2011 3521 2078 reccptricem
3549 2025 3713 2077 Opor-

2138 2103 2476 2156 tunissimam
2527 2099 2948 2168 proximitatem.
2982 2098 3038 2152 Si
3069 2098 3233 2168 igitur
3259 2102 3594 2152 sacerdotum
3629 2107 3716 2153 est

2138 2192 2416 2261 dispositio
2447 2188 2818 2252 illuminatrix,
2849 2188 3067 2241 omnino
3095 2187 3337 2242 decidit‘
3359 2202 3423 2241 ex
3453 2192 3713 2243 sacerdo-

2138 2283 2232 2338 tali
2263 2283 2450 2338 ordine
2492 2288 2548 2334 et
2596 2281 2816 2343 virtute,
2843 2279 2932 2346 qui
2967 2293 3074 2333 non
3103 2288 3185 2331 est
3230 2278 3579 2342 illuminator,
3618 2288 3715 2331 aut

2138 2375 2228 2429 ubi
2255 2375 2432 2443 magis
2471 2387 2575 2426 non
2621 2371 2967 2425 illuminatus.
3008 2370 3075 2423 Et
3122 2370 3294 2423 audax
3339 2371 3466 2423 mihi
3506 2371 3716 2422 videtur

2140 2465 2440 2521 ierarebica
2513 2463 2634 2516 talis
2706 2470 2940 2525 tentans,
2993 2470 3048 2514 et
3090 2475 3265 2528 neque
3314 2461 3498 2515 metuit
3539 2475 3713 2528 neque

2139 2555 2407 2611 erubescit
2435 2553 2611 2608 divina
2641 2552 2778 2605 ultra
2809 2551 3119 2621 dignitatem
3152 2564 3495 2619 persequens,
3531 2559 3586 2604 et
3609 2565 3706 2602 ar-

2144 2649 2354 2704 bitrans
2385 2646 2552 2700 Deum
2582 2646 2845 2715 ignorare,
2879 2657 3018 2712 quae
3053 2642 3266 2713 quidem
3298 2643 3409 2712 ipse
3453 2658 3483 2695 a
3531 2644 3713 2710 seipse

2138 2740 2408 2810 cognovit,
2436 2745 2492 2792 et
2520 2737 2776 2791 seducere
2798 2734 3110 2787 arbitrando
3143 2731 3396 2786 falsivoce
3436 2747 3465 2784 a
3511 2747 3570 2786 se
3599 2731 3710 2784 Pa-

2140 2839 2276 2885 trem
2302 2837 2573 2890 vocatum,
2602 2834 2658 2879 et
2693 2826 2856 2878 audet
2889 2822 3120 2891 pollutas
3153 2837 3278 2876 suas
3324 2821 3708 2890 blaspbetnias.

2137 2937 2247 2976 non
2301 2920 2446 2974 enim
2491 2919 2727 2971 dicerem
2775 2916 3076 2973 orationes,
3129 2913 3182 2966 in
3244 2912 3421 2964 divina
3465 2912 3713 2982 symbol:

454 3022 512 3060 cs
539 3018 726 3068 contra
777 3018 1117 3064 mansuetum
1147 3018 1201 3063 et
1227 3009 1511 3077 optimum,
1551 3018 1606 3064 et
1635 3011 2032 3066 bierarchicam
2061 2997 2106 3058 (ἶ
2138 3008 2586 3068 Christiformiter
2622 3019 2962 3076 superorare.
3012 3001 3127 3057 Non
3157 3010 3241 3056 est
3281 3003 3389 3071 ipse
3434 3003 3713 3064 διέθει-(105»

457 3097 572 3163 ejus
598 3099 1010 3168 legislatiouem?
1025 3100 1089 3153 Et
1112 3100 1246 3155 haec
1265 3101 1709 3170 opertuitdicere,
1733 3118 1855 3157 cmn
1878 3118 2039 3173 super

463 3189 781 3260 dignitatem
807 3191 929 3260 quis
983 3201 1214 3255 tentans,
1255 3199 1433 3245 tamen
1467 3193 1838 3247 convenientia
1877 3206 2039 3262 agere

455 3281 762 3336 videbatur.
794 3283 1005 3336 Etenim
1029 3299 1202 3352 neque
1225 3284 1326 3338 hoc
1349 3283 1552 3338 licitum
1581 3285 1692 3337 ulli.
1723 3285 1859 3352 Quid
1892 3287 2036 3341 enim

457 3371 818 3427 inordinatmu
843 3373 1002 3428 Ozias
1026 3373 1273 3439 faciebat,
1298 3374 1517 3430 adolens
1533 3377 1676 3430 Deo?
1696 3377 1833 3442 Quid
1854 3386 2034 3432 autem

458 3462 585 3516 Sani
604 3464 907 3517 immolaus.
927 3464 1132 3529 Quidve
1155 3465 1416 3534 tyrannici
1438 3467 1727 3519 daemones
1743 3481 1866 3520 vere
1883 3466 2034 3521 theo-

456 3551 700 3622 logautes
743 3551 973 3606 Iesum?
1023 3552 1128 3608 Sed
1177 3554 1496 3607 interdictus
1544 3554 1809 3625 theologia
1859 3557 2035 3610 omnis

457 3653 749 3695 extraneus
781 3642 1605 3712 episcopus,elunusquisquein
1627 3646 1816 3700 ordine
1858 3647 2037 3700 minis-

459 3731 706 3785 tratiouis
731 3720 860 3786 suae
885 3733 1008 3798 erit,
1030 3741 1083 3785 et
1105 3732 1249 3786 solus
1261 3748 1501 3787 summus
1516 3736 1766 3789 sacerdos
1786 3735 2035 3792 insancta

457 3830 765 3876 sanctorum
790 3823 1088 3888 intrabata,
1105 3832 1165 3892 et
1189 3823 1352 3877 Semel
1375 3825 1426 3877 in
1449 3840 1607 3879 anno.
1624 3825 1869 3880 Ethocin
1890 3828 2034 3881 omni

457 3914 752 3968 secundum
782 3913 950 3983 legem
980 3915 1275 3969 ierarcbica
1308 3915 1706 3984 purificatione.
1746 3917 1812 3969 Et
1847 3933 2033 3971 sacer-

457 4006 610 4062 dotes
631 4006 1106 4075 circumpreudunt
1125 4017 1309 4060 sancta
1323 4048 1335 4071 ,
1351 4016 1405 4061 et
1424 4006 1639 4061 Levitae
1659 4021 1761 4061 non
1787 4009 2036 4077 tangent'

458 4105 668 4160 sancta,
697 4105 755 4150 ut
785 4112 891 4150 non
924 4097 1240 4151 moriantur.
1279 4096 1348 4150 Et
1375 4096 1544 4151 iratus
1582 4106 1668 4151 est
1708 4097 1888 4152 furore
1928 4099 2034 4151 Do-

458 4190 638 4243 minus
659 4203 820 4257 super
841 4189 1110 4257 protervia
1132 4187 1316 4250 Oziae,
1333 4196 1386 4241 et
1405 4187 1568 4241 Maria
1599 4189 1740 4256 lepra
1763 4205 2032 4258 percussa,

458 4282 750 4353 Iegislatori
787 4280 955 4350 legem
987 4295 1188 4348 ponere
1219 4288 1449 4344 tentans,
1487 4289 1541 4332 et
1582 4280 1631 4332 iu
1665 4287 1816 4334 Σκεῦα
1849 4281 1869 4311 ³
1899 4281 2033 4334 Iilios

459 4373 715 4428 insiluere
744 4371 1045 4427 daemonia.
1064 4371 1130 4423 Et
1148 4387 1159 4422 :
1179 4369 1293 4424 Non
1324 4370 1599 4424 mittebam
1627 4385 1737 4432 eos,
1767 4371 1960 4440 inquit,
1983 4380 2038 4424 et

462 4465 561 4533 ipsi
590 4464 882 4518 currebant
913 4477 928 4516 ι
957 4470 1010 4515 et
1037 4477 1140 4514 non
1171 4461 1428 4530 loquebar
1459 4461 1526 4513 ad
1553 4475 1670 4526 eos,
1699 4469 1752 4515 et
1782 4460 1879 4530 ipsi
1916 4474 2038 4528 pro-

460 4555 753 4624 pltetabant
785 4572 797 4606 :
834 4562 889 4607 et
920 4554 1117 4623 impius
1147 4552 1433 4606 immolans
1465 4553 1593 4606 mihi
1630 4552 1876 4616 vitulum,
1901 4553 2041 4606 sicut

459 4647 710 4700 occidens
731 4660 938 4699 canem.
971 4645 1035 4698 Et
1056 4643 1372 4713 simpliciter
1401 4644 1683 4698 dicendum
1729 4662 1740 4697 :
1773 4643 1884 4698 Non
1918 4659 2036 4699 sus-

463 4737 597 4790 tinet
637 4736 849 4803 iuiquos
887 4735 1124 4806 perfecta
1159 4735 1248 4790 Dei
1271 4735 1498 4806 justitia.
1524 4735 1834 4789 Dicentibus
1861 4745 2040 4790 autem

463 4825 595 4894 ipsis
645 4842 658 4878 :
719 4824 776 4878 In
827 4828 1043 4881 nomine
1107 4835 1198 4879 tuo
1245 4827 1475 4878 virtutes
1525 4825 1720 4877 multas
1784 4824 2032 4892 fecimus,

463 4917 814 4988 respondetur
846 4938 857 4972 :
890 4919 1082 4975 Nescio
1116 4935 1230 4983 vos,
1267 4919 1338 4972 ite
1360 4931 1546 4971 omnes
1583 4925 1892 4984 operatores
1934 4919 2035 4972 ini—

2140 3122 2248 3162 non
2277 3113 2378 3171 est,
2410 3104 2503 3159 sed
2557 3102 2828 3164 inimicus,
2882 3099 3117 3162 dolosus,
3155 3096 3342 3150 illusor
3382 3097 3610 3159 suimet,
3661 3105 3715 3148 et

2139 3199 2294 3268 lupus
2323 3197 2376 3250 in
2413 3194 2647 3249 divinam
2677 3192 2910 3261 plebem.
2943 3189 3099 3243 ovina
3129 3187 3267 3256 pelle
3305 3196 3565 3275 armatus.
3609 3185 3711 3239 Sed

2140 3305 2245 3344 non
2285 3283 2601 3354 Demophilo
2651 3283 2784 3335 haec
2824 3278 3028 3346 justum
3077 3279 3366 3346 corrigere.
3418 3275 3537 3329 Non
3565 3278 3707 3330 enim

2140 3376 2402 3447 theologia
2433 3374 2630 3444 injuste
2657 3368 3242 3441 justifieationesjubet
3268 3371 3513 3437 persequi
3551 3379 3599 3418 τ.
3625 3366 3713 3421 Ju-

2138 3480 2218 3526 sta
2266 3477 2444 3523 autem
2475 3474 2558 3520 est
2599 3463 2872 3533 persequi,
2910 3476 3033 3515 cum
3075 3459 3398 3513 distribuere
3433 3459 3546 3511 vult
3596 3458 3711 3526 quis

2137 3561 2426 3628 nnicuique
2465 3557 2756 3610 secundum
2786 3551 3284 3623 diguitatem,juste
3327 3553 3429 3604 hoc
3468 3551 3712 3603 Ollllliblts

2137 3649 2583 3722 persequendum,
2631 3660 2737 3698 non
2788 3643 2924 3696 ultra
2974 3655 3160 3697 eorum
3199 3641 3538 3710 dignitatem.
3574 3639 3712 3704 Quo-

2137 3746 2281 3798 niam
2313 3750 2367 3797 et
2395 3739 2597 3810 angelis
2621 3738 2822 3808 justum
2854 3735 3122 3798 distribui,
3145 3735 3287 3803 quod
3316 3733 3610 3787 secundum
3639 3732 3706 3784 di-

2138 3836 2393 3905 gnitatem
2427 3840 2482 3884 et
2521 3828 2861 3885 distribuitur
2881 3827 2924 3878 τ.
2956 3825 3333 3880 Verumtamen
3361 3839 3469 3878 non
3492 3840 3520 3876 a
3543 3824 3712 3886 nobis,

2139 3942 2171 3982 ο
2202 3923 2538 3993 DemOphile,
2566 3935 2660 3990 per
2706 3919 2851 3988 ipsos
2873 3927 3050 3970 autem
3080 3917 3235 3970 nobis
3255 3931 3324 3970 ex
3349 3917 3480 3979 Deo,
3505 3925 3562 3968 et
3588 3916 3717 3982 ipsis

2138 4034 2234 4089 per
2259 4018 2370 4087 jam
2399 4013 2790 4085 praecellentes
2820 4010 3054 4079 angelos.
3087 4009 3153 4063 Et
3179 4008 3496 4078 simpliciter
3535 4010 3718 4062 dicen-

2139 4111 2286 4170 dum,
2319 4107 2370 4159 iu
2404 4103 2652 4159 omnibus
2704 4101 3059 4155 existentibus
3105 4113 3203 4167 per
3251 4099 3426 4166 prima
3468 4097 3720 4151 secundis

2139 4197 2551 4255 distribuuntur,
2599 4206 2736 4260 quae
2789 4199 2913 4243 sunt
2945 4189 3240 4242 secundum
3289 4188 3604 4256 dignitatem
3650 4186 3713 4235 ab

2137 4287 2373 4341 omnium
2397 4281 2792 4336 ordiuatissima
2819 4287 2874 4332 et
2891 4276 3185 4345 justissima
3211 4276 3568 4343 providentia.
3617 4272 3715 4341 Ipsi

2140 4379 2354 4448 quidem
2380 4389 2506 4444 ergo
2534 4383 2588 4437 et
2614 4372 2735 4426 aliis
2763 4372 3053 4425 subsistere
3074 4384 3103 4421 a
3131 4370 3238 4421 Deo
3256 4369 3512 4432 ordinati,
3541 4368 3720 4418 distri-

2141 4469 2311 4522 buunt
2337 4473 2459 4533 post
2480 4478 2562 4527 se,
2586 4471 2639 4514 et
2664 4459 3039 4514 obedientibus
3069 4457 3364 4510 secumlum
3385 4457 3721 4525 dignitatem.

2143 4554 2486 4623 Demophilus
2509 4561 2684 4607 autem
2713 4551 2902 4611 verbo,
2933 4557 2986 4601 et
3017 4547 3218 4610 furore,
3251 4556 3307 4600 et
3334 4547 3726 4613 concupiscen-

2146 4648 2240 4712 tia,
2269 4661 2406 4715 quae
2438 4651 2562 4697 sunt
2589 4638 2883 4694 secundum
2914 4638 3247 4706 dignitatem,
3280 4643 3549 4704 segreget,
3575 4645 3632 4686 et
3661 4648 3724 4686 ue

2147 4737 2397 4806 injuriam
2451 4747 2578 4787 suae
2628 4729 2784 4782 faciat
2829 4726 3193 4788 ordinatioui,
3238 4726 3334 4780 sed
3394 4724 3730 4794 principem:-

2139 4824 2393 4893 subjectis
2433 4819 2681 4890 superius
2729 4817 2970 4870 verbum.
3021 4815 3227 4868 Etenim
3274 4815 3324 4867 in
3377 4814 3599 4867 ecclesia
3651 4829 3720 4864 u-

2141 4919 2330 4972 deutes
2354 4926 2571 4968 servum
2618 4909 2856 4970 domino,
2888 4917 2942 4960 et
2975 4906 3173 4960 seniori
3214 4905 3508 4974 juniorem,
3547 4912 3644 4955 aut
3676 4913 3726 4956 e‘.

1741 5049 1993 5106 VARIAE
2032 5046 2429 5108 LECTIONES.

534 5165 551 5195 ¹
591 5161 681 5217 Sic
709 5161 900 5223 codd;
937 5160 975 5212 Λ
1003 5160 1070 5212 ad
1090 5177 1150 5212 ea
1179 5176 1310 5228 quae
1339 5169 1477 5212 sunt.
1557 5159 1576 5187 ²
1614 5157 1699 5212 ΒΙΙ
1729 5169 1968 5226 tangunt.

2046 5162 2067 5192 ³
2108 5160 2235 5214 BEII
2269 5159 2442 5226 keyue.

2520 5152 2542 5183 ⁸
2581 5151 2666 5204 ΒΕ
2691 5165 2831 5204 vero.
2907 5149 2928 5180 ⁸
2966 5148 3010 5201 Λ
3050 5147 3223 5200 diriuo
3259 5148 3471 5200 tradent
3505 5145 3724 5212 spiritu.

465 5233 487 5265 ⁸
517 5233 600 5287 ΒΗ
640 5219 898 5286 άιεεὶάαι.⁷
942 5233 960 5262 ’¹
1001 5229 1134 5282 ΑΒΙΙ
1157 5245 1171 5293 ;
1193 5219 1254 5281 Ἐ
1282 5228 1527 5283 distribui
1557 5238 1603 5281 et
1635 5219 1896 5297 segregdrt'
1922 5231 2063 5298 quod
2093 5219 2386 5284 secundum
2422 5223 2735 5293 dignitatem
2761 5228 2816 5273 et
2841 5219 3179 5273 distribuitur
3206 5227 3254 5270 et
3290 5227 3614 5287 segregat".

1971 5339 2224 5394 NOTAE.

535 5465 559 5491 ει
588 5451 653 5506 ιν
685 5450 816 5516 Reg.
845 5449 970 5517 XV;
1001 5449 1041 5502 II
1064 5448 1186 5503 Par.
1217 5447 1412 5509 XXVI;
1435 5446 1600 5517 IReg.
1618 5446 1732 5501 XIII
1753 5465 1767 5514 ;
1791 5449 1951 5504 Marc.
1982 5451 2023 5517 I,

535 5465 559 5491 ει
590 5462 649 5506 IV
689 5462 816 5516 ltcg.
848 5462 970 5508 AV;
1002 5462 1041 5502 ll
1067 5462 1186 5503 I’ar.
1218 5462 1412 5509 IUL“;
1439 5462 1546 5500 tlte
1588 5489 1600 5500 .

467 5521 561 5583 III;
599 5521 758 5574 Nehe.
790 5519 924 5578 XIII,
954 5513 1114 5572 Hebr.
1143 5517 1242 5579 IX;
1275 5517 1443 5570 Levit.
1483 5518 1499 5569 Ι
1531 5462 1614 5569 ἐι.

541 5593 566 5630 δ
605 5589 936 5655 l.cvit.X\'l;
982 5589 1140 5642 IIl-br.
1176 5587 1264 5651 IX;
1298 5587 1333 5640 II
1371 5587 1490 5640 I’ar.
1525 5585 1718 5653 XXVI;
1748 5587 2028 5654 Num.XII,

2137 5452 2252 5504 Act.
2279 5448 2428 5515 XIX;
2459 5448 2567 5503 Jer.
2586 5446 2785 5511 XXIII;
2813 5446 2972 5502 Ezec.
2995 5444 3142 5511 XIII;
3167 5444 3286 5500 Isai.
3319 5450 3502 5513 LXVI;
3527 5448 3735 5504 Matth.

2144 5521 2225 5572 VII
2253 5537 2265 5582 ;
2293 5520 2421 5572 Luc.
2467 5517 2596 5571 XIII.

2214 5605 2232 5625 "
2287 5593 2433 5643 Dt'tsl.
2461 5589 2598 5643 XVI.
