3978 6160
303 246 442 300 “85

1150 238 1396 294 VERSI)
1435 234 1717 293 OI’IEIIUM
1757 235 1812 286 Β.
1858 228 2152 287 DLONYSII
2189 259 2254 267 —-
2287 222 2687 281 EPISTOLAE.

3244 210 3270 235 ⁸
3431 207 3461 272 ’1
3481 218 3580 272 I86

300 343 474 394 tilium
517 336 657 407 patri
709 334 1119 389 maledicentem
1163 334 1322 387 simul
1375 340 1429 386 et
1466 337 1799 398 sequentem,
1843 336 1896 379 et
1927 336 1968 390 Α
2001 323 2178 390 scipso
2218 318 2524 374 (IIICCliOIIiS
2559 313 2923 369 ostensionem
2966 311 3098 364 facit
3137 310 3316 363 ovium
3346 311 3579 364 clemen-

303 430 492 499 plagas
520 434 994 496 superponentem,
1022 424 1181 492 impie
1208 436 1368 491 agere
1418 433 1753 490 putaremur,
1784 417 1885 468 nisi

300 505 617 575 melioribus
671 528 1019 572 aecurrentes
1074 513 1466 581 adjuvissemns
1508 529 1521 564 :
1571 520 1625 563 et
1673 509 1889 578 quidem

300 624 432 664 sane
462 610 534 663 illi
567 618 723 664 antea
748 609 894 677 juste
926 610 1190 662 fecerunt.
1242 607 1522 673 Quomodo
1553 618 1655 655 non
1680 611 1735 655 et
1762 618 1888 654 con-

299 698 607 762 l‘undemur,
647 710 960 769 praesentes
987 714 1017 750 a
1053 698 1232 749 furore
1260 705 1315 749 et
1348 694 1783 763 concupiscentia
1816 693 1893 743 in-

293 791 648 859 justificatum
681 793 902 843 verbum
938 799 993 842 et
1040 804 1124 856 ex,
1147 788 1255 840 Deo
1285 787 1469 838 datum
1518 783 1887 851 magisterium

295 884 593 952 expellens,
626 893 683 939 et
712 885 764 936 in
803 883 959 936 nobis
996 883 1325 951 impietatem
1364 889 1419 933 et
1450 879 1707 948 injustam
1745 876 1893 927 inor-

296 975 655 1037 dinationem,
672 983 729 1027 et
751 975 1093 1035 seditionem,
1114 981 1167 1024 et
1196 972 1504 1024 inornatum
1524 963 1890 1022 suscitantes?

295 1063 494 1120 Merito
525 1067 714 1119 beatus
743 1074 926 1118 noster
947 1080 1013 1117 ex
1043 1064 1149 1116 Deo
1177 1062 1472 1132 lcgislator,
1507 1075 1613 1112 non
1641 1059 1893 1127 dignatur

295 1155 563 1210 ecclesiae
589 1154 682 1207 Dei
712 1164 988 1225 praeesse,
1015 1170 1117 1206 non
1141 1154 1389 1221 propriae
1418 1149 1597 1204 domui
1629 1147 1893 1213 henejam

294 1248 695 1319 praesidentem
727 1258 775 1298 ει.
822 1246 1033 1298 Etenim
1091 1245 1349 1297 ordinans
1395 1242 1651 1310 seipsum,
1677 1247 1731 1292 et
1760 1236 1893 1290 alte-

296 1357 419 1394 rum
473 1340 693 1394 ordinat
725 1354 739 1390 :
775 1344 830 1389 et
876 1335 968 1403 qni
1014 1334 1266 1397 alterum,
1303 1344 1357 1386 et
1396 1333 1613 1386 domum
1645 1346 1659 1382 :
1699 1338 1754 1383 et
1799 1328 1890 1396 qui

294 1432 611 1495 domum,et
631 1429 906 1484 civitatem
935 1436 1024 1479 :et
1047 1427 1137 1495 qui
1166 1425 1460 1488 civitatem,
1482 1430 1535 1475 et
1556 1430 1770 1491 gentem
1803 1437 1815 1471 :
1839 1425 1894 1473 et

303 1523 625 1594 simpliciter
652 1521 968 1583 dicendum,
1000 1527 1056 1572 ut
1084 1516 1298 1585 eloquia
1323 1515 1497 1577 aiunt,
1523 1528 1615 1582 qui
1639 1513 1691 1565 in
1720 1524 1894 1580 pauco

303 1612 499 1677 ﬁdelis,
528 1621 582 1665 et
607 1611 660 1664 in
692 1608 860 1663 multo
898 1608 1071 1663 lidelis
1112 1616 1217 1673 est,
1264 1615 1319 1660 et
1348 1607 1436 1674 qui
1470 1602 1525 1658 in
1562 1616 1734 1672 pauco
1774 1600 1894 1653 inli-

1996 412 2259 465 tissimam
2289 405 2714 477 pastoralitatem
2741 406 2781 454 ³.
2812 402 2877 455 Ει
2922 401 3121 454 malum
3150 402 3370 469 quidem
3422 408 3581 454 vocat

1993 516 2099 556 non
2128 499 2488 552 dimittentem
2520 508 2781 548 conservo
2822 492 3085 556 debitum,
3125 503 3300 558 neque
3342 489 3582 558 partiens
3620 533 3635 546 .

1994 590 2177 641 lat-iter
2205 588 2505 640 tradentem
2536 585 2770 638 donante
2795 582 2897 636 sibi
2924 597 3086 635 omne
3117 581 3283 633 multa
3318 578 3582 634 bonitate.

1990 678 2129 731 .lusti
2161 687 2337 730 autem
2355 675 2586 744 propriis
2620 673 2736 741 ejus
2768 671 3148 749 perfruuntur.
3166 673 3342 739 Super
3375 670 3460 724 his
3483 684 3580 724 ne-

1992 768 2286 822 cessarium
2320 767 2509 819 timere
2539 773 2593 817 et
2627 779 2728 824 me,
2762 772 2816 816 et
2853 762 3247 831 Demophilum.
3291 761 3500 814 Etenim
3527 769 3585 815 et

1992 859 2045 912 iu
2073 860 2244 926 ipsum
2275 858 2295 887 ¹
2329 857 2489 925 impie
2536 854 2841 925 agentibus,
2874 854 2926 906 in
2951 868 3010 907 se
3035 853 3586 922 patientioremissio-

1995 964 2117 1002 nem
2153 948 2402 1015 producit
2446 961 2477 999 a
2532 956 2684 1015 patre
2733 963 2745 998 :
2793 946 3157 999 comminatur
3192 956 3247 998 et
3286 945 3585 1014 discipulis,

1993 1039 2120 1109 quia
2155 1048 2211 1093 et
2253 1039 2531 1106 impietate
2578 1037 3083 1092 immisericorditer
3109 1039 3331 1107 dignum
3380 1037 3587 1092 duxere

1988 1128 2235 1197 judicare
2249 1136 2633 1196 persequentes
2653 1142 2774 1180 eum
2799 1126 3173 1181 Samaritanos
3200 1141 3245 1180 υ.
3273 1129 3385 1182 Hoc
3406 1138 3586 1182 autem

1996 1221 2154 1273 toties
2186 1218 2389 1272 dictum
2430 1232 2537 1271 non
2583 1217 2748 1271 feroci
2792 1219 3329 1286 epistola—sursum
3356 1220 3590 1273 enim/et
3647 1217 3655 1227 ’

1996 1309 2246 1362 deorsum
2274 1306 2633 1361 fremis—sie
2664 1321 2768 1360 non
2803 1295 3055 1377 teipsum,
3088 1310 3183 1362 sed
3215 1309 3383 1362 Deum
3416 1309 3591 1363 vindi-

1994 1401 2153 1454 casti.
2185 1398 2412 1469 Propter
2453 1399 2738 1460 malitiam,
2773 1399 2860 1453 dic
2908 1399 3064 1463 mihi,
3108 1400 3351 1454 bonum?
3379 1401 3543 1455 Cessa
3572 1419 3588 1456 :

1996 1507 2103 1547 non
2134 1492 2395 1547 habemus
2435 1506 2705 1546 summum
2757 1493 3095 1546 sacerdotem
3130 1510 3234 1548 non
3264 1495 3289 1527 ³
3317 1504 3591 1562 potentem

1997 1580 2231 1649 compati
2279 1579 2687 1635 infirmitatibus
2744 1582 2965 1645 nostris,
3022 1583 3201 1635 sedet
3230 1584 3349 1637 sine
3386 1584 3592 1637 malitia

296 1704 456 1769 delis,
485 1669 543 1758 et
584 1702 636 1756 in
686 1699 856 1754 multo
889 1698 1119 1753 infidelis
1150 1669 1235 1751 est
1257 1698 1304 1749 ι).
1335 1669 1453 1765 Ipse
1481 1669 1698 1763 quidem
1740 1690 1905 1758 igitur
1934 1695 1981 1753 B
2006 1680 2110 1769 θεξν
2144 1677 2199 1725 εί
2226 1670 2553 1725 τηίεετίεοτεο
2592 1669 2708 1769 Νίξη
2754 1672 3275 1769 εοῑηυῐιξῖξειοᾟθίίυθ
3315 1671 3591 1738 είλιιηὶὼίι.

304 1792 744 1862 eunetipiscentia
782 1798 836 1843 et
871 1789 1054 1843 furore
1076 1797 1134 1842 et
1154 1787 1340 1851 verbo,
1375 1799 1514 1855 quae
1548 1792 1675 1838 sunt
1701 1795 1895 1836 secun-

296 1883 429 1938 dum
474 1882 814 1951 dignitatem,
847 1892 1095 1948 segrego.
1143 1876 1266 1930 Tibi
1302 1886 1483 1929 autem
1517 1879 1775 1941 praesunt
1813 1868 1895 1922 di-

295 1974 412 2027 vini
440 1972 693 2033 ministri,
719 1978 773 2024 et
791 1970 874 2023 his
902 1968 1239 2023 sacerdotes:
1259 1964 1459 2021 summi
1484 1978 1613 2019 vero
1639 1960 1893 2016 sacerdo—

300 2074 387 2117 tes
416 2060 811 2123 sacerdotibus,
863 2069 921 2113 et
975 2058 1203 2111 summis
1256 2054 1627 2109 sacerdotibus
1668 2047 1896 2119 apostoli

294 2162 359 2208 et
385 2150 749 2222 apostolorum
782 2161 1144 2203 successores.
1176 2145 1243 2200 Et
1265 2145 1440 2200 sicubi
1456 2142 1588 2213 quis
1613 2142 1744 2195 etin
1769 2138 1893 2203 illis,

298 2257 369 2298 eo
394 2243 536 2312 quod
564 2242 741 2304 debet,
758 2239 1045 2302 erraverit,
1075 2240 1143 2293 ab
1166 2250 1339 2306 aeque
1361 2234 1669 2306 potentibus
1693 2230 1898 2286 sanctis

303 2334 506 2387 iterum
536 2331 821 2400 dirigetur,
855 2337 911 2383 et
938 2344 1043 2382 non
1094 2329 1542 2381 circumvertetur
1575 2324 1708 2377 ordo
1737 2335 1900 2391 super

298 2425 576 2489 ordinem,
619 2426 713 2478 sed
744 2422 1116 2491 unusquisque
1162 2420 1214 2473 iu
1249 2419 1444 2472 ordine
1483 2430 1584 2471 suo
1607 2424 1664 2470 et
1707 2415 1762 2468 in
1805 2414 1900 2467 ad-

299 2516 702 2569 ministratione
726 2529 823 2566 sua
858 2513 983 2566 erit.
1029 2511 1201 2565 Tanta
1229 2510 1326 2564 tibi
1352 2524 1381 2562 a
1406 2507 1562 2563 nobis
1588 2508 1655 2561 de
1678 2505 1897 2559 sciendo

295 2615 359 2660 et
385 2606 615 2676 agendo,
662 2619 803 2672 quae
850 2611 939 2657 tua
971 2611 1117 2657 sunt.
1166 2601 1240 2655 De
1269 2609 1451 2654 autem
1493 2599 1545 2652 in
1594 2598 1794 2661 virum,
1841 2604 1901 2649 ut

298 2697 500 2765 inquis,
541 2695 764 2763 impium
800 2703 857 2747 et
891 2702 1234 2763 peccatorem
1285 2688 1681 2744 inhumanitate
1715 2685 1899 2740 nescio

296 2785 571 2854 quomodo
600 2782 824 2838 deﬂeam
875 2782 1260 2848 contritionem
1301 2779 1640 2834 diIeCtissimi
1671 2776 1797 2831 mei.
1850 2776 1897 2829 A

297 2889 413 2946 quo
431 2875 575 2928 enim
601 2874 858 2928 aestimas
883 2872 1119 2926 famulos
1144 2888 1174 2925 a
1205 2871 1359 2925 nobis
1382 2868 1661 2924 ordinari?
1686 2866 1897 2921 Etenim

298 2964 354 3021 ei
380 2979 483 3018 non
506 2964 560 3017 in
588 2966 750 3027 bono,
777 2964 998 3017 omnino
1022 2961 1110 3016 ubi
1142 2960 1303 3014 nobis
1330 2973 1551 3013 necesse
1579 2958 1648 3011 sit
1677 2965 1730 3010 te
1752 2969 1894 3021 esse,

1998 1771 2055 1818 et
2077 1762 2190 1831 ipse
2213 1769 2543 1823 mansuetus,
2571 1769 2627 1815 et
2654 1761 2770 1830 ipse
2808 1761 3122 1828 propitiatio
3151 1770 3237 1815 est
3260 1761 3327 1816 de
3353 1763 3593 1830 peccatis

1998 1851 2201 1907 nostris
2251 1849 2296 1903 τ.
2341 1850 2527 1919 Itaque
2567 1864 2672 1902 non
2721 1850 3014 1918 recipimus
3061 1851 3137 1903 tui
3182 1867 3288 1905 non
3338 1852 3595 1906 zelandos

1999 1950 2211 2014 motus,
2263 1954 2438 2009 neque
2499 1938 2547 1992 si
2612 1937 2889 1992 multoties
2954 1940 3185 2008 recipias
3245 1939 3478 1994 Phinees
3538 1951 3595 1995 et

1998 2030 2171 2084 Eliam
2202 2030 2247 2082 ε.
2295 2028 2443 2083 Haec
2482 2028 2627 2083 enim
2657 2028 2913 2083 audiente
2953 2026 3104 2093 Jesu,
3154 2045 3262 2083 non
3310 2032 3596 2099 placebant

1999 2120 2162 2175 mites
2191 2129 2319 2174 tunc
2340 2127 2397 2174 et
2444 2119 2636 2189 optimi
2676 2119 2903 2188 spiritus
2941 2120 3234 2190 participes
3266 2127 3291 2160 δ
3325 2122 3593 2192 discipuli.

2001 2209 2213 2264 Etenim
2260 2209 2663 2264 sacratissimus
2687 2218 2874 2264 noster
2906 2210 3170 2265 mirabilis
3205 2212 3493 2268 ordinatur
3539 2214 3593 2270 in

2000 2300 2417 2354 mansuetudine
2439 2299 2599 2354 docet
2617 2300 2898 2369 oppositos
2934 2300 3219 2357 doctrinae
3250 2304 3367 2358 Dei.
3398 2306 3595 2361 Doceri

1999 2387 2169 2456 enim,
2197 2407 2304 2444 non
2332 2391 2514 2461 puniri
2540 2390 3122 2461 oportetiguorantes:
3154 2394 3298 2449 sicut
3317 2403 3372 2450 et
3402 2411 3597 2453 caecos

2000 2496 2109 2537 non
2156 2480 2544 2551 cruciﬁgimus,
2595 2483 2691 2537 sed
2740 2484 3177 2540 manuducimus.
3231 2485 3309 2541 Tu
3356 2504 3488 2543 vero
3539 2501 3596 2544 et

2001 2575 2272 2644 respicere
2306 2577 2360 2629 in
2401 2574 2583 2628 lumen
2628 2575 2977 2630 inchoantem
3028 2577 3203 2631 virum
3253 2580 3408 2649 quasi
3459 2596 3597 2651 puer

2000 2681 2174 2721 novus
2201 2666 2338 2720 dans
2389 2664 2627 2734 repellis,
2658 2673 2715 2719 et
2756 2680 2881 2720 cum
2924 2667 3092 2722 multa
3123 2668 3438 2725 confusione
3468 2687 3597 2741 pro-

1997 2755 2269 2810 cidentem
2313 2753 2599 2809 ferocitate
2646 2755 2983 2811 recalcitras.
3038 2756 3155 2813 Hoc
3198 2772 3378 2815 autem
3426 2764 3598 2818 multo

2000 2846 2208 2900 honore
2252 2846 2493 2917 dignum,
2544 2848 2688 2916 quod
2735 2846 2988 2904 Christus
3029 2866 3193 2921 super
3226 2864 3436 2909 montes
3457 2857 3599 2927 opti-

1999 2953 2123 2994 mus
2151 2953 2270 3005 ens,
2294 2948 2568 2995 errantem
2601 2940 2845 3011 inquirit,
2876 2949 2933 2997 et
2957 2943 3314 3013 refugientem
3339 2950 3593 3015 advocat,

298 3055 598 3109 secundum
634 3067 735 3106 nos
771 3050 1032 3104 famulatu
1060 3050 1207 3104 OIIIIII
1247 3049 1507 3102 alienum.
1537 3046 1603 3100 Et
1632 3046 1754 3100 vide
1781 3060 1813 3098 a
1850 3053 1901 3099 te
1928 3056 1974 3117 ρ
2004 3041 2061 3086 ει
2081 3031 2360 3087 iuvem“!!!
2390 3033 2479 3087 ViX
2506 3033 2561 3088 in
2589 3032 2844 3088 humeros
2877 3034 3087 3091 tollit“.
3116 3036 3410 3108 Numquid,
3442 3057 3595 3112 rogo,

300 3147 469 3201 etiam
515 3146 681 3199 Deum
730 3156 995 3213 quaerere
1032 3151 1088 3195 et
1135 3141 1447 3195 sacerdotes
1496 3138 1652 3201 alios,
1692 3137 1762 3190 ab
1801 3135 1906 3191 illis

305 3238 489 3292 curari
518 3238 691 3306 magis
712 3250 873 3304 quam
906 3234 1117 3304 perficl,
1164 3242 1221 3286 et
1276 3245 1397 3286 esse
1433 3238 1721 3285 consuetae
1748 3227 1906 3281 inhu-

302 3327 585 3383 manitatis
620 3328 672 3380 in
701 3334 1041 3380 mansuetum
1089 3323 1423 3377 ministrum.
1465 3318 1737 3388 Numquid
1781 3331 1907 3372 nos-

302 3421 453 3490 ipsos
518 3420 586 3472 ad
639 3418 862 3472 omnino
943 3426 1190 3470 sanctum
1258 3412 1623 3483 perfecimus,
1687 3419 1745 3465 et
1796 3424 1905 3464 non

300 3511 612 3580 indigemus
637 3509 854 3563 divinae
877 3523 943 3561 ex
966 3507 1143 3576 seipsa
1162 3505 1514 3559 humanitatis
1533 3502 1557 3555 ’ἔ
1578 3503 1660 3557 Au
1684 3500 1907 3571 duplum

302 3609 614 3670 peccatum,
636 3599 924 3669 uteloquia
954 3599 1127 3661 aiunt,
1163 3595 1458 3651 secundum
1491 3594 1685 3663 impios
1711 3608 1907 3662 pecca-

306 3706 453 3752 mus,
492 3691 795 3744 nescientes
822 3689 876 3742 in
901 3702 1008 3755 quo
1028 3685 1372 3748 olfendinms,
1402 3683 1497 3737 sed
1527 3693 1582 3735 et
1605 3680 1912 3749 justifican-

308 3790 396 3837 tes
423 3783 696 3851 nosipsos,
725 3789 780 3834 et
808 3782 1157 3834 aestimantes
1197 3778 1399 3838 videre,
1438 3791 1562 3829 vere
1587 3783 1768 3828 autem
1800 3788 1907 3827 non

304 3873 591 3929 videntes?
621 3884 644 3912 ο
670 3872 901 3942 Expavit
945 3871 1151 3924 caelum
1196 3885 1360 3939 super
1390 3869 1512 3928 hoc,
1556 3876 1611 3920 et
1650 3865 1907 3920 exhorrui

306 3978 435 4034 ego,
465 3972 520 4017 et
553 3962 734 4017 dilIido
764 3964 816 4016 in
858 3962 1087 4031 meipso.
1119 3961 1186 4016 Et
1212 3962 1258 4013 si
1289 3976 1391 4013 non
1426 3969 1543 4012 tuas
1571 3959 1904 4025 insequerer,

305 4056 465 4125 quasi
490 4070 594 4109 non
620 4054 879 4110 deberent
904 4054 1043 4108 bene
1055 4068 1321 4123 cognosce
1342 4052 1668 4114 literas,non
1703 4048 1905 4103 fortas-

309 4149 391 4201 sis
412 4148 775 4215 reprehensae
805 4156 954 4202 sunt.
991 4145 1269 4216 Siquidem
1300 4144 1388 4198 alii
1415 4158 1501 4199 me
1526 4143 1743 4211 quidam
1765 4141 1831 4195 de
1857 4149 1909 4195 te

308 4238 598 4302 consulere
633 4239 853 4308 dignum
882 4239 1181 4303 ducebant,
1205 4237 1331 4306 quia
1371 4234 1717 4305 DemOphilus
1745 4234 1909 4288 383”-

310 4338 428 4384 mat
452 4329 713 4399 optimum
736 4330 794 4383 in
824 4330 1006 4383 omnia
1034 4328 1204 4383 Deum
1234 4342 1339 4381 non
1367 4340 1487 4381 esse
1509 4334 1564 4380 et
1586 4327 1901 4390 humanum,

2005 3139 2113 3178 non
2148 3123 2290 3179 male
2334 3124 2415 3179 sic
2439 3124 2505 3179 de
2534 3124 2689 3180 nobis
2731 3125 2865 3195 ipsis
2893 3127 3293 3184 consiliamur?
3327 3131 3597 3203 Numquid

2005 3214 2059 3267 in
2081 3214 2333 3284 nosipsos
2358 3214 2687 3285 impellimus
2722 3216 2930 3272 telum?
2958 3218 3113 3285 Quod
3157 3220 3374 3290 quidem
3402 3222 3599 3292 injuste

2004 3302 2186 3360 facere
2213 3305 2501 3375 quosdam,
2533 3307 2647 3362 sive
2689 3310 3001 3373 econtrario
3030 3311 3167 3366 bene
3191 3310 3371 3369 facere
3399 3331 3598 3371 conan-

2008 3406 2112 3463 tes,
2151 3396 2226 3452 illi
2256 3399 2476 3468 quidem
2506 3414 2613 3454 non
2637 3414 2852 3470 semper
2869 3415 3095 3473 egerunt
3124 3419 3264 3474 quae
3293 3391 3595 3465 voluerunt.

2007 3488 2239 3543 Sibimet
2258 3497 2441 3542 autem
2472 3490 2733 3545 malitiam
2759 3502 2852 3546 aut
2875 3494 3172 3549 bonitatem
3199 3500 3594 3567 eonsociantes,

2006 3581 2099 3651 qui
2120 3580 2317 3636 divinis
2338 3582 2649 3648 virtutibus,
2675 3593 2769 3638 aut
2787 3585 3057 3642 diuturnis
3079 3588 3225 3659 pleni
3253 3594 3598 3660 passionibus

2006 3681 2189 3726 erunt.
2225 3672 2290 3725 Et
2328 3672 2427 3741 ipsi
2453 3672 2674 3741 quidem
2701 3675 3014 3745 angelorum
3045 3678 3309 3733 bonorum
3335 3696 3600 3753 sequaces

2006 3771 2063 3816 et
2097 3764 2345 3827 comites,
2385 3773 2442 3818 et
2475 3766 2565 3820 hic
2602 3775 2658 3819 et
2697 3766 2803 3822 illic
2849 3783 2972 3823 cum
3000 3772 3148 3825 onmi
3190 3777 3602 3831 consecratione

2000 3861 2063 3907 et
2088 3852 2339 3907 libertate
2366 3854 2434 3908 ab
2477 3856 2730 3909 omnibus
2769 3856 2925 3909 malis
2968 3859 3020 3911 in
3067 3874 3282 3930 semper
3311 3864 3603 3921 existentia

2010 3942 2193 3998 secula
2222 3943 2566 3997 beatissimas
2593 3944 2896 3998 sortientur
2933 3945 2953 3976 ⁸
2976 3946 3209 4015 quietes,
3239 3960 3294 4003 et
3334 3967 3456 4005 cum
3486 3953 3600 4009 Deo

2008 4031 2274 4103 semper“
2297 4041 2487 4098 erunt,
2521 4033 2665 4102 quod
2702 4043 2786 4088 est
2825 4036 3067 4090 omnium
3108 4039 3375 4096 bonorum
3423 4046 3600 4099 maxi-

2006 4141 2177 4180 mum.
2204 4124 2295 4180 Isti
2316 4134 2496 4180 autem
2526 4127 2807 4182 discedent
2832 4128 3012 4183 divina
3047 4131 3208 4186 simul
3242 4142 3297 4187 et
3322 4150 3419 4190 sua
3443 4151 3599 4206 pace,

2009 4217 2098 4271 hic
2125 4225 2180 4271 et
2206 4225 2328 4287 post
2376 4229 2607 4273 mortem
2648 4219 2897 4276 similiter
2948 4222 3108 4277 simul
3159 4223 3406 4280 obscuris
3441 4242 3603 4283 erunt

2009 4310 2381 4364 daemonibus.
2449 4309 2741 4380 Propterea
2817 4312 2973 4367 nobis
3047 4315 3215 4370 nmlta
3272 4317 3600 4385 sollicitudo,

312 4435 496 4491 neque
544 4423 782 4490 seipsum
838 4422 1084 4493 indigere
1125 4419 1433 4475 miserentis
1484 4426 1578 4473 aut
1624 4418 1901 4473 salvantis.

2011 4415 2135 4455 cum
2160 4399 2269 4454 Deo
2291 4399 2498 4470 optimo
2526 4401 2666 4467 ﬁeri,
2693 4410 2748 4455 et
2784 4415 2904 4457 esse
2926 4418 3048 4459 cum
3093 4405 3323 4462 Domino
3360 4423 3596 4479 semper,

312 4511 425 4566 Sed
487 4521 544 4567 et
582 4514 892 4569 sacerdotes
938 4529 1006 4568 ex
1052 4512 1428 4583 procreatione
1468 4511 1614 4581 digni
1664 4511 1904 4567 bonitate

311 4614 536 4677 portare
568 4607 898 4677 ignorantias
943 4606 1124 4676 populi
1165 4607 1301 4660 bene
1336 4607 1533 4668 sciunt,
1566 4605 1691 4674 quia
1726 4612 1781 4657 et
1802 4605 1903 4674 ipsi

313 4698 820 4754 circnmvolvuntur
874 4698 1212 4751 infirmitate.
1267 4695 1376 4750 Sed
1425 4696 1639 4749 divinus
1682 4705 1904 4749 sanctus

315 4790 597 4862 perfector
644 4791 709 4845 ad
757 4791 1043 4844 alienatam
1081 4789 1270 4851 exivit,
1309 4797 1365 4842 et
1404 4795 1686 4856 prepterea
1714 4800 1905 4855 pecca-

315 4878 554 4949 toribus,
597 4890 657 4934 ut
686 4895 842 4936 sacra
871 4881 1081 4950 eloquia
1129 4882 1279 4933 aiunt
1300 4877 1349 4942 ἀ,
1377 4886 1712 4953 segregatus,
1761 4886 1815 4930 et
1850 4877 1904 4930 in

2011 4501 2068 4547 et
2089 4507 2194 4546 non
2223 4492 2378 4546 malis
2402 4507 2468 4548 ex
2496 4490 2647 4561 justo
2699 4498 3096 4566 consegregari,
3133 4513 3271 4568 quae
3301 4506 3600 4560 secundum

2012 4583 2330 4654 dignitatem
2379 4599 2447 4639 ex
2487 4585 2887 4656 nobismetipsis
2917 4588 3264 4646 sustinentes.
3302 4592 3455 4659 Quod
3479 4599 3602 4665 qui-

2014 4676 2134 4730 dem
2165 4686 2221 4730 et
2245 4691 2344 4747 ego
2372 4677 2615 4730 omnium
2655 4678 2893 4733 maxime
2922 4678 3107 4746 timeo,
3135 4690 3190 4736 et
3233 4698 3332 4739 oro
3355 4690 3599 4744 omnium

2014 4768 2278 4823 malorum
2309 4770 2581 4838 particeps
2620 4783 2726 4823 non
2766 4784 2907 4824 esse.
2946 4770 3017 4826 Et
3064 4772 3111 4827 si
3165 4775 3267 4840 vis,
3295 4786 3350 4832 et
3387 4780 3602 4837 divinae

2014 4862 2238 4921 visionis
2273 4862 2446 4917 sancti
2472 4861 2750 4931 cujusdam
2786 4862 2886 4915 viri
2915 4865 3279 4922 recordabar:
3310 4880 3366 4924 et
3387 4888 3492 4926 non
3518 4876 3600 4927 ri-

1707 4984 1965 5041 VARIAE
2006 4979 2411 5040 LECTIONES.

396 5078 413 5107 ¹
449 5075 537 5132 BH
588 5078 988 5132 clementissima
1045 5076 1427 5147 pastoralitale.

318 5147 523 5216 ticipes.
596 5150 618 5182 ⁵
656 5148 745 5202 ΑΕ
770 5146 1061 5203 sordentia.
1134 5148 1155 5179 ⁸
1183 5146 1274 5200 AE
1295 5154 1342 5199 et
1371 5159 1602 5214 semper.

1527 5074 1548 5103 ⁹
1574 5072 1659 5127 BH
1692 5073 1744 5127 in
1770 5074 2015 5144 idipsum.

2119 5073 2141 5103 ⁸
2173 5072 2263 5127 Sic
2285 5073 2361 5136 A;
2414 5085 2518 5122 non
2565 5082 2673 5121 om.
2693 5065 2851 5121 BEII.
2955 5067 2976 5099 ⁸
3003 5068 3097 5124 Sic
3150 5072 3306 5129 codd.
3336 5074 3379 5127 Α
3407 5076 3603 5144 impur-

1836 5236 2085 5294 NOTAE.

397 5341 426 5371 ι
464 5330 484 5384 I
523 5328 666 5383 Tim.
705 5329 794 5384 III.

399 5399 429 5440 δ
470 5400 596 5455 Luc.
631 5399 772 5456 XVI.

398 5479 424 5510 ο
457 5469 567 5524 Jer.
604 5469 696 5533 IX,
726 5469 880 5524 Joan.
915 5468 1005 5523 IX.

393 5538 423 5582 ⁴
463 5539 630 5594 Hebr.
656 5539 720 5601 γ,
765 5541 872 5593 γη.

405 5622 430 5651 ¢
458 5610 478 5664 I
508 5609 653 5663 Petri
685 5611 757 5671 ll,
789 5609 947 5663 .Ioan.
982 5609 1106 5674 XII,
1140 5609 1290 5664 Matt.
1322 5609 1517 5677 XVIII,
1550 5610 1680 5664 an.
1727 5608 1911 5664 XXIII.

576 5705 845 5763 I’A‘x‘noL.
899 5703 1155 5764 CXX“.

2020 5401 2036 5454 Ι
2063 5329 2126 5454 1:)
2130 5328 2292 5452 aI'I‘eb'.l
2310 5326 2397 5385 IV.
2441 5326 2633 5382 Matth.
2655 5327 2769 5395 XII,
2796 5329 2902 5384 Isa.
2935 5326 3094 5392 XLII,
3125 5325 3233 5382 Jer.
3258 5328 3319 5393 lI,
3352 5328 3514 5386 Amos
3537 5330 3604 5401 II,

2094 5473 2119 5508 κ
2145 5469 2304 5524 Num.
2331 5467 2551 5532 XXXV,
2582 5467 2647 5523 III
2690 5468 2820 5539 Reg.
2857 5468 2923 5522 X.

2088 5542 2114 5581 ιι
2143 5541 2337 5597 Ezecb.
2372 5539 2615 5605 XXXIV,
2646 5540 2774 5595 Luc.
2820 5539 2931 5593 XV.
