3978 6160
178 188 215 207 ν’
222 168 311 205 ὼ
326 152 613 195 Μ.»

80 192 185 241 μ-ςνῑ

612 60 637 105 Ξ

453 212 633 290 Har
724 236 733 245 -

2970 182 3191 193 --υ-..-..-.-..
3214 186 3233 191 _

1832 210 2113 268 JOANMS
2154 208 2347 267 SCOTI
2924 176 2949 184 ”
2970 182 3191 193 "mm"
3214 186 3233 191 “
3571 215 3708 270 uss

420 328 623 386 .debis;
697 340 818 379 vera
869 326 1012 379 enim
1057 325 1252 381 dicam.
1304 325 1441 381 Dum
1497 339 1670 381 essem
1739 327 2025 397 aliquando
2054 339 2101 394 Α
2130 328 2394 392 nolentes,
2422 327 2683 397 quaedam
2712 340 2839 382 vero
2882 326 3147 391 volentes,
3170 340 3200 379 a
3224 325 3368 381 malo
3393 335 3515 397 post
3532 343 3709 398 pauca

442 415 590 483 iuxta
622 413 859 480 Cretam,
893 425 1111 470 sanctus
1142 416 1438 470 introduxit
1481 430 1568 471 me
1600 416 1829 488 Carpus,
1861 421 1942 472 vir
1970 428 2026 473 et

443 507 488 559 si
519 507 641 576 quis
662 506 932 575 alius,per
956 506 1179 560 multam
1205 508 1494 576 puritatem
1527 509 1695 563 animi
1726 510 1794 563 ad
1814 509 2026 563 divinas

443 596 678 650 visiones
728 596 879 650 valde
908 605 1260 665 opportunus.
1297 597 1365 650 Et
1387 598 1604 666 quidem
1629 613 1803 669 neque
1827 600 2029 654 sanctis

446 688 845 763 mysteriorum
875 687 1158 741 sacriﬁciis
1203 688 1522 752 conabatur,
1568 688 1669 742 nisi
1721 690 1871 758 prius
1924 689 2023 758 ipsi

444 779 736 831 secundum
766 787 891 831 ante
920 776 1188 846 perfectas
1237 779 1511 833 orationes
1545 793 1730 833 sacras
1755 787 1810 832 et
1838 779 2023 848 propi-

453 874 614 921 tiatas
642 867 846 927 visione
870 866 1397 935 supermanil‘estata.
1424 866 1645 921 Dicebat
1685 866 1870 937 igitur,
1895 881 2025 921 con-

445 961 713 1012 tristatum
738 972 797 1012 se
822 957 1110 1027 aliquando
1156 957 1449 1011 inﬁdelium
1498 959 1750 1027 quodam.
1784 957 2022 1012 Tristitia

443 1060 620 1103 autem
648 1059 785 1113 erat,
818 1051 943 1118 quia
986 1050 1054 1104 ab
1080 1050 1319 1105 Ecclesia
1367 1050 1455 1105 ille
1501 1051 1770 1120 quendam
1821 1051 2021 1105 bonum

442 1138 673 1205 seduxit,
688 1139 863 1192 adhuc
883 1137 1036 1192 laetis
1059 1140 1188 1207 ipsis
1203 1139 1393 1194 diebus
1413 1140 1821 1193 consummatis.
1849 1134 2022 1207 Opor-

443 1231 589 1285 tebat
623 1243 913 1302 utrumque
948 1231 1205 1285 divinitus
1247 1231 1736 1301 superglorilicare.
1770 1239 1825 1285 et
1855 1231 2022 1285 Deum

442 1320 760 1374 salvatorem
775 1321 1319 1390 comprehendentcm
1346 1320 1719 1390 accipientem,
1751 1334 1875 1374 eum
1905 1319 2025 1389 qui-

438 1411 559 1466 dem
609 1412 990 1475 convertisse,
1050 1411 1192 1465 hunc
1240 1425 1369 1465 vero
1417 1412 1662 1465 bonitate
1705 1411 1923 1477 vicisse,
1967 1421 2023 1465 et

442 1520 549 1557 non
592 1501 897 1572 relinquere
943 1502 1295 1566 admonitum,
1352 1496 1409 1555 et
1457 1517 1553 1572 per
1595 1502 1761 1555 vitam
1806 1516 2022 1555 omnem

442 1608 610 1663 usque
640 1592 818 1658 hodie,
866 1600 919 1645 et
946 1591 1101 1645 sicin
1133 1591 1366 1645 divinam
1396 1606 1489 1646 eos
1535 1591 1732 1646 ducere
1763 1592 2025 1661 cognitio-

2129 419 2237 472 vim
2287 418 2546 473 facientes
2577 416 2736 473 simul
2763 426 2819 472 et
2860 416 3274 487 interrogantes.
3329 416 3474 470 Dixit
3527 426 3708 475 autem

2130 510 2363 578 Carpus,
2393 510 2628 579 seipsum
2651 508 2905 565 delectari
2930 510 3182 564 deorsum
3205 508 3708 573 videntem,eorum

2130 613 2334 667 autem,
2357 617 2496 670 quae
2524 616 2759 665 sursum,
2797 600 3062 672 negligere
3094 618 3107 652 :
3139 600 3409 671 indignari
3430 610 3610 656 autem
3650 612 3712 657 et

2126 690 2538 760 parvipendere,
2564 691 2690 760 quia
2722 706 2828 745 non
2851 690 3164 744 ceciderunt
3185 690 3322 759 jam,
3352 699 3410 745 et
3437 691 3517 744 rei
3548 691 3709 745 toties

2128 781 2657 850 superadjicientem,
2688 789 2743 834 et
2770 797 2876 836 non
2897 780 3163 835 valentem
3184 781 3496 835 contristari
3550 790 3605 837 et
3624 780 3707 834 fa-

2129 873 2304 941 tigari.
2328 873 2393 926 Et
2415 874 2789 944 respicientem
2811 872 2897 925 vix
2923 872 3105 926 videre
3125 872 3340 940 quidem
3368 871 3565 928 iterum
3587 888 3710 928 cae-

2126 962 2260 1027 lum,
2286 964 2425 1019 sicut
2444 970 2499 1018 et
2520 963 2670 1032 prius
2686 962 2934 1017 videbat:
2958 959 3140 1016 Jesum
3163 969 3340 1017 autem
3366 962 3710 1017 miserentetu

2127 1050 2278 1116 facti,
2304 1067 2571 1122 exurgere
2618 1067 2783 1121 super
2807 1051 3029 1106 caelesti
3073 1051 3289 1117 throno,
3335 1061 3392 1107 et
3422 1068 3593 1122 usque
3621 1070 3713 1108 eos

2126 1142 2568 1208 descendentem,
2613 1159 2833 1198 manum
2855 1144 3113 1213 optimam
3140 1155 3438 1213 praestare,
3461 1154 3518 1198 et
3543 1160 3710 1215 ange-

2125 1232 2206 1288 los
2234 1250 2356 1288 cum
2387 1235 2504 1305 ipso
2536 1235 2864 1305 accipientes
2891 1235 3053 1290 alium
3089 1235 3305 1290 aliunde
3338 1237 3612 1306 recepisse
3634 1237 3710 1289 vi—

2128 1336 2237 1386 ros,
2261 1332 2315 1377 ct
2338 1323 2516 1378 dicere
2530 1323 2706 1392 Carpo
2724 1323 2913 1379 Jesum
2945 1342 2958 1377 :
2980 1323 3141 1377 Manu
3153 1321 3266 1391 jam
3292 1332 3419 1379 ante
3438 1326 3712 1395 praeordi-

2127 1425 2254 1467 nata
2280 1428 2416 1483 puer
2460 1415 2755 1469 secundum
2805 1430 2893 1469 me
2943 1414 3239 1469 residuum.
3293 1414 3529 1471 Paratus
3562 1417 3708 1471 enim

2127 1519 2246 1559 sum
2297 1506 2493 1559 iterum
2548 1520 2647 1574 pro
2702 1504 3009 1561 hominibus
3072 1504 3404 1561 resalvandis
3460 1507 3595 1575 pati.
3645 1506 3709 1561 Et

2126 1594 2427 1650 adamabile
2472 1596 2604 1650 mihi
2666 1597 2800 1660 hoc,
2855 1612 2961 1651 non
3015 1595 3138 1651 aliis
3191 1597 3544 1668 peccantibus
3615 1598 3713 1654 bo-

443 1681 997 1751 nem,tanquamjam
1018 1689 1072 1734 et
1095 1691 1303 1735 eertum
1326 1682 1610 1736 exstinctis
1633 1680 2023 1750 ipsisjudicatis
2057 1694 2098 1751 Β
2128 1685 2382 1741 minibus.
2434 1686 2814 1742 Verumtamen
2865 1687 3026 1752 vide,
3075 1689 3122 1742 si
3185 1687 3322 1744 bene
3382 1688 3583 1744 habere
3640 1690 3710 1743 ti-

439 1783 495 1830 et
540 1773 995 1828 irrationabilibus
1047 1771 1318 1827 ferocibus
1364 1772 1416 1826 in
1484 1771 1600 1843 lege
1649 1772 1795 1839 justa
1839 1786 2028 1841 sapere

442 1867 667 1920 coactis.
699 1864 804 1919 Sed
832 1866 885 1918 in
915 1864 1092 1933 seipse
1121 1878 1228 1917 non
1260 1863 1410 1931 prius
1436 1863 1541 1918 hoc
1569 1865 1803 1933 patiens,
1844 1862 2027 1917 nescio

443 1959 713 2027 quomodo
729 1967 855 2012 tunc
872 1956 1093 2009 multam
1109 1955 1377 2023 quandam
1396 1954 1794 2007 inclementiam
1818 1963 1872 2006 et
1886 1967 2028 2005 ama-

440 2049 735 2102 ritudinem
770 2047 1036 2109 intexens,
1074 2043 1373 2096 inﬁrmatus
1405 2049 1488 2096 est
1517 2042 1733 2110 quidem
1773 2042 1853 2096 sic
1889 2041 2027 2095 male

444 2138 668 2190 habens.
714 2133 948 2203 Vespera
1007 2132 1150 2187 enim
1203 2140 1343 2185 erat.
1397 2131 1553 2186 Circa
1597 2140 1777 2185 autem
1821 2132 2026 2185 medias

443 2238 649 2289 noctes,
704 2224 914 2280 solebat
939 2224 1084 2278 enim
1116 2223 1170 2276 in
1202 2223 1303 2278 hoc
1343 2231 1553 2293 tempus
1595 2223 1711 2292 ipse
1744 2238 1812 2278 ex
1845 2223 2025 2293 seipso

441 2317 510 2372 ad
532 2316 745 2370 divinas
774 2315 965 2369 laudes
1010 2314 1287 2384 evigilare,
1338 2316 1511 2384 surgit
1554 2314 1794 2383 quidem,
1847 2329 2025 2385 neque

443 2397 648 2460 somnis
687 2405 735 2459 ei
762 2404 987 2458 multum
1010 2403 1388 2467 existentibus,
1424 2414 1480 2457 et
1505 2417 1721 2473 semper
1746 2401 2022 2460 oll‘enden-

444 2502 576 2553 tium
596 2498 938 2552 extrinsecus
963 2495 1369 2567 perturbatione
1390 2494 1618 2551 abutens
1637 2513 1651 2549 :
1669 2505 1818 2551 stans
1844 2506 2022 2552 tamen

442 2590 498 2644 in
540 2588 779 2643 divinum
823 2586 1174 2655 colloquium,
1205 2601 1313 2642 non
1356 2596 1507 2641 recte
1536 2587 1779 2642 {renatus
1800 2597 1904 2654 est,
1936 2590 2017 2643 in-

442 2681 693 2749 dignatus
744 2688 850 2743 cst,
901 2691 1012 2731 non
1055 2691 1177 2731 esse
1218 2674 1425 2744 justum
1454 2675 1669 2742 dicens,
1697 2677 1741 2731 si
1780 2677 2022 2732 viverent

442 2769 547 2823 viri
585 2768 755 2838 impii,
787 2775 843 2821 et
878 2767 1258 2822 subvertentes
1279 2766 1397 2821 vias
1440 2766 1652 2820 Domini
1676 2775 1856 2822 rectas
1878 2779 1926 2822 α.
1956 2768 2026 2823 Et

442 2864 580 2917 haec
635 2862 839 2924 dicens,
871 2859 1027 2931 petiit
1069 2860 1087 2891 ⁸
1143 2875 1174 2913 a
1204 2859 1315 2913 Deo
1353 2859 1475 2929 igne
1514 2858 1747 2927 quodam
1804 2858 2019 2914 caelesti

442 2952 725 3021 utriusque
771 2952 825 3005 iu
876 2948 1042 3005 semel
1113 2949 1611 3005 immisericorditer
1680 2951 2023 3021 requiescere

2126 1775 2200 1839 bi,
2224 1776 2278 1829 in
2300 1777 2581 1831 cbasmate
2609 1786 2801 1832 etcum
2830 1778 3173 1847 serpentibus
3204 1778 3539 1832 mansionem
3559 1792 3711 1833 com-

2127 1872 2337 1919 mutare
2363 1875 2383 1905 ε
2409 1865 2546 1935 ejus,
2592 1883 2733 1936 quae
2781 1876 2863 1921 est
2897 1883 3017 1921 cum
3064 1868 3173 1922 Deo
3203 1876 3258 1921 et
3284 1867 3504 1936 optimis
3528 1875 3582 1923 et
3608 1868 3711 1921 bu-

2127 1959 2304 2013 manis
2345 1958 2365 1990 ³
2392 1958 2616 2026 angelis.
2662 1957 2806 2013 llaec
2832 1967 2977 2023 sunt,
3007 1973 3146 2028 quae
3170 1973 3271 2029 ego
3295 1959 3519 2014 audiens
3543 1958 3709 2014 credo

2125 2062 2257 2101 vera
2284 2062 2426 2103 esse.

2870 2116 2960 2171 IX.

2130 2230 2248 2287 Tito
2274 2231 2511 2301 pontiﬁci
2552 2232 2574 2262 ⁸
2606 2230 2949 2301 interroganti
2975 2246 3069 2299 per
3108 2229 3403 2301 epistolam,
3455 2245 3585 2300 quae
3620 2246 3709 2283 ac.

2194 2300 2418 2373 pientiae
2445 2303 2655 2366 domus,
2681 2300 2815 2371 quis
2836 2312 3027 2366 crater,
3063 2310 3111 2353 et
3136 2302 3226 2370 qui
3251 2300 3351 2353 cibi
3375 2311 3424 2353 et
3455 2310 3634 2369 potu.

2196 2416 2432 2470 Sanctus
2484 2413 2700 2484 quidem
2730 2413 3069 2477 Timotheus,
3099 2428 3133 2467 o
3171 2412 3311 2468 boue
3339 2411 3481 2477 Tite,
3522 2413 3709 2467 nescio

2124 2520 2193 2559 an
2215 2505 2343 2576 quid
2371 2505 2710 2576 cognitorqu
2731 2505 2864 2561 mihi
2889 2504 3312 2575 tbeologicorum
3334 2503 3709 2575 symbolarum

2125 2597 2350 2652 recessit
2408 2595 2740 2665 relinquens.
2808 2595 2915 2650 Sed
2965 2596 3018 2649 in
3085 2594 3375 2666 symbolica
3436 2593 3708 2663 theologia

2122 2687 2261 2742 bene
2275 2686 2657 2750 discrevimus,
2681 2699 2871 2740 omnes
2883 2683 3217 2753 eloquiorum
3239 2683 3305 2738 de
3329 2681 3438 2738 Deo
3450 2681 3710 2736 aestima-

2125 2776 2299 2831 tiones
2335 2778 2455 2831 esSe
2501 2774 2684 2830 multis
2710 2781 3103 2829 monstruosas.
3158 2772 3368 2827 Etenim
3415 2771 3469 2826 in
3512 2786 3712 2828 conse-

2124 2868 2345 2937 quentia
2383 2866 2810 2922 contaminatam
2847 2872 3190 2934 extergentes
3213 2862 3714 2933 imperfectionibus

2126 2957 2453 3021 animarum,
2501 2954 2937 3025 quandocunque
2990 2967 3225 3008 arcanae
3267 2952 3483 3021 sophiae
3520 2962 3713 3023 patres

441 3047 598 3099 vitas.
633 3044 776 3100 Haec
826 3054 1008 3098 autem
1056 3042 1242 3099 dicens
1269 3042 1346 3096 ait
1373 3051 1591 3111 putasse
1619 3043 1801 3099 videre
1844 3045 2024 3099 subito
2051 3032 2095 3093 C
2127 3062 2226 3118 per
2244 3047 2509 3119 quaedam
2534 3045 2744 3102 occulta
2797 3056 2855 3101 et
2877 3044 3103 3101 audacia
3147 3044 3451 3115 aenigmata
3475 3042 3713 3097 manife-

442 3136 683 3199 domum,
714 3133 770 3188 in
804 3148 909 3204 qua
940 3132 1159 3202 quidem
1184 3133 1381 3196 stabat,
1407 3148 1726 3190 concussam
1758 3136 1931 3203 prius,
1954 3150 2023 3191 ex

442 3234 585 3278 tecto
639 3224 693 3277 in
738 3223 844 3278 duo
878 3222 1055 3277 media
1108 3222 1361 3287 divisam,
1393 3231 1451 3276 et
1500 3224 1789 3292 quemdam
1835 3239 2022 3296 rogum

444 3297 644 3371 nfultae
690 3314 823 3370 lucis
871 3314 925 3368 in
971 3324 1259 3383 conSpectu
1290 3328 1410 3379 suo,
1438 3324 1493 3367 et
1520 3313 1700 3379 talem,
1742 3315 2026 3371 videbatur

442 3408 585 3461 enim
624 3414 862 3461 ceterum
888 3405 988 3459 sub
1016 3406 1236 3459 aethere
1256 3404 1428 3470 locus,
1459 3420 1526 3460 ex
1543 3406 1765 3462 caelesti
1804 3408 2026 3478 regione

442 3499 693 3572 usquead
722 3513 782 3554 se
811 3497 1243 3567 descendentem,
1260 3496 1467 3552 caelum
1489 3506 1668 3553 autem
1684 3499 1856 3568 ipsum
1872 3498 2025 3554 rella—

441 3603 628 3659 grans,
682 3597 738 3641 et
766 3588 819 3641 in
849 3586 1012 3641 dorso
1033 3584 1166 3639 caeli
1197 3585 1369 3655 ipsum
1395 3584 1582 3641 Jesum
1613 3587 1798 3643 multis
1834 3587 2025 3642 huma-

440 3678 749 3733 uil‘ormitcr
790 3677 890 3745 ipsi
918 3675 1253 3730 adstantibus
1284 3675 1508 3745 angelis.
1539 3675 1606 3730 Et
1639 3677 1774 3733 haec
1807 3678 2026 3747 quidem

348 3762 353 3767 ’
441 3772 642 3826 vidisse
682 3770 1067 3833 desursum,et
1103 3783 1163 3825 se
1200 3769 1408 3823 mirari.
1458 3770 1719 3825 Deorsum
1758 3786 1887 3827 vero
1942 3773 2024 3826 in-

441 3881 673 3923 curvans
718 3864 928 3933 Carpus
960 3880 972 3916 :
1003 3862 1284 3928 Videbam,
1330 3862 1528 3931 inquit,
1556 3872 1613 3918 et
1642 3872 1844 3919 terram
1895 3879 2023 3932 pro-

440 3960 684 4015 fundam.
740 3955 851 4011 Hoc
877 3954 946 4009 ad
977 3953 1251 4008 tristitiam
1287 3962 1370 4007 est
1396 3954 1637 4015 chasma,
1691 3961 1747 4008 et
1777 3956 2026 4009 tenebro-

439 4064 560 4105 sum
588 4057 920 4117 separatum,
949 4052 1005 4098 et
1028 4042 1243 4113 quidem
1264 4041 1411 4097 viros
1437 4042 1578 4109 illos,
1605 4043 1802 4112 quibus
1821 4043 2027 4099 calum-

441 4140 712 4200 niabatur,
765 4144 892 4190 aute
922 4133 990 4188 ab
1019 4133 1137 4202 ipso
1163 4133 1318 4200 juxta
1342 4132 1593 4187 ostiolum
1625 4133 1842 4189 stetisse
1866 4134 2027 4189 chas-

445 4237 603 4290 matis
623 4230 1003 4297 subtremulos,
1029 4228 1279 4292 miseros,
1310 4235 1514 4281 tantum
1541 4227 1776 4283 nondum
1805 4229 2024 4283 descen-

440 4328 630 4382 dentes
669 4338 700 4378 a
732 4320 1069 4392 propriorum
1124 4317 1319 4386 pedum
1363 4315 1731 4371 instabilitate.
1762 4316 2023 4373 Deorsum

2124 3148 2273 3194 stant
2293 3138 2555 3204 divinam,
2582 3145 2639 3192 et
2664 3136 2969 3207 mysticam,
2991 3142 3048 3190 et
3074 3133 3273 3189 inviam
3298 3132 3593 3188 immundis
3619 3147 3708 3187 ve-

2134 3230 2375 3285 ritatem.
2416 3227 2710 3298 Propterea
2761 3242 2865 3281 non
2891 3225 3162 3282 credimus
3203 3224 3355 3279 multi
3402 3223 3468 3279 de
3507 3224 3707 3279 divinis

2126 3318 2399 3390 mysteriis
2420 3317 2738 3371 rationibus.
2773 3314 3220 3385 Contemplamur
3242 3314 3387 3368 enim
3411 3311 3706 3368 solummo-

2125 3408 2194 3462 do
2216 3422 2279 3462 ea
2308 3423 2430 3462 cum
2459 3404 2906 3461 connaturalibus
2933 3404 3089 3460 nobis
3125 3402 3466 3459 sensibilibus
3487 3402 3706 3472 symbo-

2125 3497 2211 3552 lis.
2240 3495 2467 3565 Oportet
2494 3504 2674 3550 autem
2704 3502 2760 3550 et
2779 3504 3040 3549 eruentes
3067 3509 3133 3549 ea
3185 3494 3239 3547 in
3272 3494 3577 3563 semetipsis
3602 3510 3702 3549 nu—

2125 3589 2194 3644 da
2214 3597 2269 3643 et
2298 3604 2430 3655 pura
2460 3587 2600 3641 facta
2626 3587 2829 3640 videre.
2859 3585 2951 3641 Sic
2971 3585 3115 3640 enim
3144 3584 3197 3640 in
3226 3584 3702 3654 contemplantibus

2125 3680 2404 3749 aperirent
2427 3680 2449 3712 '
2472 3679 2689 3749 quidem
2732 3677 2937 3733 fonnem
2966 3677 3110 3733 vitae
3148 3677 3202 3730 in
3233 3677 3469 3746 seipsum
3500 3675 3701 3740 fusum,

2124 3770 2263 3825 etin
2314 3770 2493 3839 seipso
2540 3776 2776 3824 stantem
2825 3766 3096 3830 videntes,
3126 3777 3183 3820 et
3223 3773 3385 3820 uuam
3432 3766 3703 3834 quandam

2125 3862 2403 3929 virtutem,
2432 3860 2703 3930 simplam,
2729 3873 2827 3931 per
2848 3859 3078 3928 seipsam
3101 3867 3321 3919 motam.
3350 3850 3448 3926 per
3470 3858 3703 3927 seipsam

2124 3963 2459 4024 operantem,
2489 3953 2724 4023 seipsam
2766 3966 2872 4006 non
2898 3951 3262 4015 deserentem,
3294 3951 3390 4006 sed
3423 3951 3705 4005 scientiam

2124 4046 2366 4102 omnium
2411 4044 2760 4100 scientiarum
2809 4042 3193 4099 subsistentem
3217 4081 3234 4105 ,
3282 4051 3338 4096 et
3367 4056 3584 4111 semper
3609 4056 3706 4110 per

2125 4137 2356 4205 seipsam
2395 4132 2867 4203 contemplantem.
2917 4130 3182 4202 Oportere
3226 4131 3391 4201 igitur
3427 4142 3485 4185 et
3524 4132 3625 4199 ipsi
3650 4141 3708 4186 et

2125 4224 2246 4279 aliis
2279 4222 2420 4294 apud
2451 4237 2549 4277 nos
2593 4222 3016 4283 aestimavimus,
3048 4228 3309 4291 quantum
3337 4221 3593 4291 possibile
3618 4237 3706 4275 es-

2125 4326 2229 4381 set,
2249 4316 2512 4385 replicare
2546 4314 2836 4368 variabiles
2860 4313 3229 4369 deformitates
3257 4312 3325 4368 de
3357 4315 3471 4369 Deo
3490 4314 3707 4383 symbo-

441 4426 623 4472 autem
674 4432 703 4468 a
732 4387 1012 4468 Velia—sutum
1060 4416 1341 4476 serpentes
1368 4422 1579 4477 repere,
1603 4416 1659 4461 et
1681 4409 1826 4462 circa
1858 4410 2023 4478 pedes
2053 4387 2101 4447 ί)
2132 4407 2268 4462 licae
2295 4419 2485 4462 sacrae
2517 4403 2873 4475 figurationis.
2897 4402 3050 4470 Quod
3077 4403 3221 4456 enim
3250 4412 3405 4458 extra
3446 4418 3564 4457 eam
3601 4404 3703 4457 hoc

439 4522 628 4561 eorum
652 4502 976 4574 suppositos,
994 4497 1281 4568 aliquando
1309 4497 1525 4567 quidem
1551 4498 1849 4564 retrahere,
1873 4500 2022 4554 invo-

441 4597 582 4649 lutos
630 4592 788 4647 simul
828 4600 878 4645 et
910 4593 1265 4658 aggravantes
1303 4594 1359 4641 et
1390 4588 1684 4650 trahentes,
1732 4587 2022 4657 aliquando

442 4700 617 4743 autem
647 4687 898 4742 dentibus
924 4690 1017 4737 aut
1057 4679 1252 4752 palatis
1283 4689 1662 4745 tumescentes,
1699 4689 1793 4734 aut
1829 4683 2023 4737 subur-

440 4789 650 4849 geutes,
675 4787 728 4832 et
756 4790 967 4845 semper
1003 4774 1055 4828 in
1095 4772 1366 4826 tristitiam
1391 4771 1682 4825 immittere
1705 4773 2019 4827 machinan-

443 4883 542 4925 tes.
600 4870 729 4924 Esse
777 4877 958 4921 autem
994 4874 1049 4919 et
1094 4864 1241 4916 virus
1286 4862 1547 4932 quosdam
1588 4861 1641 4915 in
1687 4862 1865 4918 medio
1894 4879 2016 4917 cmn

439 4962 799 5032 serpentibus,
832 4966 1017 5011 contra
1046 4956 1193 5009 viros
1230 4953 1658 5022 superadjectos,
1706 4963 2019 5009 concutien-

440 5065 520 5109 tcs
542 5052 700 5109 simul
729 5050 783 5106 ἐι
802 5050 1174 5104 subvertentes
1199 5055 1253 5101 et
1274 5046 1658 5117 percutieutes.
1689 5043 2019 5101 Videbantur

437 5156 617 5200 autem
649 5157 769 5197 esse
813 5141 880 5194 ad
905 5137 1341 5207 interrogandum
1376 5136 1471 5201 illi,
1511 5139 1771 5206 quacJem
1800 5139 2016 5208 quidem

2130 4499 2277 4556 omni
2306 4497 2544 4567 repletur
2569 4495 2868 4550 incredibili
2894 4504 2949 4550 et
2976 4494 3248 4549 fictiformi
3278 4496 3701 4557 monstrositate.

2129 4599 2315 4660 utp0te
2343 4588 2396 4641 in
2429 4585 2866 4655 superesseutiali
2890 4586 3106 4654 quidem
3136 4586 3314 4640 divina
3334 4587 3702 4655 generatione.

2126 4687 2372 4734 ventrem
2419 4675 2514 4730 Dei
2559 4672 2912 4742 corporaliter
2955 4674 3122 4728 Deum
3175 4674 3484 4743 gignentem
3533 4672 3703 4727 refor-

2127 4768 2349 4831 mantis,
2388 4774 2443 4820 et
2472 4765 2694 4819 verbum
2746 4762 2798 4817 in
2824 4764 2950 4818 aéra
2977 4762 3252 4833 profusum
3281 4778 3345 4817 ex
3373 4763 3536 4816 corde
3561 4763 3703 4814 virili

2125 4856 2422 4911 eructantis
2455 4855 2648 4923 ipsum,
2679 4862 2732 4907 et
2778 4853 3022 4923 spiritum
3049 4853 3382 4922 exspiratnm
3410 4854 3480 4906 ab
3499 4867 3590 4907 ore
3609 4855 3705 4905 de-

2127 4946 2436 5009 scribentis,
2471 4954 2523 5000 et
2553 4946 2702 4998 sinus
2730 4943 2840 4998 Deo
2889 4940 3143 4998 fecundos
3171 4945 3379 5009 gremio
3411 4953 3700 5011 gestantes.

2127 5045 2292 5098 Deum
2317 5040 2480 5095 lilium
2505 5037 2858 5107 corporaliter
2884 5037 3036 5091 nobis
3063 5035 3348 5099 laudantis,
3381 5046 3474 5091 aut
3497 5036 3706 5106 plauta-

2129 5140 2221 5192 tim
2254 5137 2389 5189 haec
2426 5131 2724 5202 ﬁgurantis,
2755 5139 2809 5184 et
2836 5130 3059 5183 arbores
3084 5130 3345 5199 quasdam
3393 5139 3447 5183 et
3482 5127 3704 5182 frutices

1757 5251 2008 5308 \‘ARIAE
2057 5248 2450 5309 LECTION‘PS.

512 5355 526 5384 ¹
559 5350 641 5405 Bil
692 5348 835 5417 petit.
913 5344 1048 5400 ἈΗ
1103 5344 1607 5403 communicatione;
1663 5344 1700 5395 ll
1754 5356 2023 5399 commuto.

2127 5363 2177 5398 ,r.
2259 5344 2278 5373 ⁸
2326 5354 2370 5395 et
2434 5342 2675 5394 Immanis
2725 5354 2832 5392 om.
2878 5335 2986 5389 ΒΗ.
3063 5336 3275 5390 δΙιιύοχ
3334 5336 3456 5390 Tito
3498 5350 3704 5389 saturus

437 5422 718 5481 sacerdoti.
796 5418 815 5448 ⁵
848 5417 937 5470 ΑΕ
992 5425 1320 5484 apparerent.

1866 5478 1871 5485 ’
1952 5505 2154 5561 ΝοτΑ.

516 5615 543 5643 ι
573 5603 692 5655 Act.
724 5598 855 5651 Xill.
