3940 6168
270 199 396 252 “‘79

1162 194 1415 253 VERSlO
1447 191 1729 251 OPERUM
1773 191 1829 246 S.
1877 185 2264 243 DlON‘i’Sll.——-
2289 178 2680 238 El’lSTOLAE.

3390 172 3519 230 l'90

263 323 316 367 et
349 311 508 364 flores
543 321 596 364 et
651 311 862 368 radices
889 311 1310 382 praemittentis,
1342 319 1433 364 aut
1457 309 1631 362 fontes
1678 322 1843 373 aqua-
1876 313 1915 366 Α
1949 304 2164 356 dentem
2215 316 2310 370 per
2366 298 2597 369 typieam
2632 312 2876 352 coenam.
2931 295 3139 351 Etenim
3191 305 3308 350 erat
3336 314 3517 354 ο<ιιιδιξι

264 419 386 456 rum
419 401 744 465 emanantis,
781 411 873 455 aut
899 402 1239 456 claritatibns
1261 401 1596 469 processivas
1627 396 1844 449 luminis

262 491 662 558 generationes,
705 501 796 544 aut
839 490 973 543 alias
1011 491 1270 560 quasdam
1311 485 1840 557 superessentialinm

263 581 694 648 theologicorum
740 579 1136 633 manifestorias
1191 593 1376 632 sacras
1429 575 1839 643 descriptiones.

264 673 468 725 Deinde
496 671 858 738 invisibilium
901 669 993 723 Dei
1031 669 1515 738 providentiarum,
1553 674 1646 718 aut
1679 665 1844 717 dono-

261 777 408 822 rum,
453 769 543 813 aut
597 760 1110 822 manifcstatiouum,
1142 769 1232 812 aut
1258 759 1534 820 virtutum,
1587 763 1680 808 aut
1716 769 1842 823 pro-

260 852 578 918 prietatum,
607 849 1038 917 percussionum,
1070 857 1160 900 aut
1191 849 1550 908 mansionum,
1595 853 1687 897 aut
1719 858 1846 911 pro-

261 942 594 1002 cessiounm,
646 948 736 992 aut
763 939 1170 1002 discretionum,
1203 947 1295 990 aut
1327 937 1614 997 unitatum,
1653 935 1844 986 huma~

262 1047 392 1082 num
441 1029 752 1095 figmentum
813 1028 920 1080 Deo
965 1038 1018 1079 et
1073 1027 1388 1087 bestiarum,
1436 1033 1490 1076 et
1532 1022 1846 1078 animalium

261 1122 520 1181 aliorum,
553 1127 608 1171 et
654 1120 980 1186 germinum,
1021 1126 1074 1171 et
1110 1117 1343 1184 lapidum
1393 1115 1599 1168 variam
1647 1111 1847 1166 forma-

261 1213 468 1265 tionem
498 1211 980 1277 circnuilingentis,
1016 1217 1070 1262 et
1089 1217 1312 1262 ornatus
1340 1208 1388 1260 ei
1418 1205 1728 1266 muliebres,
1760 1213 1850 1257 aut

261 1302 576 1354 barbaricas
621 1315 895 1353 armorum
939 1299 1178 1353 facturas
1209 1298 1690 1368 circumponentis,
1719 1295 1855 1366 figu—

261 1391 454 1443 lariam
504 1401 594 1442 aut
636 1389 1026 1450 conflatoriam,
1061 1397 1118 1441 ut
1150 1389 1344 1442 artifici
1395 1388 1629 1450 cuidam,
1680 1400 1850 1454 appo-

259 1484 464 1543 nentis,
496 1491 550 1534 et
571 1495 738 1548 equos
773 1489 826 1535 et
852 1495 1043 1534 currus
1069 1481 1116 1534 ei
1143 1490 1198 1534 et
1235 1481 1456 1534 thronos
1505 1479 1854 1532 substernen-

265 1573 364 1634 tis,
411 1580 465 1624 et
509 1571 850 1637 quotidianas
912 1586 1067 1625 escas
1141 1572 1400 1640 quasdam
1461 1569 1854 1641 pulmentificas

1945 407 2138 459 quens,
2166 405 2270 443 non
2319 389 2490 443 solum
2519 388 2940 440 incontaminata
2975 387 3156 440 multis
3178 387 3374 441 salvari
3405 405 3525 442 san-

1949 490 2032 533 cta
2061 490 2391 542 sanctorum,
2430 481 2523 532 sed
2553 489 2605 531 et
2631 479 2732 531 hoc
2761 479 3051 531 humanam
3070 479 3233 531 vitam
3267 496 3368 532 non
3408 495 3525 548 paro

1948 569 2152 622 tibilem
2186 569 2344 622 simul
2375 580 2424 623 et
2452 585 2554 621 non
2596 570 2848 637 partitam
2878 568 3281 632 subsistentem,
3315 572 3530 640 proprie

1947 663 2126 729 seipsa
2167 661 2376 713 divinas
2400 659 2688 713 illuminari
2722 660 2978 712 scientias
3011 677 3024 712 ε
3057 669 3110 713 et
3161 662 3261 714 hoc
3311 661 3528 729 quidem

1950 749 2285 818 impassibile
2327 749 2542 802 animae
2567 749 2619 801 in
2648 748 2837 816 simpla
2864 757 2917 801 et
2967 748 3152 801 intima
3184 748 3528 802 deiforinium

1949 841 2274 908 agalmatum
2321 854 2605 908 segregare
2665 838 2991 906 spectacula.
3042 838 3304 912 Passibilc
3353 851 3531 891 autem

1905 918 1914 926 ’
1949 931 2064 999 ejus
2103 929 2529 984 connaturaliter
2559 927 2808 980 famulari
2840 927 2997 979 simul
3039 937 3091 980 et
3113 928 3329 980 extendi
3363 929 3412 979 in
3451 928 3532 980 die

1952 1021 2230 1073 vinissiina
2285 1015 2739 1086 praemachinatis
2805 1017 3104 1085 typicoruni
3165 1015 3532 1086 symbolorum

1950 1109 2485 1178 performatiouibus,
2516 1107 2593 1159 sic
2618 1115 2846 1175 Cognata
2896 1105 3200 1172 huiusmodi
3232 1108 3416 1176 genuit
3447 1121 3535 1160 ve-

1951 1199 2151 1252 lamina
2206 1209 2257 1253 et
2305 1197 2584 1251 declarant
2637 1199 2960 1264 quicumque
2995 1207 3048 1250 et
3099 1208 3224 1251 ante
3267 1198 3533 1252 velamina

1954 1301 2106 1344 extra
2138 1289 2460 1358 theologiam
2491 1287 2830 1340 manifestam
2858 1288 3243 1355 relinquentes,
3270 1290 3320 1340 in
3344 1289 3537 1356 seipsis

1954 1383 2250 1436 reformant
2286 1380 2692 1435 similitudinem
2727 1379 2994 1446 quandam
3039 1379 3103 1432 ad
3129 1379 3538 1450 intelligentiam

1955 1488 2012 1526 se
2036 1472 2211 1524 dictae
2240 1469 2542 1538 theologiae
2572 1467 3042 1520 mantulucentein.
3070 1467 3131 1520 Et
3153 1468 3284 1521 haec
3317 1468 3542 1522 visibilis

1957 1558 2324 1612 universitatis
2351 1557 2536 1610 mundi
2559 1557 2788 1619 factura,
2815 1556 3098 1610 invisibilis
3125 1557 3215 1611 Dei
3243 1558 3542 1627 praemissa

221 1648 661 1732 'praeparantis,
710 1671 765 1714 et
814 1663 1109 1725 bibentem,
1143 1672 1198 1716 et
1247 1662 1589 1726 inebriatnm,
1631 1669 1688 1714 et
1721 1675 1861 1713 sum-

1965 1661 2068 1714 est,
2098 1651 2235 1704 sicut
2258 1649 2334 1702 ait
2357 1648 2570 1712 Paulus,
2608 1657 2663 1701 et
2693 1663 2816 1700 vera
2847 1647 3003 1700 ratio.
3036 1647 3270 1702 Proinde
3313 1658 3368 1702 et
3395 1651 3545 1704 theo-

261 1751 568 1813 nolcntum,
617 1761 673 1804 et
730 1750 1064 1820 crapulatum
1123 1751 1576 1804 transformantis.
1634 1748 1772 1816 Quid
1811 1749 1855 1802 si

261 1843 390 1910 quis
417 1842 562 1896 dicat
586 1843 715 1907 iras,
749 1842 1016 1908 tristitias,
1049 1844 1195 1896 varia
1229 1844 1560 1912 juraincnta,
1591 1841 1853 1902 insanias,

259 1933 696 1997 maledictiones,
753 1932 986 1996 furores,
1020 1933 1374 1987 multiformia
1405 1943 1459 1987 et
1497 1933 1713 2001 obliqua
1773 1945 1858 1984 re-

259 2023 529 2093 pulsionis
571 2024 776 2094 peccati
807 2025 1229 2092 promissionum
1259 2024 1612 2092 scpbismata,
1669 2023 1722 2074 in
1754 2020 1858 2075 Ge-

262 2115 386 2168 nesi
426 2115 699 2184 gigantum
728 2129 982 2184 pugnam,
1031 2130 1128 2183 per
1173 2128 1335 2183 quam
1369 2113 1669 2168 deliberare
1698 2126 1762 2165 ex
1794 2111 1858 2163 ti-

261 2216 425 2258 more
449 2203 649 2258 dicitur
671 2203 978 2272 potentibus
1015 2203 1118 2257 illis
1163 2203 1312 2265 viris,
1349 2204 1491 2257 hanc
1531 2200 1856 2256 aedificatio-

263 2307 396 2346 :Iem
441 2308 547 2347 non
605 2292 796 2360 injuria
838 2295 1194 2363 quorumdam
1225 2293 1480 2356 aliorum,
1528 2292 1620 2346 sed
1649 2306 1746 2360 pro
1774 2305 1859 2343 sa-

265 2381 382 2435 lute
408 2397 592 2436 eorum
627 2383 1085 2445 machinantibus,
1126 2393 1182 2436 et
1223 2382 1506 2436 consilium
1543 2381 1667 2434 illud
1700 2378 1856 2447 juxta

263 2471 481 2526 caelum
506 2473 557 2525 in
582 2473 706 2526 dolo
731 2480 784 2527 et
811 2473 1121 2526 seductione
1145 2471 1331 2526 Achab
1355 2478 1626 2540 paratum,
1654 2478 1710 2524 et
1729 2486 1860 2524 can-

268 2563 508 2614 ticorum
547 2560 855 2618 materiales
876 2569 929 2615 et
955 2560 1228 2614 adulteras
1252 2560 1448 2614 multas
1475 2559 1781 2629 passiones,
1805 2567 1859 2612 et

265 2666 628 2720 quaecunque
658 2653 760 2705 alia
785 2652 964 2707 omnia
1015 2652 1235 2707 audacis
1269 2661 1393 2706 sunt
1415 2652 1629 2705 divinae
1657 2649 1864 2704 forma-

268 2741 438 2796 tionis
477 2757 629 2796 sacre
657 2744 953 2812 composita
980 2743 1681 2798 declarativa'occnltorum
1737 2757 1862 2811 pro-

267 2831 510 2886 blemata
537 2840 590 2886 et
618 2832 969 2902 multiplicata
999 2843 1054 2888 et
1083 2835 1279 2903 partita
1303 2834 1568 2887 unitatum
1591 2841 1647 2886 et
1673 2846 1866 2888 caren-

272 2926 410 2978 tium
439 2924 773 2993 partibus,et
803 2923 1084 2994 figurativa
1104 2933 1159 2978 et
1181 2923 1530 2979 multiformia
1561 2923 1861 2978 carentium

1963 1743 2065 1811 logi
2090 1743 2354 1810 quaedam
2381 1740 2598 1809 quidem
2629 1739 2857 1792 civiliter
2877 1749 2929 1793 et
2955 1739 3199 1809 legaliter
3226 1741 3542 1812 inspiciunt,

1957 1833 2219 1900 quaedam
2260 1841 2439 1883 autem
2495 1832 2777 1898 purgative
2837 1838 2892 1882 et
2951 1830 3370 1884 iucontaminate
3421 1847 3434 1882 :
3491 1845 3546 1886 et

1960 1923 2223 1992 quaedam
2267 1922 2482 1989 quidem
2514 1921 2826 1974 humanitus
2849 1928 2902 1973 et
2932 1922 3127 1986 medie,
3156 1923 3418 1990 quaedam
3449 1939 3544 1976 an-

1962 2021 2067 2063 tem
2102 2008 2534 2078 supermundane
2580 2016 2635 2062 et
2662 2008 2986 2078 pet'feclive:
3019 2019 3073 2064 et
3099 2020 3208 2064 tum
3239 2011 3452 2080 quidem
3479 2028 3542 2065 ex

1960 2099 2171 2169 legibus
2223 2098 2716 2163 manifestatorum,
2767 2106 2878 2151 tum
2934 2113 3063 2153 vero
3112 2116 3179 2154 ex
3213 2101 3546 2156 occultorum

1961 2189 2168 2258 legibus
2220 2187 2515 2242 secundum
2555 2175 2995 2254 consequentiam
3049 2191 3341 2258 suppositis
3378 2196 3548 2245 sacris

1964 2277 2134 2330 literis
2160 2285 2216 2330 et
2256 2275 2619 2329 intellectibus
2649 2285 2702 2330 et
2727 2277 3027 2331 animabus.
3063 2277 3178 2330 Non
3203 2281 3346 2332 enim
3377 2281 3544 2335 hisao-

1966 2368 2102 2422 riam
2148 2367 2371 2432 nudam,
2399 2365 2493 2420 sed
2518 2366 2737 2421 vitalem
2770 2368 2933 2421 habet
2974 2368 3360 2438 perfectionem
3390 2387 3546 2441 prae~

1960 2457 2133 2527 posita
2158 2457 2237 2510 eis
2280 2455 2440 2510 simul
2473 2455 2671 2520 omnis,
2711 2464 2766 2510 et
2794 2471 2890 2527 per
2915 2459 3095 2512 omnia
3141 2461 3296 2513 ratio.
3321 2458 3547 2530 Oportet

1962 2547 2127 2616 igitur
2145 2555 2200 2600 et
2221 2560 2339 2612 nos,
2364 2559 2460 2614 pro
2480 2544 2721 2615 populari
2743 2546 2809 2600 de
2833 2547 2962 2617 ipsis
2982 2549 3340 2620 susceptione,
3365 2551 3543 2621 palam

1964 2651 2244 2692 sacrorum
2268 2635 2636 2707 symbolarum
2667 2646 2910 2692 sanctam
2947 2639 3400 2707 pulchritudinem
3424 2656 3543 2714 per-

1964 2728 2200 2792 mittere,
2256 2735 2312 2781 et
2353 2741 2461 2781 non
2512 2741 2766 2796 spernere
2794 2743 2881 2793 ea,
2929 2729 3233 2785 divinorum
3283 2748 3406 2786 cum
3435 2734 3548 2788 sint

1966 2817 2349 2872 characterum
2387 2830 2613 2884 poscere
2658 2815 3034 2884 formationes,
3056 2830 3110 2874 et
3138 2821 3398 2892 imagines
3433 2840 3548 2878 ma-

1967 2908 2196 2964 nifestae
2243 2922 2568 2963 arcanorum
2596 2917 2652 2964 et
2696 2912 3190 2979 supernaturalium
3227 2913 3551 2982 speculami-

269 3014 468 3069 formis
487 3021 540 3067 et
563 3013 788 3083 ﬁguris?
810 3012 1048 3080 Quorum
1073 3013 1116 3067 si
1153 3014 1274 3084 quis
1299 3013 1481 3068 videre
1511 3013 1748 3082 potuerit
1772 3012 1856 3067 in-
1886 3004 1932 3067 C
1963 3019 2114 3058 num.
2137 3001 2350 3057 Etenim
2370 3017 2476 3057 non
2499 3001 2669 3056 solum
2695 3010 2714 3042 ι
2737 3003 3206 3071 superessentialia
3234 3005 3458 3074 lumina,
3487 3018 3546 3062 et

273 3116 366 3159 tus
408 3105 674 3159 occultam
722 3105 1199 3175 pulchritudinem,
1256 3105 1491 3159 inveniet
1533 3105 1758 3176 mystica
1804 3113 1860 3158 et

270 3194 559 3250 deiformia
582 3197 786 3259 omnia,
818 3204 873 3249 et
897 3194 1048 3248 multi
1075 3194 1358 3265 theologici
1383 3194 1604 3249 luminis
1635 3193 1856 3264 repleta.

272 3283 395 3339 Non
474 3285 618 3340 enim
683 3285 1013 3340 arbitramur
1090 3285 1372 3338 manifesta
1436 3285 1860 3354 compositorum

271 3385 502 3447 propter
521 3377 694 3447 seipsa
727 3374 1032 3440 reformari,
1060 3363 1531 3444 praetendiautem
1559 3381 1684 3428 ante
1706 3388 1862 3443 prae-

276 3475 449 3530 tenta,
473 3473 528 3520 et
566 3465 818 3519 invisibili
851 3463 1015 3517 multa
1035 3462 1280 3528 scientia,
1312 3473 1372 3516 ut
1416 3476 1523 3516 non
1568 3462 1862 3517 immundis

273 3557 442 3611 facile
477 3565 696 3626 accepta
745 3557 854 3610 sint
894 3555 1280 3609 sacratissima.
1313 3553 1456 3608 Solis
1482 3561 1661 3606 autem
1705 3568 1860 3608 reve-

275 3649 460 3702 lentnr
513 3647 810 3700 divinitatis
866 3645 1095 3699 sinceris
1172 3645 1548 3707 amatoribus,
1607 3652 1861 3712 tanquam

275 3752 495 3792 omnem
523 3736 780 3806 puerilem
807 3735 1146 3804 phantasiam
1180 3735 1232 3786 in
1261 3733 1433 3787 sacris
1459 3732 1718 3800 symbolis
1746 3733 1860 3792 for-

277 3829 647 3891 mantibus,et
683 3827 888 3880 idoneis
913 3826 1291 3880 transcendere
1316 3824 1655 3894 simplicitate
1670 3825 1858 3887 animi,

276 3927 338 3971 et
382 3917 830 3985 contemptativae
849 3915 1062 3969 virtutis
1081 3915 1496 3983 opportunitate,
1522 3913 1588 3967 ad
1614 3912 1860 3981 simplam

278 4020 340 4066 et
400 4009 860 4080 supernatnralem
899 4019 953 4064 et
989 3991 1440 4079 praecollocatain
1498 4008 1862 4078 symbolormn

279 4102 586 4156 veritatem.
621 4100 726 4157 Sed
752 4101 934 4170 itaque
969 4110 1022 4154 et
1048 4100 1148 4154 hoc
1173 4099 1469 4168 intelligere
1497 4109 1728 4168 oportet,
1762 4100 1863 4154 du-

279 4192 478 4261 plicem
523 4205 644 4247 esse
677 4191 1045 4262 theologorum
1089 4191 1432 4246 traditionem
1475 4209 1487 4244 :
1531 4207 1691 4244 unam
1743 4191 1864 4260 qui-

282 4283 408 4334 dem
443 4295 697 4335 arcanam
744 4290 799 4334 et
847 4282 1149 4350 mysticam,
1201 4281 1426 4334 alteram
1465 4296 1588 4335 vero
1637 4279 1862 4334 manife-

1965 3094 2278 3160 invisibilia,
2305 3103 2360 3149 et
2385 3093 2706 3164 simpliciter
2735 3094 2914 3148 divina
2942 3097 3132 3166 typicis
3161 3099 3540 3166 pervariantur

1963 3188 2242 3260 symbols,
2287 3188 2427 3242 sicut
2457 3186 2887 3256 supernaturalis
2915 3188 3058 3244 Deus
3102 3190 3242 3257 ignis
3269 3191 3466 3258 dictus,
3491 3203 3548 3247 et

1966 3278 2256 3332 invisibilia
2323 3277 2418 3332 Dei
2478 3277 2692 3346 eloquia
2747 3277 2932 3348 ignita.
2983 3277 3210 3350 Insuper
3255 3290 3438 3335 autem
3491 3294 3550 3336 et

1965 3370 2314 3426 invisibilium
2387 3368 2546 3425 simul
2600 3379 2656 3425 et
2732 3369 3172 3426 intellectualium
3235 3374 3546 3444 angelorum

1964 3460 2256 3516 deiformes
2301 3468 2530 3516 ornatus
2581 3461 2748 3516 variis
2813 3459 3004 3517 formis
3042 3464 3437 3528 describuntur,
3491 3476 3548 3522 et

1965 3554 2146 3608 multis
2175 3555 2458 3624 speciebus
2478 3561 2534 3609 et
2558 3553 2732 3623 igneis
2769 3553 3178 3624 figurationibus
3207 3560 3250 3610 ⁸.
3282 3557 3349 3612 Ει,
3391 3558 3549 3613 aliter

1964 3652 2176 3713 oportet
2219 3645 2448 3698 eandem
2500 3645 2639 3714 ignis
2688 3646 2975 3716 imaginem
2999 3646 3155 3716 juxta
3191 3649 3552 3717 superintelli-

1965 3738 2198 3806 gentiam
2224 3737 2320 3792 Dei
2347 3739 2545 3792 dictam
2567 3739 2818 3808 excipere
2841 3757 2853 3791 :
2879 3739 3036 3794 aliter
3059 3726 3236 3796 autem
3256 3743 3551 3798 secundum

1966 3827 2137 3896 ipsam
2186 3827 2536 3881 invisibilium
2584 3817 2699 3897 ejus
2739 3829 3199 3895 providentiarum
3231 3842 3323 3883 aut
3379 3835 3548 3885 ratio-

1966 3933 2092 3972 num
2127 3937 2140 3972 :
2174 3926 2230 3973 et
2265 3919 2422 3974 aliter
2470 3920 2522 3973 in
2580 3919 2803 3988 angelis.
2856 3920 2920 3974 Et
2960 3936 3078 3975 eam
3117 3922 3331 3991 quidem
3365 3940 3553 3979 secun-

1966 4010 2091 4063 dum
2122 4025 2338 4064 causam
2366 4050 2380 4072 ,
2435 4009 2593 4064 istam
2636 4025 2764 4064 vero
2805 4011 3100 4064 secundum
3127 4013 3545 4080 subsistentiam,

1964 4098 2107 4153 hanc
2134 4113 2263 4152 vero
2288 4099 2584 4154 secundum
2614 4101 3080 4170 participationem
3109 4141 3126 4165 ,
3169 4113 3224 4156 et
3261 4103 3362 4157 alia
3394 4105 3552 4161 aliter

1966 4188 2259 4243 secundum
2298 4188 2432 4243 haec
2479 4189 2686 4244 theoria
2739 4199 2794 4244 et
2841 4191 3191 4259 disciplinalis
3227 4192 3247 4223 ³
3279 4194 3551 4249 ordinatio

1965 4279 2317 4336 intentionem
2349 4281 2520 4349 ponit.
2558 4281 2625 4334 Et
2669 4296 2774 4335 non
2811 4291 2870 4336 ut
2896 4285 3366 4351 consequebantur
3395 4301 3550 4342 sacra

282 4381 428 4442 stam
473 4380 529 4425 et
573 4373 839 4426 notiorem
875 4391 886 4425 :
925 4382 980 4426 et
1007 4387 1127 4425 eam
1169 4372 1383 4440 quidem
1431 4372 1780 4443 symbolicam
1808 4381 1862 4425 et
1891 4357 1940 4416 D
1967 4371 2204 4440 symbola
2235 4368 2588 4434 confundere,
2611 4372 2704 4425 sed
2731 4372 3117 4426 convenienter
3144 4389 3206 4427 ea
3231 4375 3430 4440 causis,
3462 4387 3557 4430 aut

284 4463 659 4532 perfectivam,
685 4464 824 4516 hanc
845 4479 974 4518 vero
1018 4462 1445 4530 philosophicam
1476 4472 1530 4515 et
1560 4463 1867 4532 approbati-

257 4547 259 4550 ⁴
284 4569 434 4615 vam,
463 4564 518 4607 et
544 4554 920 4624 complectitur
939 4552 1133 4608 effabili
1161 4553 1450 4608 ineffabile.
1477 4554 1542 4608 Et
1561 4554 1706 4607 aliud
1745 4555 1865 4622 qui-

287 4643 412 4698 dem
441 4643 644 4711 patitur
665 4652 719 4696 et
767 4643 968 4712 indiget
990 4644 1254 4698 dictorum
1285 4644 1531 4697 veritatis
1563 4661 1576 4697 :
1609 4644 1708 4696 hoc
1739 4658 1868 4697 vero

289 4735 406 4804 agit
439 4746 494 4788 et
522 4735 752 4790 collocat
782 4737 891 4790 Deo
933 4734 1290 4790 ineﬂ‘abilibus
1319 4736 1592 4790 doctrinae
1622 4736 1865 4789 introdu-

289 4826 578 4880 ctiOnibus.
621 4826 687 4880 Et
711 4827 928 4895 quidem
979 4841 1154 4894 neque
1205 4826 1498 4879 secundum
1556 4834 1863 4879 sanctorum

291 4917 673 4988 mysteriorum
715 4917 902 4972 teletas
944 4918 1032 4971 alii
1085 4919 1377 4971 secundum
1424 4933 1540 4977 nos,
1567 4917 1656 4969 alii
1682 4916 1868 4985 legalis

295 5006 598 5060 traditionis
629 5007 768 5062 sacri
800 5007 1040 5076 magistri
1073 5008 1377 5061 divinorum
1405 5007 1626 5059 defuere
1653 5008 1873 5076 symbo-

293 5097 469 5150 lorum
498 5115 512 5150 :
541 5097 633 5152 sed
664 5107 721 5152 et
758 5098 1156 5152 sacratissimos
1199 5099 1417 5168 angelos
1445 5115 1541 5168 per
1567 5100 1870 5168 aenigmata

293 5187 474 5240 divina
497 5187 722 5256 mystice
745 5187 1102 5256 producentes
1124 5187 1388 5250 videmus,
1414 5199 1468 5241 et
1491 5188 1663 5256 ipsum
1688 5187 1869 5241 Jesum

297 5278 350 5332 in
391 5278 660 5347 parabolis
715 5277 1127 5348 theologantem,
1158 5288 1212 5333 et
1259 5279 1447 5334 deifica
1482 5279 1734 5349 mysteria
1767 5287 1874 5331 tra-

1967 4461 2358 4524 subsistentiis,
2393 4469 2484 4514 aut
2511 4462 2834 4528 virtutibus,
2881 4471 2973 4516 aut
3015 4463 3315 4528 ordinibus,
3351 4476 3442 4519 aut
3473 4469 3551 4520 di.

1967 4548 2617 4619 gnimtibuszreplicare,
2669 4566 2897 4618 quorum
2949 4560 3074 4606 sunt
3125 4554 3554 4611 manifestatoria

1966 4642 2284 4710 composita.
2314 4642 2375 4694 Et
2408 4651 2462 4694 ut
2492 4658 2596 4695 non
2622 4643 2760 4696 ultra
2789 4644 2928 4711 quod
2959 4655 3173 4714 oportet
3201 4649 3556 4703 extendamus

1968 4735 2019 4786 in
2052 4733 2180 4803 ipsis
2205 4775 2218 4798 ,
2264 4734 2375 4803 jam
2412 4735 2687 4803 proposita
2735 4735 2888 4789 nobis
2918 4737 3166 4804 quaestio
3214 4740 3450 4794 scienda.
3493 4741 3558 4794 Et

1973 4824 2220 4888 dicimus,
2249 4823 2373 4892 quia
2409 4824 2584 4876 omnis
2625 4838 2748 4878 esca
2788 4823 3076 4894 perfectiva
3127 4836 3206 4880 est
3246 4829 3557 4883 nutriendo-

1975 4931 2114 4978 rum,
2149 4913 2608 4984 imperfectionem
2639 4929 2826 4968 eorum
2853 4925 2906 4968 et
2935 4915 3286 4987 indigentiam
3325 4919 3552 4986 replens,

1971 5015 2023 5057 et
2063 5004 2333 5058 infirmum
2365 5018 2585 5068 curans,
2619 5013 2672 5057 et
2705 5006 2870 5058 vitam
2911 5021 3098 5060 eorum
3141 5009 3470 5071 custodiens,
3504 5018 3558 5060 et

1974 5093 2166 5147 ﬂorere
2197 5093 2421 5158 faciens,
2450 5103 2504 5147 et
2535 5110 2824 5161 renovatis,
2853 5106 2908 5152 et
2943 5099 3103 5152 vitale
3131 5100 3210 5152 eis
3239 5098 3556 5152 beneficium

1976 5188 2203 5250 donans,
2232 5195 2285 5240 et
2311 5184 2628 5254 simpliciter
2653 5190 3060 5243 contristantein
3099 5199 3154 5242 et
3186 5187 3556 5256 imperfectum

1980 5293 2242 5348 respuens
2262 5318 2276 5344 ,
2317 5288 2371 5332 et
2403 5278 2660 5334 laetitiam
2689 5295 2874 5335 eorum
2902 5291 2956 5336 et
2984 5279 3370 5350 perfectionem
3399 5282 3423 5315 ⁵
3451 5281 3558 5334 lar-

1596 5412 1848 5467 VARIAE
1883 5413 2285 5470 LECTIONES.

371 5508 386 5537 ί
431 5506 517 5560 BE
571 5502 702 5560 sola.
798 5507 819 5538 ⁸
853 5507 936 5560 ΒΕ
981 5506 1441 5576 fulgurationibus.

297 5576 341 5631 8
364 5591 548 5630 eorum
592 5587 637 5630 et
667 5576 1039 5645 perfectiomtm
1072 5577 1322 5645 largiens.

1548 5511 1570 5545 ³
1605 5505 1645 5558 ll
1677 5504 2094 5574 disciplinabilis.

2179 5505 2202 5538 ⁸
2238 5505 2433 5573 SicA;
2485 5506 2574 5562 ΒΗ
2625 5521 2813 5564 eorum
2873 5506 3238 5576 perfectionem
3288 5507 3557 5583 largiens;
