3978 6160
1284 200 1324 207 ..-

444 228 590 285 sua

1834 223 2115 281 JOANNlS
2150 221 2344 282 SCOTl

2968 194 3055 205 ποινμ

3578 230 3720 292 {:92

437 341 629 411 ‘giens.
671 336 820 393 Bene
861 335 1025 408 igitur
1069 334 1448 405 strpersapiens
1490 342 1543 388 et
1598 333 1797 405 optima
1844 333 2034 402 sophia
2064 346 2109 402 Α
2139 338 2578 406 provenientibus
2598 339 2814 407 copiose
2840 339 2942 406 eis,
2969 347 3022 395 et
3053 353 3157 395 non
3184 340 3558 400 deﬁcientibus
3581 361 3719 418 epu-

440 430 528 485 -ab
553 429 780 500 eloquiis
818 426 1084 490 laudatur,
1114 433 1325 480 cratera
1360 423 1645 495 mysticum
1691 432 1952 488 statuens,
1984 432 2040 477 et

443 536 673 577 sacrum
717 519 798 573 eis
839 525 1023 587 potum
1068 514 1418 585 profundens,
1468 514 1640 583 magis
1689 523 1871 566 autem
1911 521 2037 566 ante

462 611 563 665 hos
589 609 786 663 solidas
816 622 971 660 escas
1005 618 1314 673 proponens
1341 644 1356 667 ,
1399 612 1454 657 et
1484 618 1608 656 cum
1635 602 1852 657 excelsa
1881 616 2037 670 prae-

458 700 728 754 dicatione
773 698 888 766 ips‘a
941 695 1309 749 desiderantes
1366 709 1423 748 se
1466 694 1669 763 optimc
1713 702 1768 745 et
1812 693 2036 761 pulchre

459 789 795 845 desiderans.
849 784 1125 854 Duplicem
1160 784 1325 854 igitur
1353 798 1531 837 escam
1570 784 1747 836 divina
1774 783 2034 852 sapientia

456 880 709 951 proponit
740 895 755 931 :
788 892 950 930 unam
985 876 1201 944 quidem
1244 874 1470 930 solidam
1504 885 1556 927 et
1584 874 2035 937 manducabilcm,

458 971 687 1025 alteram
720 982 851 1022 vero
881 966 1154 1020 humidam
1202 974 1257 1017 et
1304 962 1621 1033 profusam,
1657 972 1710 1016 ct
1743 964 1792 1015 in
1826 974 2035 1016 cratere

455 1062 686 1134 porrigit
709 1059 963 1129 providas
988 1072 1114 1112 suas
1142 1056 1437 1110 bonitates.
1488 1054 1605 1123 Ipse
1648 1054 1812 1124 igitur
1855 1064 2036 1107 crater

358 1192 369 1205 .
459 1151 725 1206 rutundus
751 1150 875 1203 dum
906 1148 976 1201 sit
999 1155 1055 1199 et
1078 1145 1372 1213 repandus,
1404 1142 1704 1212 symbolum
1735 1145 1807 1195 sit
1835 1157 2039 1210 expan-

455 1259 550 1299 sae
579 1240 735 1298 simul
764 1248 818 1295 et
846 1240 898 1293 in
938 1238 1117 1292 omnia
1142 1235 1523 1290 circumeuntis
1553 1235 1669 1288 sine
1696 1234 1958 1303 principio
1985 1244 2040 1286 et

456 1332 700 1386 infinitae
726 1329 916 1383 horum
944 1326 1184 1380 omnium
1212 1324 1604 1393 providentiae.
1652 1323 2036 1377 Verumtamen

454 1423 712 1493 quoniam
759 1420 814 1474 in
865 1416 1043 1471 omnia
1074 1416 1419 1484 proveniens,
1454 1421 1634 1467 manet
1672 1413 1723 1466 in
1754 1410 1952 1482 seipsa,
1984 1422 2040 1466 et
2073 1405 2079 1411 ’

455 1526 564 1572 stat
584 1516 637 1569 in
663 1510 979 1568 immutabili
1008 1518 1235 1564 naturae
1263 1507 1638 1569 similitudine,
1661 1516 1715 1561 et
1748 1505 2036 1576 perfectis-

455 1610 593 1664 sima
627 1602 1042 1660 irremeabiliter
1079 1601 1256 1668 seipsa
1298 1598 1558 1654 collocata
1606 1596 1950 1652 uniformiter
1983 1605 2037 1651 et

2140 426 2207 483 lis
2232 426 2502 483 afﬂuentia
2533 429 2794 500 largiente
2822 441 2876 484 et
2897 445 3337 501 supermanante.
3387 433 3501 490 Hoc
3536 450 3721 493 autem

2139 530 2269 571 vere
2315 518 2562 587 epulari,
2607 530 2662 573 et
2693 531 2910 590 propter
2936 522 3069 576 haec
3100 522 3422 578 viviticatrix
3457 526 3619 580 simul
3664 537 3722 581 et

2138 610 2484 678 parvulorum
2514 614 2717 674 nutrix,
2746 623 2800 666 et
2830 616 3158 677 renovatrix,
3190 628 3246 670 et
3278 618 3569 686 perfectrix
3601 622 3721 676 lauo

2140 702 2287 754 data.
2338 702 2646 758 Secundum
2700 706 2840 759 hanc
2887 718 3068 759 autem
3132 724 3346 762 sacram
3392 711 3721 779 epulationis

2138 791 2497 859 apertionem,
2519 805 2573 847 et
2598 794 2710 863 ipse
2733 796 2972 848 omnium
3008 798 3271 850 bonorum
3318 801 3556 855 causalis
3581 801 3721 857 Deus

2140 877 2395 933 inebriari
2422 881 2640 945 dicitur,
2667 893 2883 953 propter
2906 886 3459 953 supetpletritndinem
3487 901 3539 943 et
3567 891 3720 942 intel-

2138 965 2415 1036 ligentiam
2454 971 2777 1037 epulationis
2807 989 2818 1023 :
2853 983 2944 1025 aut
2988 984 3146 1040 potus
3172 975 3457 1029 dicendum
3483 1016 3499 1039 ,
3539 980 3722 1046 epula-

2140 1055 2302 1109 tionis
2332 1056 2420 1110 Dei
2452 1058 2896 1124 perfectissimam
2922 1071 2971 1113 et
3001 1062 3324 1117 inell‘abilem
3352 1066 3596 1120 deterius
3625 1069 3721 1119 im-

2140 1145 2673 1200 mensnrabilitatein.
2721 1148 2947 1202 Utenim
2993 1152 3045 1202 in
3087 1152 3243 1204 nobis
3264 1156 3562 1207 secundum
3581 1157 3721 1223 quod

2137 1235 2376 1289 ebrietas
2401 1237 2750 1292 immoderata
2770 1240 2991 1308 repletio
3011 1252 3114 1304 est,
3135 1251 3191 1295 et
3209 1252 3387 1298 mente
3405 1256 3459 1298 et
3475 1248 3722 1302 sensibus

2138 1327 2364 1381 ecstasis
2383 1366 2398 1389 ,
2431 1328 2511 1382 sic
2534 1331 2828 1384 secundmn
2874 1334 3015 1401 quod
3046 1334 3237 1388 melius
3260 1375 3278 1400 ,
3324 1336 3377 1390 in
3411 1337 3523 1392 Deo
3550 1338 3722 1392 ebrie-

2140 1423 2306 1470 tatem
2358 1432 2465 1471 non
2518 1419 2664 1474 aliud
2715 1422 2843 1491 quid
2912 1434 3125 1491 Oportet
3191 1425 3454 1496 intelligi,
3506 1438 3723 1498 praeter

2138 1506 2688 1574 superabundantiam
2719 1522 2772 1566 et
2803 1528 3021 1566 causam
3064 1517 3468 1584 provenienlem
3506 1520 3560 1573 in
3608 1522 3722 1590 ipso

2139 1598 2379 1651 omnium
2409 1600 2671 1655 bonorum
2705 1603 3220 1660 immensurabdem.
3272 1608 3379 1664 Sed
3429 1619 3489 1665 et
3533 1628 3721 1667 conse-

457 1700 563 1753 ﬁxe
588 1738 604 1763 ,
644 1697 722 1752 sic
752 1702 934 1749 crater
965 1701 1093 1747 stat.
1134 1691 1445 1746 Aedilicans
1473 1699 1655 1744 autem
1686 1697 1739 1743 et
1768 1688 2032 1757 sapientia
2067 1696 2110 1752 Β
2140 1702 2312 1754 quens
2350 1688 2627 1747 ebrietatis
2673 1695 2971 1763 sapientiae
3016 1699 3277 1764 ecstasis,
3316 1705 3722 1772 supereminens

454 1791 672 1845 domum
703 1786 802 1841 sibi
831 1784 1052 1849 dicitur,
1090 1791 1146 1836 et
1174 1783 1227 1835 in
1258 1782 1404 1851 ipsas
1447 1780 1647 1835 solidas
1671 1794 1827 1834 escas
1853 1788 1904 1833 et
1937 1794 2033 1848 po-

456 1892 543 1936 tus
572 1886 864 1935 eucratera
897 1887 1201 1944 proponens
1236 1890 1251 1925 :
1283 1873 1363 1927 sic
1401 1886 1522 1926 esse
1562 1870 1741 1925 divina
1781 1869 2037 1923 divinitus

454 1969 694 2042 symbola
724 1966 1046 2021 facientibus
1070 1962 1301 2027 clarum,
1327 1961 1453 2030 quia
1481 1970 1537 2014 et
1558 1960 1892 2044 providentia
1915 1974 2043 2027 per-

458 2060 751 2119 lectissima
780 2065 862 2112 est
904 2056 1020 2124 ipse
1063 2051 1276 2108 essendi
1326 2060 1381 2105 et
1422 2052 1559 2105 bene
1605 2051 1817 2105 essendi
1855 2049 2037 2103 omnia

453 2151 711 2215 causalis,
759 2156 815 2203 et
856 2148 911 2202 in
941 2143 1125 2200 omnia
1161 2142 1447 2212 procedit,
1495 2150 1551 2196 et
1593 2140 1825 2195 inomni
1871 2139 1951 2203 ηε,
1982 2147 2040 2193 et

456 2243 702 2300 continet
726 2239 908 2295 omnia
928 2279 943 2303 ,
982 2246 1038 2292 et
1064 2236 1257 2290 iterum
1289 2234 1404 2303 ipse
1433 2234 1487 2287 in
1514 2233 1704 2288 eodem
1732 2246 1830 2301 per
1857 2231 2037 2287 excel-

455 2335 703 2397 lentiam,
732 2330 937 2386 nullum
968 2328 1021 2382 in
1054 2325 1198 2381 nullo
1224 2340 1320 2396 per
1348 2324 1551 2379 nullum
1576 2331 1683 2389 est,
1712 2322 1808 2379 sed
1835 2323 2040 2379 exalta-

455 2434 543 2479 tur
567 2422 837 2486 omnibus,
869 2418 985 2487 ipse
1016 2417 1071 2470 in
1097 2415 1294 2485 seipso
1318 2412 1569 2469 similiter
1608 2420 1662 2467 et
1694 2411 2039 2467 aeternaliter

451 2532 571 2580 ens,
603 2523 658 2571 Cl
682 2523 853 2576 SlallS,
883 2518 939 2565 et
982 2521 1210 2562 manens
1232 2545 1249 2568 ς
1299 2512 1355 2559 et
1382 2518 1600 2573 semper
1627 2503 1921 2559 secundum
1950 2516 2041 2558 ea-

452 2608 573 2664 dem
601 2614 657 2660 et
684 2602 847 2659 sicsic
870 2599 1097 2661 habens,
1127 2604 1185 2652 et
1207 2595 1355 2651 nullo
1406 2594 1568 2651 modo
1610 2602 1766 2649 extra
1797 2593 2038 2663 seipsum

452 2698 628 2751 factus
653 2733 669 2759 ,
704 2707 881 2761 neque
924 2688 1139 2760 propria
1192 2686 1459 2757 gravitate
1508 2692 1566 2740 et
1608 2682 2039 2740 incommutabili

457 2785 736 2841 mansione
784 2790 840 2836 et
886 2780 1130 2836 bonitate
1180 2777 1401 2832 relictus
1431 2790 1446 2829 :
1478 2774 1572 2831 sed
1617 2782 1673 2828 et
1716 2774 1769 2829 in
1819 2774 2037 2843 seipsa‘

452 2887 599 2933 totas
621 2884 676 2932 et
706 2871 1129 2946 perfectissimas
1154 2866 1523 2938 providentias
1554 2865 1761 2936 optime
1785 2879 2037 2934 operans,

453 2976 510 3022 et
556 2964 882 3037 proveniens
924 2961 980 3016 in
1024 2958 1208 3014 omnia
1234 2999 1250 3021 ,
1304 2965 1361 3012 et
1410 2969 1634 3010 manens
1672 2953 1726 3008 in
1756 2954 1956 3023 seipso,
1985 2960 2041 3008 et

2144 1775 2236 1830 Dei
2260 1778 2777 1852 superintelligentia
2803 1783 3167 1856 intelligenda,
3186 1791 3479 1844 secundum
3493 1807 3655 1860 quam
3670 1803 3723 1849 et

2138 1867 2411 1923 exaltatur
2443 1871 2788 1943 intelligendo
2815 1877 3282 1948 super-intelligere
3310 1891 3506 1942 ens,et
3535 1897 3723 1951 super-

2141 1960 2457 2032 intelligitnr
2498 1973 2553 2017 et
2598 1980 2760 2033 Super
2796 1966 2968 2033 ipsum
3014 1982 3166 2033 esse,
3198 1979 3255 2023 et
3296 1971 3410 2038 ipse
3455 1980 3720 2035 omnium,

2139 2066 2498 2122 quaecunque
2540 2065 2688 2116 sunt.
2715 2058 2918 2125 optima
2948 2057 3222 2114 inebrians
3247 2060 3406 2114 simul
3432 2070 3488 2115 c:
3516 2064 3724 2117 satians

2141 2150 2225 2196 est
2250 2142 2416 2208 Deus,
2453 2152 2708 2213 tanquam
2744 2146 2984 2200 omnium
3011 2147 3249 2217 ipsorum
3276 2149 3436 2204 simul
3461 2161 3518 2205 et
3537 2168 3723 2223 super-

2140 2232 2421 2301 plenorum
2462 2234 2922 2297 immensurabilis
2965 2238 3338 2295 universitatis
3380 2244 3721 2311 superexcel-

2141 2323 2326 2390 lentia,
2354 2334 2408 2380 et
2439 2325 2634 2381 iterum
2655 2336 2810 2383 extra
2836 2338 2891 2385 et
2923 2331 3206 2385 summitas
3228 2333 3465 2408 omnium
3502 2349 3719 2389 sursum

2140 2418 2367 2489 positus.
2396 2419 2481 2474 Ab
2508 2421 2594 2476 his
2622 2430 2805 2476 autem
2834 2423 3077 2480 volentes
3104 2434 3160 2478 et
3189 2424 3244 2478 in
3273 2440 3440 2497 regno
3470 2426 3562 2481 Dei
3587 2444 3722 2483 san-

2140 2497 2351 2564 ctorum
2385 2511 2633 2565 convivia
2660 2512 2815 2582 juxta
2857 2515 3082 2569 eundem
3121 2517 3449 2585 accipiemus
3478 2519 3719 2573 modum.

2144 2595 2438 2653 Transiens
2464 2600 2632 2667 enim,
2657 2603 2753 2667 ait,
2786 2601 2901 2671 ipse
2926 2618 3024 2658 rex
3047 2604 3386 2660 discumbere
3409 2620 3502 2661 eos
3533 2605 3719 2669 faciet.

2138 2696 2197 2742 et
2243 2688 2360 2758 ipse
2407 2690 2740 2746 ministrabit
2783 2692 2930 2748 eisb.
2981 2692 3304 2763 Signiﬁcant
3356 2703 3533 2750 autem
3578 2696 3725 2750 haec

2139 2793 2482 2835 communem
2504 2782 2774 2851 quandam
2796 2793 2850 2838 et
2873 2799 3044 2853 aeque
3065 2785 3389 2840 invisibilem
3409 2794 3723 2841 sanctorum

2142 2870 2194 2923 in
2223 2869 2422 2925 divinis
2445 2872 2605 2928 bonis
2651 2875 2994 2939 societatem,
3034 2885 3091 2931 et
3124 2875 3416 2931 Ecclesiam
3446 2880 3721 2948 primoge-

2141 2962 2377 3017 nitorum
2410 2963 2808 3036 descriptorum
2850 2966 2904 3021 in
2937 2967 3127 3033 caelis,
3158 2975 3215 3022 et
3256 2968 3475 3038 spiritus
3502 2981 3727 3025 sancto-

451 3070 606 3115 stans
624 3068 839 3126 semper
857 3059 912 3105 el
939 3050 1172 3113 ωοιιιεί
1203 3060 1380 3117 neque
1407 3053 1577 3110 Stans,
1602 3058 1778 3114 neque
1806 3042 2041 3098 πηοί-118³·
2066 3041 2113 3104 C
2144 3069 2263 3109 rum
2294 3055 2545 3111 omnibus
2572 3057 2794 3127 Optimis
2823 3057 3116 3126 perfectos,
3145 3067 3200 3112 et
3227 3059 3458 3128 primum
3498 3060 3724 3130 optimis

455 3149 564 3205 Sed
594 3163 628 3204 ο
652 3148 697 3204 si
727 3146 850 3216 quis
878 3142 1077 3199 dixerit
1120 3140 1376 3211 providas
1420 3136 1765 3208 operationes
1796 3135 1851 3191 in
1884 3150 2040 3190 man-

435 3237 628 3302 sione,
659 3244 714 3291 et
758 3232 1096 3290 mansionem
1143 3230 1198 3283 in
1244 3227 1579 3300 providendo
1616 3226 2043 3281 connaturaliter

454 3329 620 3388 simul
658 3337 715 3385 et
761 3324 1246 3397 supernaturaliter
1292 3323 1515 3379 habens.
1567 3322 1675 3377 Sed
1704 3336 1842 3392 quae
1871 3322 2041 3377 solida

454 3435 601 3485 esca,
632 3428 851 3489 etquae
880 3414 1144 3471 humida?
1189 3412 1299 3468 Has
1338 3412 1484 3468 enim
1526 3412 1732 3482 optima
1777 3412 2041 3482 sapientia

455 3513 662 3566 donare
692 3506 937 3563 simulet
975 3503 1262 3575 providere
1286 3502 1561 3557 laudatur.
1609 3501 1786 3571 Ipsam
1822 3501 2041 3570 quidem

458 3601 685 3657 solidam
735 3614 915 3653 escam
965 3594 1411 3665 compositionem
1446 3602 1662 3663 gestare
1690 3593 1931 3646 arbitror
1960 3593 2041 3646 in-

460 3688 783 3746 tellectualis
811 3697 867 3741 et
909 3684 1235 3740 nutritoriae
1269 3681 1640 3753 perfectionis,
1672 3690 1729 3736 et
1776 3681 2042 3736 naturalis

459 3776 917 3834 immutabilitatis
942 3814 958 3839 ,
994 3773 1293 3830 secundum
1335 3787 1497 3842 quam
1540 3772 1722 3827 divina
1781 3774 2039 3828 constite-

460 3877 611 3934 runt,
647 3877 705 3923 et
739 3876 1014 3939 potentem
1062 3875 1121 3922 et
1162 3864 1487 3921 uniformem
1530 3873 1587 3921 et
1629 3865 2040 3936 inseparabilem

460 3962 743 4018 scientiam
782 3961 1113 4031 participant
1155 3974 1278 4014 cum
1323 3957 1773 4014 intellectualibus
1807 3958 2040 4013 sensibi-

460 4054 592 4109 lium
623 4051 1067 4124 illorum,quibus
1090 4048 1519 4122 sapientissimus
1531 4047 1730 4104 Paulus
1744 4063 1810 4102 ex
1834 4047 2052 4118 sapien-‘

461 4148 536 4205 tia
559 4147 852 4219 accipiens,
867 4160 992 4201 vere
1011 4145 1239 4201 solidam
1261 4159 1442 4200 eseam
1469 4145 1695 4199 tradita.
1720 4141 2048 4199 Humidam‘

462 4248 643 4295 autem
665 4237 883 4309 perfuse
910 4236 1071 4292 simul
1097 4246 1149 4291 et
1181 4236 1236 4290 in
1263 4236 1444 4291 omnia
1473 4237 1759 4305 provenire
1785 4235 2044 4291 festinan-

462 4334 533 4388 tis
558 4331 797 4396 virtutis,
827 4338 883 4385 et
911 4329 1089 4383 adhuc
1114 4342 1213 4398 per
1244 4326 1394 4380 varia
1424 4335 1479 4382 et
1523 4326 1691 4381 multa
1735 4334 1792 4380 et
1818 4327 2040 4395 partita,

463 4424 518 4476 in
562 4420 810 4489 simplam
841 4426 897 4472 et.
924 4431 1029 4472 non
1082 4415 1461 4470 tremulantem
1499 4414 1735 4470 divinam
1767 4415 2041 4484 cognitio-

465 4526 585 4567 nem
615 4511 850 4565 nutritos
878 4507 1212 4562 familiares“
1242 4506 1371 4577 ipsis
1401 4507 1639 4562 bonitate
1673 4508 2048 4562 mannducen-

465 4602 556 4655 tis.
585 4599 813 4671 Propter
837 4596 979 4668 quod
1006 4605 1062 4653 et
1091 4611 1238 4660 rore,
1268 4604 1325 4651 et
1351 4610 1514 4666 aqua,
1558 4596 1737 4651 divina
1773 4605 1829 4652 et
1857 4596 2043 4652 invisi-

462 4690 594 4747 bilia
617 4688 850 4761 eloquia,
885 4695 942 4742 et
969 4686 1107 4742 lacte
1142 4696 1198 4742 et
1226 4687 1373 4751 vino,
1409 4697 1465 4742 et
1491 4686 1649 4741 melle
1673 4688 2043 4758 adimaginan—

466 4796 578 4849 tur,
623 4790 847 4853 propter
896 4782 1039 4835 vitae
1089 4780 1372 4836 fecundam
1424 4795 1652 4843 eorum,
1694 4788 1752 4832 ut
1784 4780 1837 4833 in
1876 4795 2041 4849 aqua,

465 4875 723 4930 virtutem
753 4890 767 4928 :
801 4881 856 4928 et
881 4873 1166 4936 auctivam,
1207 4880 1266 4926 ut
1311 4871 1367 4926 in
1400 4870 1539 4925 lacte
1570 4887 1584 4924 :
1616 4879 1672 4925 et
1698 4872 2042 4926 reviviticati-

466 4980 613 5030 vam,
643 4972 702 5018 ut
744 4962 798 5016 in
838 4962 961 5016 vino
991 4980 1002 5015 :
1035 4971 1091 5017 et
1116 4961 1452 5033 purgativam
1488 4960 1649 5016 simul
1678 4970 1731 5016 et
1758 4963 2043 5017 custoditi.

467 5073 614 5123 vam,
644 5064 705 5111 ut
734 5056 787 5111 in
818 5055 994 5111 melle.
1033 5055 1177 5110 Haec
1200 5054 1345 5110 enim
1376 5054 1554 5110 divina
1587 5055 1850 5125 sapientia
1880 5058 2047 5112 donat

2144 3145 2402 3215 repletos.
2447 3144 2513 3202 Et
2551 3149 2851 3204 recubitum
2885 3150 3125 3219 requiem
3155 3151 3485 3205 arbitramur
3537 3153 3722 3206 multis

2134 3240 2428 3303 doloribus
2475 3240 2638 3295 vitam
2690 3240 2969 3305 illaesam,
3001 3249 3057 3294 et
3081 3241 3555 3298 conversationem
3585 3244 3722 3296 divi-

2142 3347 2268 3387 nam
2312 3332 2365 3387 in
2412 3333 2617 3387 tutnine
2665 3340 2719 3385 et
2770 3331 2990 3401 regione
3036 3331 3353 3395 viventium,
3382 3332 3533 3386 omni
3562 3347 3718 3387 sensu

2141 3436 2300 3478 sacro
2336 3423 2617 3493 repletam,
2651 3431 2705 3477 et
2731 3422 3155 3491 largissirnorum
3187 3431 3242 3477 et
3268 3421 3552 3477 beatorum
3582 3426 3717 3494 optio

2143 3529 2370 3568 morum-
2388 3514 2664 3583 copiosam
2694 3513 2993 3579 datiouem,
3028 3527 3125 3582 per
3151 3527 3313 3582 quam
3345 3513 3552 3568 laetitia
3577 3514 3715 3569 omni

2142 3605 2439 3674 replentur.
2492 3605 2605 3660 Hoc
2649 3616 2832 3661 autem
2875 3612 2961 3659 est
2992 3604 3217 3667 laetari,
3243 3602 3371 3659 Jesu
3410 3608 3717 3662 recumbere

2142 3710 2239 3751 eos
2282 3695 2537 3761 faciente,
2569 3705 2625 3751 et
2650 3697 3014 3760 ministrante,
3058 3705 3115 3751 et
3160 3706 3440 3751 aeternam
3482 3700 3717 3769 requiem

2142 3788 2400 3853 donante,
2428 3796 2485 3843 et
2521 3787 2913 3858 plenitudinem
2952 3791 3213 3847 bonorum
3252 3790 3614 3848 distribuente
3648 3794 3722 3848 si-

2145 3879 2258 3935 mul
2279 3890 2334 3935 et
2360 3880 2697 3936 infundente.
2737 3881 3148 3951 lnquisitionem
3175 3896 3304 3937 vero
3334 3883 3472 3955 bene
3508 3884 3640 3948 scio,
3669 3895 3724 3938 et

2143 3972 2488 4030 benedictum
2542 3988 2793 4029 somnum
2823 3974 2955 4040 Dei,
2994 3982 3050 4028 et
3076 3973 3452 4044 evigilantiam
3482 3976 3724 4044 aperuis-

2143 4081 2224 4134 se,
2256 4083 2380 4124 cum
2424 4069 2678 4135 dicimus,
2704 4069 2945 4125 divinum
2983 4083 3241 4125 somnum
3290 4083 3414 4124 esse
3456 4078 3722 4124 remotum

2143 4159 2282 4225 Dei,
2328 4167 2385 4214 et
2410 4159 2917 4215 ineommunicabile
2960 4159 3190 4228 provisis
3223 4177 3237 4215 :
3270 4158 3494 4230 vigilare
3520 4171 3721 4223 autem,

2144 4248 2201 4303 in
2224 4248 2615 4319 providendum
2641 4263 2736 4304 eos
2762 4247 3031 4313 doctrina,
3064 4257 3159 4303 aut
3186 4248 3362 4303 salute
3389 4249 3726 4318 deprecanti—

2145 4340 2248 4396 bus
2291 4354 2628 4396 succursum.
2681 4338 2847 4394 Multa
2903 4346 3085 4394 autem
3135 4339 3436 4410 theologica
3482 4342 3724 4409 symbol:

2146 4432 2555 4503 praetermissa.
2586 4429 2711 4485 Ideo
2741 4427 3069 4500 superﬂuum
3099 4428 3433 4483 arbitrantes
3462 4443 3602 4494 esse,
3633 4446 3724 4484 ea.

2148 4522 2273 4597 dent
2314 4522 2520 4576 eisdem
2564 4522 2901 4576 revolventes
2942 4519 3050 4574 alia
3096 4519 3290 4583 videri,
3343 4519 3507 4576 simul
3558 4523 3724 4576 etiam

2147 4610 2300 4667 vobis
2328 4612 2384 4667 in
2420 4611 2577 4667 bonis
2611 4611 2969 4667 obedientium
2994 4651 3011 4674 ,
3057 4618 3115 4664 et
3153 4620 3539 4680 cOgnoseentes
3584 4628 3726 4681 quae

2148 4701 2366 4772 quidem
2394 4702 2523 4756 sunt
2546 4698 2836 4776 epistolae,
2850 4701 2919 4756 ab
2947 4701 3035 4756 bis
3060 4716 3202 4771 quae
3227 4701 3376 4757 dicta
3401 4710 3543 4766 sunt,
3568 4703 3725 4773 quie-

2150 4793 2371 4858 scimus,
2394 4793 2744 4860 excedentes,
2770 4803 2830 4847 ut
2854 4793 3100 4857 aestimo,
3124 4792 3177 4847 in
3204 4793 3327 4865 plus
3343 4808 3507 4863 quam
3526 4793 3728 4847 nostris

2153 4881 2327 4939 literis
2374 4884 2573 4938 debita.
2608 4884 2759 4939 Hanc
2795 4895 2975 4939 autem
3008 4893 3173 4938 totam
3205 4895 3449 4940 nostram
3476 4886 3731 4955 symbolio

2149 4989 2267 5028 cam
2302 4975 2624 5043 theologiam
2669 4975 2935 5030 mittimus
2959 5016 2975 5041 ,
3020 4991 3118 5045 per
3144 4990 3306 5044 quam
3338 4977 3574 5031 invenies
3600 4990 3728 5030 cum

2150 5063 2445 5132 sapientiae
2472 5064 2634 5122 domo
2661 5065 2681 5096 '
2707 5073 2762 5120 et
2787 5066 3065 5120 columnas
3106 5076 3315 5136 septem
3360 5068 3496 5123 bene
3525 5064 3730 5120 discre-

1848 5189 2103 5247 vARIAE
2140 5168 2542 5249 LECTIONES.

470 5310 484 5337 ’
531 5307 616 5361 Bll
644 5306 697 5361 in
722 5307 910 5375 seipse.
986 5304 1006 5334 ³
1029 5301 1115 5356 ΒΗ
1141 5319 1201 5357 su
1240 5313 1501 5367 ermoms;
1536 5303 1576 5357 E
1609 5320 1808 5374 semper
1837 5314 2014 5362 motus
2057 5308 2128 5375 (et
2159 5308 2317 5371 om.).
2392 5307 2413 5339 ³
2449 5322 2815 5378 nequeamus,
2850 5327 3013 5383 neque
3042 5323 3213 5369 motus
3240 5329 3349 5367 om.
3380 5313 3532 5367 cold.
3580 5311 3599 5339 ⁸
3642 5308 3731 5362 εἴη

471 5375 796 5426 Humanam.
893 5378 914 5408 ⁸
950 5374 1042 5426 Sic
1073 5373 1147 5426 E:
1200 5320 1287 5426 6H
1328 5372 1647 5426 famulares:
1689 5376 1738 5426 -A
1775 5376 2126 5426 familiariter-
2204 5382 2226 5415 ⁸
2266 5378 2350 5426 ΒΕ
2375 5377 2555 5426 damn.

471 5373 805 5435 Humanam.
893 5378 914 5408 ⁸
950 5374 1042 5429 Sic
1073 5373 1147 5439 E;

1244 5372 1287 5427 ll
1327 5372 1647 5441 famulares;
1689 5372 1738 5428 -Ᾱ
1773 5372 2127 5444 fantium-iter.
2204 5382 2226 5415 ⁸
2264 5378 2350 5433 ΒΕ
2375 5372 2557 5434 domn.

1968 5489 2219 5548 NOTAE.

542 5612 567 5639 ⁸
604 5599 765 5655 Hebr.
801 5598 860 5654 ν.

2227 5603 2256 5643 δ
2279 5602 2409 5660 an.
2436 5603 2549 5671 XII,
2572 5604 2660 5662 37.
