3978 6160
315 309 452 368 “33

1337 274 1581 365 vsnsro
1615 306 2070 367 AMBIGUORUM
2105 308 2163 367 s.
2204 310 2468 369 mxnn.

3425 321 3553 375 H9!

311 434 400 480 tas
425 464 440 487 ,
474 429 530 476 et
556 418 780 476 solidam
810 432 990 474 escam
1020 418 1136 489 ejus
1165 418 1217 473 in
1248 419 1597 492 thymiamata
1639 431 1694 480 et
1720 438 1889 495 panes
1918 429 1964 489 Α
1992 424 2174 482 dicare
2201 440 2295 482 eas
2325 427 2606 483 sentiendo
2634 427 2814 483 credo.
2845 425 3042 496 injuste
3063 435 3242 485 autem
3268 428 3564 503 amigentes

309 516 504 581 divisa,
536 522 592 570 et
614 526 752 582 quae
778 512 886 566 vini
917 511 1293 582 temperantia,
1324 514 1627 585 iterumque
1652 532 1791 588 quae
1816 520 1885 575 ab

309 607 573 661 ebrietate
587 603 682 658 Dei
709 603 945 674 crapula.
965 603 1032 657 Et
1059 604 1193 658 haec
1218 619 1355 674 quae
1381 620 1522 660 nunc
1545 607 1708 672 dicta,
1725 608 1886 665 latius

309 696 364 748 in
394 710 455 750 ea
481 694 839 749 declarantur.
868 692 1049 753 Etest,
1065 702 1125 746 ιιι
1144 693 1398 758 arbitror,
1417 696 1656 750 omnium
1672 698 1885 767 symbo-

307 784 533 839 licarum
565 783 954 853 theologiarum
1005 784 1275 840 inventrix
1308 785 1510 855 optima
1530 826 1546 850 ,
1577 795 1633 841 et
1683 803 1885 843 conve-

305 876 466 932 niens
489 875 825 945 eloquiorum
854 875 1026 930 sacris
1053 876 1432 934 traditionibus
1460 886 1516 933 et
1543 879 1878 937 veritatibus.

1065 985 1134 1040 Χ.

300 1075 500 1130 Joanni
523 1075 758 1147 theologo
784 1076 1017 1147 apostolo
1043 1086 1091 1130 et
1125 1076 1470 1147 evangelistae
1506 1078 1879 1133 determinato‘

773 1147 826 1199 in
853 1144 1105 1199 Pathmos
1130 1146 1358 1199 insulam
1374 1146 1416 1199 ³.

370 1248 659 1318 Appellans
704 1263 914 1302 sacram
967 1249 1226 1315 animam,
1271 1248 1651 1319 dilectissime,
1697 1261 1751 1306 et
1800 1263 1883 1308 est

298 1339 432 1393 mihi
484 1339 587 1393 hoc
635 1338 773 1408 apud
823 1347 874 1393 te
917 1353 1077 1408 supra
1124 1339 1408 1409 Apostolos
1447 1341 1875 1410 inseparabilius.

293 1426 412 1480 Ave
440 1441 564 1481 vere
598 1427 974 1489 dilectissime,
1017 1442 1144 1481 vere
1188 1428 1406 1482 amabili
1449 1437 1504 1482 et
1533 1428 1876 1486 desiderabili

297 1522 355 1567 et
383 1513 578 1567 dilecto
622 1514 777 1568 valde
806 1514 1176 1569 dilectissime.
1223 1514 1361 1583 Quid
1413 1518 1610 1571 mirum
1642 1519 1686 1573 si
1721 1520 1873 1574 Chri-

295 1610 415 1655 stus
444 1617 569 1656 vere
607 1603 770 1666 dicat,
799 1614 852 1656 et
880 1604 1170 1674 discipulos
1199 1605 1381 1672 injusti
1409 1607 1718 1662 civitatibus
1746 1624 1879 1663 exa-

292 1693 485 1762 gitent,
512 1694 634 1764 ipsi,
659 1710 797 1764 quae
821 1705 965 1760 sunt,
992 1697 1286 1751 secundum
1315 1698 1629 1769 dignitatem
1660 1701 1878 1757 sibimet

293 1762 758 1848 attribuentes,ﬁet
789 1802 817 1839 a
846 1786 1049 1841 sanctis
1078 1788 1263 1855 polluti
1295 1762 1535 1845 distincti
1567 1800 1620 1845 et
1649 1794 1875 1848 redeun-
1906 1762 1950 1821 Β

292 1884 401 1937 tes,
432 1890 555 1930 vere
581 1876 968 1946 signiticativas
994 1879 1257 1946 imagines
1285 1879 1335 1933 in
1366 1895 1427 1934 ea
1466 1895 1604 1948 quae
1633 1891 1759 1937 sunt
1796 1884 1873 1938 vi-

287 1969 465 2022 sibilia
499 1969 868 2025 invisibllimn.
899 1970 1080 2041 Neque
1110 1974 1253 2027 enim
1294 1974 1348 2028 in
1392 1975 1590 2031 seculis
1628 1979 1871 2034 venturis

283 2060 521 2115 causalis
541 2063 643 2117 erit
669 2077 734 2116 ex
771 2064 1116 2133 sejustarum
1143 2068 1538 2136 scparationum
1568 2068 1709 2125 Deus
1734 2089 1746 2125 ε
1773 2071 1868 2126 sed

284 2164 355 2203 ex
405 2150 518 2205 Deo
563 2154 783 2208 omnino
830 2156 1036 2225 seipsos
1083 2165 1463 2226 segregantes,
1519 2158 1658 2213 sicut
1699 2160 1865 2214 etiam

283 2239 426 2294 alios
452 2239 735 2296 'videmus
779 2243 903 2298 hinc
943 2244 1055 2313 jam
1095 2260 1215 2300 cum
1247 2244 1356 2299 Deo
1384 2244 1571 2307 factos,
1611 2248 1864 2315 quoniam

282 2333 381 2401 qui
413 2343 537 2387 sunt
562 2334 806 2389 veritatis
836 2345 1128 2400 amatores,
1159 2337 1512 2405 passibililate
1536 2340 1751 2408 quidem
1781 2356 1867 2394 re-

281 2423 486 2478 cedunt
525 2426 901 2493 materialium,
962 2428 1015 2481 in
1054 2429 1198 2482 omni
1226 2438 1404 2483 autem
1434 2430 1687 2486 omnibus
1715 2430 1868 2486 malis

281 2511 535 2569 libertate
563 2524 616 2569 et
642 2531 825 2572 amore
867 2519 1051 2573 divino
1093 2520 1356 2576 bonorum
1398 2507 1636 2578 omnium
1679 2540 1864 2594 pacem

281 2601 532 2671 diligunt,
566 2612 621 2658 et
647 2607 1130 2664 sanetillcationem
1173 2624 1239 2665 ex
1275 2614 1546 2679 praesenti
1593 2613 1701 2666 vita
1733 2614 1867 2669 inei-

280 2687 443 2756 piunt
469 2689 741 2757 futuram,
778 2695 1019 2763 angelice
1059 2708 1114 2751 et
1151 2698 1373 2767 pulchre
1404 2700 1457 2753 in
1490 2702 1664 2756 medio
1691 2703 1856 2757 homi-

281 2794 413 2831 num
442 2793 846 2848 conversantes,
879 2801 1003 2840 eum
1034 2787 1471 2856 impassibilitate
1506 2792 1674 2857 onmi,
1699 2802 1755 2847 et
1785 2794 1863 2848 di-

276 2870 410 2924 vina
457 2876 842 2941 nominatione,
878 2888 932 2934 et
959 2882 1221 2948 bonitate,
1249 2894 1304 2938 et
1331 2883 1451 2937 aliis
1479 2887 1714 2955 eptimis.
1749 2887 1858 2945 Vos

280 2960 452 3029 igitur
481 2979 585 3019 non
623 2974 677 3020 et
708 2966 751 3020 si
780 2967 1068 3037 aliquando
1108 2970 1188 3025 sic
1225 2972 1489 3027 insaniam
1522 2974 1858 3031 dueebamini

1988 532 2105 584 vos,
2134 527 2189 575 et
2215 519 2660 576 circumscribere
2699 514 3050 575 aestimantes
3080 534 3187 575 non
3225 528 3372 576 recte
3397 535 3562 576 evan-

1988 608 2110 679 gelii
2150 610 2318 665 solem
2349 608 2492 680 jusle
2521 611 2881 667 interveniens
2909 625 3025 678 oro,
3071 611 3206 667 haec
3231 612 3560 669 dimittentes

1988 710 2126 765 quae
2174 697 2229 753 in
2283 699 2475 768 seipsis
2524 707 2712 770 agunt,
2750 700 2805 754 in
2849 700 3048 755 bonum
3095 701 3357 764 converti,
3393 709 3451 755 et
3492 704 3560 755 ad

1989 787 2196 857 seipsos
2224 803 2322 843 nos
2348 790 2620 846 attrahere
2648 799 2703 846 et
2731 791 2974 861 recipere
3007 791 3210 847 lumen.
3241 793 3349 848 Nos
3380 801 3559 849 autem

1984 892 2092 933 non
2127 881 2434 935 econtrario
2461 881 2764 951 privatione
2801 881 3025 937 Joannis
3051 883 3337 939 clarissimi
3369 883 3558 947 radii‘,

1984 986 2129 1026 nunc
2149 972 2364 1042 quidem
2400 981 2745 1043 praeparatos
2774 973 3113 1059 in’memoria
3134 983 3189 1029 et
3212 976 3561 1032 renovatione

1987 1070 2108 1117 tuae
2133 1078 2293 1118 verae
2321 1064 2623 1133 theologiae
2644 1105 2659 1129 ,
2698 1064 2857 1134 paulo
2884 1074 3004 1134 post
3030 1075 3232 1130 autem,
3264 1068 3385 1122 dico
3415 1068 3559 1122 enim

1982 1160 2038 1206 et
2057 1153 2169 1222 jam
2197 1142 2482 1213 audacius.
2515 1155 2669 1209 vobis
2699 1155 2828 1225 ipsis
2859 1156 3192 1211 adunandos.
3237 1157 3439 1226 Dignus
3467 1173 3561 1211 au-

1984 1250 2090 1297 tem
2120 1243 2225 1299 ﬁde
2261 1244 2482 1298 omnino
2523 1260 2639 1299 sum
2662 1285 2677 1308 ,
2714 1246 2850 1299 haec
2889 1247 3229 1316 praecognita
3269 1248 3362 1300 tibi
3394 1257 3447 1300 et
3480 1248 3562 1302 di-

1981 1346 2139 1387 scens
2159 1347 2223 1387 ex
2250 1331 2357 1386 Deo
2373 1342 2427 1387 et
2451 1332 2654 1395 dicens,
2679 1334 2802 1402 quia
2825 1341 2878 1387 et
2897 1334 2964 1387 ab
2984 1349 3066 1399 ea,
3092 1349 3230 1401 quae
3256 1336 3308 1389 in
3334 1335 3561 1390 Patbmo

1982 1428 2102 1485 est,
2140 1422 2387 1477 custodia
2419 1423 2714 1478 dimitteris
2740 1465 2754 1489 ,
2796 1433 2851 1479 et
2881 1424 2934 1478 in
2964 1424 3213 1480 Asiacam
3248 1434 3446 1480 terram
3476 1442 3561 1481 re-

1982 1511 2229 1575 verteris,
2267 1519 2321 1566 et
2355 1513 2668 1583 operaberis
2706 1514 2777 1568 ibi
2826 1515 3013 1584 optimi
3057 1516 3152 1570 Dei
3206 1516 3554 1581 imitationes,

1979 1609 2034 1654 et
2053 1600 2159 1668 his,
2181 1602 2271 1672 qui
2304 1613 2479 1658 tecum
2511 1614 2656 1670 sunt,
2681 1607 2861 1661 trades
2877 1608 2929 1660 αἳ

1979 1710 2261 1771 Nobilibus
2290 1716 2311 1749 ⁸
2342 1719 2616 1787 quondam
2657 1718 2836 1774 fueras
2862 1731 3173 1778 constructa
3202 1723 3447 1792 patronis
3471 1741 3483 1776 :

2050 1799 2277 1857 Subdita
2301 1820 2445 1860 nunc
2472 1808 2644 1862 servis
2675 1809 2809 1863 heu!
2849 1809 2989 1864 male
3014 1810 3182 1866 Roma
3208 1812 3339 1869 ruis.

1979 1891 2281 1975 Deseruere
2309 1896 2383 1950 tui
2414 1906 2565 1952 tanto
2593 1910 2647 1953 te
2688 1908 2931 1970 tempore
2959 1917 3159 1972 reges,

2046 1984 2220 2038 Cessit
2245 1995 2301 2040 et
2328 1987 2395 2040 ad
2420 1987 2657 2044 Graecos
2683 2005 2877 2046 nomen
2908 1993 3185 2062 honosque
3223 2000 3364 2051 tuus.

1974 2071 2468 2145 Constantinopolis
2493 2076 2696 2134 ﬂorens
2725 2094 2864 2135 nova
2893 2081 3065 2136 Roma
3094 2091 3318 2139 vocatur
3342 2102 3356 2139 :

2040 2163 2277 2221 Moribus
2305 2178 2360 2221 et
2396 2170 2567 2225 muris
2594 2170 2761 2225 Roma
2792 2181 3003 2227 vetusta
3027 2174 3197 2230 cadis.

1971 2255 2212 2311 Transiit
2245 2259 2553 2328 imperium,
2587 2263 2893 2333 mansitque
2928 2266 3180 2334 superbia
3212 2276 3411 2332 tecum,

2039 2345 2230 2403 Cultus
2263 2351 2525 2407 avaritiae
2564 2361 2617 2407 te
2647 2355 2876 2409 nimium
2918 2365 3160 2425 superat.

1972 2436 2174 2508 Vulgus
2200 2441 2269 2494 ab
2291 2442 2552 2498 extremis
2576 2444 2892 2499 distractum
2927 2447 3175 2516 partibus
3198 2448 3372 2511 orbis,

2045 2525 2333 2585 Servorum
2366 2531 2526 2593 servi,
2558 2547 2704 2589 nunc
2739 2533 2835 2590 tibi
2877 2543 3004 2591 sunt
3038 2536 3262 2592 domini.

1972 2611 2028 2666 In
2058 2626 2111 2673 te
2137 2621 2417 2685 nobilium,
2450 2631 2724 2679 rectorum
2766 2640 2925 2681 nemo
2962 2628 3240 2694 remansit,

2042 2712 2375 2783 [ingenuique
2412 2712 2489 2766 tui
2528 2728 2658 2767 rura
2698 2713 2919 2785 pelasga
2952 2717 3157 2772 colunt.

1969 2802 2254 2857 Truncasti
2294 2803 2443 2857 vivos
2471 2802 2672 2859 crudeli
2698 2803 2916 2861 vulnere
2950 2816 3194 2883 sanctos,

2039 2891 2284 2947 Vendere
2309 2907 2455 2947 nunc
2484 2891 2674 2948 horum
2707 2903 2918 2950 mortua
2953 2898 3196 2952 membra
3243 2898 3402 2953 soles.

1966 2980 2084 3036 Jam
2109 2982 2165 3037 ni
2197 2990 2249 3036 te
2280 2982 2534 3037 meritum
2562 2982 2708 3038 Petri
2741 2983 3005 3056 Paulique
3038 2986 3267 3052 foveret,

277 3052 413 3122 quid
447 3055 577 3123 pati,
606 3057 699 3112 sed
726 3067 782 3112 et
811 3061 1055 3131 corporis
1096 3063 1379 3131 passiones
1408 3063 1745 3122 solummodo
1768 3066 1859 3135 ju-
1888 3059 1933 3121 C
2035 3069 2305 3142 Tempore
2335 3070 2448 3141 jam
2479 3071 2639 3144 longe
2668 3074 2839 3130 Roma
2883 3052 3093 3132 misella
3135 3076 3283 3134 t‘ores
3314 3079 3364 3133 ι’.

1604 3176 1855 3234 VARIAE
1894 3180 2290 3239 LECTIONES.

366 3255 381 3329 ξ
422 3255 580 3312 Index
609 3260 969 3329 circumcluso.
1008 3264 1029 3295 '
1066 3264 1105 3318 E
1133 3265 1492 3321 tleterminato
1541 3278 1587 3322 et
1616 3270 1812 3323 credito
1845 3268 2070 3326 Pnthmo
2092 3273 2311 3329 insulae.

629 3328 652 3360 ⁸
681 3329 773 3385 ΑΕ
800 3332 995 3402 privari
1018 3332 1224 3388 Joanne
1252 3334 1542 3391 clarissimo
1572 3339 1741 3394 radio.
1816 3339 1891 3393 Τ
1917 3339 2212 3397 Habilibua.

276 3324 549 3382 videmus.

2437 3276 2482 3333 E
2511 3277 2652 3332 sicut
2675 3286 2724 3332 et
2750 3294 2837 3333 eos
2856 3280 2946 3348 qui
2972 3289 3090 3334 sunt
3110 3295 3176 3333 ea:
3211 3279 3376 3335 altera
3400 3294 3550 3352 parte

1788 3427 2038 3488 NOTAE.

363 3508 383 3529 ⁸
423 3508 463 3563 Β
487 3511 661 3579 spatio
714 3512 874 3566 trium
907 3513 1171 3569 Iinearum
1201 3517 1393 3571 relicto
1420 3518 1556 3573 haec
1582 3520 1742 3575 habet
1770 3538 1783 3574 :

406 3599 479 3647 En
503 3599 821 3666 egojlmtillus
847 3602 985 3666 Otioh
1013 3604 1151 3666 vulgo
1172 3605 1402 3666 vocitatus

405 3643 918 3728 ῥὶὶᾴιῗιὲὲὶῖὸῆἱὲἱῖᾱᾳνῖῑὲ
927 3643 1198 3728 ἳόνὶῖςῖἦιὲ
1212 3643 1608 3727 εἶῖἷὶἱὲἇῐρτατιίε,

406 3723 492 3793 ξω
515 3729 668 3793 (auten
693 3721 821 3792 istud
838 3737 954 3782 opus
979 3721 1231 3793 scribendo
1254 3734 1386 3793 tuum
1408 3721 1512 3793 tibi
1529 3721 1792 3793 promptus,

405 3787 584 3849 .ﬁcnfte
608 3782 823 3849 Dionysi.
848 3792 1038 3849 marlyr
1054 3785 1372 3849 celeberrime
1396 3782 1571 3837 Christi
1595 3803 1609 3838 :

413 3842 553 3891 (Inde
574 3842 687 3902 mei,
714 3856 912 3907 quam»,
934 3842 1151 3907 pfetilms
1174 3849 1327 3897 sacris
1350 3861 1532 3897 memor
1554 3858 1672 3907 esto,

420 3907 510 3952 Vos
536 3916 600 3967 qu
619 3918 737 3966 que,
760 3908 839 3968 qui
860 3903 1038 3969 legitis,
1067 3910 1254 3958 veniam
1275 3908 1391 3959 mihi
1411 3922 1551 3970 posca
1575 3903 1762 3973 petatis.

350 3987 631 4041 ﬂebilibus
659 3990 920 4059 quondam
948 4001 1052 4046 cet.

340 4076 384 4129 ll
408 4091 538 4130 vero
567 4076 649 4131 sic
680 4130 683 4131 ν

2088 3522 2609 3599 Plurimaque.-
2623 3528 2842 3599 psallere
2858 3530 3065 3599 scriptor
3085 3538 3163 3583 εαι
3184 3545 3204 3584 ε

2087 3586 2211 3647 Laus
2229 3586 2532 3647 sit.,Ch_riste,
2548 3586 2652 3640 tibi.
2678 3589 2848 3639 Finem
2869 3586 3001 3642 adici
3022 3605 3041 3642 .'

2084 3646 2197 3710 gen
2218 3646 2345 3697 male
2364 3645 2654 3710 fiuntquin
2674 3652 2890 3704 scribere
2909 3666 3002 3703 non
3025 3654 3141 3703 bene
3159 3652 3294 3704 scivi.

2087 3706 2273 3764 Penna,
2295 3706 2650 3773 grddum’siste,
2673 3712 2895 3775 quoniam
2927 3714 3049 3765 liber
3065 3714 3264 3778 explicit
3286 3716 3390 3768 iste.

1963 3786 2243 3843 Habilibus
2273 3793 2538 3858 quondam
2570 3803 2677 3850 cet.

2034 3877 2063 3955 ξ’
2093 3877 2289 3955 Codice
2320 3880 2491 3955 E_hoc
2527 3900 2747 3955 carmen
2775 3888 3040 3955 integrum
3079 3888 3439 3946 desideratur.
3466 3894 3544 3949 Eo

1962 3947 2105 4022 enim
2129 3951 2313 4004 codice
2340 3950 2478 4007 aliae
2507 3953 2770 4020 quaedam
2790 3947 3049 4022 epistolae
3072 3957 3125 4011 in
3153 3961 3414 4015 versionis
3437 3947 3542 4018 line

1961 4016 2365 4095 ad:li_tae__sunt,
2406 4022 2471 4074 de
2513 4016 2708 4091 quibus
2749 4016 2900 4093 plura
2937 4027 3394 4095 disputavimusin
3410 4016 3541 4084 Pro;

1959 4088 2154 4140 oetnio.
2173 4087 2364 4142 Exstat
2381 4103 2510 4144 vero
2530 4087 3035 4166 carmen'integrutn'
3050 4096 3322 4153 codicibus
3337 4097 3540 4156 BCDH.

281 4193 3535 4246 =‘====='=—?—'—'"_'_'—‘_—‘——4——-——""'"——'—'———'———-—-'———.____.._..___—____.,___--—-—--——-————=—,

1221 4286 2012 4404 commas
2108 4267 2665 4412 sco-ri

1722 4451 2093 4532 VERSIO

658 4580 1967 4716 AMBIGUORUM
2090 4589 2219 4718 S.
2343 4590 3076 4727 ΜΑΧΙΜΙ

417 4775 459 4827 Δ
481 4774 760 4827 ὶίαὺηιοιιιο
776 4783 1025 4839 acceptam
1061 4775 1213 4826 edidit
1233 4774 1444 4826 Thomas
1466 4775 1587 4829 Gale
1607 4778 1655 4828 in
1678 4776 1961 4842 Appendice
1996 4779 2057 4831 ad
2077 4779 2276 4832 Joannis
2304 4781 2438 4836 Scott
2460 4797 2584 4848 opus
2603 4788 2669 4839 de
2693 4788 2933 4841 divisione
2954 4791 3169 4844 Naturae
3189 4806 3238 4857 p.
3265 4795 3400 4848 1-45.

1590 4892 2190 4974 PRAEFATIO.

336 4998 567 5054 Domino
583 4997 970 5069 gloriosissimo
985 4996 1331 5067 piissimoque
1345 4999 1522 5054 divina
1540 5005 1853 5070 providente

273 5097 438 5159 atque
454 5088 739 5158 adiuvante
759 5089 930 5159 gratia
953 5088 1063 5158 regi
1091 5088 1306 5144 Canem
1327 5089 1558 5147 Ieiunas
1581 5106 1854 5153 extremus

276 5194 561 5233 servorum
590 5180 902 5234 Vestrorum
932 5187 1242 5248 perpetuam
1283 5180 1335 5233 in
1361 5180 1578 5236 Christo
1603 5184 1850 5240 salutem.

351 5267 467 5323 Hoc
505 5284 642 5338 opus
684 5267 901 5323 Maximi
940 5268 1187 5323 monachi
1229 5278 1390 5339 atque
1428 5273 1661 5339 abbatis,
1710 5278 1852 5346 quod

1959 5012 2302 5068 sanctissimo
2344 5023 2506 5086 atque
2545 5016 2861 5074 beatissimo
2904 5023 3310 5096 archiepiscopo
3348 5023 3527 5095 Cyzici

1955 5098 2159 5159 .ioanne
2219 5106 2544 5174 postulante,
2585 5110 2651 5165 de
2695 5116 3032 5181 quorundam
3074 5118 3128 5172 in
3191 5118 3529 5173 sermonibus

1954 5192 2250 5249 beatissimi
2276 5195 2519 5267 Gregorii
2543 5200 2798 5274 Theologi
2821 5205 3205 5277 Ambiguorum
3229 5220 3279 5272 ι,
3310 5212 3411 5263 hoc
3447 5218 3530 5263 est

1958 5284 2229 5341 intellectu
2258 5286 2572 5358 dillicilium,
2600 5295 3067 5365 explanationibus
3098 5299 3421 5368 composuit,
3462 5301 3527 5356 de

1805 5384 2057 5442 NOTAE.

353 5482 378 5508 ι
406 5470 452 5523 Is
466 5481 543 5523 est
562 5470 852 5594 lnguslihri
875 5469 1082 5528 titulus.
1101 5473 1234 5527 Nam
1256 5491 1274 5522 α
1296 5473 1507 5528 Scholia
1530 5495 1549 5526 ι
1568 5475 1708 5529 aliud
1725 5492 1859 5546 opus

353 5552 363 5591 l
394 5539 554 5594 huius
652 5542 834 5594 aximi.
874 5543 1075 5594 Horum
1104 5542 1490 5594 Ambianorum
1524 5545 1637 5594 inse
1671 5548 1858 5594 memi-

280 5551 363 5613 est
393 5539 554 5613 hujus
599 5539 834 5595 Maximi.
874 5543 1075 5597 Horum
1104 5542 1490 5613 Ambiguorum
1524 5545 1637 5608 ipse
1671 5539 1858 5600 meini-

286 5608 364 5663 nit
391 5606 656 5666 Maximus
684 5626 906 5677 operum
933 5613 1200 5669 editorum
1228 5606 1293 5667 Τῖ
1328 5611 1391 5681 ll,
1418 5628 1470 5683 p.
1502 5606 1586 5680 15,
1613 5616 1854 5672 meminit

1961 5481 2202 5569 Photius,
2228 5491 2832 5569 meminitBaronius,et
2863 5498 2916 5553 in
2947 5496 3223 5556 codicibus
3252 5476 3522 5558 V'attcan’a

1956 5566 2160 5611 servari
2190 5566 2433 5615 testatur.
