3978 6160
435 336 569 390 “illi

1794 356 1912 413 ,1οΑ
1922 358 2076 416 ΝΝΙΞ
2116 360 2311 419 SCOTI

3553 383 3696 438 ΗΠ*ἷῖ

428 471 638 528 Graeco
689 475 740 528 in
790 475 1037 531 Latinum
1093 480 1254 537 Vobis
1302 483 1615 552 jnltentibus
1666 487 1831 543 edidi.
1864 488 2005 542 Dilli-
2037 475 2078 531 Α
2106 474 2280 534 λυτικῆ
2304 473 2517 539 diem":
2545 476 2645 532 hoc
2672 464 3048 546 eSlT8561‘-li0.
3076 487 3312 540 reVersio
3333 502 3463 543 vero
3486 493 3692 553 Θέωσις.

430 562 688 617 cillimum
736 580 977 634 prorsus,
1025 571 1476 629 orlhodoxissi.ue
1521 575 1750 647 Regum,
1792 579 2005 633 servulo

428 661 635 718 vestro,
688 656 935 711 imbecilli
991 660 1146 716 valde
1194 663 1358 717 etiam
1414 665 1465 719 in
1520 665 1747 733 Latinis,
1800 676 2004 737 quanto

429 745 598 813 magis
624 744 675 799 in
699 746 940 811 Graecis,
976 750 1213 807 laborem
1241 754 1568 823 injunxistis.
1595 758 1817 829 Insuper
1839 761 2002 816 etiam

425 834 732 890 accelerare
774 837 935 892 veluti
969 842 1183 897 erudito
1213 846 1494 917 utriusque
1537 850 1749 919 linguae
1789 851 2006 921 citoque

427 922 687 992 perlicere
716 926 1039 995 imperastis.
1071 930 1175 986 Sed
1200 949 1296 1003 pro
1318 936 1520 989 viribus
1548 938 1793 1008 ingenioli
1828 940 1929 993 mei
1952 948 2006 993 et

428 1015 749 1082 acceleravi,
781 1028 835 1073 et
860 1021 1040 1075 divina
1083 1024 1311 1081 ducente
1350 1043 1413 1082 ac
1440 1028 1703 1099 largiente
1732 1032 1901 1101 gratia
1938 1032 2006 1086 ad

426 1104 588 1159 ﬁnem
621 1123 789 1178 usque
826 1112 1071 1180 perduxi.
1114 1112 1384 1171 Fortassis
1418 1128 1596 1176 autem
1646 1121 2006 1190 qualicunque

426 1197 669 1268 ap‘ologia
722 1200 996 1265 defensus,
1042 1220 1145 1257 non
1180 1214 1286 1260 tam
1325 1209 1522 1267 densas
1566 1211 1825 1266 subierim
1875 1212 2007 1268 cali-
2052 1220 2055 1223 '

426 1288 599 1359 giaes,
650 1290 748 1343 nisi
784 1291 1044 1359 viderem,
1076 1297 1378 1365 praefatum
1410 1301 1791 1362 beatissimum
1832 1302 2004 1357 Illuxi—

424 1391 571 1429 mum
622 1379 937 1448 saepissime
983 1384 1036 1436 in
1082 1400 1336 1453 processu
1380 1390 1461 1442 sui
1505 1391 1686 1458 operis
1730 1391 2004 1449 obscuris-

423 1466 590 1520 simas
612 1469 939 1524 sanctissimi
977 1472 1205 1546 theologi
1234 1477 1473 1548 Dionysii
1501 1480 1855 1552 Areopagitae
1878 1497 2004 1537 sen-

425 1559 652 1620 tentias,
713 1559 866 1629 cujus
926 1565 1251 1634 symbolicos
1311 1569 1748 1641 theologicosque
1814 1588 2004 1627 sensus

424 1664 596 1718 nuper
628 1649 789 1705 Vobis
844 1653 1092 1707 similiter
1139 1656 1457 1726 jubentibus
1516 1661 1786 1724 transtuli,
1831 1662 2002 1715 intro-

425 1740 668 1803 duxisse,
715 1743 1056 1813 mirabilique
1087 1749 1245 1802 modo
1293 1750 1637 1816 dilucidasse,
1686 1752 1738 1806 in
1770 1759 2001 1814 tantum,

422 1839 480 1885 ut
508 1832 652 1886 nullo
678 1835 835 1888 modo
855 1837 1444 1902 dubitarem,'divinam
1476 1842 1842 1908 clementiam,
1867 1857 2006 1910 quae

424 1920 696 1978 illuminat
724 1924 1040 1979 abscondita
1070 1928 1440 1993 tenebrarum,
1469 1944 1567 1984 sua
1596 1928 1849 1986 ineffabili
1876 1943 2006 1998 pro-

420 2013 660 2067 videntia
688 2015 790 2069 hoc
818 2016 1167 2085 disposuisse,
1207 2028 1264 2072 ut
1292 2033 1355 2073 ea
1393 2021 1631 2089 quidem,
1672 2035 1811 2091 quae
1851 2021 2007 2075 nobis

422 2105 658 2159 maxime
684 2106 937 2160 obstrusa
963 2107 1018 2160 in
1046 2109 1336 2177 praedictis
1373 2109 1517 2165 beati
1559 2111 1798 2182 Dionysii
1835 2110 2003 2175 libris,

423 2204 518 2252 aut
544 2196 629 2251 vix
659 2198 868 2266 pervia,
892 2213 1191 2268 sensusque
1214 2210 1430 2257 nostros
1452 2203 1635 2274 fugere
1660 2202 2005 2267 videbantur,

433 2288 691 2357 aperiret,
720 2289 1122 2358 sapientissimo
1147 2291 1394 2359 praefato
1416 2292 1653 2349 Maximo
1675 2293 2007 2349 lucidissime

423 2380 763 2449 explanante.
822 2382 1065 2453 Exempli
1118 2385 1315 2457 gratia,
1348 2394 1409 2441 ut
1451 2401 1622 2455 pauca
1663 2385 1731 2441 de
1764 2385 2009 2456 pluribus

422 2472 621 2536 dicam,
650 2476 923 2542 quomodo
942 2491 1110 2532 causa
1139 2479 1400 2544 omnium,
1430 2494 1568 2547 quae
1598 2478 1738 2535 Deus
1765 2487 1869 2543 est,
1899 2494 2007 2534 una

420 2564 490 2621 sit
517 2566 746 2636 simplex
768 2577 822 2622 et
844 2569 1123 2640 multiplex
1160 2588 1172 2624 :
1214 2559 1392 2641 qualis
1413 2572 1484 2626 sit
1507 2571 1802 2642 processio,
1829 2571 1879 2625 id
1903 2580 2005 2637 est,

421 2657 800 2728 multiplicatio
820 2661 1035 2716 divinae
1063 2662 1322 2718 bonitatis
1349 2680 1445 2734 per
1470 2663 1674 2727 omnia,
1698 2678 1837 2733 quae
1861 2670 2006 2727 sunt,

421 2762 453 2803 α
477 2764 689 2804 summo
718 2765 888 2820 usque
911 2751 1186 2818 deorsum,
1212 2769 1311 2823 per
1330 2753 1636 2824 generalem
1659 2753 1898 2808 omnium
1924 2766 2010 2806 es-

421 2840 650 2894 sentiam
686 2840 884 2909 primo,
918 2841 1173 2913 deinceps
1206 2858 1304 2912 per
1342 2860 1541 2915 genera
1577 2842 2008 2915 generalissima,

423 2928 616 2984 deinde
640 2945 737 2999 per
765 2945 962 3000 genera
996 2933 1359 3002 generaliora,
1388 2934 1511 2990 inde
1536 2948 1633 3003 per
1654 2931 1863 3003 species
1888 2943 2010 3001 spe-

425 3021 674 3076 cialiores
695 3036 867 3092 usque
893 3024 960 3077 ad
977 3025 1184 3093 species
1205 3019 1621 3095 spe'eiallssimas
1640 3039 1739 3094 per
1760 3020 2010 3077 differen-

426 3112 530 3167 tias
556 3112 1022 3182 proprietatesque
1045 3113 1398 3169 descendens.
1418 3113 1486 3169 Et
1514 3114 1729 3179 iterum,
1745 3111 2004 3181 ejusdem,

2111 563 2213 618 hoc
2237 572 2320 618 est
2350 564 2639 620 deiﬁcatio.
2671 567 2735 619 Et
2757 583 2863 637 qua
2888 571 3115 635 ratione,
3143 589 3281 643 quae
3307 586 3432 630 sunt
3456 582 3693 634 maxima

2107 651 2573 722 multiplicatione,
2613 656 2832 709 minima
2864 668 2989 712 sunt
3017 661 3232 728 virtute,
3260 678 3400 733 quae
3427 682 3557 722 vero
3588 669 3697 723 mi-

2109 740 2251 794 nima
2277 742 2740 812 multiplicatione,
2772 748 3006 802 maxima
3033 749 3248 807 virtute.
3292 754 3432 821 Quid
3459 779 3695 830 καταφα-

2107 836 2247 892 τικήν
2267 841 2322 884 el.
2348 834 2660 905 ἀποφατικήν
2682 835 2853 891 dicam
2875 840 3141 911 θεολογίαν,
3160 843 3212 895 in
3236 844 3432 911 quibus
3455 847 3696 901 maxime

2107 921 2368 988 praedicti
2408 922 2554 977 beati
2585 923 2824 996 Dionysii
2871 926 3228 1000 Areopagitae
3269 932 3697 1002 profundissima

2108 1014 2556 1087 divinissimaque
2618 1020 2931 1075 admiranda
2990 1031 3075 1077 est
3122 1024 3461 1093 disputatio?
3518 1027 3696 1093 Quam

2108 1109 2254 1163 clare
2282 1110 2614 1181 pulchreque
2640 1114 2834 1182 aperit,
2866 1118 3157 1183 quomodo,
3185 1132 3308 1170 cum
3340 1118 3485 1171 inter
3513 1134 3574 1173 se
3604 1135 3698 1188 op-

2107 1200 2316 1269 positae
2360 1201 2621 1271 valdeque
2676 1205 2980 1258 contrariae
3035 1207 3347 1271 videantur,
3406 1209 3475 1263 ad
3524 1225 3696 1261 unum

2110 1297 2287 1343 tamen
2337 1304 2657 1344 consensum
2702 1296 3039 1360 perveniunt,
3073 1304 3149 1360 ut,
3196 1297 3321 1349 dum
3366 1313 3472 1350 una
3510 1309 3694 1365 neget.

2107 1378 2275 1434 altera
2302 1380 2608 1443 confirmet,
2656 1390 2945 1452 utrumque
2968 1385 3019 1437 in
3050 1395 3280 1456 utraque
3307 1388 3696 1452 contineatur;

2108 1473 2178 1533 ita
2202 1473 2274 1536 lit,
2302 1482 2360 1526 ut
2378 1482 2431 1527 et
2451 1481 2765 1547 καταφατική
2791 1491 2896 1530 non
2921 1477 3224 1542 confirmet,
3241 1480 3383 1547 quod
3410 1482 3697 1553 ἀποφπιιυέ

2108 1564 2360 1631 abnegat,
2392 1578 2566 1634 neque
2606 1566 2887 1638 ἀποφατικὴ
2918 1566 3165 1638 abneget,
3209 1568 3353 1638 quod
3396 1574 3712 1642 καταφατικπέ

2107 1652 2359 1708 aliirmat.
2399 1654 2467 1708 Et
2505 1669 2612 1707 non
2652 1654 2824 1708 solum
2868 1655 2966 1708 has
3008 1656 3138 1710 duas
3189 1658 3454 1710 maximas
3485 1658 3698 1711 theolo-

2106 1743 2227 1812 giae
2258 1750 2438 1810 partes
2477 1742 2531 1796 in
2564 1743 2692 1806 Deo,
2723 1743 2815 1797 sed
2842 1745 3003 1798 etiam
3040 1746 3091 1799 in
3117 1746 3259 1800 omni
3286 1755 3539 1800 creatura
3568 1761 3697 1801 esse

2038 1817 2082 1876 Β
2113 1830 2566 1886 manifestissimis
2596 1833 2830 1895 declarat
2865 1834 3156 1904 exemplis;
3202 1850 3299 1905 per
3326 1851 3422 1890 cas
3458 1851 3700 1906 namque

2109 1922 2329 1977 ordines
2374 1922 2689 1977 caelestium
2716 1925 3079 1980 essentiarum
3122 1934 3174 1979 el
3206 1928 3592 1981 discernuntur
3642 1936 3699 1981 et

2109 2012 2449 2067 ordinantur.
2497 2012 2565 2066 Et
2592 2028 2700 2083 qua
2732 2014 2942 2069 ratione
2975 2017 3113 2070 Deus
3148 2016 3347 2070 dicitur
3390 2033 3610 2071 movere
3643 2028 3701 2071 et

2112 2101 2338 2167 moveri,
2371 2103 2496 2157 dum
2533 2102 2603 2157 sit
2630 2104 3000 2159 immutabilis.
3036 2105 3103 2160 Et
3126 2108 3269 2176 quod
3294 2122 3393 2160 nec
3413 2107 3699 2161 sensibilis

2110 2207 2209 2262 per
2236 2206 2454 2247 sensum
2484 2192 2627 2247 Deus
2652 2194 2869 2258 sentiat,
2895 2210 2995 2250 nec
3024 2195 3375 2267 intelligibilia
3406 2212 3505 2266 per
3531 2197 3696 2251 intel-

2109 2281 2329 2347 lectum,
2381 2297 2482 2337 nec
2509 2282 2785 2337 sensibilia
2827 2298 2926 2354 per
2968 2284 3321 2350 intellectum,
3352 2302 3452 2340 nec
3494 2287 3702 2341 intelli-

2109 2376 2295 2448 gibilia
2325 2391 2423 2447 per
2446 2372 2686 2441 sensum,
2718 2377 2810 2431 sed
2832 2378 3012 2434 omnia
3042 2378 3092 2431 in
3123 2378 3359 2431 aeternis
3384 2379 3496 2432 suis
3525 2379 3701 2432 ratio-

2112 2470 2271 2524 nibus
2298 2469 2715 2539 contemplatur.
2759 2468 2837 2524 De
2880 2471 3088 2524 unitate
3118 2485 3332 2539 quoque
3361 2473 3523 2539 trium
3552 2471 3699 2525 div-ia

2111 2576 2304 2616 narum
2364 2559 2829 2624 snbstantiarum,
2885 2560 3060 2631 deque
3124 2560 3295 2615 tribus
3366 2561 3700 2616 substantiis

2110 2652 2323 2708 divinae
2352 2651 2571 2707 unitatis
2593 2650 2755 2705 veluti
2795 2651 3179 2722 mysticissimo
3216 2651 3540 2706 mirabiliter
3566 2651 3697 2705 dis-

2108 2750 2262 2813 putat
2290 2740 2545 2796 senario:
2578 2748 2632 2794 et
2659 2738 2824 2795 multa
2868 2739 2993 2805 alia,
3035 2755 3174 2809 quae
3210 2741 3481 2796 studiosus
3525 2756 3695 2811 prae—

2110 2833 2279 2889 sentis
2307 2832 2485 2901 operis
2539 2830 2708 2885 lector
2753 2830 3013 2885 inveniet.
3062 2832 3403 2887 κύσεϐἐητατι
3449 2841 3475 2870 ι
3525 2830 3701 2897 igitur

2110 2926 2338 2996 Regum,
2386 2938 2544 2992 opus,
2576 2923 2718 2991 quod
2749 2923 2816 2975 ad
2856 2937 3195 2977 communem
3238 2922 3533 2975 catholicae
3563 2921 3698 2975 tidei

2111 3014 2561 3070 illuminationem
2588 3011 2828 3082 iussistis
2867 3012 3008 3076 fieri,
3032 3013 3323 3067 altissimae
3348 3013 3701 3067 auctoritatis

2110 3108 2339 3163 Vestrae
2393 3104 2597 3174 judicio
2639 3118 2744 3157 non
2804 3104 3071 3173 respuatis
3120 3103 3382 3164 roborari,
3431 3111 3486 3155 et
3544 3101 3699 3157 inter

422 3204 639 3257 divinae
665 3203 935 3268 videlicet,
959 3204 1215 3260 bonitatis
1237 3203 1412 3274 qualis
1440 3205 1510 3259 sit
1538 3204 1800 3265 reversio,
1827 3201 1879 3257 id
1902 3207 2007 3262 est,
2036 3171 2082 3234 α
2114 3197 2310 3253 similia
2342 3210 2505 3250 sanae
2534 3195 2813 3248 doctrinae
2858 3195 3213 3248 instrumenta
3250 3194 3433 3262 recipi,
3456 3207 3580 3246 cum
3621 3207 3699 3247 ex

423 3295 772 3364 congregatio
788 3310 882 3362 per
893 3296 1106 3349 eosdem
1120 3296 1320 3364 gradus
1336 3295 1401 3349 ab
1419 3295 1624 3350 infinita
1640 3309 1852 3356 eorum,
1871 3305 2012 3360 quae

422 3390 569 3448 sunt,
598 3383 854 3452 variaque
890 3382 1334 3452 multiplicatione
1366 3399 1535 3454 usque
1571 3384 1638 3436 ad
1666 3380 2006 3450 simplicissi—

424 3490 567 3530 mam
590 3475 828 3529 omnium
858 3475 1144 3540 unitatem,
1175 3490 1315 3547 quae
1343 3477 1394 3530 in
1413 3478 1520 3531 Deo
1540 3484 1625 3530 est
1649 3474 1861 3530 etDeus
1889 3480 2011 3537 est;

420 3562 499 3621 ita
528 3573 588 3617 ut
601 3574 649 3618 et
678 3563 819 3620 Dens
846 3564 1025 3619 omnia
1055 3564 1146 3629 sit,
1168 3572 1228 3618 et
1253 3565 1434 3620 omnia
1460 3565 1601 3619 Deus
1625 3564 1753 3618 sint.
1781 3563 1848 3617 Et
1874 3576 2013 3632 quo-

425 3653 588 3711 modo
601 3654 873 3723 praedicta
888 3653 1106 3724 quidem
1122 3653 1303 3709 divina
1324 3653 1378 3708 in
1394 3653 1577 3708 omnia
1594 3651 1870 3725 processio
1889 3653 2014 3709 ἀνα-

2116 3284 2568 3359 praeclarissimis
2620 3284 2952 3338 Graecorum
2992 3282 3230 3339 fontibus
3277 3299 3385 3338 non
3432 3285 3699 3339 dubitetis

2116 3378 2375 3435 derivari.
2416 3377 2472 3430 lu
2516 3377 2712 3445 quibus
2743 3377 2787 3430 si
2825 3376 2953 3446 quid
2996 3377 3302 3447 incognitae
3328 3378 3509 3431 adhuc
3538 3377 3698 3434 nobis

2111 3469 2389 3525 doctrinae
2423 3468 2751 3530 inveniatur,
2789 3468 3102 3522 auctoribus
3143 3468 3275 3538 ipsis
3303 3477 3388 3523 est
3425 3469 3694 3538 deputan-

2110 3560 2258 3622 dum,
2282 3557 2407 3628 quia
2437 3571 2596 3611 nemo
2620 3553 2763 3611 aliud
2793 3556 2847 3609 in
2876 3556 2979 3610 hoc
3007 3571 3171 3625 opere
3199 3568 3346 3612 recte
3372 3558 3507 3611 mihi
3536 3556 3695 3611 debet

2112 3647 2372 3712 tribuere,
2401 3646 2504 3702 nisi
2543 3646 2881 3701 solummodo
2907 3646 3225 3716 simpliciter
3256 3647 3617 3703 transtulisse.

848 3851 1251 3954 JOANNIS
1307 3851 1578 3952 soon
1630 3853 1977 3953 vanae
2033 3842 2679 3949 AMBIGUOBUM
2736 3844 2813 3952 s.
2889 3816 3293 3941 MAXIM].

505 4076 863 4134 Sanctissimo
906 4092 971 4132 ac
1013 4078 1329 4134 beatissimo
1377 4077 1789 4148 archiepiscopo
1830 4075 2012 4148 Cyzici
2042 4080 2090 4139 ι)
2116 4079 2577 4142 praeoccupastis,
2626 4038 2724 4139 per
2750 4082 2913 4138 quam
2958 4067 3164 4124 Christi
3198 4066 3500 4123 Ecclesiae
3551 4068 3700 4137 digni

428 4170 624 4231 Joanni
652 4167 916 4222 Maximus
941 4168 1160 4227 humilis
1188 4168 1509 4227 monachus.

499 4260 817 4315 Laudantur
862 4257 1106 4328 quidem,
1137 4266 1193 4313 et
1242 4257 1496 4313 fortassis
1519 4258 1686 4328 juste,
1736 4258 1804 4312 ab
1834 4259 2010 4313 omni-

424 4352 550 4415 bus,
572 4349 663 4419 qui
682 4349 821 4404 bona
843 4356 1066 4418 propter
1084 4348 1323 4401 studium
1346 4348 1623 4403 doctrinae
1648 4348 2012 4416 promptiores

428 4449 632 4506 amant,
675 4448 732 4495 et
754 4440 1114 4510 disciplinam,
1155 4454 1295 4508 quae
1337 4439 1390 4493 in
1418 4441 1497 4494 eis
1526 4448 1628 4505 est,
1671 4439 2013 4497 sollicitiores

432 4530 695 4602 cogitant,
729 4529 795 4585 ad
838 4528 1094 4583 meliores
1135 4535 1191 4582 et
1233 4527 1517 4582 meliorum
1550 4528 1840 4598 magistros
1868 4542 2015 4583 acce-

439 4623 662 4687 dentes;
713 4621 838 4690 quia
879 4635 976 4689 per
1022 4619 1499 4689 interrogationem
1529 4620 1827 4688 sapientum
1856 4618 2019 4673 disci-

435 4714 636 4787 plinam
667 4722 980 4769 reverenter
1006 4712 1355 4781 accipientes,
1382 4711 1590 4779 scipsos
1615 4711 1682 4766 ab
1710 4710 2014 4779 ignorantia

431 4815 490 4862 et
521 4805 790 4874 imperitia
812 4814 868 4858 et
892 4820 1079 4859 earum
1105 4801 1393 4873 opprobrio
1421 4802 1670 4856 liberant.
1701 4801 1809 4856 Vos
1835 4811 2014 4855 autem

431 4896 559 4966 quis
583 4895 741 4965 digne
768 4894 1001 4949 laudarit
1028 4892 1251 4948 sermo?
1281 4893 1397 4969 ‘Aut
1426 4891 1548 4960 quis
1584 4889 1885 4954 hominum,
1911 4887 2016 4943 etsi

435 4987 825 5061 intelligentiae
868 4986 1299 5055 experimentum
1335 4983 1627 5052 accipiens,
1659 4989 1874 5035 vestrae
1903 4979 2016 5033 vir-

435 5083 568 5139 tutis
600 5081 1024 5153 magnitudinem
1072 5079 1295 5133 idoneus
1330 5075 1604 5131 inveniet?
1637 5074 1771 5141 Quia
1812 5073 2012 5142 proba-

434 5172 569 5227 biles
598 5171 778 5226 ovium
810 5167 1209 5225 rationabilium
1254 5177 1500 5236 pastores
1527 5166 1650 5219 dum
1683 5163 1825 5227 sitis,
1858 5169 1911 5216 et
1945 5163 2010 5214 ad

434 5278 729 5334 supernum
757 5262 896 5322 ovile
912 5259 1131 5315 vocibus
1156 5258 1360 5312 fistulae
1384 5255 1681 5325 spiritualis
1703 5270 1796 5310 eas
1823 5254 2017 5308 ducere

439 5361 496 5408 et
516 5352 863 5408 introducere
892 5349 1081 5412 nostis,
1109 5348 1439 5417 singularem
1472 5347 1523 5407 ι’.
1558 5345 1744 5400 multis
1773 5344 2020 5413 impossi-

433 5440 622 5509 bilem,
646 5441 906 5517 mysticae
960 5439 1265 5493 divinorum
1319 5436 1581 5491 scientiae
1642 5435 2014 5491 habitudinem

2112 4164 2403 4233 fidelesque
2423 4162 2808 4234 gubernacula,
2832 4162 2989 4217 navis
3009 4161 3064 4215 in
3086 4162 3330 4228 modum,
3352 4162 3706 4232 disciplinate

2111 4255 2344 4325 dirigitis
2394 4268 2516 4313 cum
2539 4267 2705 4309 onere
2730 4251 2871 4315 lidei,
2903 4250 3230 4320 divinaeque
3258 4251 3703 4306 conversationis

2113 4349 2310 4402 decore
2332 4346 2399 4399 ad
2426 4354 2638 4413 portum
2657 4342 2870 4399 divinae
2897 4341 3209 4407 voluntatis,
3242 4356 3341 4411 per
3363 4356 3511 4395 mare
3531 4342 3701 4396 seculi
3792 4348 3803 4349 ί

2117 4435 2505 4493 tentationibus
2551 4434 2814 4487 illaesam.
2864 4432 2940 4488 De
2988 4433 3073 4487 his
3104 4440 3309 4496 autem,
3365 4447 3505 4500 quae
3546 4432 3704 4484 vobis

2115 4527 2330 4596 cognita
2363 4532 2507 4587 sunt,
2541 4538 2775 4594 quorum
2817 4523 2979 4579 etiam
3015 4523 3308 4592 magistros
3358 4536 3455 4576 vos
3492 4522 3705 4576 consti-

2118 4617 2221 4671 tuit
2265 4615 2567 4680 Dominus,
2626 4632 2732 4669 non
2784 4613 2957 4669 solum
3002 4614 3406 4684 sapientiores,
3476 4615 3520 4668 si
3577 4615 3703 4683 quis

2116 4715 2355 4762 vestrum
2383 4716 2406 4744 ο
2442 4713 2525 4760 est
2547 4705 2769 4759 omnino
2790 4705 3084 4759 secundum
3114 4704 3397 4759 scientiam
3427 4705 3701 4772 superior.

2118 4800 2213 4856 sed
2251 4807 2306 4854 et
2357 4796 2504 4852 nullo
2549 4798 2760 4867 dignos,
2811 4805 2868 4852 et
2917 4797 3133 4866 penitus
3184 4796 3364 4851 omnis
3418 4797 3703 4865 imperitos

2117 4889 2420 4954 doctrinae,
2461 4888 2567 4943 lide
2614 4888 2922 4942 inveniendi
2961 4888 3092 4955 quid
3132 4874 3317 4941 nobile
3350 4888 3516 4940 etiam
3558 4885 3705 4955 apud

2120 4979 2498 5045 immundos“,
2531 4979 2673 5034 sicut
2698 4978 2840 5033 soliti
2868 4979 3021 5042 estis,
3057 4978 3336 5047 indignum
3360 4977 3705 5047 interrogare

2119 5089 2226 5128 non
2251 5072 2465 5126 ducitis.
2492 5071 2568 5124 Ac
2588 5084 2682 5139 per
2708 5070 2811 5123 hoc
2842 5070 3112 5138 accipiens
3134 5079 3187 5123 et
3209 5084 3309 5138 ego
3332 5068 3708 5123 venerabilem

2122 5173 2359 5217 vestram
2386 5160 2694 5230 epistolam,
2726 5160 2967 5215 scribere
2993 5160 3142 5215 vobis
3158 5159 3439 5229 iubentem
3471 5159 3537 5214 de
3564 5173 3707 5212 uno-

2121 5267 2335 5320 quoque
2388 5250 2668 5307 dubiurum
2712 5251 2866 5305 vobis
2917 5262 2941 5288 θ
2985 5250 3355 5319 Capitulornm
3405 5249 3458 5303 i-n
3513 5248 3697 5304 sancti

2124 5339 2359 5410 theologi
2408 5338 2656 5409 Gregorii
2712 5339 3072 5402 sermonibus,
3106 5341 3173 5393 de
3219 5340 3416 5409 quibus
3459 5338 3704 5392 studium

2123 5432 2410 5499 habebam,
2441 5433 2655 5501 quando
2686 5447 2807 5486 eum
2838 5433 3286 5489 convenimttibus
3310 5447 3484 5496 eram,
3513 5432 3706 5485 reddi-

1959 5546 2212 5604 NOTAE.

509 5659 534 5690 ι
571 5647 706 5700 Earl.
751 5664 822 5700 m.
856 5645 924 5700 ad
948 5661 1116 5716 marg.
1147 5645 1331 5716 adscr.
1354 5641 1612 5698 Piissime.
1654 5641 1760 5698 Sel
1796 5639 2034 5696 Joannes

444 5715 639 5775 Scottis
666 5716 871 5770 Graeca
898 5714 1134 5777 allectat,
1167 5723 1227 5767 ut
1250 5714 1392 5769 alibi.

516 5784 543 5828 ⁸³
583 5782 717 5845 Male
739 5784 864 5861 legit
886 5787 997 5849 οἵαν
1021 5800 1117 5855 pro
1145 5782 1244 5839 οἶα.

2201 5650 2223 5677 ο
2267 5638 2344 5691 Ex
2386 5652 2533 5691 more
2554 5636 2913 5694 Graecorum;
2944 5651 3040 5702 pro
3068 5635 3225 5687 vobis.

2206 5707 2233 5745 ά
2271 5708 2376 5761 (ire
2414 5723 2447 5761 ο
2472 5707 2673 5775 legerat
2699 5708 2949 5774 ἀσέμνους
2980 5722 3075 5773 pro
3103 5708 3341 5774 ἀσήμοις.

2204 5789 2225 5815 ε
2261 5777 2501 5833 Graecus
2527 5788 2702 5832 textus
2727 5779 2862 5841 ἡμῖν,
2895 5777 3060 5829 nobis.
