3978 6160
278 316 417 376 “97

1308 317 1557 376 VERSIO
1595 319 2060 378 AMBIGUORUM
2101 321 2158 377 S.
2204 322 2469 380 ΜΑΧιΜι.

3409 324 3545 379 MSS

279 441 389 486 tam
464 439 593 487 tunc
652 432 912 488 rationein
968 429 1269 503 scripturae
1335 432 1675 487 commendo.
1750 429 1857 486 Vos
1887 436 1938 494 Α
1966 447 2154 491 mones
2180 437 2670 507 supereminentem
2709 454 2812 494 non
2846 438 3050 494 habens
3090 435 3544 498 iuaoifestaretur.

277 523 496 594 quidem
552 525 746 582 merito
790 525 1007 581 virtutis
1045 525 1275 580 miratus
1320 540 1474 590 sum,
1537 531 1592 579 et
1638 522 1692 577 in
1741 522 1858 593 ipsa

279 617 484 671 claram
520 624 684 685 atque
732 617 1003 672 excelsam
1033 616 1251 672 Christo
1289 614 1591 686 placentem
1620 624 1857 668 vestram

280 708 705 779 hospitalitatem
749 709 983 774 laudavi,
1015 709 1191 780 magis
1212 723 1343 763 vero
1370 722 1468 778 per
1495 722 1711 763 omnem
1742 721 1859 760 mo-

281 800 408 853 dum
440 812 537 868 per
562 814 658 853 vos
689 808 745 852 et
765 799 820 853 iu
851 800 1005 853 vobis
1039 799 1399 871 gloriﬁcatum
1425 798 1736 861 Dominum,
1769 796 1862 867 qui

281 891 410 945 fecit
456 904 551 944 vos
575 890 643 945 ad
682 890 788 944 hoc
822 890 1014 961 dignos
1048 889 1187 955 ﬁeri,
1236 890 1598 958 donatamque
1637 890 1706 943 ab
1748 889 1865 958 ipso

278 982 560 1045 virtutem,
586 980 815 1048 quisuis
838 982 1013 1035 servis
1038 992 1065 1021 ι
1094 995 1191 1050 per
1213 989 1394 1037 vestra
1421 995 1588 1050 opera
1617 981 1867 1035 veritatis

283 1081 474 1142 aperte
523 1072 981 1143 pulchritudinem
1044 1071 1376 1134 manifestat,
1433 1088 1603 1143 usque
1663 1072 1730 1127 ad
1779 1086 1867 1127 me

281 1180 533 1234 parvum,
583 1174 640 1219 et
682 1165 830 1218 nullo
876 1164 1117 1232 dignum,
1174 1173 1230 1219 et
1273 1165 1569 1226 indoctum,
1614 1172 1670 1219 et
1715 1165 1865 1219 omni

282 1257 487 1310 nudum
508 1257 732 1310 omnino
772 1257 975 1311 virtute
1018 1264 1073 1311 et
1120 1257 1369 1311 scientia.
1397 1256 1477 1312 Ac
1505 1271 1600 1327 per
1627 1258 1729 1311 hoc
1750 1257 1872 1310 ~hu—

281 1348 521 1404 miliatos
564 1349 951 1415 considerans,
1011 1350 1275 1418 meipsum
1323 1350 1571 1419 accipere
1629 1357 1869 1403 vestrum

284 1447 635 1510 praeceptum
677 1439 978 1497 secundum
1014 1441 1272 1494 virtutem
1310 1438 1703 1509 compuleram,
1746 1439 1872 1492 dum

286 1533 343 1585 in
375 1531 525 1585 nullo
566 1533 892 1587 temerarius
924 1532 1256 1587 aestimabar
1284 1532 1468 1587 multis
1497 1533 1665 1587 vestri
1697 1532 1872 1601 gratia

283 1622 494 1678 faciens
526 1637 853 1689 sermonem,
900 1624 995 1678 sed
1048 1632 1104 1680 et
1124 1639 1220 1680 vos
1251 1636 1461 1695 gratam
1490 1633 1545 1680 et
1586 1624 1873 1679 amabilem

285 1714 671 1768 obaudientiae
714 1716 1021 1770 mercedem
1044 1715 1295 1784 accipere
1324 1714 1635 1784 expectanti
1664 1726 1875 1770 vestras

1966 528 2013 583 si
2064 545 2170 585 non
2217 530 2363 585 omni
2394 530 2504 585 fere
2530 530 2769 602 syllabae
2799 532 3079 587 decentem
3122 530 3366 585 inserens
3409 529 3555 583 uoti-

1969 620 2118 683 tiam,
2151 620 2218 675 ad
2247 619 2610 688 pulcherrima
2655 630 2713 675 et
2756 621 2906 676 utilia
2949 629 3237 690 sequentes
3283 619 3550 681 ducendo,

1969 710 2077 765 ullo
2102 711 2261 766 modo
2297 710 2629 781 disceptandi
2675 710 3086 781 relinqueretur.
3132 709 3247 765 Non
3295 711 3373 764 sie
3420 711 3554 763 haec

1968 803 2171 859 habent
2216 817 2276 858 se
2330 804 2508 874 longe,
2559 804 2653 859 sed
2696 813 2748 857 et
2802 804 3094 859 intellectui
3130 818 3435 858 sermonem
3468 817 3559 856 sa-

1971 895 2181 964 pienter
2209 894 2563 958 constituunt,
2588 904 2643 948 et
2665 908 2969 948 sermonem
2999 892 3270 947 excelsum
3309 892 3561 946 excelsus

1973 986 2339 1053 supereminet
2362 984 2683 1045 intellectus,
2728 994 2788 1038 ut
2814 984 3060 1039 excelsus
3093 982 3307 1039 excelso
3343 998 3559 1038 annun-

1977 1075 2156 1137 tietur,
2186 1086 2242 1132 et
2269 1077 2514 1131 veritatis
2544 1076 2932 1146 aliquantulum
2962 1091 3031 1130 ex
3051 1075 3314 1129 ambobus
3344 1074 3559 1127 interim

1976 1167 2182 1231 multis,
2209 1167 2493 1245 autetiam
2527 1167 2800 1232 omnibus,
2842 1167 2985 1221 invia
3029 1165 3341 1238 magnitudo
3381 1174 3565 1219 osten-

1976 1261 2153 1314 datur.
2186 1259 2256 1315 Ut
2292 1275 2421 1313 vero
2465 1255 2753 1313 manifesta
2805 1258 2963 1312 nobis
3005 1258 3078 1312 sit
3125 1257 3303 1311 omnis
3351 1272 3563 1315 eorum,

1977 1367 2118 1422 quae
2164 1352 2307 1408 dicta
2361 1361 2505 1418 sunt,
2546 1352 2876 1416 obscuritas,
2923 1352 3061 1420 ipsa.
3115 1358 3175 1405 ut
3228 1365 3288 1404 se
3341 1350 3563 1411 habent,

1977 1445 2121 1499 beati
2172 1444 2638 1499 considerabimus
2686 1444 2868 1498 verba.
2918 1439 3110 1505 Parca,
3147 1441 3341 1511 inquit,
3383 1449 3437 1492 ut
3480 1455 3567 1493 ce-

1928 1575 1933 1580 ε
1978 1537 2266 1606 operatori,
2288 1545 2336 1589 et
2364 1551 2466 1588 non
2491 1534 2657 1588 habeo
2679 1534 2939 1603 quomodo
2960 1532 3159 1603 fugiam
3181 1540 3567 1600 superuentura,

1978 1636 2071 1681 aut
2092 1625 2352 1697 quomodo
2391 1642 2495 1680 non
2522 1642 2553 1678 a
2576 1624 2686 1679 Deo
2709 1614 2918 1687 cadum,
2945 1632 3190 1691 gravatus
3220 1621 3394 1690 pueris
3424 1620 3565 1674 deri-

1978 1717 2237 1787 pientibus
2258 1725 2349 1770 aut
2378 1716 2727 1769 detinenlibus
2750 1717 2802 1769 in
2832 1726 3047 1768 terram.
3067 1713 3209 1767 llaec
3233 1714 3436 1775 dicens,
3463 1728 3567 1765 non

285 1805 537 1860 videlicet
587 1806 861 1863 orationes
888 1805 1123 1862 intentas
1167 1816 1427 1870 consuete
1472 1806 1764 1872 donabitis,
1817 1815 1876 1861 ut
1905 1794 1951 1853 Β
1981 1808 2048 1861 de
2075 1822 2133 1862 se
2153 1807 2268 1877 ipso
2296 1806 2539 1868 omuiuo,
2562 1806 2653 1859 sed
2676 1820 2772 1874 per
2800 1820 2858 1858 se
2888 1805 3059 1873 ipsum
3084 1804 3149 1858 de
3174 1803 3443 1858 communi
3480 1803 3573 1855 liu-

284 1900 543 1955 Christus
584 1901 869 1967 Dominus,
915 1901 1006 1971 qui
1048 1910 1134 1958 est
1180 1911 1430 1973 paratum
1462 1903 1769 1958 timentium
1816 1919 1876 1959 se

286 1988 642 2057 adiutorium,
689 1993 879 2047 veniat
922 1991 1056 2047 mihi
1107 1993 1378 2047 sermonis
1418 1991 1666 2061 adjutor;
1704 1992 1879 2063 magis

285 2088 469 2134 autent
496 2081 724 2136 dicendo
764 2090 936 2135 totum
968 2083 1076 2152 pie,
1114 2090 1175 2136 ut
1200 2084 1438 2137 Verbum
1476 2084 1735 2154 largiatur
1758 2100 1879 2140 ver-

284 2171 440 2225 bum.
499 2172 673 2229 Posco
714 2182 895 2228 autem
950 2189 1047 2229 vos
1100 2174 1455 2245 postulantes,
1514 2192 1584 2232 ne
1630 2185 1879 2231 ornatam

284 2261 570 2328 quaeratis
620 2277 650 2316 a
699 2278 787 2318 me
834 2263 1149 2327 dictionem,
1193 2264 1286 2334 qui
1323 2274 1584 2320 oruantes
1631 2267 1873 2320 auditum

285 2364 570 2407 sermones
600 2367 707 2407 non
743 2352 938 2419 habeo,
965 2362 1021 2409 ct
1063 2354 1297 2409 curiosis
1327 2355 1541 2411 bombis
1573 2356 1601 2396 ι)
1639 2357 1880 2411 ambitus

285 2438 469 2496 facere
512 2441 721 2512 ignoro.
765 2442 979 2498 Talium
1024 2445 1169 2499 enim
1199 2445 1569 2500 doctrinarum
1604 2446 1732 2500 dum
1777 2447 1878 2502 siin

285 2531 515 2596 inscius,
537 2542 593 2587 et
614 2547 797 2599 curae,
830 2548 973 2603 quae
1001 2535 1054 2589 in
1085 2535 1166 2590 eis
1188 2544 1292 2599 est,
1318 2536 1745 2605 magnitudinem
1771 2553 1878 2592 non

285 2625 652 2691 constituens,
689 2627 1106 2683 dilectissimum
1150 2641 1274 2682 reor
1312 2636 1474 2697 atque
1524 2628 1790 2698 optabile,
1834 2630 1879 2685 si

284 2729 509 2770 sensum
531 2719 703 2772 sancti
738 2717 897 2787 hujus
917 2726 972 2773 et
1010 2718 1192 2789 magui
1220 2718 1489 2790 magistri,
1516 2720 1619 2775 etsi
1652 2720 1876 2775 confusa

284 2806 703 2874 explanatione,
753 2817 810 2863 et
855 2809 961 2864 hoc
1006 2809 1401 2879 aliquantulum
1450 2811 1879 2877 considerarim,

286 2912 399 2951 non
440 2905 616 2953 tamen
660 2899 942 2970 multiplici
989 2915 1151 2955 versu
1184 2901 1576 2969 expositionem
1621 2902 1881 2958 honoriﬁ-

284 2990 488 3044 eando.
530 2991 836 3061 Theologus
876 2991 1020 3046 enim
1053 2992 1156 3047 iste
1178 2993 1285 3056 vir,
1326 2994 1466 3047 sicut
1497 2994 1670 3060 scitis,
1703 2995 1883 3049 brevis

286 3083 635 3138 sermonibus
678 3085 804 3139 dum
846 3086 935 3150 sit,
986 3096 1042 3142 et
1074 3086 1275 3142 multus
1311 3066 1608 3152 intellectu,
1642 3088 1881 3143 necessi-

1984 1899 2241 1953 manitate
2264 1898 2522 1967 disputat,
2548 1897 2762 1960 videns,
2811 1896 2937 1965 quia
2970 1896 3170 1959 omnis,
3209 1895 3299 1964 qui
3341 1894 3569 1949 salutem

1983 1997 2148 2053 amat,
2180 1997 2275 2041 aut
2299 1986 2497 2041 actioni
2532 1986 2746 2056 penitus
2782 1994 2873 2039 aut
2916 1985 3359 2054 contemplationi
3397 1992 3574 2038 atten-

1981 2081 2079 2135 dit.
2106 2080 2324 2148 Absque
2348 2078 2492 2133 enim
2525 2079 2724 2133 virtute
2751 2086 2806 2132 et
2831 2078 3055 2132 scientia
3079 2076 3258 2131 nullus
3282 2076 3389 2131 ullo
3414 2077 3574 2131 modo

1982 2170 2274 2240 aliquando
2304 2167 2561 2237 consequi
2594 2168 2822 2223 salutem
2847 2168 3037 2236 potuit.
3065 2166 3120 2221 Si
3154 2182 3282 2237 ergo
3313 2168 3411 2235 per
3442 2184 3573 2222 con-

1982 2263 2413 2331 templationem,
2468 2262 2665 2330 inquit,
2718 2260 3107 2315 collocatorum
3155 2260 3269 2314 Deo
3319 2268 3374 2314 et
3414 2262 3573 2314 beata

1981 2353 2381 2424 pulchritudine
2396 2352 2689 2407 [ruentium
2711 2368 2849 2407 unus
2874 2352 3201 2406 constitutus
3223 2367 3363 2417 sum,
3382 2366 3571 2421 pacem

1983 2445 2187 2500 habens
2244 2445 2299 2499 in
2365 2444 2617 2498 omnibus
2671 2453 2724 2498 et
2780 2442 3305 2507 sanctilicatiouem,
3373 2443 3575 2513 quippe

1984 2538 2246 2606 meipsum
2272 2535 2550 2606 applicans
2578 2537 2687 2591 Deo
2719 2534 3063 2605 inseparabili
3093 2549 3189 2604 per
3210 2532 3569 2601 cognitionem

1982 2629 2357 2694 similitudine,
2387 2628 2787 2683 irrationabiles
2807 2628 3035 2682 virtutes
3062 2624 3574 2696 animaecogitando

1983 2720 2259 2781 decenter,
2290 2728 2345 2774 et
2372 2718 2538 2773 menti
2593 2732 2689 2787 per
2736 2718 3003 2772 rationem
3051 2716 3389 2782 adduecndo,
3414 2726 3469 2772 et
3495 2716 3575 2772 fa-

1985 2809 2226 2863 miliares
2264 2807 2530 2871 faciendo,
2564 2804 2802 2861 furorem
2833 2806 2954 2862 dico
2980 2816 3035 2863 et
3057 2808 3574 2878 concupiscentiam,

1985 2914 2104 2953 eam
2158 2898 2375 2968 quidem
2424 2898 2477 2950 iu
2531 2892 2849 2962 caritatem,
2886 2913 3008 2950 eum
3054 2913 3183 2953 vero
3226 2899 3277 2952 in
3320 2898 3574 2967 gaudium

1988 3001 2231 3055 mutans,
2287 2989 2553 3059 siquidem
2603 2988 2781 3059 gaudii
2844 2990 3122 3059 proprium
3164 2998 3282 3054 est,
3331 2988 3576 3044 exultare

1987 3082 2245 3137 divinitus
2286 3090 2342 3137 et
2376 3081 2590 3147 laetari,
2646 3082 2787 3136 sicut
2839 3080 3236 3151 praeexultavit
3278 3098 3347 3137 ex
3401 3094 3575 3136 matre

289 3183 465 3230 tatem
484 3175 588 3230 dat
616 3176 908 3247 explanare
957 3178 1161 3234 volenti
1209 3178 1326 3250 ejus
1360 3180 1733 3246 intentionem,
1778 3179 1880 3235 etsi
1908 3143 1955 3206 ο
1985 3171 2241 3236 Joannes.
2267 3187 2497 3243 magnus
2519 3171 2765 3227 νεΐῖῑθῑίε
2788 3186 3111 3242 ltraCCIll‘SOI‘
3132 3182 3185 3226 el
3209 3172 3573 3242 pmcdicaltlr.

289 3265 716 3323 facundissimus
758 3278 812 3323 et
852 3268 1287 3336 sapientissimus
1326 3270 1378 3325 in
1408 3270 1594 3325 multis
1632 3270 1704 3325 sit
1737 3280 1787 3336 ε,
1828 3278 1885 3326 et

290 3359 471 3429 magis
493 3359 628 3414 mihi
662 3360 901 3416 indocto.
935 3361 993 3417 Si
1017 3378 1147 3418 vero
1177 3378 1273 3419 vos
1302 3374 1560 3421 consuete
1597 3365 1707 3421 Deo
1733 3381 1883 3420 ama-

288 3448 420 3504 bilis
442 3450 669 3505 moverit
701 3451 867 3514 zelus,
898 3452 1026 3507 dum
1073 3453 1140 3507 ad
1183 3454 1346 3510 breve
1374 3454 1534 3509 simul
1565 3470 1629 3509 ac
1657 3454 1878 3524 planum

290 3553 382 3600 ea.
411 3554 553 3609 quae
596 3543 799 3612 scripta
832 3554 978 3605 sunt.
1015 3543 1335 3611 deferimus,
1365 3563 1464 3602 nos
1499 3547 1675 3619 magis
1718 3562 1883 3617 quam

292 3639 470 3686 totum
507 3634 843 3691 intellectum
881 3638 1145 3709 erigimus
1192 3640 1258 3693 ad
1308 3640 1379 3704 id,
1425 3641 1567 3709 quod
1616 3640 1884 3696 excelsius

288 3730 403 3786 est,
427 3722 732 3779 mercedem
769 3742 867 3795 per
908 3744 965 3782 se
995 3728 1290 3797 perfectam
1334 3732 1633 3801 accipietis.
1690 3730 1882 3787 deiferi

291 3812 440 3866 illius
468 3813 674 3868 scilicet
698 3816 763 3869 ad
794 3816 1077 3871 Dominum
1101 3820 1343 3873 omnium
1373 3821 1673 3886 orationes,
1698 3829 1885 3891 utpote

292 3915 407 3955 non
438 3904 797 3958 concedentes
829 3905 947 3974 ejus
975 3907 1188 3963 divinos
1231 3916 1287 3963 et
1324 3910 1767 3979 supernaturales
1805 3912 1887 3967 in-

294 3992 568 4059 tellectus,
603 3997 801 4065 spretis
826 4013 891 4052 ac
911 3999 1107 4055 vilibus
1153 4002 1374 4056 tractari
1416 4002 1889 4072 contemplationi-

290 4084 419 4138 bus.
446 4082 856 4155 Consequenter
885 4097 1066 4143 autem
1107 4099 1322 4147 vestrae
1353 4092 1616 4161 epistolae
1648 4109 1746 4163 per
1770 4092 1885 4148 siu-

295 4174 422 4246 gula
453 4177 629 4247 capita
652 4179 1071 4251 inquisitionem
1115 4182 1217 4238 feci
1244 4225 1259 4247 .
1300 4192 1353 4239 et
1389 4184 1560 4239 literis
1602 4199 1883 4241 commen-

299 4268 446 4335 davi,
490 4271 663 4326 bonos
706 4282 868 4342 atque
914 4274 1295 4330 misericordes
1345 4291 1439 4331 vos
1479 4291 1691 4341 eorum,
1745 4292 1887 4346 quae

299 4359 445 4417 dicta
473 4372 620 4429 sunt,
643 4364 855 4435 judiccs
891 4366 1008 4421 fieri
1039 4367 1363 4436 deprecans.

735 4504 743 4511 .
849 4456 1243 4514 CAPITULUM
1286 4460 1325 4516 1.

626 4541 696 4580 ΒΧ
733 4542 973 4583 εειυιοθιε
1013 4544 1078 4582 DE
1118 4545 1564 4587 BOSPITALITATE.

303 4613 357 4668 In
384 4614 490 4690 hoc
521 4634 534 4669 :
570 4613 739 4670 Parca
769 4626 826 4670 ut
855 4621 1202 4688 cooperatori,
1229 4629 1279 4674 et
1308 4636 1411 4672 non
1437 4620 1599 4673 habeo
1628 4622 1888 4690 quomodo

371 4685 576 4754 fugiam
625 4685 1031 4755 superveniunt,
1086 4699 1176 4741 aut
1230 4691 1492 4756 quomodo
1540 4685 1649 4743 ποθί
1697 4709 1731 4744 a
1782 4690 1889 4746 Deo

368 4758 582 4830 cadam,
610 4769 857 4825 gravatus
890 4759 1065 4828 pueris
1086 4756 1113 4798 (ι
1133 4759 1511 4830 deripienlibus
1535 4769 1627 4814 aut
1649 4760 1889 4815 detinen-

367 4826 510 4880 libus
533 4826 586 4879 in
614 4836 829 4881 terram.
891 4826 899 4828 ⁷
1184 4846 1195 4854 '

367 4917 487 4971 Non
520 4919 571 4972 id
597 4919 770 4988 ipsum
792 4919 980 4989 deripi,
1009 4919 1150 4989 quod
1180 4929 1264 4974 est
1306 4920 1547 4983 detineri,
1593 4921 1767 4975 visum
1807 4930 1891 4975 est

294 5011 461 5067 beato
483 5012 608 5067 huic
630 5013 748 5066 viro
772 5029 786 5077 ;
813 5028 985 5083 neque
1007 5013 1084 5068 sic
1102 5012 1404 5076 arbitreris,
1419 5012 1817 5081 probatissime,
1841 5016 1886 5068 si

296 5101 430 5171 quid
458 5101 548 5156 tibi
575 5104 874 5174 intelligere
896 5103 1065 5171 ipsius
1081 5102 1524 5166 magnanimitate
1539 5102 1758 5171 dignum
1784 5101 1890 5157 sol-

298 5192 570 5247 licitudini
594 5193 825 5247 sit.Natn
842 5191 1144 5262 superﬂuus
1158 5194 1415 5255 verbis,et
1433 5191 1759 5246 intellectum
1777 5207 1892 5246 ser-

1986 3273 2081 3318 aut
2125 3265 2287 3330 sicut,
2333 3263 2461 3318 dum
2516 3262 2798 3333 quiescere
2855 3261 2985 3316 fecit
3038 3277 3221 3317 arcam
3266 3262 3431 3319 Israel
3479 3280 3574 3318 rex

1989 3357 2176 3411 David.
2217 3355 2277 3434 In
2333 3368 2507 3413 matre
2555 3357 2724 3423 enim,
2770 3357 2873 3412 etsi
2911 3354 3142 3412 dilIicilis
3181 3357 3338 3422 ratio,
3377 3358 3576 3429 quippe

1988 3448 2129 3502 invia
2156 3447 2363 3510 multis,
2393 3447 2486 3503 sed
2515 3456 2692 3502 tamen
2715 3461 2868 3511 vera,
2901 3455 2956 3501 et
2981 3462 3079 3503 nos
3108 3456 3162 3501 et
3184 3448 3325 3501 Deus
3351 3444 3573 3502 verbum

1988 3554 2196 3604 sumus,
2225 3538 2318 3608 qui
2359 3538 2745 3593 universitatis:
2776 3546 2861 3593 est
2889 3536 3063 3592 factor
3084 3546 3140 3592 et
3170 3538 3449 3603 Dominus,
3481 3540 3576 3607 qui

1987 3630 2206 3699 quidem
2259 3630 2311 3684 in
2355 3629 2659 3699 praesentis
2704 3628 2847 3683 vitae
2894 3635 3038 3682 statu
3067 3628 3299 3693 occulte,
3328 3628 3492 3683 veluti
3521 3629 3574 3683 iu

1989 3728 2182 3780 matre,
2210 3726 2267 3773 et
2292 3717 2378 3771 vix
2401 3717 2675 3773 sensibilis
2722 3717 2847 3772 huic
2884 3718 3087 3773 mundo
3121 3727 3365 3788 apparet,
3391 3726 3445 3773 et
3472 3718 3578 3774 hoc

1988 3810 2095 3872 his,
2123 3809 2215 3879 qui
2244 3816 2371 3863 sunt
2397 3809 2692 3864 secundum
2714 3807 2977 3863 Joannem
3007 3809 3058 3863 in
3088 3810 3303 3879 spiritu,
3330 3810 3577 3866 homines

1989 3917 2119 3957 vero
2141 3901 2303 3955 veluti
2330 3916 2397 3956 ex
2426 3910 2617 3964 matre,
2646 3898 2914 3953 materiali
2948 3898 3201 3954 videlicet
3220 3901 3577 3955 circumstan-

1991 3996 2090 4060 tia,
2123 3995 2223 4051 etsi
2255 3993 2520 4065 tantisper
2565 3992 2619 4046 in
2661 3992 2766 4058 bis,
2798 4006 2938 4061 quae
2968 4000 3114 4058 sunt,
3152 3992 3422 4048 occultum
3455 4010 3578 4063 per--

1990 4086 2227 4157 spiciunt
2251 4084 2497 4139 verbum.
2523 4082 2590 4138 Et
2615 4083 2666 4137 in
2692 4082 2796 4138 hoc
2824 4081 3072 4138 fortassis
3091 4084 3220 4148 sint.
3249 4084 3339 4154 qui
3367 4084 3577 4154 gaudiis

1988 4176 2213 4232 Joannis
2277 4174 2563 4229 laetantur.
2618 4172 2702 4228 Ad
2754 4172 3080 4229 ineffabilem
3130 4189 3365 4244 namque
3406 4174 3576 4229 futuri

1990 4269 2157 4325 Seculi
2190 4268 2436 4340 gloriam,
2468 4277 2522 4321 et
2547 4265 2877 4330 claritatem,
2926 4274 2980 4320 et
3012 4266 3176 4330 vitae,
3208 4280 3349 4334 quae
3381 4266 3433 4319 in
3458 4266 3576 4333 ipso

1989 4368 2094 4423 est,
2127 4357 2511 4429 proprietatem
2548 4355 2620 4409 nil
2647 4355 2838 4411 matris
2859 4352 3244 4422 distatjudicio
3266 4354 3518 4411 laetantis
3550 4368 3575 4395 ε

1993 4459 2305 4519 comparata
2349 4462 2608 4519 praesens
2638 4448 2771 4512 vita,
2797 4447 2850 4503 in
2880 4463 2984 4517 qua
3016 4456 3237 4517 propter
3263 4462 3362 4503 nos
3391 4447 3573 4503 infau-

1994 4552 2074 4598 tes
2099 4541 2346 4597 sensibus
2381 4540 2538 4605 Deus,
2562 4540 2652 4609 qui
2676 4550 2758 4595 est
2773 4538 3005 4593 Verbum
3028 4539 3326 4609 perfectum
3349 4550 3406 4595 et
3426 4541 3575 4611 plus-

1994 4652 2154 4707 quam
2182 4634 2505 4707 perfectum,
2535 4645 2591 4687 ut
2611 4634 2943 4697 misericors,
2976 4631 3153 4686 infans
3183 4632 3357 4688 factus
3385 4645 3489 4689 est.
3518 4636 3575 4689 Si

1991 4723 2141 4802 ergo,
2170 4737 2230 4783 ut
2252 4729 2452 4783 dictum
2476 4735 2578 4789 est,
2615 4725 2737 4781 talis
2763 4725 2885 4795 quis
2906 4740 3045 4789 sum,
3078 4726 3316 4795 possibili
3349 4727 3579 4781 homini-

1994 4825 2095 4878 bus
2144 4819 2437 4876 secundum
2481 4823 2823 4888 praesentem
2874 4816 3041 4870 vitam
3094 4816 3458 4872 transitoriam
3521 4819 3574 4870 iu

1996 4912 2175 4967 divina
2204 4909 2538 4973 summitate,
2565 4906 2855 4977 neglexero
2892 4922 3021 4960 vero
3070 4906 3387 4963 deiiormem
3421 4908 3576 4960 habi-

1999 5015 2133 5068 tum,
2171 5004 2435 5073 meipsum
2478 5002 2545 5056 ad
2586 5000 2834 5070 corporis
2865 4999 3039 5055 libens
3070 5000 3339 5056 inciinans
3368 5000 3577 5052 desidco

1997 5098 2160 5159 rium,
2189 5094 2442 5168 dereptus
2471 5106 2588 5146 sum
2615 5088 2869 5162 gravatus
2908 5092 3112 5161 pueris,
3146 5092 3198 5145 id
3226 5099 3309 5145 est
3330 5091 3496 5151 curis,
3524 5100 3579 5144 et

2002 5204 2031 5241 a
2066 5187 2175 5241 Deo
2208 5183 2402 5259 cecidi.
2432 5190 2618 5253 utpote
2644 5182 2711 5239 de
2733 5182 2848 5239 solo
2877 5198 3039 5252 regno
3068 5183 3342 5238 caelorum
3372 5181 3577 5244 cogita-

1827 5281 2006 5337 NOTA
2020 5283 2077 5334 Ε.

375 5410 400 5436 η
442 5396 496 5448 1η
524 5395 731 5468 Graeco
756 5404 860 5456 τοῖς
888 5396 1071 5451 ἑαυτοῦ
1097 5395 1359 5468 ὶδιὼμασι.
1388 5394 1437 5450 J.
1469 5395 1663 5450 Scotus
1694 5394 1887 5465 legisse

300 5468 518 5519 videtur
545 5464 708 5526 ἰδίοις,
742 5470 882 5533 quot
916 5477 1175 5534 Ineptum.

378 5536 419 5613 ξ
449 5536 504 5588 lu
553 5536 771 5613 Graeco
841 5544 955 5613 rate
1008 5538 1293 5613 περιέργοις
1335 5545 1546 5613 ςτομα-ῖς.
1587 5536 1747 5613 ⁸ριιὶιι
1803 5538 1891 5613 hic

300 5605 351 5660 J.
378 5605 584 5687 Septus
612 5605 1159 5687 Iegeritsuiuccruun."
1192 5605 1349 5687 τομαὶ
1394 5605 1519 5677 qui-l
1557 5608 1684 5673 sint,
1718 5608 1889 5676 expli-

299 5686 390 5732 ιλιι
422 5673 771 5747 Hermogenes
802 5676 875 5731 lib
922 5692 959 5730 it
989 5677 1051 5730 de
1086 5673 1311 5730 Fennis.

2066 5405 2088 5433 ε
2130 5396 2184 5448 1η
2209 5392 2415 5449 Graeco
2435 5391 2517 5451 διὰ
2556 5389 2749 5448 πολλῶν
2784 5392 2923 5451 ἱέναι.
2953 5393 2987 5441 i.
3021 5403 3071 5442 e.
3107 5388 3277 5457 fusius
3298 5390 3577 5452 exputmri.

2063 5464 2087 5504 ἀ
2135 5464 2480 5518 Inscitissime
2516 5474 2635 5518 vert
2659 5474 2695 5517 t.
2728 5465 2779 5515 In
2808 5462 3014 5513 Graeco
3050 5468 3161 5520 ταῖς
3202 5457 3400 5522 πέδαις,
3450 5459 3486 5513 i.
3527 5473 3577 5514 c.

1997 5533 2330 5601 compedibus
2367 5535 2604 5587 vinculis.

2074 5599 2181 5658 O'Iu
2213 5604 2643 5676 GraPt‘OApudtpac
2673 5605 2804 5672 ζόφῳ
2828 5599 3271 5676 πιέικεχυμὲνης,
3300 5599 3336 5654 i.
3364 5613 3413 5655 e.
3447 5599 3582 5658 nihil

2000 5696 2030 5730 π
2064 5678 2278 5728 matrice
2304 5674 2525 5728 tenebris
2554 5674 2814 5726 circulum.
