3978 6160
415 323 436 377 Ι
451 322 549 379 199
1326 364 1329 367 »
1776 336 2058 393 JOANNIS
2098 336 2296 392 SCOTI
2426 388 2433 391 .
3544 347 3683 404 1200

408 444 610 488 tionem
662 444 713 490 et
765 436 1189 505 inquisitionem,
1224 441 1308 495 cui
1338 457 1443 498 non
1477 443 1696 511 licebat,
1740 454 1989 503 terrenae
2021 450 2064 508 Α
2092 447 2237 500 enim
2278 462 2377 516 per
2422 447 2855 517 experimentum
2891 452 3178 522 spernendi
3219 456 3388 510 semel
3427 459 3683 515 corrobo-

409 529 533 581 dico
562 528 723 593 vitae,
755 529 1075 598 attribuens,
1099 541 1154 586 et
1179 534 1425 590 sensibus
1454 535 1804 604 conferendo,
1829 555 1990 610 quam
2097 545 2307 603 rantur,
2352 552 2527 607 neque
2572 539 2627 594 in
2673 549 2953 596 aeternum
3008 545 3419 601 corroboratum
3462 547 3529 602 iri
3572 549 3679 604 ulla

409 618 476 672 ad
522 612 690 672 Deum
738 617 962 677 ferendo
1007 623 1247 678 animum
1301 625 1684 684 dehonestans.
1742 629 1801 684 Si
1864 646 1993 686 vero
2095 628 2387 697 prohibens
2415 631 2520 684 erit
2544 632 2701 686 ratio.
2740 632 2891 688 Ferri
2923 650 3056 692 vero
3106 638 3188 693 sic
3228 640 3596 705 rationabilia,
3624 651 3678 697 et

408 709 583 765 adhuc
630 724 726 779 per
775 713 1007 767 activam
1043 716 1211 770 vitam
1247 717 1479 774 bellator
1522 728 1710 775 contra
1751 732 1992 779 armatas
2095 720 2297 795 nullam
2329 715 2531 777 habere
2581 723 2664 779 vel
2703 728 2981 795 sperando
3018 729 3192 784 basim
3241 732 3575 788 immobilem
3625 734 3679 788 in

409 802 687 867 passiones
717 817 858 868 sum,
888 806 1123 859 nondum
1162 822 1261 878 per
1295 824 1385 864 eas
1414 812 1662 881 accipere
1694 814 1990 868 volentium
2092 815 2235 868 bono
2268 816 2492 883 fixurae,
2527 819 2656 888 quid
2685 819 2829 874 aliud
2857 821 3008 876 ﬁeret
3043 824 3445 881 miserabilius?
3468 826 3523 882 Si
3552 844 3682 884 vero

409 889 754 945 inimicorum
784 908 917 961 pure
947 894 1209 968 ell‘ugiens
1245 900 1416 965 dolos,
1457 911 1512 956 et
1547 903 1787 959 dilexero
1824 905 1990 960 indis-
2091 926 2249 980 posse
2292 913 2507 980 quidem
2561 914 2818 979 dixerint,
2861 917 3003 986 nolle
3038 905 3188 983 fero,
3217 919 3321 973 nisi
3348 936 3447 989 per
3466 920 3675 975 factum

407 991 559 1079 crete
582 998 797 1053 corpus,
826 987 1075 1044 detentus
1097 1006 1215 1047 sum
1244 993 1313 1047 ab
1349 1009 1432 1058 eo,
1465 995 1717 1050 videlicet
1761 997 1828 1050 ad
1861 997 1989 1052 illm]
2092 1002 2349 1055 contrarii
2382 1004 2832 1073 experimentum,
2858 1014 2913 1060 et
2938 1006 3017 1061 sic
3053 1022 3157 1061 non
3205 1024 3302 1076 per
3339 987 3579 1079 scipsum
3625 1022 3685 1064 ut

407 1071 648 1126 babitmn
701 1092 729 1128 a
772 1076 970 1132 virtute
1009 1082 1248 1149 separari
1291 1098 1664 1151 praesumens.
1718 1085 1991 1156 Deripitur
2093 1090 2313 1155 bonum,
2345 1071 2580 1162 sed'per
2619 1094 2979 1159 contrarium,
3017 1097 3225 1151 eriteis
3252 1071 3455 1153 bonum
3486 1115 3553 1152 ex
3588 1083 3681 1153 ne-

403 1162 586 1232 itaque
611 1167 1079 1236 contemplativus,
1127 1171 1516 1228 immoderatus
1543 1173 1655 1242 jam
1707 1191 1803 1245 per
1845 1177 1991 1231 habi-
2092 1182 2348 1236 cessitate
2376 1183 2630 1248 amabile,
2670 1185 2939 1253 quomodo
2971 1204 3078 1241 non
3109 1204 3174 1242 ex
3204 1200 3399 1242 natura
3425 1201 3520 1244 aut
3551 1207 3681 1258 pro-

407 1263 522 1307 tum
568 1255 861 1310 adveniens
898 1260 1135 1326 corpori,
1176 1260 1481 1315 divinarum
1530 1263 1807 1333 negligens
1859 1279 1989 1321 con-
2089 1273 2230 1341 prie,
2258 1274 2401 1343 quod
2427 1284 2511 1329 est
2540 1276 2791 1341 amabile,
2828 1288 2932 1332 est.
2978 1278 3152 1335 Omne
3194 1282 3362 1346 enim,
3401 1284 3545 1351 quod
3577 1301 3681 1336 tum

405 1346 834 1414 templatiomnn,
886 1349 1158 1404 detinetur
1198 1366 1327 1405 vero
1369 1353 1595 1419 activus,
1637 1356 1848 1425 corpori
1891 1373 1990 1427 pu-
2089 1379 2186 1435 per
2208 1367 2442 1435 seipsum
2470 1366 2668 1423 bonum
2700 1378 2783 1425 est
2820 1382 2873 1425 et
2905 1373 3161 1439 amabile,
3193 1384 3248 1429 et
3280 1346 3503 1431 omnem
3532 1378 3601 1431 ad
3625 1394 3683 1431 se

401 1452 597 1536 εξιπιιιδι
644 1438 802 1491 (laws
842 1440 907 1492 ad
968 1439 1140 1508 lPS'lm
1196 1442 1494 1500 Ιιιοιειῑίοηῖι
1548 1444 1843 1501 laborando
1889 1461 1988 1515 ι)το
2092 1472 2198 1511 non
2245 1459 2525 1515 attrahens
2566 1469 2795 1527 motum,
2824 1479 2930 1518 non
2960 1474 3046 1519 cst
3072 1467 3294 1536 proprie
3339 1469 3568 1523 bonum.
3605 1470 3684 1523 Ac

405 1528 627 1623 virtute,
654 1545 794 1623 quae
825 1540 906 1584 est
935 1533 1146 1587 animae
1190 1532 1431 1599 libertas,
1475 1551 1667 1592 servus
1706 1552 1827 1593 esse
1862 1554 1988 1608 pas-
2090 1561 2189 1616 per
2208 1548 2312 1603 hoc
2342 1563 2517 1619 neque
2541 1552 2778 1606 attrahat
2799 1553 2946 1623 iuste
2967 1528 3355 1611 delectandum
3388 1573 3451 1612 se
3474 1559 3684 1613 deside—

401 1620 614 1673 simium
649 1621 872 1691 eligens.
941 1692 1217 1719 “mm”
1243 1629 1337 1719 m;
1380 1694 1419 1719 η
2090 1638 2250 1705 rium,
2290 1641 2383 1695 sed
2426 1648 2481 1695 et
2512 1642 2717 1712 gratias
2770 1653 2943 1699 restat
2990 1646 3235 1701 conﬁteri
3265 1662 3363 1703 eos
3388 1649 3556 1712 malo,
3591 1664 3683 1719 qui

940 1692 1594 1807 ngc'j;um
2020 1692 2253 1807 ntalem
2305 1692 2609 1799 sequuulur
2673 1732 3025 1801 sapientiam,
3085 1736 3283 1791 merito
3334 1750 3436 1806 per
3484 1692 3682 1807 ipsimi,

766 1786 997 1827 musaea
1032 1787 1102 1829 ex
1140 1789 1317 1828 EODEM
1354 1789 1615 1830 SERMONE.
2017 1792 2063 1849 Β
2092 1819 2233 1849 mw,
2256 1786 2479 1849 MM'MA
2510 1832 2585 1849 Μ,
2648 1786 2927 1849 mine;
2956 1786 3024 1849 ςς
3053 1786 3335 1849 ι’ςξξζξεη

398 1850 455 1905 In
504 1853 605 1907 hoc
634 1871 646 1905 ζ
682 1819 996 1920 (2αᾶζὲἦᾶ
1026 1819 1106 1906 ’7‘;
1134 1819 1688 1926 ’ὧλθά
1739 1873 1986 1925 magnum
2017 1819 2063 1849 υ
2091 1819 2233 1887 quod
2256 1835 2480 1926 necesse
2508 1832 2612 1926 est,
2643 1823 2939 1891 discentes,
2970 1826 3022 1880 in
3053 1827 3195 1883 bono
3219 1827 3431 1883 scilicet
3452 1828 3683 1885 ﬁmi-am

472 1913 815 1993 mysterium?
839 1913 1051 1976 An'rult
1081 1913 1281 1992 partem
1314 1913 1410 1979 nos
1436 1942 1545 1980 esse
1560 1913 1689 1991 'Dei,
1722 1937 1769 1980 et
1798 1913 1975 1979 dcitur-

2112 1913 2470 1982 iuoquomodo
2521 1913 2725 1970 habere
2772 1917 3133 1986 poenitentes,
3175 1929 3231 1974 et
3272 1923 3683 1988 generationem

374 2048 379 2054 ,
468 2009 584 2081 ινδιξ
619 1994 865 2072 ﬂuentes,
910 2004 966 2045 ut
992 2011 1122 2081 ,που
1171 2012 1263 2081 per
1305 1995 1622 2081 dig-nitatem,
1655 1995 1894 2059 exaltati,
1937 2021 1945 2078 ε

2112 2003 2158 2057 ιι)
2182 2019 2246 2059 eo
2272 2005 2583 2060 necessario
2621 2006 2879 2073 dixerint,
2914 2009 3179 2078 siquidem
3206 2009 3429 2065 sibimet
3452 2027 3683 2081 genera-

471 2064 713 2184 fades?“
749 2062 1154 2130 “mammam”
1201 2065 1549 2161 ίίθδρίείωῖηίδ
1581 2063 1903 2129 Creatorem,
1932 2067 1986 2119 θη
2087 2093 2288 2149 tionem
2304 2102 2548 2149 astruere
2578 2062 3078 2162 noverunt,'nat‘ura
3111 2100 3224 2168 ipsa
3246 2062 3680 2168 utilioreinJure

497 2143 757 2185 τιειαηοηε
808 2150 870 2185 ac
895 2148 1090 2204 pugna,
1140 2150 1273 2203 quae
1314 2145 1497 2187 canna
1542 2151 1730 2204 corpus
1776 2146 1872 2198 est,
1917 2137 1987 2188 ad
2342 2185 2571 2204 “mw
2799 2189 2811 2204 ,
3180 2192 3192 2204 ,
3268 2201 3278 2204 _
3320 2193 3332 2204 ,

469 2204 638 2270 ipsum
663 2218 862 2274 semper
881 2185 1258 2269 dapiciemlizm,
1277 2215 1324 2257 et
1353 2185 1689 2274 conjuncta'm
1711 2185 1988 2274 inﬁrmita-

2113 2185 2213 2239 Ium
2246 2185 2316 2240 sit
2341 2185 2580 2255 proficua
2609 2189 2905 2243 secundum
2930 2205 3120 2244 eorum
3160 2192 3466 2246 doctrinam
3492 2204 3546 2247 et
3566 2208 3684 2247 om-

465 2285 568 2326 tcm
593 2273 913 2325 nutrituram
943 2289 1053 2327 esse
1082 2275 1371 2344 dignitatis.
1448 2273 1453 2274 ⁷
1767 2273 1771 2274 ⁷
2091 2273 2238 2327 nium
2259 2273 2548 2344 pretiosior
2567 2276 2859 2344 possessio.
2887 2277 2967 2332 Ex
2984 2279 3213 2334 caritate
3233 2280 3357 2335 dico
3374 2284 3685 2351 generatio—

471 2364 615 2418 Haec
652 2364 869 2434 quidem
898 2375 1290 2434 consequentes
1333 2366 1523 2429 verba,
1556 2366 1887 2438 nullamque,
1920 2377 1981 2422 ut
2088 2380 2233 2431 nem,
2266 2380 2364 2436 per
2390 2382 2553 2435 quam
2581 2368 2900 2426 naturaliter
2922 2370 3083 2436 inest,
3101 2372 3281 2426 omnia
3316 2389 3382 2428 ex
3411 2374 3519 2427 Deo
3536 2372 3677 2428 facta

399 2466 653 2524 oportet,
709 2470 807 2523 pro
862 2454 1048 2510 labore
1093 2458 1448 2527 inquirendae
1486 2458 1733 2513 veritatis
1778 2474 1991 2514 merce-
2089 2454 2142 2508 in
2177 2454 2344 2509 Deum
2361 2457 2678 2527 congregari
2705 2469 2966 2528 perpetuo
2982 2462 3683 2530 atqueinconversibiliter.

400 2546 522 2598 dem
557 2545 906 2614 accipientes,
959 2548 1022 2600 ad
1070 2546 1145 2611 id,
1192 2548 1336 2615 quod
1378 2547 1537 2603 facile
1562 2557 1668 2613 est,
1700 2555 1757 2603 et
1790 2548 1988 2605 multas
2160 2545 2228 2599 Et
2267 2546 2486 2601 iterum.
2524 2546 2724 2602 Eorum
2751 2589 2767 2614 ,
2802 2565 2942 2620 quae
2979 2565 3046 2606 ex
3101 2552 3211 2606 Deo
3244 2551 3389 2608 facta
3439 2564 3583 2615 sunt.
3627 2563 3685 2608 et

400 2636 561 2690 habet
583 2634 698 2704 iam
731 2651 798 2689 ex
829 2634 1161 2692 Graecorum
1199 2639 1463 2694 doctrinis
1493 2640 1828 2706 occasiones,
1853 2657 1984 2696 con-
2090 2637 2507 2708 intelligibilium
2536 2648 2591 2694 et
2630 2641 2967 2697 sensibilium
3011 2644 3289 2714 generatio
3315 2655 3444 2699 ante
3471 2656 3681 2700 motum

400 2731 632 2799 fugiunt,
662 2728 1226 2799 dicentes,quandam
1262 2732 1531 2798 extitisse,
1578 2741 1639 2786 ut
1683 2733 1763 2787 eis
1812 2734 1989 2787 visum
2092 2728 2428 2799 intelligitur.
2492 2728 2608 2785 Non
2665 2732 2809 2786 enim
2870 2743 3052 2803 potest
3096 2743 3220 2789 ante
3275 2738 3688 2805 generationem

398 2827 504 2882 est,
527 2819 923 2872 ration-ibitiqu
952 2820 1234 2886 unitatem,
1258 2836 1355 2891 per
1378 2835 1539 2891 quam
1564 2821 1779 2891 cognati
1802 2837 1991 2877 sumus
2090 2828 2269 2875 motus
2318 2835 2456 2875 esse.
2511 2820 2711 2876 Eorum
2763 2824 2908 2879 enim
2937 2866 2951 2888 ,
3003 2841 3144 2895 quae
3186 2826 3330 2882 facta
3389 2838 3552 2891 sunt,
3594 2838 3691 2882 est

402 2911 535 2976 Deo,
568 2912 1012 2984 mansionemque
1060 2914 1111 2967 iu
1149 2915 1266 2984 ipso
1303 2915 1638 2970 habebamus
1665 2924 1721 2971 et
1758 2914 1992 2970 colloca-
2092 2920 2300 2977 motus,
2343 2912 2456 2967 sive
2488 2912 2903 2983 intelligibilium
2938 2916 3319 2988 intelligibilis,
3352 2919 3465 2973 sive
3500 2918 3688 2973 sensi-

400 3005 626 3060 tionem.
655 3006 844 3060 Adhuc
887 3022 1018 3061 vero
1073 3016 1128 3060 et
1169 3006 1374 3062 factmn
1404 3018 1630 3071 motum,
1663 3000 1729 3063 ἐκ
1755 3022 1864 3077 quo
1884 3006 1989 3061 dis-
2092 3003 2280 3059 bilium
2316 3005 2609 3061 sensibilis.
2662 3006 2877 3062 Nullum
2913 3008 3057 3063 enim
3106 3025 3316 3073 eorum,
3348 3025 3486 3079 quae
3535 3009 3687 3064 facta

399 3109 554 3163 persa
606 3106 733 3150 sunt
781 3093 1094 3151 dillerenter
1126 3096 1432 3161 rationalia,
1469 3098 1536 3152 ad
1582 3095 1985 3164 generationem
2017 3144 2060 3168 η
2093 3103 2239 3159 sunt,
2285 3102 2368 3149 est
2415 3097 2637 3151 omnino
2656 3097 2854 3168 eadem
2893 3098 3108 3154 ratione
3137 3099 3451 3162 immobile;
3498 3114 3689 3168 neque

607 3144 733 3150 -η---
786 3144 1082 3151 ητ---ν---ν-
1127 3144 1432 3161 --ην--κ---ν
1470 3144 1536 3152 η
1582 3144 1985 3164 εμπ-ηαννη
2094 3144 2238 3159 -ν-ηι
2291 3144 2366 3149 η-
2421 3144 2632 3151 --—-------
2671 3144 2854 3152 νην-υ
2895 3144 3107 3154 --ην--ν
3140 3144 3451 3162 ------υυ---,
3498 3144 3689 3168 --νηι-ν

400 3187 695 3258 corporalis
741 3187 902 3258 hujus
950 3188 1160 3251 mundi,
1192 3188 1471 3257 Deumque
1502 3202 1731 3244 noscens
1758 3202 1986 3258 praepa-
2016 3144 2062 3209 ϐ
2092 3200 2282 3240 eorum
2313 3187 2492 3242 anima
2534 3165 2837 3242 care‘ntium
2877 3197 2932 3243 et
2971 3188 3328 3254 sensibilium,
3373 3191 3511 3244 sicut
3557 3200 3689 3243 stu-

401 3287 575 3329 ratam
622 3277 874 3346 gratiam,
923 3277 1093 3347 ligare
1136 3293 1199 3333 ea
1251 3279 1569 3349 corporibus
1622 3279 1676 3334 in
1726 3279 1985 3333 ultionem
2090 3275 2416 3331 diosioribus
2455 3291 2667 3343 eorum,
2692 3293 2833 3348 quae
2866 3286 3012 3343 sunt,
3044 3279 3558 3347 contemplatoribus
3588 3279 3684 3332 vi-

400 3382 614 3434 corum,
657 3382 798 3436 quae
850 3378 977 3422 ante
1028 3370 1317 3425 commissa
1387 3378 1536 3435 sunt,
1597 3379 1651 3423 et
1718 3369 1821 3425 hoc
1890 3382 1988 3438 per
2093 3381 2212 3420 sum
2262 3374 2368 3420 est.
2435 3365 2639 3421 Moveri
2692 3368 2837 3422 enim
2896 3368 3078 3423 omnia
3125 3369 3374 3423 dixerunt
3432 3376 3526 3422 aut
3575 3381 3686 3436 per

400 3459 538 3514 haec
601 3460 906 3515 insinuasse
982 3462 1147 3516 verba
1225 3463 1560 3517 arbitrantur
1640 3462 1983 3531 magistrum.
2094 3463 2301 3508 rectam
2332 3454 2553 3520 lineam,
2586 3465 2680 3510 aut
2709 3472 2806 3525 per
2833 3457 3121 3523 circulum,
3154 3466 3249 3512 aut
3274 3457 3508 3526 oblique.
3547 3455 3687 3511 0m-

403 3546 510 3603 Sed
579 3550 866 3618 ignorant,
923 3550 1193 3618 quomodo
1252 3550 1605 3619 impossibilia
1662 3559 1984 3619 sequuntur,
2090 3544 2176 3597 nis
2225 3544 2368 3598 enim
2415 3554 2595 3599 motus
2635 3545 2867 3614 simplici
2912 3556 2967 3601 et
3025 3548 3326 3617 composito
3368 3546 3687 3600 continetur

401 3648 458 3695 et
499 3640 857 3709 inopportuna
890 3641 1324 3703 considerantur,
1358 3640 1497 3694 sicut
1523 3640 1820 3708 procedens
1843 3647 1989 3709 post-
2090 3636 2271 3691 modo.
2320 3635 2377 3691 Si
2435 3650 2566 3707 ergo
2614 3637 2934 3709 intelligitur
2981 3640 3259 3709 generatio
3304 3648 3425 3693 ante
3466 3647 3683 3692 motum

401 3714 531 3785 hac
572 3744 1015 3799 consequensque
1060 3741 1085 3771 α
1142 3745 1207 3785 ac
1258 3744 1385 3785 vera
1455 3731 1776 3801 approbabit
1826 3732 1980 3785 ratio.
2090 3740 2298 3792 eorum,
2326 3741 2557 3797 quorum
2589 3735 2692 3792 est,
2717 3727 3005 3798 inspicitur
3032 3727 3277 3797 profecto
3310 3742 3519 3791 eorum,
3547 3741 3688 3795 quo-

402 3818 461 3873 Si
518 3818 661 3872 enim
718 3818 860 3874 Deus
917 3817 1270 3881 immutabilis
1319 3828 1445 3886 est,
1499 3828 1688 3890 utputa
1745 3822 1986 3875 omnium
2092 3831 2211 3871 rum
2256 3824 2361 3882 est,
2392 3825 2572 3871 motus
2600 3831 2699 3886 per
2737 3819 3175 3888 generationem,
3218 3826 3401 3887 utpote
3446 3817 3580 3871 dum
3614 3817 3687 3871 sit

398 3908 703 3978 plenitudo,
751 3922 914 3964 omne
935 3917 1140 3975 autem,
1172 3909 1318 3979 quod
1357 3925 1425 3966 ex
1470 3925 1576 3964 non
1627 3911 1988 3966 existentibus
2091 3914 2214 3977 post
2249 3920 2369 3960 eam
2406 3907 2701 3961 secundum
2736 3907 3004 3962 notitiam.
3035 3908 3220 3964 Talem
3263 3919 3437 3963 autem
3466 3918 3688 3962 motum

400 4013 520 4054 esse
548 3999 765 4068 accipit,
798 4009 1048 4054 movetur
1081 4017 1094 4054 :
1129 4001 1323 4057 merito
1349 4001 1418 4056 ad
1449 4000 1720 4071 quandam
1766 4003 1988 4057 omnino
2093 3996 2349 4049 virtutem
2392 4005 2590 4050 vocant
2630 3997 2956 4064 naturalem,
3000 3999 3069 4053 ad
3116 4015 3274 4053 suum
3319 4000 3474 4053 linem
3520 3997 3685 4054 testi-

398 4087 577 4144 fertur
599 4103 840 4144 causam.
877 4088 1125 4145 Nondum
1173 4106 1328 4159 vero,
1371 4093 1514 4162 quod
1544 4102 1813 4160 movetur,
1858 4102 1984 4156 stat,
2094 4096 2340 4151 nantem,
2373 4086 2463 4155 qui
2497 4101 2707 4141 sacram
2754 4088 3060 4142 divinorum
3101 4089 3256 4143 nobis
3294 4088 3687 4159 mysteriorum

396 4178 524 4249 jure
592 4190 839 4236 extremo
888 4180 957 4236 ad
1003 4182 1238 4253 quietem
1302 4184 1520 4239 virtutis
1584 4194 1795 4249 motae,
1851 4201 1990 4256 quae
2090 4178 2371 4234 scientiam
2411 4192 2564 4233 sacre
2613 4179 3030 4235 introduxerunt
3063 4190 3228 4245 ",aut
3266 4181 3598 4250 passionem,
3630 4180 3688 4234 id

403 4270 699 4324 secundum
759 4271 1086 4341 desiderium
1136 4280 1241 4339 est,
1296 4275 1535 4330 nondum
1581 4274 1792 4347 largito.
1843 4276 1990 4331 Nihil
2094 4277 2201 4332 est,
2226 4277 2431 4321 motum
2475 4282 2542 4321 ex
2587 4267 2758 4321 altero
2801 4268 3106 4323 venientem
3147 4270 3213 4323 ad
3242 4269 3488 4331 alterum,
3523 4267 3690 4335 cujus

404 4361 551 4414 enim
576 4360 721 4415 aliud
747 4362 963 4428 sistere,
990 4363 1133 4433 quod
1180 4363 1356 4419 ferim-
1383 4366 1678 4420 secundum
1709 4375 1986 4433 naturam,
2093 4355 2217 4411 ﬁnis
2254 4364 2341 4410 est
2382 4356 2812 4426 impassihilitas,
2851 4366 2947 4411 aut
2990 4359 3359 4427 operationem
3401 4357 3641 4410 activam
3665 4396 3683 4419 ,

404 4454 704 4518 consuevit,
729 4467 891 4523 quam
926 4454 1054 4509 illud
1081 4464 1361 4510 ostensum
1388 4471 1403 4509 :
1427 4456 1632 4511 nullum
1660 4456 1843 4527 ilaque
1876 4473 1991 4512 mo-
2018 4481 2072 4542 Β
2099 4446 2254 4514 cujus
2282 4446 2406 4502 ﬁnis
2443 4460 2525 4502 est
2567 4463 2665 4517 per
2702 4449 2936 4519 seipsum
2968 4448 3248 4519 perfectio.
3292 4448 3502 4502 Nullum
3550 4463 3687 4501 vero

406 4548 519 4595 tum
563 4553 693 4609 stat,
737 4553 924 4614 utpote
967 4545 1263 4601 novissimo
1299 4546 1536 4601 nondum
1565 4546 1812 4603 fortassis
1850 4547 1986 4612 viso,
2019 4539 2054 4542 —
2096 4554 2304 4603 eorum.
2347 4553 2486 4608 quae
2523 4542 2663 4594 lacti!
2701 4550 2844 4604 sum.
2880 4540 3078 4595 Slllmel
3115 4541 3240 4595 ﬁnis
3281 4550 3383 4603 θεῖν
3418 4539 3686 4608 quoniam

405 4633 657 4700 quoniam
686 4649 861 4705 neque
888 4633 1019 4691 illud
1050 4634 1247 4691 alicubi
1278 4650 1564 4706 apparens,
1598 4653 1811 4701 eorum,
1845 4653 1987 4707 quae
2096 4647 2273 4702 neque
2321 4632 2404 4686 sui
2452 4647 2617 4688 causa
2666 4642 2787 4699 est;
2832 4633 3073 4703 alioquin
3121 4642 3178 4687 et
3231 4632 3571 4702 ingenitum.
3629 4639 3691 4683 et

407 4720 549 4774 circa
577 4735 640 4775 se
671 4722 941 4791 feruntur,
971 4734 1177 4780 motum
1206 4725 1545 4781 stabilitavit.
1592 4726 1649 4781 Si
1677 4738 1854 4782 autem
1886 4730 1991 4784 hoc
2098 4737 2290 4778 carens
2338 4723 2605 4793 principio
2629 4764 2644 4789 ,
2691 4734 2746 4778 et
2778 4723 3218 4779 incommutabile
3253 4730 3435 4785 esset.
3482 4721 3690 4774 merito

410 4809 699 4878 aliquando
741 4812 910 4870 fuisse
963 4830 1031 4870 ex
1087 4826 1379 4888 praecepto
1419 4816 1632 4886 iubent,
1684 4829 1740 4872 et
1785 4835 1873 4884 ex,
1932 4820 1987 4875 in
2097 4812 2164 4866 ad
2204 4811 2411 4867 nullum
2456 4813 2836 4883 quoquomodo
2869 4813 3076 4867 habens
3120 4812 3361 4878 moveri;
3399 4820 3686 4864 transcen-

411 4900 703 4954 novissimo
731 4902 980 4961 videlicet
1002 4908 1418 4976 etpermanenti
1443 4908 1590 4974 dato,
1635 4909 1989 4965 collocatione
2099 4905 2252 4959 deret
2290 4905 2435 4958 enim
2480 4920 2671 4960 eorum
2714 4920 2854 4974 quae
2893 4915 3021 4959 sunt
3062 4912 3333 4967 naturam,
3364 4910 3553 4970 utpote
3583 4916 3690 4970 pro

409 5000 464 5045 et
490 4991 770 5046 mansione
809 4998 1183 5073 permotatab
1216 4998 1558 5054 rationabilia
1599 4999 1992 5068 dispersionem
2097 4996 2241 5068 nullo
2283 5004 2465 5062 esset;
2493 4997 2760 5067 siquidem
2790 5012 2916 5051 vera
2950 4996 3018 5051 de
3048 4997 3165 5065 ipso
3188 4994 3455 5056 deﬁnitio,
3483 5007 3692 5061 qttam-

411 5089 761 5148 acceperunt,
796 5089 984 5136 utnon
1012 5084 1279 5154 superﬂua
1303 5086 1503 5152 dicam,
1536 5087 1710 5156 qualis
1733 5088 1998 5158 approba-
2094 5090 2178 5145 vis
2212 5085 2385 5144 aliena
2407 5130 2422 5155 ,
2460 5102 2601 5159 quae
2638 5089 2802 5150 dicit,
2847 5088 2969 5142 linis
3008 5096 3121 5153 est,
3165 5102 3263 5157 pro
3303 5101 3410 5156 quo
3458 5083 3649 5137 omnia
3671 5123 3689 5149 ,

412 5171 507 5235 tio,
534 5172 752 5227 eosdem
776 5173 830 5227 in
871 5173 1064 5243 seipsis
1095 5176 1148 5229 in
1179 5175 1451 5232 inﬁnitum
1483 5178 1726 5233 habitum
1759 5179 1997 5233 rationa-
2095 5183 2210 5251 ipse
2255 5196 2386 5235 vero
2415 5196 2514 5251 pro
2545 5179 2711 5235 nullo.
2759 5178 2944 5250 Neque
2985 5194 3085 5249 per
3126 5193 3186 5233 se
3232 5175 3511 5248 perfectio,
3546 5175 3691 5228 alio-

410 5260 540 5318 bilia
567 5263 749 5335 lapsus
777 5281 841 5320 ex
867 5266 1356 5337 necessitateiuste
1385 5269 1754 5324 sustinebunt.
1783 5269 1823 5323 A
1850 5270 1998 5324 nullo
2095 5271 2225 5342 quin
2259 5287 2364 5325 non
2395 5270 2698 5327 etliceretur
2732 5270 2856 5342 iure
2882 5268 3132 5339 plenum;
3163 5278 3219 5323 et
3263 5267 3514 5323 similiter
3556 5275 3617 5319 et
3657 5280 3693 5319 ι

1914 5380 2165 5437 NOTAE.

486 5498 512 5527 ι
540 5484 827 5559 lnGraeco
849 5490 976 5559 μιτά
1006 5496 1097 5545 τοῦ
1117 5488 1325 5550 εἰκότος,
1355 5488 1390 5542 i.
1414 5504 1465 5543 e.
1489 5505 1608 5543 cum
1639 5489 1995 5545 verisimilitu-

1752 5489 1995 5545 similitu-
2102 5490 2206 5553 dis,
2238 5490 2490 5558 quoniam
2520 5490 2671 5559 plura
2706 5498 2856 5552 sunt,
2887 5490 3323 5559 supersedemus.

418 5555 560 5627 dine.
597 5558 822 5627 Legerat
849 5555 902 5612 2|.
932 5559 1127 5614 Scotus
1151 5561 1377 5620 ἐπόντος.
2175 5571 2197 5599 ο
2230 5555 2332 5625 Qui
2372 5555 2576 5613 sacrant
2619 5590 2690 5599 —
2727 5555 3129 5613 introduiterunt
3200 5559 3583 5614 desiderantur
3644 5562 3699 5614 in

490 5626 529 5702 ξ).
559 5627 611 5678 lu
642 5627 849 5702 (irach
897 5628 1509 5702 mptxtvn’iiata.__qulc_
1558 5632 1769 5702 legerat
1812 5651 1994 5702 προκι-

2130 5641 2253 5683 extu
2290 5645 2509 5702 graeco.
2555 5628 2668 5702 Non
2712 5629 3086 5702 dubitandum,
3116 5630 3244 5702 quin
3288 5630 3428 5702 haec
3478 5631 3546 5702 iu_
3592 5646 3701 5702 sim

420 5695 640 5771 manu
675 5695 907 5771 Qunuino
938 5694 1033 5771 hic
1063 5700 1193 5754 nihil
1224 5700 1360 5771 vidit
1398 5698 1445 5771 J.
1478 5694 1693 5754 Seotﬁs.
1730 5700 1796 5753 Et
1828 5694 1996 5765 [facile
2102 5694 2397 5768 exemplari
2430 5699 2689 5754 videritJ.
2727 5694 2940 5765 Scottis,
2998 5694 3252 5770 quoniam
3287 5699 3343 5755 in
3372 5697 3585 5754 Latinis
3618 5700 3700 5755 le—

422 5765 601 5831 uanda
630 5765 680 5816 in
712 5766 810 5818 hoc
833 5768 1006 5837 capite
1032 5770 1321 5839 pervertit;
1355 5770 1552 5840 quibus
1598 5782 1776 5827 tamen
1809 5778 1999 5825 notan-
2106 5765 2323 5839 guntur.
