3978 6160
252 354 383 409 1201

1275 318 1526 405 vunsm
1563 342 2025 400 Αιιιιιαυοιιυιι
2070 342 2127 396 s.
2170 340 2438 398 MAXIMI.

3376 327 3518 384 I209.

249 471 401 525 nullo
440 482 563 524 esse
605 468 858 531 haberet;
905 480 1014 537 per.
1031 479 1088 520 se
1117 466 1261 521 enim
1291 463 1611 535 perfectum,
1644 473 1832 529 quem-
1860 463 1906 520 Α
1934 470 2021 522 eo,
2060 458 2202 527 quod
2234 471 2450 527 semper
2474 463 2577 519 est,
2611 454 2749 509 bene
2778 466 2898 507 esse
2928 457 3043 513 est;
3077 447 3218 503 sicut
3245 453 3299 500 et
3324 445 3523 514 princi-

252 558 543 614 admodum
618 566 673 611 et
755 556 1048 611 iucausale.
1114 554 1298 624 Neque
1385 548 1837 621 impassibilitas,

253 651 454 721 alioqui
513 659 565 702 et
614 663 839 703 manens
880 660 907 689 ι
946 659 1001 703 et
1038 647 1304 702 inﬁnitum
1343 653 1398 698 et
1437 640 1841 697 incircumscri-

253 754 407 812 ptnnt
451 749 613 795 esset.
644 740 758 794 Non
795 740 941 795 enim
978 740 1084 809 pati
1129 736 1452 792 naturaliter
1495 735 1656 796 inest,
1697 731 1839 801 quod

254 830 637 885 universaliter
683 829 1011 899 imﬂassibile
1044 836 1162 892 est,
1210 826 1354 895 quod
1405 838 1581 892 neque
1628 829 1843 876 amatur

257 925 329 976 ab
371 921 477 976 alio
516 932 609 975 aut
661 930 909 974 movetur
948 921 1014 973 ad
1060 918 1206 972 aliud
1253 916 1380 986 quid
1424 930 1525 985 per
1577 926 1839 967 amorem.

255 1011 473 1066 Nullum
524 1012 686 1082 igitur
714 1026 923 1075 eorum,
956 1026 1096 1078 quae
1141 1016 1395 1078 generata
1445 1013 1593 1069 sunt,
1633 1011 1841 1056 motum

258 1111 399 1164 stat,
447 1111 629 1170 utpote
679 1102 908 1170 primam
962 1111 1015 1153 et
1063 1108 1367 1153 manentem
1406 1097 1435 1136 ι’
1475 1108 1727 1156 causam,
1776 1106 1844 1145 ex

258 1206 366 1260 qua
405 1206 528 1246 esse
570 1192 672 1255 his,
703 1205 843 1258 quae
890 1199 1047 1251 sunt,
1102 1190 1272 1248 inest,
1325 1188 1566 1260 nomium
1598 1196 1847 1251 compre-

259 1282 522 1341 henderis.
557 1291 650 1334 aut
688 1283 828 1334 intra
863 1280 1213 1336 uovis~tinnun
1258 1278 1457 1332 factum
1501 1285 1584 1330 est
1634 1275 1844 1336 datum,

263 1382 357 1425 ant
405 1387 470 1425 ex
515 1372 873 1439 primogenita
921 1372 1125 1424 unitate
1173 1367 1571 1422 rationabiliutn
1626 1377 1848 1433 sparsor

260 1462 476 1515 sibimet
507 1477 796 1531 corporum
817 1460 1220 1531 generationem
1253 1465 1653 1525 consequenter
1685 1469 1846 1521 coap-

262 1564 385 1608 tans
455 1555 751 1608 arbitratus
810 1562 913 1607 est.
986 1553 1050 1605 Et
1118 1550 1486 1605 testimonium
1562 1545 1848 1616 perhibent

261 1643 476 1716 Moyses
517 1653 572 1697 et
624 1643 790 1697 David
820 1652 876 1696 et
920 1641 1117 1695 Paulus
1159 1640 1360 1703 sancti,
1403 1648 1458 1691 et
1502 1650 1690 1690 eorum
1740 1636 1847 1687 Do-

260 1737 442 1790 minus
470 1734 738 1790 Christus.
772 1734 984 1803 Moyses
1011 1732 1251 1802 quidem:
1283 1730 1365 1783 Ne
1387 1739 1553 1799 gustet
1588 1744 1653 1781 ea:
1684 1726 1847 1795 ligna,

1941 551 2088 620 pium
2117 557 2200 603 est
2233 549 2406 618 ipsum
2438 561 2580 611 esse,
2617 545 2759 615 quod
2793 542 3010 613 quidem
3034 550 3117 595 est
3147 540 3315 602 Deus,
3351 537 3441 605 qui
3472 545 3525 588 et

1941 657 2060 697 esse
2080 641 2193 703 dat,
2219 649 2271 694 et
2297 641 2435 693 bene
2459 653 2579 692 esse
2598 638 2781 701 donat,
2806 635 2928 705 jure
2955 631 3281 703 principium
3306 637 3360 683 et
3383 628 3526 681 ﬁnis.

1944 736 2019 789 Ex
2043 737 2160 805 ipso
2182 735 2325 788 enim
2354 740 2409 786 et
2438 730 2685 785 absolute
2716 726 2918 783 moveri
2961 740 3058 780 nos
3095 734 3152 778 ut
3186 739 3212 776 a
3243 719 3529 791 principio,

1942 836 1996 881 et
2048 823 2429 895 quoquomodo
2477 821 2679 875 moveri
2737 819 2805 873 ad
2856 833 2933 879 se,
2990 826 3050 870 ut
3086 815 3150 868 ad
3197 812 3381 869 finem.
3426 817 3529 864 est.

1946 918 2002 973 Si
2041 928 2222 973 autem
2256 924 2500 971 movetur
2542 908 3031 967 corrationabiliter
3076 904 3289 959 sibimet
3331 897 3539 953 intelle-

1945 1010 2195 1066 ctualiter
2240 1006 2630 1065 intellectuale,
2679 1002 2899 1056 omnino
2945 997 3106 1052 etiam
3152 991 3435 1059 intelligit;
3487 989 3533 1043 si

1945 1113 2126 1156 autem
2175 1098 2440 1169 intelligit,
2496 1096 2717 1148 omnino
2774 1099 2920 1144 amat
2971 1087 3111 1157 quod
3153 1083 3430 1152 intelligit;
3470 1080 3529 1150 _si

1947 1191 2112 1251 amat;
2155 1188 2360 1256 patitur
2387 1185 2621 1242 .omniuo
2658 1182 2724 1235 ad
2756 1182 2932 1248 ipsum
2979 1185 3039 1229 ut
3081 1172 3311 1227 amabile
3348 1184 3536 1222 exces-

1947 1298 2107 1346 sitm;
2149 1282 2193 1335 si
2230 1290 2407 1333 autem
2459 1276 2680 1347 patitur,
2722 1271 2965 1342 profecto
3012 1268 3173 1322 etiam
3204 1264 3455 1326 festinat;
3491 1261 3535 1313 si

1949 1371 2188 1432 festinat,
2244 1369 2463 1423 omnino
2513 1366 2678 1420 etiam
2741 1361 2971 1416 intendit
3014 1357 3252 1410 validum
3284 1365 3533 1413 motum;

1949 1466 1992 1521 si
2025 1474 2206 1519 autem
2240 1460 2472 1516 intendit
2508 1457 2746 1511 validum
2788 1461 3020 1515 motum,
3060 1464 3165 1502 non
3207 1455 3316 1501 stat
3341 1459 3538 1514 quous-

1949 1569 2054 1624 que
2108 1553 2205 1606 tlat
2255 1560 2424 1605 totum
2480 1548 2533 1601 in
2590 1554 2702 1601 toto
2756 1553 2980 1605 amato,
3037 1548 3093 1594 et
3150 1553 3180 1590 a
3225 1543 3336 1590 toto
3387 1548 3541 1588 com-

1951 1623 2366 1716 prehendatur,
2430 1637 2662 1692 libenter
2714 1642 2885 1689 totum
2940 1628 3238 1685 secundum
3298 1623 3544 1678 volunta-

1953 1747 2059 1792 tem
2076 1735 2367 1791 salutarem
2392 1730 2664 1800 accipiens
2684 1723 3264 1793 circumscriptionem,
3286 1727 3345 1771 ut
3373 1726 3545 1771 totum

260 1827 409 1880 vitae
435 1826 670 1894 primum
697 1834 974 1893 parentem
1004 1823 1350 1884 describens;
1381 1828 1434 1874 et
1466 1818 1589 1873 alibi
1622 1817 1845 1871 dicens:

1968 1835 2069 1881 .oto
2095 1823 2360 1879 alliciatur
2385 1819 2885 1881 circumscribente,
2933 1824 2992 1869 ut
3038 1812 3167 1866 nihil
3202 1810 3424 1865 omnino
3458 1822 3545 1862 re-

267 1917 394 1971 Non
445 1918 582 1971 enim
639 1918 849 1970 venistis
898 1932 1062 1983 usque
1109 1931 1246 1967 mmc
1306 1914 1361 1967 in
1416 1912 1639 1982 quietem
1693 1920 1740 1963 et
1791 1909 1849 1962 in

264 2006 662 2066 haereditatem,
693 2021 852 2070 quam
883 2004 1140 2057 Dominus
1175 2003 1311 2056 Deus
1360 2013 1525 2055 vester
1562 2000 1707 2053 dabit
1756 2014 1847 2051 vo-

266 2096 369 2149 bis.
410 2095 577 2149 David
620 2109 753 2148 vero
786 2111 798 2146 :
840 2092 1092 2148 Satiabor
1120 2090 1357 2144 clamans
1388 2090 1513 2143 dum
1550 2087 1851 2157 apparuerit

267 2187 398 2240 mihi
440 2184 609 2254 gloria
665 2194 795 2247 tua,
855 2193 904 2237 et
949 2183 1109 2236 sitivit
1157 2182 1337 2235 anima
1395 2196 1510 2233 mea
1561 2179 1630 2231 ad
1684 2176 1852 2230 Deum

268 2279 458 2348 fortem
495 2279 787 2341 viventem;
829 2275 1040 2345 quando
1084 2275 1288 2328 veniam
1313 2283 1361 2326 et
1394 2271 1659 2342 apparebo
1687 2267 1854 2323 vultui

268 2367 417 2422 Dei?
479 2366 677 2421 Paulus
711 2378 928 2434 quoque
967 2361 1407 2431 Philippensibus
1450 2358 1669 2428 quidem
1718 2354 1858 2409 scri-

270 2461 410 2515 bens
437 2476 452 2513 :
485 2457 541 2513 Si
573 2457 833 2529 quomodo
863 2470 1138 2511 occurram
1167 2455 1223 2508 in
1248 2451 1704 2513 resurrectionem,
1724 2462 1858 2518 quae

270 2561 351 2606 est
384 2567 450 2606 ea:
494 2551 743 2616 mortuis,
785 2564 889 2603 non
934 2547 1078 2619 quod
1112 2546 1231 2616 jam
1265 2543 1576 2613 acceperim,
1613 2549 1705 2594 aut
1742 2540 1859 2605 jam

271 2641 534 2712 perfectus
576 2639 718 2703 sim;
758 2645 970 2707 expecto
1001 2651 1142 2700 vero,
1166 2635 1211 2689 si
1241 2632 1375 2704 forte
1403 2627 1859 2701 comprehendam,

272 2734 334 2786 in
370 2749 473 2803 quo
510 2741 557 2785 et
607 2730 1007 2800 comprehensus
1042 2743 1159 2782 sum
1189 2728 1254 2780 ab
1311 2723 1441 2778 Iesu
1486 2722 1716 2776 Christo.
1764 2718 1865 2773 He-

278 2822 461 2877 braeis
493 2822 622 2875 item
655 2826 670 2873 έ
701 2819 823 2890 Ipse
855 2819 995 2873 enim
1025 2819 1230 2872 intrans
1259 2817 1314 2870 in
1346 2814 1574 2884 requiem
1621 2826 1775 2865 suam
1815 2816 1864 2862 et

276 2914 391 2982 ipse
430 2913 621 2982 quievit
653 2912 743 2966 αὺ-
762 2911 1002 2982 operibus
1030 2909 1164 2972 suis,
1195 2906 1351 2962 veluti
1387 2923 1418 2959 a
1441 2904 1669 2975 propriis
1698 2900 1862 2955 Deus.

276 3002 349 3057 Et
379 3002 572 3056 iterum
618 3003 672 3056 in
716 3002 906 3057 eadem
945 2998 1169 3070 epistola
1204 3015 1217 3050 :
1254 2995 1531 3050 Neminem
1568 2991 1865 3063 pervenisse

279 3093 352 3147 ad
392 3093 761 3164 promissiones
800 3091 1059 3147 affirmat.
1092 3088 1339 3145 Christus
1369 3100 1498 3140 vero
1532 3102 1546 3137 :
1593 3080 1771 3136 Venite
1796 3079 1866 3133 ad

1952 1926 2057 1971 stet
2087 1915 2224 1970 velle
2257 1930 2323 1969 ex
2364 1912 2561 1982 seipso,
2606 1910 2841 1979 seipsum
2884 1915 3053 1960 totum
3085 1917 3413 1973 cognoscere
3455 1914 3549 1952 va-

1952 2008 2112 2064 lendo
2132 2005 2606 2073 circumscriptum
2625 2041 2641 2066 ,
2664 2000 2757 2056 sed
2783 2014 2849 2053 ex
2874 1994 3378 2056 circumscribente,
3402 1993 3546 2046 sicut

1953 2115 2049 2155 aer
2076 2113 2170 2169 per
2193 2105 2369 2152 totum
2394 2094 2728 2148 illuminatus
2758 2090 2980 2151 lumine,
3007 2096 3062 2141 et
3090 2088 3210 2157 igne
3240 2084 3439 2138 ferrum
3470 2091 3549 2136 to-

1958 2204 2068 2248 tum
2095 2198 2209 2245 toto
2248 2185 2620 2258 liquefactum,
2646 2191 2740 2236 aut
2780 2181 2825 2236 si
2870 2180 2998 2250 quid
3030 2177 3177 2232 aliud
3223 2175 3411 2228 talium
3441 2180 3548 2227 est.

1955 2284 2033 2338 Ex
2083 2280 2278 2351 quibus
2312 2275 2641 2346 speculative
2668 2273 2927 2333 futuram,
2967 2269 3061 2324 sed
3087 2282 3192 2322 non
3216 2266 3327 2337 jam
3351 2263 3547 2318 factam

1957 2386 2011 2428 et
2056 2372 2422 2438 incorruptam
2476 2366 2537 2430 σί
2561 2362 2744 2432 dignis
2780 2358 3037 2415 bonitatis
3080 2354 3548 2426 participationem

1957 2479 2056 2535 per
2081 2458 2485 2515 similitudinem
2537 2451 2873 2509 solummodo
2920 2448 3250 2518 accipimus,
3295 2444 3551 2513 quoniam

1960 2563 2015 2611 et
2036 2568 2197 2623 super
2211 2550 2390 2606 omnia
2413 2549 2550 2603 haec
2572 2552 2718 2609 sunt,
2736 2557 2875 2615 quae
2901 2540 3164 2611 speranda
3188 2545 3334 2601 sunt,
3360 2532 3556 2589 merito

1963 2649 2091 2704 dom
2120 2646 2232 2701 sint
2257 2657 2467 2699 summa
2494 2637 2741 2702 visionis,
2772 2636 2915 2691 sicut
2939 2634 3201 2702 scriptum
3230 2638 3332 2690 est.
3365 2635 3419 2682 et
3451 2641 3551 2680 au—

1964 2738 2109 2792 ditus
2139 2743 2195 2789 et
2222 2731 2550 2787 intellectus.
2582 2728 2647 2781 Et
2668 2728 2773 2781 hoc
2803 2725 2991 2794 utique
3018 2731 3099 2777 est
3127 2722 3242 2791 ipsa
3267 2716 3558 2785 subiectio,

1965 2845 2072 2901 qua
2100 2829 2315 2885 divinus
2358 2824 2646 2894 Apostolus
2680 2823 2755 2877 ait
2779 2821 2927 2876 Patri
2960 2819 3154 2874 Filium
3195 2812 3561 2881 subiecturum

1967 2922 2105 2985 fore,
2133 2917 2440 2974 voluntarie
2486 2913 2759 2984 accepturi
2788 2912 3058 2981 subjectos
3080 2921 3219 2971 esse,
3247 2912 3368 2975 post
3394 2915 3557 2972 quam

1969 3022 2024 3067 et
2045 3026 2142 3081 per
2176 3025 2338 3079 quam
2370 3006 2661 3063 novissima
2694 3003 2911 3058 inimica
2937 3001 3244 3055 destruetur
3274 3008 3444 3057 mors,
3474 2997 3564 3042 ut-

1970 3079 2097 3174 pote
2122 3096 2483 3169 corruptionis
2509 3093 2766 3165 potentia,
2796 3106 2891 3162 per
2916 3104 3078 3161 quam
3110 3086 3178 3140 ad
3205 3098 3304 3138 nos
3326 3081 3453 3136 fecit
3477 3079 3564 3133 in-

278 3202 387 3252 me,
428 3201 604 3240 omnes
661 3183 962 3238 laborantes
1007 3191 1055 3236 et
1099 3180 1302 3235 onerati
1337 3219 1353 3245 ,
1398 3186 1446 3231 et
1486 3191 1579 3247 ego
1605 3174 1868 3246 quiescere
1896 3174 1941 3237 C
1973 3169 2219 3257 ίτοίιωη,
2246 3190 2364 3259 ipso
2394 3189 2446 3242 in
2478 3185 2666 3249 nobis,
2697 3183 2790 3253 qui
2831 3197 2926 3252 per
2967 3194 3027 3235 se
3064 3187 3256 3248 potens
3284 3179 3387 3236 est,
3416 3169 3569 3238 adju‘

278 3291 373 3331 vos
418 3275 633 3345 faciam.
683 3272 929 3329 Nondum
957 3287 1087 3343 ergo
1116 3270 1224 3326 ullo
1259 3269 1418 3324 modo
1446 3267 1611 3321 ullum
1656 3278 1867 3328 eorum,

281 3382 426 3438 quae
446 3366 584 3422 facta
611 3374 757 3430 sunt,
783 3362 1086 3419 naturalem
1108 3361 1364 3415 virtutem
1388 3359 1454 3413 ad
1480 3357 1642 3411 tinem
1666 3362 1870 3409 motam

283 3456 603 3514 stabilitavit
635 3495 651 3520 ,
717 3469 897 3525 neque
958 3452 1332 3524 operationem
1391 3447 1677 3518 quiescere
1744 3442 1873 3510 fecit

284 3548 704 3605 contendentem
743 3561 803 3601 se
830 3559 930 3601 suo
965 3544 1071 3598 line
1107 3553 1157 3606 ε.
1187 3555 1364 3610 neque
1390 3537 1692 3609 passionis,
1734 3549 1872 3604 quae

285 3638 584 3694 secundum
618 3645 822 3691 motum
868 3643 973 3698 est,
1006 3632 1244 3687 fructum
1282 3629 1525 3703 messuit,
1568 3623 1875 3695 impassibie

287 3730 502 3784 litatem
540 3727 662 3782 dico
694 3737 752 3783 et
791 3724 1310 3781 immutabilitatem.
1359 3719 1541 3775 Solius
1588 3717 1733 3772 enim
1777 3712 1871 3767 Dei

290 3830 398 3884 est,
433 3820 558 3875 finis
590 3834 711 3874 esse
740 3827 795 3874 et
823 3817 1087 3889 perfectio
1119 3824 1173 3870 et
1213 3810 1649 3883 impassibilitas;
1686 3820 1875 3861 eorum

289 3925 444 3974 vero,
474 3924 616 3980 quae
645 3907 788 3963 facta
816 3915 963 3971 sunt,
993 3906 1063 3960 ad
1104 3905 1264 3959 linem
1292 3900 1561 3972 principio
1598 3905 1875 3953 carentem

291 3999 542 4064 moveri,
592 4006 648 4053 et
683 4013 714 4051 a
757 4005 908 4052 tanto
955 3994 1198 4066 perfecto
1245 3992 1354 4047 ﬁne
1401 3991 1641 4060 quietam
1696 3985 1879 4040 facere

291 4088 665 4158 operationem
690 4126 706 4151 ,
756 4094 812 4141 et
852 4085 987 4157 pati,
1016 4084 1112 4138 sed
1162 4097 1269 4136 non
1313 4094 1451 4141 esse,
1487 4087 1581 4132 aut
1622 4092 1729 4131 non
1762 4074 1879 4129 fieri

294 4179 595 4237 secundum
635 4178 927 4234 essentiam
970 4191 1078 4231 non
1117 4183 1204 4230 est
1247 4172 1565 4229 delectabile
1605 4169 1656 4224 ά.
1708 4168 1902 4224 Omne

298 4273 444 4327 enim
481 4271 684 4326 factum
715 4280 771 4326 et
817 4279 1062 4325 creatum
1105 4283 1214 4324 non
1258 4266 1584 4320 immensum
1614 4260 1878 4332 profecto,

299 4364 534 4419 ﬁdeliter
579 4372 759 4418 autem
807 4361 1047 4433 passioni
1084 4357 1517 4414 auscultandum.
1574 4354 1688 4408 Non
1737 4352 1882 4407 enim

299 4470 387 4518 ea,
422 4469 564 4524 quae
601 4455 899 4509 secundum
937 4451 1346 4507 conversionem
1385 4456 1440 4502 et
1481 4445 1883 4514 corruptionem

1970 3294 2135 3342 vante
2190 3281 2486 3339 secundum
2517 3293 2637 3344 nos,
2682 3273 2988 3331 voluntarie
3037 3265 3418 3323 universaliter
3453 3262 3565 3316 Deo

1974 3379 2232 3450 implente
2272 3376 2291 3415 ί
2334 3381 2390 3428 et
2430 3370 2571 3427 bene
2616 3375 2875 3440 regnante
2923 3362 3068 3435 quod
3120 3359 3260 3429 regit
3310 3358 3357 3421 ε,
3396 3354 3568 3408 otium

1975 3442 2202 3539 agendo,
2228 3480 2296 3519 ne
2322 3461 2450 3533 quid
2478 3459 2626 3523 velit,
2656 3465 2874 3528 praeter
2902 3452 3044 3523 quod
3077 3448 3192 3503 vult
3222 3445 3398 3509 Deus;
3428 3442 3573 3496 sicut

1976 3537 2101 3613 alibi
2141 3557 2215 3611 ait
2245 3556 2362 3626 ipse
2407 3552 2461 3606 in
2506 3550 2687 3619 seipso
2716 3547 2974 3602 formans.
3002 3539 3145 3611 quod
3175 3544 3421 3591 nostrum
3461 3537 3569 3592 est,

1977 3651 2213 3707 salvator
2238 3648 2304 3701 ad
2338 3642 2555 3697 Patrem
2586 3659 2599 3693 :
2645 3637 3011 3693 Verumtamen
3041 3649 3142 3685 non
3174 3630 3306 3683 sicut
3328 3641 3421 3695 ego
3458 3620 3572 3676 volo

1977 3739 2067 3794 sed
2095 3739 2228 3791 sicut
2257 3743 2347 3792 tu:
2371 3741 2426 3787 et
2446 3739 2571 3801 post
2595 3745 2717 3784 eum
2742 3727 2958 3782 divinus
2979 3738 3043 3779 ac
3067 3717 3330 3775 mirabilis
3353 3710 3572 3773 Paulus,

1977 3829 2142 3886 veluti
2174 3826 2408 3897 seipsum
2438 3835 2674 3890 negans,
2717 3826 2772 3873 et
2799 3815 3074 3886 propriam
3108 3810 3312 3866 habere
3345 3805 3456 3874 iam
3487 3801 3571 3856 vi-

1979 3932 2088 3978 tam
2118 3919 2366 3975 nesciens
2397 3933 2411 3969 :
2448 3910 2575 3967 Vivo
2604 3919 2776 3965 autem
2793 3909 2910 3977 jam
2942 3921 3046 3959 non
3075 3918 3188 3972 ego,
3220 3899 3342 3955 vivit
3373 3910 3491 3951 vero
3520 3893 3577 3947 in

1979 4030 2061 4069 me
2085 4010 2341 4066 Christus.
2378 4005 2492 4059 Non
2540 4000 2823 4057 conturbet
2861 4010 2981 4060 vos,
3025 3991 3168 4063 quod
3199 3991 3401 4045 dictum
3449 3992 3570 4049 est;

1980 4120 2087 4158 non
2115 4101 2258 4155 enim
2297 4095 2621 4150 ablutionem
2665 4088 2916 4161 propriae
2946 4083 3219 4155 potentiae
3259 4078 3376 4134 fieri
3424 4074 3615 4165 diem.

1984 4192 2077 4248 sed
2106 4188 2428 4260 positionem
2473 4182 2644 4252 magis
2688 4177 2983 4236 secundum
3030 4182 3276 4229 naturam
3322 4168 3487 4223 lixam
3523 4173 3577 4223 et

1984 4256 2405 4337 immutabilem,
2463 4272 2514 4326 id
2567 4279 2653 4325 est
2706 4280 2988 4323 excessum
3032 4256 3475 4318 intellectualem,
3522 4258 3584 4310 ut

1985 4372 2128 4426 unde
2159 4368 2311 4423 nobis
2335 4363 2580 4420 subsistit
2610 4376 2728 4415 esse
2751 4400 2764 4423 ,
2792 4368 2845 4413 et
2870 4354 3071 4411 moveri
3101 4350 3347 4419 accipere
3373 4344 3585 4399 desidee

1991 4476 2191 4522 remus,
2227 4457 2372 4511 velut
2408 4453 2639 4523 imagine
2670 4449 2928 4503 redeunte
2958 4445 3024 4498 ad
3064 4437 3364 4512 principale
3398 4449 3587 4490 exem»

298 4546 521 4600 virtutis
573 4553 695 4604 est.
738 4544 825 4599 hic
862 4543 1169 4619 declaratur
1204 4541 1387 4612 passio
1408 4581 1423 4605 ,
1465 4540 1557 4595 sed
1602 4553 1665 4594 ea
1690 4579 1706 4604 ,
1755 4551 1892 4605 quae
1922 4533 1970 4591 D
1995 4554 2163 4625 plum,
2186 4560 2240 4605 οι
2260 4550 2396 4620 sign;
2424 4549 2594 4602 ίηειειι-
2615 4561 2711 4616 ρει.
2732 4543 2955 4614 ﬁguram
2984 4540 3124 4593 bene
3147 4530 3411 4602 compacti
3439 4528 3587 4598 prius

302 4651 403 4705 per
450 4643 699 4689 naturam
751 4635 999 4691 subsistit
1046 4635 1100 4690 in
1148 4636 1275 4698 bis,
1321 4648 1461 4703 quae
1503 4639 1669 4695 sunt;
1708 4629 1889 4683 omnia

1996 4645 2155 4716 cipali
2192 4644 2417 4705 formae,
2440 4654 2494 4695 et
2519 4640 2776 4693 aliorsum
2810 4634 2935 4690 ferri
2961 4646 3135 4701 neque
3160 4630 3391 4684 habente
3414 4625 3479 4703 de
3501 4639 3589 4679 ce-

302 4729 475 4792 enim,
517 4740 875 4797 quaecunque
930 4727 1072 4782 facta
1119 4735 1284 4791 sunt,
1332 4724 1615 4795 patiuntur
1665 4719 1867 4775 moveri

1968 4740 1971 4751 ’
1999 4745 2140 4798 tero,
2173 4747 2349 4801 neque
2372 4731 2605 4792 valente,
2636 4745 2703 4781 an
2736 4725 2973 4796 apertius
2995 4720 3281 4778 dicendum
3303 4726 3358 4772 et
3383 4715 3586 4776 verius,

303 4822 446 4876 sicut
500 4836 565 4876 ea
620 4838 760 4892 quae
823 4838 929 4877 non
984 4830 1129 4886 sunt,
1197 4836 1295 4890 per
1347 4834 1406 4873 se
1474 4817 1646 4886 ipsum
1718 4820 1897 4868 motus

304 4924 401 4969 aut
440 4931 537 4984 per
576 4932 636 4972 se
670 4917 843 4986 ipsam
882 4917 1054 4972 virtus
1080 4923 1223 4971 sunt.
1269 4914 1326 4968 Si
1364 4926 1518 4983 ergo,
1546 4924 1683 4979 quae
1717 4907 1897 4976 genita

306 5016 459 5071 sunt,
496 5008 838 5065 rationabilia
878 5009 1197 5071 subsistunt,
1226 5006 1445 5061 omnino
1474 5002 1637 5058 etiam
1681 5015 1900 5054 moven-

308 5104 424 5159 tur,
452 5107 636 5168 utpote
658 5113 724 5153 ex
754 5101 1027 5170 principio
1048 5099 1343 5154 secundum
1366 5104 1613 5150 naturam
1642 5108 1735 5161 per
1756 5107 1897 5155 esse,

311 5186 380 5238 ad
405 5185 565 5239 tinem
587 5188 881 5242 secundum
904 5189 1267 5258 cognitionem
1298 5201 1395 5255 per
1420 5185 1558 5240 bene
1594 5196 1714 5236 esse
1738 5190 1901 5237 mota.

310 5275 467 5331 Finis
494 5279 639 5332 enim
670 5295 882 5345 eorum,
923 5296 1062 5350 quae
1108 5287 1409 5341 moventur,
1444 5283 1621 5329 motus
1649 5274 1819 5343 ipsum
1855 5273 1904 5327 in

2003 4840 2179 4895 neque
2206 4838 2366 4893 posse
2386 4821 2618 4885 volente,
2653 4818 2846 4873 merito
2873 4815 3054 4869 divina
3083 4819 3303 4881 accepta
3328 4805 3591 4879 Operatio.

2003 4933 2090 4978 ne,
2118 4916 2290 4984 magis
2313 4924 2492 4968 autem
2514 4913 2656 4966 Deus
2675 4926 2771 4980 per
2792 4904 3188 4962 deificationem
3212 4902 3376 4966 facta,
3398 4908 3452 4953 et
3472 4895 3593 4966 plus

2006 5008 2260 5061 dilectata
2289 5020 2516 5059 excessu
2540 5002 2607 5056 ab
2634 5002 2743 5064 his,
2770 5014 2908 5068 quae
2935 4995 3255 5050 naturaliter
3280 4992 3333 5045 in
3361 5005 3422 5044 ea
3445 4994 3590 5048 sunt,

2005 5108 2061 5152 et
2096 5099 2166 5151 ab
2190 5096 2296 5161 his,
2322 5110 2461 5165 quae
2485 5100 2612 5148 sunt
2636 5100 2691 5146 et
2712 5090 3100 5159 intelliguntur,
3127 5099 3224 5154 per
3249 5084 3609 5148 superantem

2008 5203 2068 5243 se
2104 5187 2332 5257 gratiam
2371 5184 2613 5255 Spiritus,
2649 5190 2703 5235 et
2728 5178 3063 5236 solummodo
3086 5174 3374 5229 habentem
3404 5179 3595 5236 opera-

2015 5285 2184 5331 torem
2208 5274 2388 5331 Jesum
2417 5282 2471 5327 et
2497 5272 2869 5343 accipientem,
2888 5270 2961 5322 ita
2989 5273 3045 5318 ut
3068 5264 3138 5316 sit
3162 5275 3268 5313 una
3291 5266 3347 5311 et
3367 5255 3480 5311 sola
3502 5268 3597 5323 per

1840 5384 2089 5445 NOTAE.

387 5496 411 5556 ξ’
440 5483 496 5556 |_n
517 5483 726 5541 Graeco
748 5487 859 5556 insi
882 5489 966 5542 καὶ
993 5488 1158 5556 μόνην,
1187 5484 1223 5537 i.
1253 5500 1304 5537 e.
1336 5484 1492 5536 immo
1517 5493 1676 5532 unum
1704 5475 1897 5556 solum.

392 5554 420 5592 ιι
444 5553 673 5635 Dariten
718 5555 905 5635 solam.
941 5547 1107 5635 Quae
1143 5547 1469 5635 Sequuntur,
1510 5556 1636 5604 sunt
1670 5547 1899 5600 obseura

319 5639 444 5679 eum
478 5624 529 5677 in
559 5623 765 5680 Latinis
794 5634 905 5679 tum
940 5627 991 5680 in
1018 5625 1263 5681 Graecis.

394 5704 417 5769 ἦ
449 5693 631 5769 Fulgit
660 5697 861 5769 dixisse
888 5695 1053 5769 ipsam
1080 5697 1135 5747 in
1161 5711 1255 5769 suo
1284 5693 1395 5769 [ἵης
1422 5690 1670 5769 deﬁgens.

393 5763 419 5804 ἀ
448 5765 502 5818 In
534 5764 741 5823 Graeco
796 5755 992 5832 ἄπολιν,
1025 5766 1060 5819 i.
1090 5778 1139 5820 e.
1169 5755 1587 5830 sine'a/fectione
1630 5757 1697 5810 ad
1735 5755 1903 5821 aliud,

2008 5497 2257 5536 immune.

2084 5563 2107 5625 °_
2150 5551 2203 5625 |_tt
2239 5550 2447 5625 Graeco
2468 5550 2920 5625 napoqretspsiaav,.
2967 5542 3003 5594 i.
3032 5555 3081 5607 e_.
3117 5542 3435 5625 c'orruptam.

2088 5621 2107 5660 τ
2153 5622 2208 5675 ln
2235 5621 2445 5692 Graeco
2472 5609 2943 5692 ἑηξεῴρηᾷέγτοςίὶ.
2979 5627 3029 5692 e.
3057 5609 3285 5692 cedente.

2088 5694 2115 5732 ⁸
2153 5692 2208 5746 ln
2236 5674 2444 5747 Graeco
2482 5674 2947 5760 rb~f90ictllﬁt69ah
2985 5684 3019 5737 i.
3054 5697 3103 5734 c.
3136 5677 3274 5750 quod
3304 5674 3524 5751 regitur.
