3978 6160
349 337 483 393 ηδ

1712 333 1827 389 JGA
1840 329 1993 386 {\NlS
2034 331 2229 387 ΞΗΟΠ

3473 329 3597 383 ΙΞΜ

343 449 523 503 omnia
554 447 794 514 operatio
834 446 926 501 Dei
958 454 1011 500 et
1054 446 1334 518 dignorum
1368 445 1499 510 Deo,
1538 460 1711 513 magis
1743 453 1920 498 autem
1950 442 1997 501 Α
2026 455 2144 498 sunt
2174 444 2368 507 omnia,
2396 461 2528 514 quae
2548 443 2599 496 in
2629 442 2783 496 metis
2811 451 2855 495 et
2882 457 3093 511 quaem
3119 448 3276 501 terra,
3299 441 3405 494 sire
3429 441 3603 493 visibi-

345 538 511 591 solins
542 537 856 605 lici.utpote
886 545 994 590 toto
1038 546 1179 590 totos
1215 536 1403 602 dignos
1441 537 1576 590 bene
1613 550 1677 589 ac
1704 534 1925 603 pulchre

347 626 635 680 ambiente.
653 625 807 679 Omni
824 626 963 679 enim
982 627 1303 680 necessitate
1318 642 1411 695 per
1426 626 1602 678 omnia
1619 625 1762 678 circa
1782 623 1924 677 aliud

348 716 474 782 quid
502 716 777 784 quiescent
803 716 1125 785 potestativo
1164 726 1307 770 motu
1344 716 1433 785 qui
1470 715 1761 769 secundum
1792 713 1927 767 desi-

346 805 551 858 derium
569 816 669 869 est,
692 808 983 860 novissimo
1000 817 1287 876 apparente
1310 809 1433 860 dato
1447 817 1497 859 et
1514 807 1852 875 participato,
1873 811 1928 858 et

348 896 833 951 corrationabilitcr
858 899 1292 967 participantitun
1323 898 1500 951 virtuti
1520 896 1927 974 incomprehen-

350 988 1179 1059 sibilitcr,utitadicam,capto;
1215 991 1280 1042 ad
1320 990 1461 1059 quod
1491 990 1668 1041 omnis
1709 988 1927 1041 testinat

349 1081 685 1134 conversatio
700 1083 894 1134 excelsi
913 1090 967 1135 et
986 1082 1285 1136 intellectus
1304 1122 1319 1147 ,
1341 1092 1388 1134 et
1408 1083 1459 1135 in
1479 1081 1619 1151 quod
1632 1081 1797 1133 omnis
1818 1090 1925 1133 sta-

351 1166 874 1240 bilitaturappelitus,
892 1184 937 1226 et
952 1191 1111 1243 supra
1126 1175 1265 1243 quod
1279 1172 1422 1227 nullo
1435 1174 1591 1243 modo
1606 1173 1809 1242 fertur;
1840 1188 1927 1226 ne-

348 1262 593 1329 queenim
636 1262 809 1325 habet,
847 1272 891 1316 et
927 1264 995 1314 ad
1034 1264 1171 1332 quod
1200 1263 1362 1315 tendit
1418 1238 1584 1316 omnis
1634 1262 1927 1330 festinantis

351 1360 543 1412 motus,
567 1362 613 1404 et
642 1370 671 1402 a
703 1368 803 1416 quo
832 1353 1145 1405 venientibus
1167 1353 1332 1405 omnis
1364 1350 1810 1417 contemplationis
1849 1366 1931 1402 re-

347 1441 512 1511 quies,
545 1453 601 1494 ut
621 1442 695 1495 ait
716 1446 904 1496 beatus
932 1444 1031 1495 iste
1057 1444 1328 1513 magister.
1358 1441 1542 1510 Neque
1563 1442 1665 1495 erit
1689 1443 1816 1511 quid
1838 1458 1929 1497 ex-

352 1542 434 1586 tra
463 1533 628 1586 Deum
665 1544 789 1586 tunc
812 1532 1234 1597 manifestatum,
1266 1542 1359 1587 aut
1408 1533 1519 1586 Deo
1547 1542 1765 1588 econtra
1796 1533 1929 1586 imae

351 1623 524 1689 ginari
556 1635 581 1662 ι
621 1624 815 1684 visum,
847 1632 904 1676 ut
938 1622 1165 1691 alicujus
1211 1623 1535 1677 desiderium
1581 1623 1648 1677 ad
1691 1623 1925 1691 seipsum

350 1709 516 1764 ﬂuere
544 1712 745 1766 erroris
773 1713 842 1765 sit
866 1713 914 1775 ι),
946 1714 1197 1767 omnibus
1236 1712 1452 1766 ambitis
1495 1713 1563 1767 ab
1590 1711 1706 1782 ipso
1735 1712 1931 1766 intelli-

349 1799 601 1868 gihilihus
628 1810 681 1853 et
711 1801 1053 1856 sensibilibus
1084 1802 1374 1857 secundum
1408 1785 1728 1857 ineﬁ‘abilem
1759 1803 1926 1872 ipsius

351 1890 840 1945 Inanifestationcm
867 1901 920 1946 et
956 1893 1351 1961 praesentiam;
1381 1892 1521 1946 sicut
1556 1907 1732 1962 neque
1758 1893 1812 1947 in
1841 1893 1928 1947 die

349 1981 557 2035 siderea
606 1982 804 2035 lumina
835 1992 889 2036 et
927 1984 1040 2051 ipsa
1084 1991 1253 2047 astra,
1298 1983 1409 2037 sole
1444 1994 1734 2053 apparente
1759 1984 1927 2038 multo

350 2081 407 2125 et
434 2073 835 2141 incomparabili
866 2074 1086 2137 lumine,
1117 2091 1179 2129 ex
1210 2090 1316 2143 quo
1341 2075 1421 2130 eis
1448 2074 1645 2129 lumina
1667 2090 1808 2140 esse,
1833 2091 1925 2129 oc-

352 2159 575 2224 cultata,
599 2171 651 2215 et
676 2177 871 2229 neque,
889 2163 1013 2231 quia
1038 2173 1180 2228 sunt,
1202 2172 1463 2232 quantum
1489 2164 1667 2217 sensui
1690 2165 1923 2233 cognita.

350 2251 408 2306 in
454 2252 562 2308 Deo
601 2269 723 2308 vero
770 2255 904 2325 plus,
953 2266 1210 2326 quantum
1256 2256 1397 2311 inter
1450 2272 1553 2309 non
1595 2264 1832 2310 creatum
1873 2266 1927 2309 et

351 2355 613 2408 creatum,
656 2343 862 2399 inﬁnita
906 2347 1165 2401 medietas
1210 2356 1292 2400 est
1331 2354 1385 2401 et
1420 2345 1741 2402 differentia.
1780 2346 1928 2401 Tunc

351 2433 494 2486 enim
523 2449 618 2501 per
640 2437 928 2490 essentiam
954 2452 1160 2501 eorum,
1188 2453 1326 2507 quae
1352 2446 1497 2501 sunt,
1525 2437 1925 2491 subsistentiam

350 2525 646 2579 secundum
678 2527 842 2595 quod,
876 2528 1025 2596 quid,
1057 2537 1112 2582 et
1155 2529 1441 2597 quomodo,
1475 2536 1529 2581 et
1572 2529 1623 2582 in
1655 2544 1761 2597 quo
1787 2543 1925 2592 esse,

352 2620 410 2664 ut
449 2613 716 2675 arbitror,
748 2614 1012 2679 scientes,
1037 2617 1100 2669 ad
1130 2617 1254 2685 quid
1287 2618 1584 2686 appetitum
1618 2617 1794 2670 adhuc
1834 2631 1929 2684 per

350 2702 709 2770 cognitionem
754 2719 857 2757 non
899 2707 1268 2770 movebimus,
1312 2705 1729 2773 uniuscujusque
1778 2714 1832 2759 et
1874 2706 1927 2759 in

351 2807 677 2863 unoquoque
702 2811 910 2861 eorum,
936 2813 1074 2867 quae
1104 2809 1224 2867 post
1257 2800 1421 2854 Deum
1449 2809 1594 2863 sunt,
1622 2800 1929 2869 cognitione

351 2884 507 2937 nobis
528 2896 914 2950 consummata,
944 2896 998 2941 et
1030 2887 1233 2942 inﬁnita
1259 2904 1321 2943 ac
1346 2888 1525 2943 divina
1552 2897 1605 2941 et
1632 2890 1928 2957 incompre-

352 2975 600 3047 hensibili
633 2976 905 3033 fructuose
937 2978 1092 3033 nobis
1142 2979 1616 3050 proportionaliter
1658 2981 1928 3049 proposita

352 3069 633 3122 mansione
659 3079 711 3124 et
746 3071 1174 3140 participatione.
1222 3070 1285 3123 Et
1328 3070 1430 3125 hoc
1456 3079 1559 3133 est,
1599 3072 1741 3139 quod
1773 3071 1926 3126 valde

352 3158 795 3244 philosophaturq
825 3171 909 3215 est
951 3161 1243 3217 secundum
1278 3158 1540 3215 dciferum
1579 3161 1720 3215 hunc
1763 3161 1931 3231 magi-

352 3258 526 3303 strum
559 3250 851 3318 dicentem,
883 3253 1268 3322 cognoscituros
1299 3268 1391 3304 nos
1414 3252 1724 3322 quandoque
1765 3268 1933 3322 quan—

353 3349 461 3394 tum
522 3343 714 3409 cogniti
778 3360 996 3408 sumus,
1059 3360 1176 3397 cum
1236 3342 1488 3411 deiforme
1526 3344 1654 3396 .hoc
1698 3351 1746 3396 et
1804 3341 1936 3395 divi-

356 3445 502 3495 num,
532 3441 766 3485 nostrum
824 3433 1056 3485 animum
1097 3443 1145 3487 et
1197 3432 1455 3485 rationem
1497 3432 1707 3502 proprio
1761 3432 1934 3485 admi-

352 3520 629 3583 scebimus,
656 3532 700 3575 et
722 3522 893 3591 imago
920 3533 1202 3576 revertetur
1219 3523 1287 3576 ad
1311 3511 1598 3591 principale
1620 3521 1929 3591 exemplum,

354 3610 508 3679 cujus
537 3628 672 3663 nunc
698 3612 848 3665 habet
889 3614 1189 3682 appetitum.
1233 3614 1308 3667 De
1350 3628 1415 3666 eo
1442 3613 1623 3682 igitur,
1654 3613 1796 3682 quod
1827 3628 1931 3667 non

356 3697 429 3750 sit
458 3697 740 3765 dispertita
780 3700 976 3764 unitas,
1004 3710 1058 3753 ct
1079 3701 1344 3769 quomodo
1370 3702 1661 3755 secundum
1690 3703 1932 3776 notitiam

355 3802 422 3842 ex
452 3788 792 3856 possibilibus
808 3806 949 3844 nunc
972 3792 1125 3847 nobis
1147 3791 1459 3862 Scripturae
1490 3793 1851 3848 itttrllectibus
1880 3803 1936 3848 et

358 3875 811 3946 disputationibus
850 3880 954 3933 erit
1004 3879 1302 3936 futurorum
1361 3892 1553 3946 status,
1601 3882 1803 3936 dictum
1853 3892 1936 3937 est

360 3967 652 4034 hactenus;
680 3969 744 4023 de
766 3984 831 4023 eo
857 3984 1002 4032 vero,
1024 3972 1311 4039 quomodo,
1336 3972 1462 4025 dum
1481 3987 1605 4040 pars
1626 3971 1718 4025 Dei
1746 3972 1932 4033 simus,

358 4070 390 4110 θ
418 4057 526 4111 Deo
548 4056 876 4123 reﬁnximus,
911 4059 1020 4115 Deo
1059 4046 1194 4138 duce
1240 4061 1364 4115 hinc
1386 4076 1688 4115 sermonem
1719 4059 1933 4114 faciam.

366 4176 385 4197 .
428 4148 560 4215 Quis
610 4150 752 4205 enim
804 4152 1011 4206 ratione
1053 4153 1398 4208 considerans
1436 4162 1490 4207 et
1531 4153 1791 4222 sapientia
1843 4167 1937 4217 ea,

360 4254 499 4308 quae
528 4250 671 4306 sunt,
705 4240 773 4295 ab
801 4257 888 4307 eo,
915 4244 1055 4312 quod
1084 4258 1188 4297 non
1222 4252 1326 4306 est,
1366 4258 1395 4295 a
1430 4243 1539 4297 Deo
1578 4243 1630 4296 in
1678 4243 1753 4307 id,
1798 4242 1940 4311 quod

360 4341 463 4394 est,
494 4334 825 4397 transducta,
860 4335 902 4388 si
932 4350 1027 4402 per
1057 4335 1353 4389 naturalem
1386 4350 1594 4400 eorum,
1632 4349 1769 4403 quae
1794 4343 1936 4397 sunt,

2025 537 2098 589 lia
2122 537 2226 590 sive
2252 537 2550 599 invisibilia,
2572 537 2676 590 sive
2697 534 3031 602 Tltroni,sive
3058 532 3476 593 Dominationcs,
3501 533 3606 584 sire

2027 629 2381 701 Principatus,
2410 631 2513 683 sive
2556 628 2843 682 Potestates
2888 644 2908 682 :
2944 627 3120 681 omnia
3161 641 3225 680 ea:
3270 626 3384 693 ipso
3426 633 3475 675 et
3516 638 3608 691 per

2024 723 2193 792 ipsum
2240 730 2285 774 et
2324 722 2379 775 in
2414 721 2526 791 ipso
2565 729 2739 773 creata
2776 728 2917 773 sunt.
2954 717 3159 772 Causas
3203 714 3347 769 enim
3396 728 3605 776 eorum,

2026 826 2163 881 quae
2194 810 2332 865 facta
2357 818 2499 873 sunt,
2530 811 2733 864 habens
2766 818 2890 862 ante
2915 807 3093 863 secula
3132 804 3608 877 praesubstitutas,

2024 901 2297 955 voluntate
2322 901 2460 955 bona
2487 900 2778 953 secundum
2804 913 2897 952 eas
2917 896 3181 952 visibilem
3206 904 3257 950 et
3288 892 3609 948 invisibitem

2027 1005 2093 1045 ex
2147 1005 2253 1045 non
2293 991 2559 1044 existente
2601 988 2875 1043 substituit
2910 996 3251 1050 creaturam,
3302 985 3512 1038 ratione
3557 990 3609 1035 et

2028 1083 2288 1152 sapientia
2335 1084 2514 1137 omnia
2554 1064 2846 1135 secundum
2886 1086 3246 1148 opportunum
3297 1084 3512 1143 tempus
3559 1082 3610 1127 et

2029 1174 2158 1229 fecit
2195 1182 2250 1227 et
2289 1173 2433 1229 facit.
2467 1180 2519 1226 et
2545 1187 2683 1242 quae
2714 1169 3091 1224 universaliter
3116 1164 3241 1222 Sunt
3271 1176 3326 1221 et
3351 1180 3489 1233 quae
3519 1179 3615 1230 per

2030 1265 2256 1337 singula.
2296 1250 2522 1320 Causam
2542 1265 2685 1319 enim
2714 1261 3041 1332 Angelorum
3067 1258 3360 1315 creationis
3384 1257 3617 1325 praedu-

2029 1358 2173 1412 xisse
2209 1356 2480 1410 credimus
2510 1370 2725 1410 causam
2760 1353 3182 1423 uniuscujusque
3224 1348 3617 1418 complentium

2031 1448 2310 1511 mundum,
2355 1448 2445 1515 qui
2493 1461 2654 1516 super
2697 1460 2794 1499 nos
2830 1453 2934 1509 est,
2986 1443 3341 1499 cssentiarum
3370 1448 3429 1494 et
3447 1439 3620 1492 virtue

2035 1545 2176 1602 tum;
2209 1536 2467 1590 rationem
2498 1533 2773 1588 hominum
2812 1532 3072 1586 rationem
3103 1528 3524 1597 uniuscujusque
3552 1539 3620 1579 ex

2033 1627 2143 1681 Deo
2176 1641 2297 1681 esse
2334 1625 2731 1694 accipientium,
2781 1632 2841 1677 ut
2886 1638 2992 1677 non
3032 1636 3130 1690 per
3163 1619 3372 1690 singula
3415 1619 3621 1680 dicam,

2035 1716 2297 1787 siquidem
2339 1717 2451 1785 ipse
2495 1714 2701 1769 inﬁnite
2736 1729 2832 1783 per
2874 1713 3106 1782 seipsum
3136 1708 3621 1781 supereminentia,

2034 1812 2158 1866 dum
2202 1810 2273 1865 sit
2310 1807 2590 1864 ineft‘abilis
2617 1819 2671 1863 et
2700 1806 3076 1878 intelligibilis,
3108 1816 3163 1862 et
3186 1806 3364 1861 omnis
3405 1820 3624 1858 summa

2029 1911 2335 1964 creaturae,
2375 1909 2431 1955 et
2475 1900 2758 1955 existentis
2800 1914 2896 1969 per
2938 1899 3169 1968 seipsam
3217 1906 3272 1952 et
3317 1896 3627 1951 intellectae

2029 1989 2364 2045 differentiae
2417 2000 2473 2044 et
2514 1988 2878 2053 discretionis,
2930 1988 3166 2056 seipsnm
3229 1987 3281 2038 in
3342 1983 3624 2037 omnibus.

2000 2124 2005 2131 .
2028 2094 2168 2148 quae
2196 2094 2261 2134 ex
2290 2093 2356 2135 eo
2385 2088 2533 2142 sunt,
2557 2078 2888 2149 singulorum
2923 2076 3222 2146 analogiam
3247 2075 3383 2129 bene
3407 2086 3475 2126 ac
3498 2071 3625 2140 pul-

2028 2170 2160 2225 cbre
2215 2169 2506 2224 ostendens
2546 2167 2573 2206 ά
2631 2175 2687 2222 et
2732 2166 3127 2236 multiplicans;
3170 2172 3227 2219 et
3277 2164 3331 2216 in
3381 2161 3624 2230 seipsum

2027 2262 2206 2316 omnia
2238 2258 2621 2329 recapitulans,
2644 2272 2741 2327 per
2761 2272 2920 2327 quem
2947 2264 3001 2309 et
3032 2269 3174 2320 esse,
3196 2262 3251 2308 et
3270 2264 3623 2323 permanere.

2028 2360 2082 2406 et
2112 2366 2178 2406 ex
2207 2366 2332 2419 quo.
2366 2362 2504 2418 quae
2526 2350 2703 2418 genita
2731 2357 2874 2407 sunt.
2904 2356 2959 2402 et
2983 2348 3048 2400 ad
3079 2360 3237 2415 quem
3263 2345 3441 2412 genita
3465 2352 3623 2405 sunt,

2027 2453 2081 2501 et
2106 2444 2378 2498 manentia
2408 2453 2461 2497 et
2498 2454 2643 2499 mota
2669 2441 2992 2511 participant
3021 2439 3210 2493 Deum.
3244 2435 3435 2492 Omnia
3466 2435 3619 2489 enim

2026 2534 2370 2603 participant,
2399 2548 2463 2585 eo
2489 2532 2632 2602 quod
2661 2547 2727 2586 ex
2750 2532 2860 2585 Deo
2888 2528 3030 2584 facta
3058 2536 3183 2582 sunt
3201 2566 3215 2588 ,
3243 2524 3625 2595 proportiona-

2027 2602 2152 2678 liter
2176 2602 2369 2686 Deum,
2401 2622 2514 2677 sive
2542 2636 2638 2691 per
2662 2620 3013 2681 intellectum,
3045 2618 3161 2672 sive
3183 2616 3473 2676 rationem,
3504 2611 3626 2666 sive

2029 2728 2267 2777 sensum,
2298 2714 2412 2767 sive
2432 2721 2635 2766 motum
2658 2711 2893 2774 vitalem,
2923 2708 3033 2764 sive
3056 2706 3418 2767 essentialem.
3442 2715 3499 2759 et
3520 2707 3624 2759 ha-

2027 2805 2199 2860 bitum
2230 2803 2703 2870 opportunitatem,
2734 2811 2794 2855 ut
2819 2816 3013 2869 magno
3051 2808 3106 2855 et
3154 2798 3341 2852 divino
3382 2798 3622 2851 manife-

2031 2894 2219 2948 statori
2273 2894 2525 2964 Dionysio
2568 2893 2780 2947 videtur
2828 2892 3202 2960 Areopagitae.
3242 2889 3627 2956 Unusquisque

2032 2998 2164 3051 ergo
2210 2982 2620 3052 intelligibilium
2656 2991 2711 3035 et
2751 2979 3149 3036 rationabilium
3194 2978 3507 3047 angelorum
3559 2985 3625 3031 et

2032 3074 2312 3129 hominum
2342 3088 2439 3143 per
2462 3088 2603 3135 eam,
2633 3088 2738 3141 qua
2769 3081 2984 3127 creatus
3030 3079 3145 3133 est,
3189 3071 3475 3131 rationem,
3516 3082 3627 3135 qua

2036 3166 2088 3220 in
2122 3165 2232 3218 Deo
2252 3172 2353 3226 est,
2380 3171 2435 3218 et
2461 3164 2525 3216 ad
2555 3162 2722 3218 Deum
2758 3170 2862 3225 est,
2894 3175 3021 3228 pars
3060 3168 3143 3213 est
3172 3168 3229 3214 et
3258 3160 3456 3214 dicitur
3498 3158 3625 3221 Dei,

2032 3271 2128 3325 per
2156 3270 2308 3310 suam
2340 3252 2782 3307 anteesistentem
2811 3251 2863 3304 in
2894 3251 3025 3310 Deo.
3073 3250 3214 3304 sicut
3259 3249 3461 3303 dictum
3509 3255 3622 3309 est,

2032 3361 2273 3401 causam.
2314 3345 2519 3413 Itaque,
2554 3343 2602 3398 si
2630 3342 2921 3397 secundum
2964 3341 3135 3409 ipsam
3179 3347 3520 3400 moveretur,
3566 3338 3624 3390 in

2032 3436 2144 3490 Deo
2173 3434 2346 3499 ﬁeret,
2380 3433 2433 3487 in
2469 3447 2576 3500 quo
2608 3431 2875 3487 essentiae
2902 3445 3031 3483 suae
3056 3429 3193 3482 ratio
3223 3438 3346 3483 ante
3370 3429 3537 3490 inest,
3566 3435 3628 3480 ιιι

2034 3523 2086 3578 ἰιι
2113 3525 2379 3595 principio
2403 3532 2459 3578 et
2482 3538 2666 3587 causa,
2708 3529 2763 3576 et
2803 3520 3002 3575 nullius
3049 3516 3276 3585 alicujus
3319 3526 3446 3572 ante
3492 3531 3620 3586 ιιι-ορ

2033 3615 2212 3684 prium
2241 3612 2565 3682 principium
2594 3609 2923 3666 desiderium
2959 3609 3203 3678 accipere
3229 3605 3423 3670 vellet,
3450 3619 3630 3674 neque

2034 3701 2283 3758 retineret
2311 3717 2339 3756 a
2376 3701 2505 3766 Deo,
2535 3702 2629 3756 sed
2672 3700 2843 3771 magis
2886 3715 2983 3769 per
3032 3714 3173 3763 eam,
3222 3712 3360 3767 quae
3402 3696 3469 3749 ad
3501 3711 3628 3749 eum

2034 3804 2137 3862 est,
2166 3794 2515 3850 intentionem
2545 3792 2686 3847 Deus
2723 3792 2898 3858 ﬁeret,
2928 3801 2983 3846 et
3019 3807 3148 3862 pars
3191 3789 3284 3844 Dei
3331 3789 3626 3849 diceretur,

2034 3884 2405 3955 participando
2425 3882 2849 3939 connaturaiiter
2880 3882 3070 3943 Deum,
3107 3887 3292 3948 utpote
3325 3876 3625 3931 secundum

2036 3987 2286 4033 naturam
2332 3977 2606 4044 sapienter
2651 3989 2715 4028 ac
2762 3972 3156 4027 rationabiliter
3196 3985 3292 4040 per
3340 3968 3629 4038 pulchrum

2039 4078 2243 4122 motum
2281 4081 2436 4121 suum
2474 4072 2795 4133 accepturus
2821 4062 3142 4132 principium
3164 4067 3218 4113 et
3244 4071 3487 4117 causam,
3518 4068 3627 4107 non

2040 4160 2244 4213 habens
2267 4157 2525 4211 aliorsum
2552 4156 2619 4210 de
2645 4162 2827 4210 cetero
2851 4160 2974 4223 post
3004 4166 3160 4206 suum
3201 4149 3522 4220 principium
3561 4146 3629 4199 ad

2040 4251 2328 4313 rationem,
2366 4264 2463 4316 per
2499 4263 2661 4317 quam
2687 4255 2986 4309 crearetur,
3015 4256 3298 4298 ascensum
3327 4248 3382 4293 et
3413 4238 3631 4291 restitu-

2044 4340 2241 4393 tionem
2276 4338 2545 4402 movendi,
2577 4346 2672 4423 aut
2690 4334 2959 4406 quomodo
2990 4340 3315 4395 moveretur,
3356 4331 3409 4383 in
3447 4328 3629 4381 divino

362 4422 625 4477 inﬁnitam
655 4423 1007 4479 diﬁ'erentiam
1050 4435 1105 4478 et
1146 4427 1458 4480 varietatem
1500 4426 1789 4494 prudenter
1827 4425 1941 4477 ani-
1970 4456 2020 4515 Β
2045 4428 2600 4491 videlicetdesiderio,
2630 4417 2775 4480 motu
2800 4441 2899 4480 suo
2927 4425 3098 4494 ipsum
3135 4422 3293 4475 ﬁnem
3331 4417 3632 4486 accipiente

365 4527 484 4567 mae
535 4515 1002 4584 contemplativum
1042 4517 1352 4581 adduceret,
1380 4525 1435 4570 et
1470 4516 1775 4585 inquisitiva
1820 4531 1944 4568 con-

364 4603 698 4658 discerncret
748 4606 973 4670 ratione,
1023 4621 1119 4675 per
1165 4607 1590 4675 intelligentiam,
1646 4607 1937 4660 secundum

364 4707 529 4760 quam
568 4705 746 4748 creata
794 4704 919 4771 sunt
963 4711 1200 4760 causam,
1241 4712 1344 4750 non
1372 4696 1566 4750 multas
1592 4704 1943 4763 cognosceret

364 4799 557 4839 causas
586 4802 744 4839 unam
780 4803 1018 4852 causam,
1051 4803 1259 4852 eorum,
1290 4802 1427 4856 quae
1456 4786 1595 4841 facta
1622 4794 1768 4848 sunt,
1800 4786 1943 4840 inse-

364 4872 677 4943 parabiliter
730 4877 1140 4931 cutudiscretam
1173 4887 1195 4915 ε
1229 4874 1581 4931 differentiam
1622 4891 1721 4945 per
1757 4889 1941 4928 eorum

366 4970 422 5018 et
460 4962 599 5017 inter
627 4980 684 5018 se
710 4964 937 5018 invicem
971 4975 1026 5019 et
1054 4966 1229 5036 seipsa
1276 4964 1611 5019 inconfusam
1651 4963 1947 5034 proprieta-

368 5067 510 5119 tem;
539 5063 593 5109 et
620 5055 835 5117 iterum,
869 5071 1024 5109 unam
1055 5057 1271 5122 multas,
1294 5056 1530 5110 onmium
1560 5056 1627 5109 ad
1657 5070 1781 5109 eum
1809 5055 1946 5108 rela-

370 5152 535 5213 tione,
566 5163 660 5218 per
679 5149 909 5218 scipsmn
934 5149 1211 5204 inconfuse
1229 5148 1546 5209 subsistens,
1574 5162 1737 5200 unum
1764 5161 1947 5201 essen-

372 5240 497 5295 liale
516 5251 743 5294 etunum
758 5240 1112 5295 substantiale
1131 5240 1219 5294 l‘ei
1241 5249 1295 5293 et
1315 5239 1489 5294 Patris
1506 5238 1670 5292 Deum
1687 5236 1941 5302 Verbum,

370 5332 565 5386 merito
585 5333 905 5402 principium
933 5341 986 5386 et
1013 5345 1228 5386 causam
1252 5330 1513 5393 omnium,
1553 5328 1607 5382 in
1641 5344 1743 5397 (Ιιιο
1770 5340 1946 5381 creata

2046 4522 2281 4576 divinam
2321 4520 2601 4582 visionem,
2634 4526 2693 4572 ut
2729 4516 2954 4571 Basilius
2990 4514 3229 4569 declarat
3261 4511 3313 4565 in
3359 4510 3631 4575 interpre-

2049 4611 2251 4665 tatione
2280 4610 2332 4663 in
2372 4618 2618 4663 sanctum
2661 4608 2975 4676 prophetam
3018 4603 3232 4665 Isaiam,
3280 4601 3464 4655 dicens
3506 4598 3587 4648 sic
3614 4614 3630 4647 :

2049 4699 2317 4754 Sabbatha
2369 4708 2543 4751 autem
2588 4714 2706 4750 vera
2762 4704 2881 4749 sunt
2926 4693 3148 4763 reposita
3192 4690 3391 4759 requies
3437 4685 3635 4754 populo

2046 4790 2163 4854 Dei,
2184 4805 2316 4858 quae
2342 4788 2548 4858 quidem
2569 4802 2651 4848 co,
2678 4785 2815 4855 quod
2843 4800 2964 4837 vera
2993 4791 3145 4843 sunt,
3176 4777 3352 4846 recipit
3397 4775 3537 4827 Deus
3585 4782 3635 4824 et

2048 4880 2346 4949 manifestat
2371 4894 2574 4932 summa
2605 4874 2868 4930 Sabbatlta
2894 4872 3099 4943 quietis,
3139 4869 3227 4922 ille
3268 4867 3353 4920 cui
3401 4864 3637 4918 mundus

2052 4969 2332 5037 cruciﬁxus
2384 4976 2481 5030 est,
2515 4964 2783 5019 discedens
2823 4962 3052 5029 profecto
3090 4976 3121 5011 α
3163 4954 3465 5012 mundanis,
3495 4962 3543 5002 et
3579 4953 3635 5003 in

2047 5061 2317 5129 proprium
2345 5058 2515 5111 locum
2553 5053 2843 5124 spiritualis
2881 5050 3065 5119 quietis
3100 5060 3396 5105 occurrens,
3441 5043 3495 5093 in
3526 5056 3639 5106 quo

2052 5151 2222 5220 factus
2248 5166 2352 5203 non
2371 5149 2487 5217 jam
2518 5145 2804 5215 movebitur
2842 5160 2874 5195 a
2918 5156 3014 5194 suo
3042 5138 3177 5199 loco,
3206 5136 3330 5188 dum
3370 5132 3436 5185 sit
3473 5129 3639 5220 silen-

2051 5217 2181 5295 tium
2209 5250 2256 5293 et
2287 5255 2391 5307 paa:
2418 5237 2557 5289 circa
2587 5234 2734 5286 illum
2768 5241 2982 5286 statum.
3029 5224 3277 5281 Omnium
3303 5223 3463 5290 igitur
3481 5217 3637 5307 locus

2051 5306 2323 5401 dignorum
2353 5327 2446 5380 tali
2471 5324 2783 5379 beatitudine
2832 5321 2969 5375 Deus
3018 5326 3121 5381 est,
3166 5311 3446 5369 secundum
3488 5306 3635 5377 quod

1904 5433 2151 5493 NOTAE.

431 5575 469 5604 Α
510 5564 566 5618 in
595 5561 804 5617 Graeco
832 5560 1248 5621 ἀντισηκοῦσθαι.
1284 5556 1322 5609 i.
1354 5571 1405 5609 e.
1444 5552 1794 5624 aequiparari.

444 5633 473 5671 δ
514 5632 732 5699 Legisse
756 5632 947 5683 Senius
990 5627 1471 5699 videtnrdolta'zo-p;
1500 5621 1605 5680 sed
1640 5640 1693 5677 ιιι
1736 5621 1942 5676 Graeco

373 5714 406 5751 e
429 5701 522 5755 lito
553 5697 697 5755 extat
728 5702 963 5772 δελεάσῃ.
992 5699 1026 5750 i.
1063 5714 1109 5750 e.
1145 5697 1372 5753 atiireat.

2120 5564 2139 5593 τ
2182 5552 2223 5605 1.
2256 5565 2304 5604 e.
2338 5549 2721 5603 coexistentem.

2115 5622 2140 5661 ιι
2178 5621 2235 5679 la
2264 5621 2471 5675 Graeco
2504 5616 2999 5681 διικνούμε-δον,νει”ιθ
3028 5608 3397 5679 pertransiens.
