3978 6160
718 356 817 365 ...κ-ι-
838 356 843 359 -

278 374 299 428 i
309 369 415 430 203

1355 378 1605 437 vsusro
1644 378 2103 437 Annicuonnn
2145 380 2202 436 s.
2245 381 2510 437 ΜΑΧιιιι.

3410 385 3551 440 12⁸6

271 499 526 565 scriptum
568 502 641 547 est
668 510 685 547 :
714 492 843 548 Esto
874 495 1002 549 mihi
1042 496 1097 550 in
1137 494 1301 551 Deum
1337 507 1677 567 protectorem
1721 513 1770 551 et
1813 499 1867 551 in
1899 501 1940 557 A
1971 498 2124 565 quasi
2160 512 2385 553 securus
2412 499 2581 553 Deum
2606 496 2942 553 constituens
2965 478 3346 563 concinnator;
3388 500 3557 570 siqni-

273 588 447 642 locum
495 586 753 639 munitum
801 585 1041 640 solvendi
1085 604 1183 641 me.
1242 588 1395 657 Apud
1434 604 1593 659 quem
1641 589 1868 642 ﬁrmiter

271 680 517 736 omnium
564 673 802 734 rationes
840 678 978 735 ﬁxae
1009 691 1156 745 sunt,
1177 696 1276 751 per
1304 697 1439 750 quas
1478 682 1641 734 etiam
1672 695 1869 750 cogno-

272 784 428 825 scere
452 769 629 822 omnia
657 778 783 823 ante
811 771 1209 840 generationem
1250 786 1438 825 eorum
1487 772 1702 830 dicitur,
1758 785 1867 823 me—

273 861 380 914 rito
409 861 458 914 in
487 861 606 929 ipso
646 871 693 914 et
738 863 878 932 apud
924 863 1098 933 ipsum
1150 865 1504 920 existentibus
1553 880 1649 934 per
1696 865 1865 934 ipsun

272 949 558 1003 veritatem
587 951 857 1013 omnibus,
893 953 993 1006 etsi
1023 968 1085 1007 ea
1118 954 1320 1015 omnia,
1372 962 1425 1008 et
1465 970 1603 1023 quae
1644 962 1768 1006 sunt
1814 962 1869 1005 et

271 1054 414 1108 quae
442 1037 621 1093 futura
647 1051 795 1104 sunt,
829 1058 932 1095 non
958 1043 1114 1095 simul
1149 1045 1261 1098 suis
1301 1045 1501 1107 eausis,
1553 1052 1608 1097 nt
1655 1044 1867 1113 Cognita

271 1140 451 1184 suuta
480 1130 607 1192 Deo,
640 1131 689 1184 in
719 1132 1009 1185 essentiam
1050 1135 1277 1187 adducta
1325 1145 1469 1195 sunt.
1519 1136 1611 1188 sed
1657 1136 1868 1199 singula

271 1239 519 1292 quaeque
541 1232 844 1293 opportuno
877 1233 1117 1293 tempore
1153 1228 1446 1280 secumlum
1476 1226 1750 1282 Creatoris
1783 1244 1869 1281 sa-

271 1312 530 1381 pientiam
568 1312 792 1380 pulchre
812 1310 965 1379 juxta
987 1330 1172 1368 eorum
1210 1331 1403 1369 causas
1428 1326 1608 1370 creata
1647 1328 1763 1370 sunt
1780 1358 1792 1379 ,
1816 1329 1872 1372 et

267 1416 374 1471 per
404 1416 462 1457 se
490 1417 610 1456 esse
647 1404 1295 1486 operationelaceipiunt;
1322 1407 1576 1475 quoidam
1610 1409 1726 1477 ipse
1752 1410 1870 1479 qni-

271 1492 396 1544 dem
421 1503 634 1559 semper
656 1493 950 1546 secumlum
982 1496 1350 1562 Operatiouem
1397 1506 1480 1551 est
1520 1509 1752 1560 creator,
1804 1515 1867 1553 ea

272 1595 404 1636 vero
443 1582 682 1649 potentia
715 1584 933 1652 quidem
977 1595 1121 1649 sunt,
1158 1589 1472 1654 operatione
1516 1597 1697 1642 autem
1740 1606 1870 1644 non-

271 1670 432 1735 dum;
475 1672 598 1741 quia
644 1686 818 1742 neque
861 1683 1082 1742 possunt
1119 1675 1312 1730 horum
1344 1677 1503 1731 simul
1537 1693 1660 1732 esse
1693 1679 1870 1733 inﬁni-

274 1771 386 1815 tum
412 1772 465 1816 et
490 1763 659 1828 ﬁnita,
699 1779 872 1834 neque
896 1765 1001 1820 ulla
1037 1767 1177 1822 ratio
1207 1768 1506 1838 approbare
1557 1770 1870 1824 manifesta-

1970 587 2091 640 dem
2123 587 2410 641 universae
2441 586 2517 641 rei
2548 587 2869 657 principium
2902 596 2955 642 et
2986 586 3144 641 ﬁnem
3174 588 3264 656 qui
3298 590 3347 642 in
3378 590 3559 659 seipso

1968 677 2147 741 videt,
2185 677 2482 732 subsistere
2510 679 2723 732 credit:
2758 677 3082 749 principium
3115 678 3330 748 quidem
3352 720 3368 739 .
3400 680 3557 749 quasi

1971 770 2095 822 inde
2149 769 2423 837 accipiens
2483 780 2536 822 et
2590 771 2879 824 essentiam
2935 786 3032 839 per
3083 771 3557 839 participationem

1970 858 2218 912 naturale
2274 859 2509 924 bonum;
2550 859 2711 914 ﬁnem
2763 876 2913 922 vero,
2947 859 3111 913 veluti
3156 876 3254 930 per
3290 861 3557 929 cognitio-

1972 967 2091 1005 nem
2132 952 2296 1022 ipsius
2329 951 2579 1022 principii
2626 960 2680 1006 et
2721 953 3051 1021 appetitum,
3093 952 3451 1014 laudabilem,
3491 953 3557 1004 ad

1970 1042 2143 1110 ipsum
2175 1043 2291 1095 sine
2321 1056 2509 1095 errore
2538 1042 2825 1095 ducentem
2857 1057 2978 1095 cum
3013 1042 3362 1095 festinatione
3392 1041 3557 1117 perﬁ-

1969 1135 2118 1187 cieus
2149 1146 2389 1187 cursum.
2425 1147 2522 1200 per
2553 1147 2712 1200 quem
2746 1132 2803 1185 ﬁt
2838 1132 2974 1184 Deus
3004 1148 3067 1184 ex
3103 1133 3231 1194 Deo,
3268 1132 3405 1184 Dens
3437 1144 3561 1186 esse

1970 1225 2272 1293 accipiens;
2300 1224 2491 1275 merito
2510 1225 2802 1276 scentulum
2828 1223 3112 1293 imaginem
3138 1223 3366 1276 naturali
3392 1223 3555 1283 bono,

1970 1314 2243 1367 voluntate
2271 1354 2285 1374 ,
2335 1328 2428 1381 per
2460 1314 2685 1367 virtutes
2724 1313 2931 1367 addens
2963 1312 3371 1366 similitudinem
3399 1353 3412 1377 ,
3461 1326 3562 1382 per

1972 1403 2190 1457 insitam
2246 1404 2310 1455 ad
2365 1403 2643 1471 proprium
2699 1402 3023 1471 principium
3077 1404 3450 1456 ascensionem
3507 1407 3565 1456 et

1972 1496 2419 1549 familiaritatem.
2458 1497 2515 1549 Et
2551 1496 2803 1566 impletur
2829 1497 2895 1550 de
2919 1506 3100 1551 cetero
3128 1498 3179 1550 in
3210 1498 3326 1567 ipso
3348 1504 3563 1567 aposto-

1973 1587 2109 1642 licus
2131 1602 2310 1641 sermo
2336 1587 2523 1641 dicens
2551 1604 2563 1639 :
2593 1585 2652 1639 In
2679 1588 2788 1657 ipso
2820 1589 2955 1641 enim
2977 1588 3191 1642 vivimus
3220 1598 3268 1640 et
3298 1601 3562 1639 movemur

1973 1688 2020 1733 et
2050 1695 2249 1732 sumus.
2306 1677 2395 1732 Fit
2433 1679 2576 1731 enim
2620 1679 2671 1732 in
2713 1679 2819 1733 Deo
2855 1696 2951 1749 per
2980 1679 3354 1734 excellentiam
3405 1688 3559 1731 ante-

1975 1768 2296 1822 exi-tentcm
2341 1767 2393 1820 in
2432 1768 2541 1820 Deo
2573 1768 2844 1821 essentiae
2884 1768 3146 1821 rationem
3182 1782 3286 1821 non
3317 1781 3566 1820 corrum-

271 1852 439 1918 bitur,
475 1854 663 1908 horum
696 1856 857 1910 siuml
891 1872 1011 1913 esse
1038 1858 1222 1914 valens
1256 1863 1544 1914 essentiam
1588 1872 1641 1915 et
1682 1878 1869 1932 supcr-
1903 1843 1943 1900 Β
1974 1872 2106 1926 p‘ns
2132 1898 2146 1920 ,
2200 1866 2252 1911 et
2299 1868 2544 1910 movetur
2584 1859 2635 1910 in
2679 1858 2787 1911 Deo
2818 1858 3112 1911 sccundmn
3148 1857 3562 1926 praecrdentem

271 1946 581 2011 essetttiale,
609 1955 664 2001 et
691 1947 745 2000 in
786 1947 1014 2016 idipsum
1056 1940 1255 2005 ducere
1292 1967 1479 2006 menso
1525 1952 1866 2017 immemum,

270 2045 327 2091 et
354 2038 428 2101 ei,
454 2039 599 2107 quod
631 2040 682 2093 in
710 2040 894 2096 habitu
927 2052 1032 2108 est,
1066 2044 1209 2111 quod
1250 2054 1400 2099 caret
1442 2046 1775 2112 habitudine,
1814 2056 1871 2102 et

271 2130 415 2197 quod
451 2130 650 2185 nullam
683 2133 844 2187 habet
872 2134 923 2188 in
955 2151 1014 2189 se
1037 2138 1345 2206 categoriae
1374 2139 1609 2207 speciem
1637 2137 1870 2193 aﬁirma-

275 2228 386 2297 tam
418 2230 470 2274 et
495 2236 587 2289 per
616 2239 805 2278 omnes
826 2240 920 2280 eas
948 2228 1341 2298 categoriarum
1375 2229 1625 2284 videlicet
1662 2232 1870 2300 species

272 2312 590 2367 constituto.
629 2312 821 2369 Omnia
847 2316 1013 2379 enim,
1040 2332 1179 2386 quae
1200 2327 1379 2373 creata
1405 2328 1551 2383 sunt,
1573 2321 1867 2375 secundum

273 2403 568 2456 essentiam
592 2412 646 2459 et
674 2406 1080 2474 generationem
1115 2407 1337 2463 omnino
1363 2409 1414 2463 in
1442 2411 1711 2465 omnibus
1730 2409 1871 2463 afﬁr-

274 2500 494 2547 mantur
523 2508 619 2563 per
643 2493 866 2561 fortnas,
902 2508 956 2551 et
994 2499 1351 2554 existentibus
1370 2514 1582 2564 eorum,
1611 2516 1749 2564 otiae
1773 2516 1870 2555 ex-

278 2583 547 2638 trinsecus
600 2596 724 2638 sunt
774 2587 917 2641 circa
968 2603 1111 2652 eam,
1167 2590 1466 2644 rationibus
1506 2590 1869 2645 continentur.

276 2670 501 2727 Sublata
535 2673 718 2744 itaque
742 2691 950 2731 summa
977 2688 1031 2732 et
1060 2663 1364 2733 abdicativa
1395 2678 1556 2734 Verbi
1583 2680 1868 2750 theologia,

274 2764 571 2819 secundum
614 2781 776 2836 quam
828 2783 1003 2838 neque
1053 2769 1253 2826 dicitur
1304 2785 1480 2841 neque
1539 2771 1867 2843 intelligitur,

273 2868 454 2923 neque
492 2865 576 2911 est
618 2860 839 2914 omnino
886 2860 1013 2929 quid
1060 2861 1219 2916 alicui
1273 2863 1633 2933 cognitorum,
1680 2864 1873 2919 merito

275 2949 744 3016 superessentiale,
775 2967 949 3022 neque
978 2968 1007 3007 a
1034 2955 1264 3024 quodam
1288 2955 1397 3011 ullo
1425 2956 1580 3010 modo
1611 2957 1660 3008 in
1693 2956 1873 3026 aliquo

273 3037 660 3108 participatur;
712 3042 913 3097 multae
950 3058 1148 3099 causae
1191 3060 1296 3098 una
1344 3060 1509 3100 causa
1551 3055 1654 3108 est,
1685 3056 1739 3100 et
1766 3061 1871 3099 una

274 3127 499 3183 multae.
540 3128 674 3184 Nam
702 3134 997 3188 secundum
1026 3134 1224 3190 bonam
1258 3152 1323 3191 ac
1365 3137 1645 3206 pulchram
1687 3137 1740 3191 in
1782 3152 1869 3200 ea,

1973 1948 2025 2001 in
2069 1948 2177 2001 Deo
2219 1947 2357 2001 bene
2403 1963 2522 2001 esse
2568 1949 2852 2013 rationem,
2908 1963 3005 2016 per
3031 1948 3259 2001 virtutes
3307 1959 3562 2016 cperans,

1971 2047 2026 2092 et
2074 2038 2207 2091 vivit
2256 2037 2309 2090 in
2367 2036 2475 2091 Deo
2525 2038 2822 2111 secundum
2875 2036 3292 2106 praecedentem
3348 2036 3399 2088 in
3454 2033 3563 2089 Deo

1972 2143 2186 2197 semper
2215 2143 2336 2182 esse
2371 2128 2657 2181 rationem.
2719 2127 2816 2181 llic
2855 2127 3071 2196 quidem
3113 2127 3224 2195 jam
3268 2124 3564 2179 secumlnm

1973 2219 2360 2289 impassibilem
2392 2218 2547 2273 valde
2578 2219 2822 2272 habitmn
2858 2218 2908 2271 id
2942 2219 3114 2287 ipsum
3154 2216 3371 2269 sibimet
3403 2223 3454 2267 et
3485 2214 3565 2266 in-

1973 2310 2373 2365 commutabilis
2400 2320 2481 2364 est
2512 2327 2525 2363 :
2559 2310 2611 2363 in
2646 2309 2826 2362 futuro
2858 2325 2984 2363 vero
3032 2308 3216 2362 seculo
3266 2304 3563 2361 secundum

1974 2401 2154 2465 datam
2190 2400 2398 2454 tbcosin
2432 2399 2740 2467 praedictas
2780 2399 2831 2450 in
2874 2398 2984 2452 Deo
3015 2396 3401 2450 antecedentes
3428 2410 3558 2448 cau-

1973 2506 2083 2553 sas,
2119 2491 2287 2560 magis
2335 2499 2512 2543 autem
2565 2490 2757 2553 Demn,
2797 2490 2849 2542 iu
2897 2504 3006 2558 quo
3054 2501 3249 2541 causae
3300 2488 3564 2540 bonorum

1972 2583 2247 2654 praeﬁxae
2276 2594 2425 2647 sunt,
2458 2583 2511 2637 in
2543 2583 2770 2637 caritate
2801 2597 2992 2636 anians
3019 2591 3072 2634 rt
3105 2581 3477 2636 salutaturus:
3512 2587 3568 2634 et

1974 2687 2056 2730 est
2086 2691 2216 2745 pars
2244 2676 2358 2737 Dei,
2396 2685 2456 2729 ut
2482 2685 2565 2730 est
2595 2690 2689 2744 per
2715 2675 2984 2729 esscntiae
3016 2689 3147 2727 suae
3178 2673 3229 2726 in
3261 2673 3371 2726 Deo
3401 2672 3569 2726 ratio-

1974 2784 2123 2833 ncm,
2147 2777 2202 2822 et
2232 2777 2291 2822 ut
2320 2768 2494 2824 bonus
2517 2783 2616 2838 per
2642 2768 2779 2821 bene
2807 2766 3020 2821 essendi
3053 2766 3106 2820 in
3140 2765 3250 2820 Deo
3276 2760 3565 2828 rationem,

1974 2871 2030 2916 et
2059 2870 2116 2913 ut
2144 2860 2288 2914 Deus
2315 2874 2412 2930 per
2441 2874 2655 2928 semper
2680 2857 2892 2913 essendi
2933 2856 3223 2920 rationem,
3258 2856 3449 2908 merito
3474 2868 3568 2908 eas

1973 2952 2278 3009 honorans.
2330 2959 2386 3005 et
2431 2949 2726 3005 secundum
2769 2963 2864 3003 eas
2904 2962 3175 3015 operans,
3232 2956 3287 3000 et
3334 2960 3429 3014 per
3474 2959 3568 2997 eas

1974 3046 2212 3115 seipsum
2241 3043 2455 3111 quidem
2489 3041 2599 3096 Deo
2629 3041 2731 3097 soli
2764 3056 2862 3111 per
2893 3048 3062 3094 totum
3095 3039 3361 3099 inserens,
3399 3036 3566 3090 Deum

1976 3154 2105 3192 vero
2145 3136 2318 3191 solum
2360 3135 2579 3190 sibimet
2607 3149 2703 3203 per
2732 3141 2903 3187 totum
2933 3140 2989 3186 et
3025 3128 3333 3199 imaginans
3366 3136 3422 3195 et
3457 3125 3567 3180 for-

274 3233 417 3287 quae
436 3231 584 3287 sunt,
611 3223 769 3279 unius
794 3234 850 3280 et
881 3225 1156 3282 factricem
1188 3237 1244 3282 et
1265 3228 1717 3283 continuatrieem
1740 3244 1868 3298 pro-
1902 3206 1946 3267 (ἶ
1978 3244 2155 3289 mans,
2197 3227 2271 3281 ita
2311 3236 2371 3280 ut
2410 3235 2464 3279 et
2499 3225 2611 3295 ipse
2650 3224 2720 3279 sit
2752 3224 2925 3293 gratia
2965 3230 3019 3276 et
3056 3229 3282 3276 vocetur
3324 3219 3484 3283 Dens,
3512 3227 3569 3272 et

274 3310 579 3366 cessionem
604 3313 806 3369 multae
833 3331 959 3370 una.
987 3315 1093 3371 Per
1119 3332 1248 3373 vero
1280 3318 1332 3372 in
1378 3335 1541 3373 unum
1576 3317 1870 3374 multorum

275 3402 681 3458 conversoriam
705 3415 760 3459 et
783 3407 1245 3462 manuductriccm
1270 3408 1586 3462 relationem
1616 3416 1669 3463 et
1694 3408 1872 3474 provi—

275 3493 536 3555 dentiam,
559 3495 702 3549 velut
719 3496 769 3550 in
792 3497 1110 3566 principium
1133 3498 1495 3568 omnipotens,
1512 3508 1606 3552 aut
1624 3508 1868 3553 centrum

277 3592 551 3637 rectarum
583 3600 649 3638 ex
681 3600 746 3639 eo
770 3586 1035 3641 linearum
1080 3589 1342 3658 principia
1384 3589 1782 3657 praeambiens,
1818 3598 1871 3643 et

277 3675 360 3731 sic
380 3692 569 3732 omnes
588 3695 943 3750 congregans,
974 3697 1076 3734 una
1102 3682 1319 3736 multae.
1346 3681 1479 3735 Pars
1504 3682 1665 3750 igitur
1688 3697 1871 3735 sumus

278 3776 337 3821 et
363 3768 595 3822 dicimur
623 3769 741 3834 Dei,
768 3787 832 3823 eo
855 3772 996 3839 quod
1022 3772 1289 3826 essentiae
1320 3781 1533 3825 nostrae
1554 3772 1655 3823 rati
1681 3787 1791 3824 :nes
1818 3772 1869 3824 in

277 3857 391 3914 Deo
420 3860 869 3928 pracsubstitutae
893 3861 1031 3927 sint;
1057 3861 1282 3914 [luentes
1306 3877 1431 3914 vero
1458 3862 1738 3913 desursum
1773 3862 1871 3915 ite-

278 3960 400 3998 rum
426 3945 677 4009 dicimur,
701 3961 766 3999 eo
787 3947 927 4015 quod
949 3962 1052 3999 non
1076 3948 1368 4000 secundum
1397 3947 1446 3999 in
1479 3946 1588 4000 Deo
1613 3946 1871 4013 praesuli-

277 4036 559 4090 sistentem
579 4051 932 4106 causam,per
953 4052 1111 4105 quam
1131 4036 1253 4091 facti
1279 4053 1482 4098 sumus,
1503 4037 1629 4088 muti
1652 4034 1865 4088 fuimus.

350 4122 657 4177 Secundum
696 4124 925 4177 alterum
966 4141 1179 4193 quoque
1217 4125 1432 4178 modum
1478 4123 1633 4176 facile
1672 4134 1750 4176 est
1786 4124 1871 4191 pie

282 4229 465 4267 amare
496 4231 683 4267 eorum
710 4256 724 4276 ,
768 4232 909 4284 quae
948 4226 1111 4278 sunt,
1162 4234 1381 4270 causam
1415 4218 1627 4269 erudito
1667 4216 1731 4268 de
1772 4217 1872 4269 hoc

280 4304 547 4356 rationem
581 4320 920 4373 percurrere.
972 4306 1027 4360 Si
1069 4309 1212 4371 enim
1255 4307 1546 4360 essentiqu
1586 4307 1873 4376 unicuique

281 4391 500 4446 virtutis
529 4408 691 4445 unum
735 4394 1031 4447 subsistere
1065 4396 1155 4448 Dei
1190 4393 1421 4446 Verbun
1459 4411 1562 4447 non
1596 4396 1872 4447 dubitatur

276 4513 350 4527 ι·-
370 4500 491 4538 nam
534 4485 769 4538 essentia
798 4486 1037 4538 omnium
1075 4486 1329 4538 virtutum
1362 4485 1475 4553 ipse
1504 4496 1586 4538 cst
1617 4487 1872 4540 Dominus

278 4586 469 4629 noster
498 4586 550 4628 et
585 4577 723 4630 Deus
752 4575 909 4630 διέδυς»
946 4576 1225 4636 Christus.
1269 4578 1407 4631 sicut
1446 4580 1705 4646 scriptum
1746 4590 1866 4633 est:
1902 4555 1949 4613 D

281 4666 387 4731 Qui
420 4666 593 4733 factus
631 4680 707 4719 est
747 4669 894 4720 nobis
935 4686 965 4721 α
998 4668 1109 4721 Dco
1140 4670 1428 4737 sapientia,
1472 4681 1519 4722 et
1551 4671 1784 4739 justiiia.
1825 4681 1872 4728 et

278 4757 652 4825 sanctiﬁcatio,
680 4769 725 4811 et
760 4759 1081 4828 redemptio;
1114 4746 1354 4828 proferto
1389 4761 1543 4822 haec,
1568 4777 1704 4829 quae
1731 4763 1870 4815 dicta

279 4855 441 4910 sunt,
482 4848 725 4902 absolute
758 4850 809 4901 in
842 4850 1022 4918 seipse
1055 4851 1212 4903 habet
1242 4848 1398 4918 jure,
1432 4852 1523 4918 qui
1562 4860 1640 4903 est
1683 4867 1779 4921 per
1814 4865 1873 4904 se

280 4937 547 5006 sapientia
581 4945 633 4989 et
665 4937 868 5003 iustitia
902 4950 954 4993 et
984 4941 1266 5003 sanctitas,
1299 4950 1347 4994 et
1386 4957 1489 4994 non
1525 4944 1665 4994 sicut
1694 4943 1744 4993 in
1782 4958 1873 4994 no‘

280 5026 366 5080 bis
391 5044 513 5081 cum
540 5030 876 5093 deﬁnitione,
902 5033 1047 5084 verbi
1080 5034 1270 5101 gratia.
1298 5034 1433 5086 sicut
1466 5036 1680 5103 sapiens
1712 5036 1869 5087 homo

283 5127 378 5173 aut
400 5119 582 5187 justus
616 5122 773 5174 homo
800 5154 869 5163 --
896 5125 1074 5177 unmis
1121 5125 1361 5193 pri-freto
1410 5125 1570 5176 homo
1619 5126 1868 5178 virtuti-nt

282 5212 582 5266 secundum
617 5212 858 5265 habitum
895 5213 1056 5267 ftan
1091 5216 1438 5283 participans,
1467 5215 1582 5266 sine
1610 5214 1872 5281 ambigui-

287 5312 400 5357 tate
452 5301 616 5354 Deum
670 5306 955 5373 participat.
1005 5306 1295 5358 cs<eutiam
1348 5307 1645 5362 virtutum.
1706 5305 1871 5358 veluti

286 5393 551 5447 naturalis
582 5410 763 5447 semen
797 5397 917 5448 boni
944 5396 1171 5449 ﬁdeliter
1196 5412 1289 5465 per
1312 5396 1638 5448 voluntatem
1667 5395 1872 5458 colens,

284 5494 340 5538 et
369 5482 421 5536 id
453 5484 625 5551 ipsum
653 5486 941 5538 ostenlens
971 5486 1236 5554 principio
1265 5485 1446 5547 ﬁnem,
1472 5494 1525 5538 et
1553 5485 1874 5553 principium

287 5576 379 5633 ﬁni
403 5618 418 5639 ,
453 5577 625 5643 magis
652 5592 780 5632 vero
810 5578 859 5630 id
893 5580 1067 5647 ipsum
1101 5578 1426 5649 principium
1458 5593 1577 5632 esse
1606 5588 1659 5630 et
1691 5581 1870 5639 linem,

1973 3322 2114 3376 Deus
2141 3322 2213 3374 sit
2241 3318 2721 3383 condescensione,
2752 3326 2807 3371 et
2834 3325 3059 3371 vocetur
3083 3330 3180 3385 per
3207 3329 3266 3369 se
3296 3313 3482 3377 homo,
3510 3320 3567 3366 et

1976 3423 2160 3467 mutuo
2192 3412 2243 3465 in
2279 3412 2383 3465 hoc
2411 3408 2604 3464 affectu
2640 3408 2961 3462 ostendatur
2990 3407 3184 3468 virtus,
3215 3419 3358 3474 quae
3385 3411 3438 3457 et
3470 3402 3569 3456 lio-

1974 3506 2172 3558 minem
2208 3504 2317 3556 Deo
2347 3515 2444 3569 per
2470 3499 2707 3552 divinum
2737 3513 2979 3550 amorem
3012 3496 3225 3550 deiﬁeat
3247 3534 3263 3558 ,
3303 3501 3358 3547 et
3394 3492 3563 3545 Deum

1972 3595 2174 3648 homini
2208 3607 2304 3661 per
2334 3594 2627 3645 humanum
2676 3604 2915 3643 amorem
2966 3589 3306 3651 inbumauat,
3334 3593 3390 3639 et
3435 3582 3567 3635 facit

1972 3684 2299 3752 perbonam
2347 3681 2756 3736 conversionem
2806 3679 2975 3733 Deum
3021 3677 3237 3746 quidem
3288 3674 3564 3728 hominem

1973 3786 2067 3838 per
2098 3769 2332 3822 hominis
2365 3769 2783 3828 deiﬁcalionem,
2814 3776 2869 3820 et
2920 3767 3196 3819 hominem
3249 3764 3416 3817 Deum
3468 3775 3566 3830 per

1966 3862 2066 3915 Dei
2101 3860 2622 3914 inhumana:ionem.
2665 3859 2788 3911 Vult
2818 3860 2961 3911 enim
2989 3873 3202 3927 semper
3228 3865 3281 3910 et
3310 3857 3363 3909 in
3389 3854 3566 3908 omni-

1972 3952 2073 4006 bus
2105 3951 2196 4003 Dei
2232 3951 2466 4005 Verbum
2500 3959 2546 4003 et
2582 3950 2720 4002 Deus
2751 3964 2845 4002 sua
2881 3947 3318 4015 incorporatione
3349 3945 3563 4014 operari

1959 4043 2317 4118 .mystcrium.
2379 4040 2478 4106 Qui
2515 4054 2641 4091 vero
2674 4054 2827 4091 smnu
2863 4038 3174 4107 relinquens
3205 4035 3555 4106 principium,

1972 4149 2101 4201 pars
2135 4132 2225 4185 Dei
2265 4130 2593 4184 constitutus
2627 4144 2724 4200 per
2756 4128 3077 4181 existentem
3114 4126 3165 4178 in
3199 4126 3314 4194 ipso
3343 4124 3564 4177 virtutis

1974 4224 2234 4275 rationem
2269 4220 2561 4274 secundum
2600 4220 2862 4272 redditam
2900 4233 3122 4271 causam
3155 4257 3168 4279 ,
3197 4216 3262 4268 ad
3304 4214 3379 4279 id,
3417 4214 3563 4282 quod

1977 4330 2079 4366 non
2110 4321 2214 4375 est,
2250 4310 2696 4365 irrationabiliter
2724 4308 2914 4373 fertur,
2949 4317 3093 4361 recte
3123 4308 3189 4360 de
3217 4320 3434 4359 sursum
3465 4303 3558 4356 tle-

1975 4404 2140 4458 iluerc
2178 4404 2396 4463 dicitur,
2433 4417 2537 4455 non
2571 4402 2637 4454 ad
2676 4418 2831 4453 suum
2865 4396 3187 4468 principium
3228 4406 3281 4449 et
3318 4410 3560 4454 causam,

1977 4510 2004 4547 a
2037 4511 2140 4563 qua
2173 4502 2227 4546 et
2261 4493 2312 4545 in
2347 4508 2450 4559 qua
2492 4500 2545 4543 et
2586 4507 2682 4559 per
2711 4506 2871 4558 quam
2907 4488 3078 4541 factus
3108 4494 3220 4549 est,
3255 4493 3467 4545 motus;
3510 4493 3565 4535 et

1974 4593 2057 4636 est
2087 4585 2135 4635 in
2166 4593 2342 4635 meatu
2382 4581 2619 4634 instabili
2650 4591 2702 4632 et
2730 4577 3126 4631 iuordinatione
3158 4574 3323 4627 ﬁuxili
3351 4574 3564 4627 animae

1976 4683 2029 4727 et
2057 4673 2297 4743 corporis
2322 4688 2350 4724 a
2377 4688 2479 4724 non
2505 4682 2721 4724 errante
2749 4679 2803 4723 et
2828 4668 3083 4721 similiter
3116 4667 3344 4720 habente
3370 4681 3559 4727 causa,

1977 4767 2043 4818 ad
2076 4766 2146 4825 id,
2182 4764 2323 4835 quod
2358 4764 2554 4816 malum
2588 4773 2691 4825 est,
2729 4761 3038 4815 voluntario
3072 4768 3345 4813 momento
3376 4759 3565 4826 expu'-

1976 4858 2180 4911 sionem
2207 4872 2358 4925 suam
2386 4869 2673 4925 peragens;
2698 4870 2759 4905 c.\
2791 4868 2895 4921 quo
2921 4862 2971 4904 et
3006 4849 3171 4904 ﬂuere
3194 4849 3407 4919 proprie
3429 4847 3564 4901 dicio

1978 4958 2083 5010 tur,
2125 4964 2188 5000 eo
2225 4920 2364 5017 qiiml
2403 4947 2453 5000 iu
2481 4961 2538 4999 se
2576 4955 2751 4997 mutue
2775 4945 2838 4996 ad
2875 4944 3040 4996 Deum
3082 4938 3558 5009 inseparabiliter!

1976 5038 2184 5091 animai-
2206 5053 2420 5106 gressus
2445 5036 2709 5095 faciendo,
2736 5033 2907 5085 valido
2930 5031 3223 5101 potentiae,
3243 5027 3381 5096 quod
3413 5027 3561 5079 dete-

1979 5129 2090 5182 rius
2120 5112 2209 5182 est
2236 5136 2289 5180 et
2312 5127 2449 5195 quod
2479 5142 2581 5178 non
2613 5135 2716 5183 est,
2747 5139 2843 5192 pro
2875 5123 3077 5177 Incliori
3098 5120 3279 5174 volens
3310 5112 3554 5170 mutavit.

2051 5219 2156 5271 llas
2207 5227 2420 5279 autem,
2479 5233 2610 5283 quas
2667 5216 2904 5269 dixeram
2944 5213 3199 5268 rationes.
3264 5208 3375 5275 ipse
3437 5205 3559 5282 qui-

1978 5308 2098 5361 dem
2144 5307 2464 5375 Arenpagita
2524 5316 2742 5359 sanctus
2787 5304 3068 5372 Dionysius
3117 5292 3565 5369 praedestinatiu-

1982 5416 2076 5452 nes
2128 5408 2182 5452 et
2232 5399 2443 5452 divinas
2482 5398 2780 5451 voluntates
2814 5395 2992 5449 vocari
3032 5409 3059 5445 a
3089 5391 3264 5444 divina
3295 5386 3561 5455 scriptura

1980 5508 2077 5544 nos
2118 5490 2326 5544 edocet.
2376 5490 2744 5559 Similiterque
2789 5498 2843 5541 et
2886 5488 2975 5555 qui
3016 5484 3295 5538 sintcirca
3331 5479 3561 5533 Pantae-

1980 5597 2105 5633 nnm
2153 5582 2330 5652 magni
2374 5581 2669 5635 Clementis
2714 5579 2967 5643 anticum,
3009 5577 3096 5645 qui
3142 5574 3314 5630 factus
3341 5579 3421 5626 est
3448 5584 3563 5626 uta-

1810 5692 1986 5747 NO'l'A
1999 5694 2057 5748 Ε.

365 5792 389 5820 ι
419 5779 475 5837 lu
508 5778 711 5835 Graeco
741 5782 1013 5859 ἀδηρίτως,
1045 5784 1092 5836 id
1125 5793 1203 5838 est
1232 5784 1341 5837 sine
1369 5781 1668 5855 o/fcnsione.
