3978 6160
383 310 513 362 Ιὲἷΐῖ

1727 314 2010 369 Joasxts
2050 312 2257 392 scort

3505 316 3529 370 i
3539 316 3646 371 208

376 422 548 490 gister
599 422 887 482 Stromatci
928 441 978 494 α,
1020 430 1228 487 divinos
1273 433 1572 488 voluntates
1612 451 1641 489 a
1683 435 1963 504 Scriptura
1996 436 2041 492 Α
2072 431 2370 498 hominum,
2397 433 2705 501 Quicunque
2743 426 2942 487 nullam
2974 430 3268 485 secundum
3298 438 3525 493 motum,
3554 432 3648 502 qui

378 517 560 569 vocari
600 518 806 583 dicunt,
851 519 971 576 inde
1012 524 1326 595 interrogali
1366 542 1396 579 a
1426 527 1748 596 quibusdam
1780 545 1966 599 super-

381 604 465 660 bis
510 606 560 660 in
604 624 789 663 eorum
834 614 1176 679 eruditione,
1234 632 1371 685 quae
1416 619 1754 673 extrinsecus
1799 629 1963 686 sunt,

380 699 649 763 quomodo
673 716 999 771 cognoscere
1026 720 1110 769 ea,
1140 722 1279 775 quae
1305 716 1450 771 sunt,
1483 709 1648 763 Deum
1677 710 1968 764 aestimant

382 790 694 855 Christiani,
740 797 1158 866 suscipientibus
1186 800 1312 861 illis,
1348 801 1780 857 iutcllcctualiter
1812 803 1967 858 intel-

382 878 604 948 ligibilia
646 895 701 937 et
738 888 1364 952 sensualiter'scnsilqdlia
1396 908 1517 946 eum
1548 909 1874 961 cognoscere
1904 910 1966 949 ea

384 988 522 1038 quae
561 984 706 1029 sunt.
755 978 1186 1048 Restiondemus,
1210 998 1384 1052 neque
1425 986 1750 1040 sensualiter
1795 986 1969 1041 sensi—

384 1059 534 1126 liilia,
559 1078 733 1132 neque
770 1066 1204 1124 intellectualiter
1236 1072 1639 1127 intellectualia.
1680 1072 1795 1128 Non
1823 1075 1967 1128 enim

385 1165 505 1202 esse
550 1154 803 1220 possibile
843 1168 947 1220 est,
999 1169 1058 1212 ut
1098 1162 1333 1215 ostendit
1372 1164 1530 1234 ratio,
1574 1179 1716 1228 eum,
1761 1167 1851 1235 qui
1888 1173 1972 1220 est

384 1253 548 1306 Stlpt‘l‘
587 1256 670 1298 ea.
715 1259 852 1310 quae
891 1256 1033 1308 sunt,
1086 1263 1180 1316 per
1218 1265 1307 1314 ea,
1349 1266 1486 1318 quae
1521 1265 1668 1316 sunt,
1705 1267 1788 1315 ea.
1831 1269 1970 1323 quae

384 1337 530 1390 sunt,
557 1332 836 1401 accipere;
866 1337 958 1389 sed
994 1337 1134 1391 sicut
1166 1355 1290 1392 suas
1315 1340 1617 1396 voluntates
1643 1357 1970 1410 cognoscere

384 1434 509 1471 eum
535 1422 764 1477 dicimus
802 1440 863 1478 ca
904 1441 1043 1495 quae
1072 1439 1216 1495 sunt,
1246 1429 1502 1486 addentes
1526 1434 1689 1487 etiam
1717 1450 1780 1489 ex
1808 1450 1970 1489 causa

388 1510 876 1568 ratiocinationem.
925 1516 982 1571 Si
1024 1520 1166 1573 enim
1202 1521 1477 1577 voluntate
1516 1525 1698 1580 omnia
1738 1525 1888 1591 fecit,
1918 1536 1973 1582 et

388 1601 534 1657 nulla
574 1609 896 1663 contradicit
938 1612 1094 1677 ratio,
1119 1629 1447 1684 cognoscere
1489 1628 1668 1671 autem
1698 1634 1849 1673 suam
1879 1636 1971 1674 vo-

388 1693 647 1751 luntatem
676 1698 863 1762 Demn,
892 1717 1107 1773 semper
1142 1706 1288 1775 pium
1330 1707 1509 1762 dicere
1546 1720 1601 1762 et
1634 1707 1837 1776 justum
1865 1719 1969 1772 est,

2069 525 2134 579 ad
2161 524 2320 578 finem
2343 534 2444 591 est,
2474 524 2796 579 naturaliter
2819 522 3222 593 comp‘actarum
3242 521 3321 574 eis
3342 520 3649 576 divinarum

2067 617 2337 671 rationum
2374 617 2441 672 ab
2471 619 2585 687 ipso
2611 615 2869 672 Creatore
2907 632 3003 686 per
3043 614 3424 685 negligentiam
3464 628 3650 668 corru-

2066 715 2285 776 perunt,
2302 706 2473 777 magis
2489 716 2665 760 autem
2684 707 2890 776 seipsos
2905 713 3267 775 temperanter
3283 702 3651 768 salvaverunt,

2068 807 2212 854 totos
2255 799 2763 863 inconversibiliter,
2794 807 2979 868 utpote
3018 795 3233 851 divinae
3261 810 3464 867 organa
3496 802 3658 848 natu-

2067 902 2180 950 rae,
2208 894 2263 940 et
2293 902 2412 942 esse
2442 897 2495 940 et
2526 886 2735 941 futuros
2761 901 2880 942 esse
2907 887 3162 949 scientes,
3190 900 3328 954 quos
3358 898 3458 952 per
3478 891 3649 935 totum

2071 986 2214 1032 totus
2270 977 2694 1046 circumspirans
2738 988 2760 1016 ε
2811 977 2953 1030 Deus
3015 975 3070 1029 in
3143 975 3362 1029 modum
3409 975 3644 1035 animae,

2068 1067 2235 1121 veluti
2276 1068 2519 1122 membra
2546 1068 2787 1136 corporis
2817 1080 3091 1138 compacta
3122 1077 3171 1121 et
3201 1065 3404 1134 optima
3430 1064 3657 1118 Domino

2072 1157 2241 1213 factos
2265 1159 2331 1211 ad
2364 1159 2691 1214 voluntatem
2725 1167 2942 1222 tractat,
2960 1167 3030 1231 _et
3064 1158 3284 1226 propria
3329 1156 3515 1225 implet
3546 1154 3660 1224 glo-

2072 1253 2152 1305 ria
2182 1259 2237 1307 et
2270 1251 2622 1316 beatitudine,
2650 1252 2819 1305 vitam
2847 1251 2982 1305 dans
3018 1260 3073 1304 et
3117 1250 3329 1303 donans
3356 1257 3657 1309 aeternam,

2072 1353 2233 1412 atque
2263 1341 2608 1407 ineffabilem,
2636 1350 2692 1396 et.
2731 1342 2981 1396 omnibus
3028 1339 3202 1397 modis
3244 1339 3497 1393 universa
3530 1336 3662 1390 libe-

2074 1448 2188 1488 ram
2234 1433 2542 1502 cognitione
2578 1434 2905 1488 constitutae
2945 1432 3288 1503 proprietatis
3337 1430 3663 1500 praesentis,

2073 1535 2127 1578 et
2154 1540 2250 1594 per
2279 1524 2679 1593 corruptionem
2724 1510 3052 1578 constitutae
3092 1523 3254 1575 vitae.
3288 1520 3460 1587 Quam
3510 1517 3663 1572 vide-

2075 1612 2197 1667 licet
2227 1614 2388 1666 vitam
2421 1622 2695 1667 aeternam
2736 1627 2842 1665 non
2884 1626 2976 1665 aer
3007 1612 3299 1680 inspirans,
3330 1623 3509 1676 neque
3538 1622 3667 1661 san-

2075 1702 2254 1772 guinis
2302 1702 2463 1757 rivuli
2513 1711 2670 1772 epate
2720 1701 2951 1757 fluentes
2978 1701 3338 1765 constituunt,
3382 1698 3477 1753 sed
3520 1699 3665 1751 Deus

390 1788 808 1859 tiuumquodque
847 1805 972 1845 vero
1011 1809 1217 1858 eorum,
1246 1810 1385 1864 quae
1431 1796 1571 1851 facta
1613 1807 1756 1862 sunt,
1787 1798 1973 1855 volens
2004 1780 2048 1837 Β
2080 1801 2221 1847 totus
2267 1793 2396 1847 totis
2426 1792 2807 1862 participatns,
2851 1800 2909 1846 et
2953 1791 3169 1845 animae
3225 1790 3281 1843 in
3328 1787 3550 1842 modum
3598 1784 3668 1838 ad

387 1872 549 1939 fecit;
598 1878 762 1948 igitur
808 1890 866 1935 ut
907 1899 1033 1939 suas
1074 1885 1380 1942 voluntates
1421 1887 1563 1942 Deus
1602 1891 1881 1959 cognoscit
1908 1906 1971 1945 ea

387 1979 527 2033 quae
550 1977 696 2032 sunt,
739 1972 994 2040 quoniam
1038 1982 1093 2027 et
1132 1974 1316 2030 volens
1356 1991 1441 2039 ea,
1475 1993 1616 2047 quae
1649 1987 1794 2044 sunt,
1824 1978 1971 2035 fecit.

390 2056 527 2112 lliuc
552 2069 607 2113 et
633 2076 733 2130 ego
761 2063 1030 2130 aspiciens
1070 2080 1267 2120 censeo
1311 2069 1605 2123 secundum
1650 2070 1749 2125 has
1774 2072 1976 2128 dixisse

389 2146 715 2214 scripturam
734 2151 969 2207 rationes
996 2153 1098 2208 hoc
1119 2172 1129 2205 :
1149 2153 1532 2226 Cognoscebam
1554 2168 1602 2212 te
1622 2175 1779 2228 super
1798 2176 1977 2217 omnes

391 2235 457 2287 ad
484 2234 727 2307 Moysen.
754 2246 809 2293 et
843 2241 907 2294 de
933 2243 1255 2312 quibusdam
1279 2244 1381 2299 hoc
1404 2263 1417 2299 :
1447 2245 1695 2317 Cognovit
1714 2247 1978 2305 .Dominus

387 2326 479 2395 qui
497 2339 617 2382 sunt
638 2331 740 2394 sui,
767 2342 823 2386 et
848 2332 1042 2388 iterum
1061 2335 1162 2390 hoc
1184 2336 1250 2389 ad
1270 2338 1531 2406 quosdam
1551 2356 1563 2392 :
1584 2338 1706 2393 Non
1728 2341 1845 2394 novi
1872 2358 1976 2397 vos.

391 2416 481 2471 Sic
504 2417 747 2488 profecto
769 2437 1208 2494 unumquemque
1223 2435 1316 2480 aut
1332 2427 1629 2482 secundum
1645 2428 1977 2485 voluntatem

390 2521 446 2565 et
480 2513 767 2580 rationem,
797 2524 892 2570 aut
917 2527 1106 2572 contra
1130 2519 1464 2575 voluntatem
1492 2529 1548 2575 et
1581 2521 1845 2576 rationem
1883 2521 1977 2577 Dei

387 2598 728 2659 voluntarius
749 2614 929 2661 motus
949 2606 1187 2661 divinam
1208 2609 1396 2663 audire
1413 2624 1599 2664 vocem
1614 2613 1979 2682 praeparavit.

464 2692 608 2749 llaec
658 2703 714 2749 et
753 2695 1059 2764 huiusmodi
1105 2696 1370 2752 deiferum
1413 2698 1558 2753 hunc
1606 2699 1784 2755 virum
1833 2700 1980 2757 arbio

391 2789 509 2834 tror
555 2781 944 2852 intelligentem
1000 2785 1181 2840 dicere
1233 2802 1252 2841 :
1317 2803 1435 2840 cum
1483 2786 1735 2857 deiforme
1786 2790 1883 2844 hoc
1933 2801 1981 2846 et

391 2871 629 2926 divinum
666 2883 904 2928 nostrum
949 2876 1185 2930 animum
1222 2886 1271 2931 et
1309 2877 1564 2932 rationem
1615 2880 1830 2949 proprio
1887 2881 1983 2933 ad-

391 2961 741 3028 miscebimus,
772 2972 821 3017 et
850 2963 1022 3035 imago
1059 2974 1345 3020 revertetur
1380 2966 1450 3020 ad
1486 2965 1776 3036 principale
1809 2984 1989 3022 exem-

391 3052 532 3118 plar,
576 3053 727 3123 cujus
758 3071 895 3109 nunc
931 3054 1082 3109 habet
1110 3058 1429 3126 appetitum;
1462 3070 1527 3111 ac
1563 3071 1662 3125 per
1685 3057 1788 3112 hoc
1827 3058 1980 3113 simi-

394 3143 518 3198 liter
555 3158 651 3214 pcr
695 3160 863 3215 pauca
910 3146 1045 3201 haec
1080 3147 1245 3201 verba
1288 3145 1648 3217 quodcunque
1695 3147 1984 3218 aliquando
2010 3127 2056 3190 Ο

396 3246 608 3299 eorum,
639 3250 780 3305 quae
825 3244 973 3300 sunt,
1023 3237 1264 3303 tetigisse
1305 3252 1613 3291 mensuram
1652 3236 1985 3294 arbitrantes

395 3326 791 3381 aestimandum
829 3328 1200 3383 doctrinaliter
1234 3329 1547 3394 retrahere,
1590 3339 1645 3384 et
1682 3332 1983 3395 rationem,

394 3414 655 3484 quomodo
678 3432 803 3485 pars
833 3415 927 3469 Dei
957 3432 1158 3480 sumus,
1183 3417 1474 3484 declarare,
1495 3426 1552 3473 et
1590 3417 1825 3473 futuram
1854 3420 1989 3474 bea-

401 3515 487 3559 tae
508 3504 705 3574 quietis
722 3506 1104 3575 proprietatem
1139 3507 1463 3572 insinuasse,
1490 3515 1544 3562 et
1564 3508 1629 3561 ad
1658 3509 1987 3564 immobilem

397 3596 574 3665 ipsius
605 3608 659 3652 et
688 3599 949 3667 quietem,
982 3608 1037 3653 et
1069 3598 1216 3653 nullo
1245 3599 1404 3654 modo
1431 3600 1719 3654 cadentem
1749 3598 1987 3655 fructum

404 3689 665 3743 incitasse
687 3690 738 3743 in
772 3705 855 3754 ea,
893 3706 1033 3760 quae
1064 3690 1116 3744 in
1145 3691 1248 3746 hoc
1276 3700 1377 3757 est,
1421 3706 1514 3760 spe
1538 3700 1798 3762 purgatos
1828 3702 1881 3747 et
1913 3691 1995 3749 fe-

402 3780 693 3834 stinantes.
739 3780 1034 3849 Oportebat
1078 3782 1244 3847 enim,
1296 3783 1747 3851 quemadmodum
1786 3786 1853 3840 ad
1890 3786 1993 3842 hoc

400 3870 671 3925 habemus
702 3871 832 3925 etin
866 3872 1101 3927 esse:.tia
1142 3880 1196 3927 et
1237 3874 1447 3929 ratione
1476 3875 1742 3939 notiones,
1783 3892 1879 3947 per
1909 3893 1994 3931 ra-

402 3961 605 4015 tionein
666 3971 721 4016 et
772 3972 1020 4017 naturam
1077 3973 1223 4019 recte
1268 3964 1484 4034 quidem
1529 3965 1737 4036 ingredi
1801 3967 1994 4037 simplo

396 4054 619 4111 ordine.
649 4063 705 4108 et
734 4070 831 4109 nos
883 4055 1000 4111 sine
1056 4056 1204 4110 omni
1249 4056 1613 4126 qualicunque
1651 4057 1992 4128 quaestione,

338 4198 361 4233 ᾖ
403 4145 551 4198 circa
580 4160 741 4214 quam
765 4145 932 4199 solam
961 4155 1015 4200 et
1043 4161 1268 4216 peccare
1296 4156 1379 4201 est
1398 4160 1452 4202 et
1474 4147 1604 4214 falli,
1637 4148 1993 4213 deiformiter,

386 4244 670 4308 quantum
698 4237 956 4307 possibile
980 4245 1082 4303 est,
1105 4238 1286 4292 omnia
1312 4253 1731 4307 cognoscemus;
1757 4256 1862 4294 non
1884 4240 1995 4311 jam

406 4341 512 4395 per
543 4326 900 4395 ignorantiam
949 4328 1130 4393 abeo,
1164 4329 1255 4399 qui
1280 4329 1424 4384 circa
1467 4345 1531 4385 ea
1578 4338 1682 4395 est,
1720 4340 1868 4386 motu
1905 4331 2000 4385 de-

406 4417 568 4481 tenti,
596 4418 790 4472 merito
819 4434 1014 4489 magno
1043 4421 1225 4474 animo
1254 4429 1310 4475 et
1344 4421 1539 4476 rationi
1570 4431 1625 4478 et
1651 4422 1865 4493 spiritui
1902 4438 1999 4477 no-

2078 1900 2273 1954 corpus
2302 1884 2516 1937 animae
2568 1891 2624 1936 et
2663 1897 2762 1953 per
2789 1882 3044 1958 mediam
3094 1881 3331 1935 animam
3375 1878 3440 1932 ad
3469 1892 3670 1946 corpus

2080 1974 2272 2038 factus,
2307 1973 2448 2028 sicut
2487 1973 2637 2028 novit
2679 1973 2812 2042 ipse,
2851 1981 2912 2026 ut
2940 1987 3003 2027 ea
3033 1971 3249 2041 quidem
3280 1968 3671 2025 inconversibi-

2079 2066 2284 2131 litatem
2313 2064 2561 2134 accipiat,
2595 2064 2725 2118 illud
2758 2078 2889 2118 vero
2923 2062 3408 2124 immortalitatem,
3437 2068 3491 2113 et
3523 2068 3671 2112 totus

2079 2155 2241 2209 homo
2281 2154 2562 2209 deiﬁcetur
2596 2168 2693 2223 per
2733 2152 3064 2207 inbumanati
3095 2153 3189 2206 Dei
3246 2150 3474 2222 gratiam
3517 2147 3671 2202 deiﬁ-

2080 2244 2284 2310 cautis;
2312 2250 2457 2297 totus
2488 2242 2703 2312 quidem
2760 2242 2922 2297 homo
2957 2255 3182 2296 manens
3224 2239 3518 2295 secundum
3550 2237 3666 2291 ani-

2080 2353 2226 2391 mam
2270 2345 2326 2391 et
2346 2329 2676 2406 corpus‘per
2710 2345 2982 2400 naturam,
3035 2342 3090 2389 et
3138 2340 3283 2387 totus
3307 2329 3481 2386 factus
3526 2327 3674 2381 Deus

2082 2414 2378 2482 secundum
2407 2427 2645 2480 animam
2672 2434 2727 2481 et
2756 2440 2955 2494 corpus
2985 2440 3081 2494 per
3103 2424 3360 2494 gratiam,
3393 2429 3448 2474 et
3473 2433 3674 2473 conve-

2082 2520 2323 2574 nientem
2350 2518 2453 2574 sibi
2479 2534 2575 2589 per
2614 2527 2784 2573 totum
2813 2518 3050 2587 divinam
3092 2500 3286 2573 beatae
3329 2513 3531 2585 gloriae
3556 2510 3672 2563 cla-

2084 2612 2325 2675 ritatem,
2360 2620 2672 2681 postquam
2710 2608 2847 2663 nihil
2883 2616 2969 2663 est
2995 2606 3064 2660 ad
3094 2602 3498 2671 intelligendum
3539 2599 3679 2654 luci-

2085 2701 2208 2758 dius
2234 2710 2330 2757 aut
2362 2699 2652 2757 excelsius.
2694 2699 2833 2767 Quid
2876 2700 3021 2755 enim
3052 2701 3283 2758 θιώσεως
3322 2693 3498 2765 dignis
3525 2707 3678 2746 ama—

2084 2791 2269 2856 bilius,
2308 2805 2593 2861 perquam
2645 2789 2787 2845 Deus
2834 2788 2939 2844 diis
2988 2788 3150 2844 factis
3205 2787 3410 2851 unitus,
3451 2786 3679 2840 omnino

2085 2884 2493 2940 universitatem
2523 2897 2675 2939 suam
2705 2881 2835 2937 facit
2858 2897 2955 2953 per
2976 2878 3311 2937 bonitatem?
3346 2877 3424 2931 Ac
3450 2890 3553 2947 per
3578 2876 3681 2930 hoc

2087 2977 2500 3033 delectationem
2530 2986 2585 3033 et
2609 2975 2915 3046 passionem
2941 2983 2999 3030 et
3034 2972 3285 3043 gaudium
3335 2970 3469 3025 bene
3498 2967 3682 3024 nomi-

2086 3070 2330 3125 naverim
2355 3069 2517 3125 talem
2543 3076 2768 3134 statum,
2789 3067 2884 3137 qui
2904 3074 2999 3122 est
3018 3079 3116 3136 per
3140 3064 3373 3119 divinam
3399 3061 3679 3123 notitiam,

2086 3170 2144 3216 et
2167 3168 2593 3229 consequentem
2622 3174 2681 3214 se
2704 3157 2945 3212 laetitiae
2974 3155 3240 3210 fructum:
3268 3150 3679 3207 delectationem

2085 3249 2304 3319 quidem
2352 3249 2572 3314 merito,
2617 3248 2743 3302 dum
2773 3247 2845 3302 sit
2874 3246 2999 3299 linis
3028 3242 3354 3299 naturalium
3400 3238 3679 3308 Operatio-

2087 3355 2237 3404 num,
2267 3338 2347 3394 sic
2390 3337 2981 3393 enim'delectationem
3022 3335 3327 3397 definiunt;
3369 3330 3679 3399 passionem

2088 3446 2239 3494 vero,
2269 3429 2431 3484 veluti
2473 3429 2857 3485 extendentem
2898 3427 3176 3491 virtutem,
3204 3435 3259 3480 et
3304 3424 3370 3477 ad
3421 3421 3496 3485 id,
3539 3419 3679 3489 quod

2090 3519 2241 3586 facit,
2274 3519 2349 3584 id,
2378 3519 2522 3589 quod
2551 3519 2779 3589 patitur,
2803 3512 3480 3579 iuduccntem,secundum
3505 3507 3681 3562 reddi-

2095 3621 2202 3667 tam
2228 3610 2371 3665 aéris
2398 3610 2464 3665 ad
2499 3608 2673 3664 lucem
2707 3616 2764 3663 et
2814 3608 2883 3661 ad
2934 3608 3110 3677 ignem
3138 3602 3268 3657 ferri
3304 3596 3683 3670 paradigmatic

2094 3718 2214 3758 cam
2240 3718 2479 3770 causam,
2498 3710 2555 3756 et
2581 3700 2895 3756 credibilem
2919 3696 3239 3752 naturaliter
3263 3709 3327 3747 ac
3347 3705 3495 3753 vere,
3513 3700 3682 3756 neque

2094 3792 2237 3846 aliud
2258 3789 2383 3859 quid
2408 3805 2529 3846 esse
2556 3801 2771 3862 praeter
2795 3790 2921 3852 hoc,
2948 3803 3157 3847 eorum,
3181 3798 3322 3854 quae
3351 3789 3498 3844 sunt,
3533 3777 3683 3846 capi-

2097 3883 2267 3938 tulum
2294 3882 2422 3955 [hoc
2463 3890 2547 3936 est
2573 3875 3141 3948 consummationem],
3186 3889 3347 3944 quam
3376 3866 3685 3968 impassibi-

2096 3975 2223 4029 litas
2273 3979 2578 4043 opportune
2628 3972 2905 4040 sequitur;
2958 3968 3211 4039 gaudium
3277 3975 3494 4032 quoque
3540 3971 3682 4025 iure,

2097 4067 2223 4121 dum
2253 4064 2386 4120 nihil
2423 4064 2621 4119 habeat
2644 4061 3090 4133 contrapositum,
3134 4069 3308 4124 neque
3334 4049 3687 4145 praeteritum

2098 4171 2275 4226 neque
2302 4154 2573 4221 futurum;
2610 4152 2862 4224 gaudium
2895 4150 3042 4204 enim
3082 4147 3266 4202 dicunt
3313 4155 3488 4209 neque
3514 4137 3686 4190 tristi~

2101 4246 2231 4299 tiam
2252 4260 2424 4314 nosse
2454 4244 2829 4314 praeteritam,
2863 4253 3035 4307 neque
3065 4252 3130 4291 ex
3158 4235 3352 4289 timore
3379 4229 3684 4314 satietatem

2101 4313 2382 4403 acceptum
2437 4313 2504 4387 iri
2545 4330 2911 4402 spectandam,
2966 4327 3108 4381 sicut
3168 4318 3479 4376 delectatio.
3533 4313 3687 4369 Unde

2101 4424 2265 4479 etiam
2304 4422 2470 4478 veluti
2504 4420 2985 4478 demonstrativam
3021 4412 3438 4485 appellationem
3478 4406 3686 4461 futurae

405 4516 581 4560 strum
603 4508 840 4562 animum
873 4518 926 4564 et
954 4510 1216 4564 rationem
1239 4518 1296 4565 et
1317 4510 1589 4580 Spiritum,
1618 4492 1790 4581 magis
1813 4523 1995 4567 autem
2024 4492 2076 4552 Ῑ)
2103 4512 2350 4568 veritatis
2375 4512 2759 4567 subsistentem
2791 4509 3149 4563 decreverunt
3184 4503 3385 4570 ubique
3423 4508 3479 4552 et
3512 4513 3541 4549 a
3584 4495 3688 4548 Deo

410 4598 510 4650 toti
540 4597 648 4651 Deo
696 4607 835 4652 totos
879 4615 977 4653 nos
1032 4600 1198 4669 ipsos.
1233 4599 1397 4653 veluti
1445 4601 1724 4670 principali
1751 4600 1996 4672 exemplo

412 4703 610 4757 imago,
642 4690 958 4745 accedentes
980 4691 1030 4755 ιι,
1050 4691 1188 4745 sicut
1218 4692 1381 4745 etiam
1414 4691 1464 4743 in
1489 4705 1760 4755 sermone,
1793 4692 1884 4761 qui
1917 4700 2000 4747 est

415 4781 481 4834 de
508 4780 787 4851 grandine,
821 4783 1009 4837 edocet
1044 4783 1123 4837 sic
1169 4783 1353 4837 dicens
1384 4799 1398 4836 :
1441 4781 1510 4835 Et
1540 4799 1633 4836 nos
1672 4784 1880 4853 quidem
1914 4786 1999 4837 in-

412 4870 641 4940 eﬂ'abilis
670 4870 764 4924 lua:
812 4874 1055 4940 accipiet,
1096 4882 1142 4927 et
1177 4882 1388 4927 sanctae
1429 4889 1492 4925 ac
1536 4872 1726 4942 regalis
1775 4884 2005 4928 contem-

417 4961 581 5031 platio
612 4962 863 5015 trinitatis
886 4962 1229 5017 illuminantis
1250 4961 1459 5032 planius
1486 4971 1533 5015 et
1566 4961 1746 5031 purius
1769 4972 1815 5017 et
1845 4964 2002 5017 totius

418 5056 515 5108 toti
547 5053 720 5107 animo
752 5055 966 5116 mixtae,
997 5072 1154 5124 quam
1183 5055 1340 5109 etiam
1377 5054 1543 5109 solum
1575 5070 1787 5124 regnum
1828 5054 2002 5109 caelo-

420 5161 538 5200 rum
565 5162 656 5216 ego
678 5162 846 5215 pono,
877 5160 998 5199 cum
1031 5144 1386 5198 delectatione
1417 5143 1714 5198 delectatur
1737 5152 1793 5197 et
1840 5144 2006 5199 lacta—

422 5246 531 5302 tnr,
563 5246 620 5291 ut
650 5237 754 5301 lus,
786 5251 925 5305 quae
957 5244 1082 5289 sunt
1107 5234 1295 5301 ipsius,
1328 5233 1502 5287 audax
1525 5234 1844 5303 omjungatn
1869 5249 2008 5303 quae

424 5345 542 5384 mea
574 5338 720 5391 sunt,
750 5329 929 5383 omnis
959 5338 1207 5381 creatura
1261 5325 1540 5378 rationalis
1587 5325 1899 5395 angelorum
1953 5334 2008 5378 et

2106 4604 2353 4673 inspirati
2382 4617 2677 4661 sermones.
2694 4611 2750 4655 et
2764 4616 2830 4656 ex
2851 4599 2932 4654 eis
2954 4598 3134 4652 divina
3147 4594 3421 4664 sapientes
3437 4585 3687 4659 mysteria

2107 4696 2298 4750 Patres
2321 4695 2510 4748 nostri.
2536 4694 2722 4762 Itaque
2736 4688 3185 4761 quemadmodum
3206 4687 3257 4738 in
3285 4682 3514 4736 transitu
3530 4693 3689 4747 appr

2112 4796 2193 4842 ret
2220 4802 2317 4857 per
2341 4802 2426 4840 me
2473 4785 2767 4853 paululum,
2799 4790 2854 4836 et
2886 4779 3202 4834 naturaliter
3225 4785 3281 4830 et
3310 4790 3408 4843 per
3433 4772 3685 4845 [scriptu-

2113 4874 2255 4948 ram]
2286 4874 2474 4929 Patres
2500 4882 2776 4927 ostensum
2820 4878 2922 4932 est,
2951 4867 3218 4937 quomodo
3247 4863 3452 4917 mullum
3481 4874 3686 4918 eorum,

2109 4980 2249 5036 quae
2272 4965 2413 5019 facta
2440 4971 2582 5027 sunt,
2619 4976 2852 5030 unquam
2877 4960 3023 5015 sistis
3054 4966 3222 5019 motu,
3240 4969 3417 5022 neque
3439 4953 3490 5005 in
3516 4963 3573 5004 sc
3599 4965 3689 5001 se—

2110 5055 2345 5110 cundum
2369 5053 2605 5106 divinam
2631 5049 3049 5120 speculationem
3074 5045 3277 5113 accepit
3301 5043 3551 5111 quietem,
3568 5050 3689 5090 cum

2112 5145 2197 5200 bis
2213 5159 2449 5213 quoque,
2466 5143 2734 5212 quomodo
2758 5139 3089 5210 impossibile
3114 5147 3197 5191 est
3223 5138 3273 5189 iu
3300 5136 3410 5189 Deo
3438 5144 3692 5201 perman-

2113 5235 2285 5289 sionis
2326 5234 2608 5303 dignorum
2665 5230 2982 5300 reprehendi
3036 5227 3366 5281 firmitatem.
3420 5217 3689 5288 Quatuodn

2115 5326 2258 5378 enim
2297 5335 2381 5379 est
2417 5322 2693 5394 possibile,
2726 5328 2785 5373 ut
2826 5320 2929 5383 his,
2962 5332 3098 5388 quae
3125 5317 3265 5372 dicta
3296 5321 3442 5376 sunt,
3472 5319 3691 5379 parvum

1960 5432 2210 5524 NOTAE.

498 5568 522 5598 ι
552 5557 642 5611 Sic
673 5557 721 5611 J.
755 5556 950 5611 Scottis
1005 5553 1166 5606 Verte
1203 5562 1249 5606 et
1296 5549 1599 5607 Pantaenus
1633 5553 1722 5619 qui
1762 5549 2011 5617 magister

424 5626 526 5695 {uit
556 5626 848 5680 Clementis’
869 5625 1048 5690 Magni
1080 5622 1381 5695 Stromatei.

504 5696 530 5737 δ
564 5695 621 5752 lit
664 5696 872 5752 Graeco
899 5699 960 5756 ὡς
995 5693 1283 5767 ἀρχετύπῳ
1313 5693 1462 5749 εἰκόνι
1514 5695 2008 5763 προσχωρήσαντας.

2119 5548 2283 5603 Verte
2306 5548 2588 5619 principali
2610 5528 2895 5616 exemplari
2914 5544 3139 5619 iconeiu.
3160 5543 3542 5613 permittentes,
3579 5543 3689 5589 cet.

2192 5631 2213 5659 ε
2256 5619 2461 5674 Graece
2491 5620 2726 5695 περιφύς,
2752 5618 3112 5687 complectens.
