3940 6168
295 228 446 283 ἱεύθ

1366 219 1609 278 VERSlO
1649 217 2104 276 AMBIL'L'ORL'M
2142 219 2197 274 S.
2241 219 2499 274 MAXIMI.

3400 223 3530 276 illi)

289 340 557 410 quoddam
583 337 648 390 ad
671 335 1131 390 confirmationem
1161 347 1224 387 ex
1250 334 1746 388 ratiocinationibus
1766 334 1858 387 de-
1885 340 1932 396 Α
1961 343 2106 387 ctum
2141 334 2552 416 providentiam,
2601 341 2653 385 ct
2699 331 2764 385 dc
2793 329 3062 398 diligendo
3103 332 3349 398 proximo
3388 307 3534 391 sictit

290 447 413 485 mus
441 428 784 498 adjutorium,
820 426 985 481 semel
1016 427 1066 479 in
1103 425 1212 479 Deo
1237 425 1664 479 substantialiter
1694 425 1863 478 factos

291 520 560 589 ingratam
584 532 680 586 per
708 516 1030 571 desiderium
1061 515 1334 582 aceeplsse
1377 517 1704 577 satietatem,
1737 515 1864 567 dum

287 611 467 664 omnis
488 610 706 662 satietas
729 607 1018 661 secundum
1049 622 1201 660 suam
1228 606 1490 659 rationem
1516 613 1571 659 et
1597 607 1866 661 deﬁnitio-

293 715 418 753 nem
462 699 752 751 constituta
796 695 1120 750 desiderium
1155 695 1452 764 extinguat,
1489 704 1542 749 et
1571 695 1867 748 secundum

290 789 428 841 duos
464 786 822 840 constituatur
860 785 1066 838 modos.
1115 784 1222 837 Aut
1266 784 1429 848 enim,
1459 799 1597 853 quae
1623 783 1866 850 subjecta

293 887 442 939 sunt,
465 875 631 930 veluti
674 890 835 942 parva
866 875 1312 928 circumscribens
1341 875 1664 929 desiderium
1687 875 1866 927 extin-

292 969 429 1036 guit,
453 975 545 1019 aut
565 979 825 1034 spernens
845 965 1007 1018 veluti
1036 965 1206 1032 turpia
1230 979 1294 1018 ac
1314 965 1571 1018 deformia
1593 965 1872 1017 abomina-

297 1067 416 1122 tur;
447 1071 516 1111 ex
542 1057 626 1109 his
647 1056 867 1109 satietas
895 1055 1010 1109 ﬁeri
1037 1055 1331 1108 consuevit.
1361 1053 1502 1107 Deus
1530 1069 1657 1108 vero
1679 1064 1871 1106 natura

297 1149 599 1200 subsistens
639 1145 876 1198 inﬁnitus
925 1159 988 1197 ac
1035 1145 1322 1213 pretiosus,
1371 1146 1660 1199 extendere
1701 1145 1872 1213 magis

300 1235 594 1288 fruentimn
612 1249 669 1288 se
682 1248 776 1304 per
788 1233 1251 1303 participationem
1272 1235 1337 1285 ad
1359 1233 1431 1296 id,
1449 1233 1589 1300 quod
1605 1232 1870 1285 inﬁnitum

298 1334 406 1390 est,
429 1325 752 1380 desiderium
778 1324 1071 1378 consuevit.
1097 1323 1152 1376 Si
1175 1333 1353 1376 autem
1375 1322 1476 1377 hoc
1504 1337 1709 1387 verum,
1736 1323 1874 1376 sicut

301 1430 358 1470 et
382 1425 486 1480 est,
515 1431 617 1468 non
643 1424 762 1468 erat
791 1415 952 1484 igitur
980 1414 1088 1478 illa,
1111 1429 1251 1484 quae
1271 1415 1415 1467 dicta
1443 1423 1548 1478 est,
1585 1415 1761 1467 unitas
1789 1429 1875 1466 ra-

305 1506 665 1568 tionabitium,
704 1519 842 1572 quae
879 1503 1184 1557 satietatem
1227 1502 1496 1571 accipiens
1529 1515 1876 1570 perseveran-

304 1601 430 1659 tiae,
446 1600 584 1662 qu'ae
601 1594 654 1645 in
675 1592 808 1658 Deo,
836 1592 1032 1662 partita
1046 1599 1214 1655 est,et
1235 1605 1302 1645 ex
1319 1591 1535 1659 propria
1560 1589 1876 1644 discissione

303 1777 504 1838 bonum
533 1772 1003 1841 circumscriptum
1051 1769 1311 1824 faciamus
1341 1777 1392 1822 et
1424 1769 1552 1833 vile,
1591 1767 1750 1822 veluti
1789 1783 1877 1821 sa-

303 1871 493 1922 tietate
517 1864 748 1934 quadam
778 1861 1219 1925 circumﬁnitum,
1247 1869 1304 1914 et
1342 1859 1622 1914 seditionis
1653 1873 1874 1913 causam

301 1960 502 2014 factam
531 1957 657 2022 illis,
688 1969 918 2024 quorum
944 1953 1268 2008 desiderium
1295 1952 1368 2016 id,
1401 1952 1544 2022 quod
1576 1951 1877 2004 incommu-

303 2048 470 2104 tabile
497 2057 599 2111 est,
633 2056 815 2100 tenere
844 2058 950 2098 non
978 2042 1170 2113 potuit.
1200 2041 1266 2094 Et
1293 2056 1360 2094 ne
1395 2042 1685 2094 vanitatem
1718 2041 1880 2093 talem

304 2142 528 2209 quidam
576 2140 641 2192 de
682 2147 864 2192 cetero
908 2135 1131 2190 adorent
1183 2143 1231 2196 ιι,
1268 2140 1328 2185 ιιι
1370 2132 1500 2184 mihi
1540 2132 1775 2194 videtur,
1816 2145 1880 2182 ea

303 2245 446 2299 quae
461 2244 567 2281 non
593 2235 722 2280 sunt
738 2227 1020 2295 tingentes,
1043 2230 1120 2286 et,
1149 2221 1294 2288 quod
1313 2235 1378 2274 eo
1402 2219 1640 2289 gravius,
1667 2219 1883 2271 beatum

307 2323 451 2373 hunc
479 2317 716 2379 Patrem,
744 2313 908 2367 veluti
950 2311 1077 2365 talia
1106 2310 1424 2378 sapientem,
1463 2308 1882 2367 calumnientur,

308 2409 364 2462 in
394 2423 503 2477 quo
533 2421 640 2462 non
663 2404 836 2460 solum
861 2416 921 2457 se
941 2417 1006 2457 ex
1033 2400 1199 2470 priori
1230 2399 1409 2467 Specie
1439 2398 1576 2451 vitae
1597 2397 1804 2450 animas
1827 2397 1884 2450 in

307 2510 537 2565 corpora
571 2496 756 2548 venire
784 2493 836 2545 in
874 2490 1129 2544 ultionem
1157 2502 1364 2552 eorum,
1393 2501 1530 2556 quae
1557 2493 1681 2539 ante
1697 2498 1886 2554 perpe-

311 2599 450 2641 trata
479 2595 627 2646 sunt,
660 2582 922 2637 malorum
952 2579 1192 2634 dicentes
1220 2585 1612 2645 consequenter
1640 2583 1884 2644 possunt,

310 2678 406 2730 sed
419 2687 472 2728 et
489 2673 624 2727 alios
637 2672 896 2726 seducere
911 2668 988 2723 sic
1004 2667 1222 2731 habere,
1239 2664 1625 2719 rationabiliter
1644 2663 1888 2718 conando

310 2781 407 2836 per
427 2777 776 2834 personarum
799 2759 1142 2831 probitatem,
1166 2771 1337 2825 neque
1357 2757 1492 2810 bene
1512 2769 1686 2822 neque
1701 2762 1887 2807 sancte

313 2865 560 2926 agentes,
583 2853 675 2906 sed
693 2851 837 2914 illos,
859 2850 950 2917 qui
972 2850 1051 2902 sic
1074 2846 1292 2910 habent,
1317 2845 1514 2898 habere
1535 2843 1888 2907 dimittentes,

313 2962 416 3001 nos
444 2945 547 3016 ipsi
575 2945 662 3014 pie
686 2941 1013 2996 intellectum
1038 2937 1282 3009 magistri
1307 2953 1430 2991 cum
1461 2937 1566 3001 his,
1590 2949 1727 3004 quae
1747 2935 1890 2989 dicta

316 3047 466 3102 sunt,
501 3039 664 3092 etiam
692 3048 786 3102 per
812 3033 976 3085 alium
999 3029 1480 3099 eontemplabimur
1508 3027 1744 3080 modum.

389 3127 504 3181 Non
535 3126 772 3178 arbitror
819 3122 982 3192 igitur
1033 3121 1301 3174 humanae
1346 3132 1468 3172 eum
1524 3116 1890 3187 generationis

318 3219 429 3283 hic,
465 3217 559 3270 sed
589 3216 859 3285 ingenitae
903 3213 952 3265 ei
1000 3210 1250 3265 miseriae
1299 3224 1518 3264 causam
1549 3224 1772 3262 narrare
1802 3223 1895 3263 vo-

318 3308 502 3362 luisse.
547 3306 760 3374 Lageus
787 3301 930 3356 enim
975 3299 1216 3368 corporis
1264 3299 1436 3352 nostri
1485 3296 1756 3350 miseriam
1800 3311 1896 3365 per

321 3401 424 3452 hoc
473 3395 698 3450 dicendo
749 3410 762 3446 :
823 3390 868 3444 0
926 3389 1341 3459 conjunctionem
1401 3399 1447 3440 et
1495 3388 1894 3456 separationem,

320 3505 500 3561 quam,
538 3488 664 3540 dum
709 3487 883 3549 timeo,
929 3485 1333 3551 circumsequor,
1364 3491 1410 3534 et
1435 3481 1572 3550 quod
1599 3496 1718 3532 amo
1746 3478 1895 3547 dedi,

323 3593 379 3638 et
409 3582 638 3651 reliqua,
691 3587 746 3634 et
797 3578 961 3632 veluti
987 3578 1128 3646 apud
1185 3575 1532 3644 semetipsum
1583 3573 1894 3627 deliberans

325 3676 392 3729 de
435 3687 595 3729 caUSa
631 3686 840 3735 eorum,
876 3669 1072 3738 quibus
1121 3666 1558 3729 dehonestamur,
1613 3664 1898 3730 malorum,

325 3776 381 3821 et
433 3775 620 3821 contra
666 3779 785 3818 eam
841 3759 1237 3830 sapientissima
1291 3757 1574 3827 prudentia
1625 3757 1903 3825 disputans

325 3871 424 3927 per
455 3858 555 3911 hoc
603 3856 742 3924 quod
785 3854 951 3908 dicit:
1019 3850 1166 3916 Quae
1218 3865 1340 3918 erga
1379 3864 1460 3902 me
1518 3848 1797 3917 sapientia,
1853 3855 1903 3899 et

327 3948 467 4020 quod
533 3961 778 4015 magnum
853 3941 1197 4012 mysterium?
1283 3940 1524 4002 addidit,
1583 3937 1904 3991 solutionem

329 4039 488 4107 plane
518 4033 745 4097 faciens,
797 4032 874 4085 sic
906 4048 920 4085 :
953 4033 1033 4084 An
1082 4029 1190 4081 vult
1233 4037 1431 4097 partem
1464 4044 1556 4080 nos
1580 4042 1687 4079 esse
1715 4025 1832 4088 Dei,
1858 4034 1905 4078 et

329 4129 603 4181 desursum
640 4126 874 4194 ﬂuentes,
933 4132 986 4174 ut
1040 4136 1144 4173 non
1189 4135 1280 4188 per
1322 4120 1628 4186 dignitatem
1668 4116 1905 4181 exaltati,

331 4232 376 4270 et
405 4217 648 4269 caelestia
689 4209 1122 4279 contemplantes;
1157 4208 1502 4276 despiciumus
1531 4206 1827 4258 Creatorem
1853 4207 1906 4258 in

333 4310 613 4362 luctatione
636 4323 695 4360 ac
721 4320 915 4375 pugna,
945 4319 1077 4371 quae
1101 4311 1280 4353 contra
1301 4315 1486 4368 corpus
1511 4311 1606 4362 est,
1641 4301 1707 4348 ad
1734 4298 1904 4366 ipsum

332 4419 532 4474 semper
554 4399 930 4471 aspiciendam,
961 4406 1006 4450 et
1035 4395 1366 4463 conjunctam
1407 4393 1763 4459 inﬁrmitatem
1811 4408 1910 4443 nu-

335 4499 580 4551 trituram
601 4510 708 4548 esse
747 4492 1033 4562 dignitatis.
1068 4476 1158 4542 Ἀθ
1185 4489 1230 4542 si
1277 4488 1357 4542 sie
1387 4487 1584 4540 diceret
1618 4502 1630 4536 :
1657 4485 1910 4553 quoniam

334 4587 554 4655 quidem
580 4599 644 4638 ex
675 4582 854 4636 anima
899 4589 954 4634 et
979 4592 1206 4648 corpore
1245 4592 1339 4646 per
1383 4576 1677 4630 bonitatem
1724 4591 1754 4628 a
1803 4575 1910 4628 Deo

339 4682 514 4736 factus
569 4687 656 4732 est
707 4677 887 4737 homo,
936 4674 988 4726 in
1042 4674 1142 4726 hoc
1197 4669 1561 4732 meditabitur,
1620 4667 1760 4736 quod
1809 4667 1910 4720 sibi

341 4770 622 4828 rationalis
660 4777 715 4822 et
761 4765 1137 4822 intellectualis
1184 4764 1308 4817 data
1363 4763 1435 4815 sit
1485 4763 1684 4824 anima,
1715 4762 1911 4829 quippe

341 4862 636 4919 secundum
675 4858 962 4928 imaginem
994 4855 1238 4909 facientis
1266 4868 1384 4907 eam
1425 4853 1736 4916 substituta,
1771 4867 1909 4922 quae

343 4969 441 5025 per
467 4950 792 5006 desiderium
847 4948 1104 5018 quidem,
1169 4957 1224 5000 et
1269 4959 1336 4999 ex
1384 4954 1489 4998 tota
1544 4944 1740 4996 virtute
1791 4943 1913 4996 uni-

347 5043 608 5098 versalem
649 5041 932 5096 caritatem
982 5037 1208 5089 ﬁrmiter
1248 5035 1414 5089 Deum
1447 5034 1750 5104 cngnitione
1789 5048 1914 5102 pos-

347 5137 525 5197 sidet,
574 5143 629 5186 et
707 5131 1001 5186 secundum
1066 5127 1471 5180 similitudinem
1525 5126 1919 5179 dedicationem

350 5232 618 5300 accipiet.
674 5231 966 5283 secundum
1011 5239 1140 5280 vero
1186 5221 1571 5290 diseiplinalcm
1624 5220 1690 5274 ad
1741 5217 1921 5289 subje-

1963 423 2192 490 seipsam
2224 422 2422 490 jubens
2469 421 2798 481 mandatum,
2845 421 3136 488 prudenter
3165 436 3360 491 corpus
3392 441 3530 479 Νεω-

1963 514 2072 582 pit,
2117 527 2212 581 per
2261 514 2486 566 virtutes
2523 513 2685 565 etiam
2734 511 2862 564 illud
2913 505 3159 564 famulari
3221 513 3332 568 Deo
3374 517 3536 571 elhcn.

1965 613 2024 657 ut
2070 619 2410 667 conservum,
2451 612 2505 656 et
2551 619 2648 672 per
2684 619 2835 656 suam
2883 605 3221 659 medietatem
3277 608 3534 662 factorem

1949 683 2128 746 ’faciet
2157 691 2550 761 possessuru'm,
2577 702 2632 747 et
2657 693 2783 746 data
2820 694 3224 763 immortalitate
3268 697 3539 754 insolubili

1965 784 2181 838 vinculo
2242 784 2369 838 illud
2418 785 2519 838 sibi
2574 783 2986 851 conjuncturum
3020 825 3034 849 ,
3087 796 3144 839 ut
3199 791 3339 855 quod
3396 790 3542 845 Deus

1967 871 2205 937 animae,
2232 872 2334 926 hoc
2363 873 2541 925 anima
2572 875 2784 940 corpori
2831 875 2943 935 liat,
2970 883 3025 926 et
3056 890 3195 929 unus
3225 878 3542 934 ostendatur

1969 964 2208 1015 omnium
2271 962 2514 1027 Creator,
2564 963 3040 1030 proportioualiter
3095 979 3192 1032 per
3240 967 3538 1022 humanita-

1972 1061 2077 1106 tem
2127 1053 2307 1106 omnia
2355 1054 2661 1122 ingrediens
2703 1067 2843 1122 quae
2887 1062 3032 1116 sunt,
3075 1064 3129 1108 et
3157 1055 3210 1108 in
3242 1071 3404 1109 unum
3449 1073 3544 1110 ve-
3627 1042 3632 1046 ’

1972 1144 2125 1196 niant
2147 1146 2315 1198 multo
2350 1160 2380 1196 a
2403 1159 2461 1198 se
2487 1145 2717 1198 invicem
2743 1146 3036 1198 secundmn
3063 1155 3310 1200 naturam
3339 1150 3554 1202 distan-

1975 1235 2047 1287 tia
2101 1235 2244 1287 circa
2307 1251 2466 1287 uuam
2540 1235 2772 1286 hominis
2835 1244 3101 1304 naturam,
3158 1237 3259 1289 sibi
3315 1237 3552 1291 invicem.

1975 1326 2375 1388 convenientia,
2418 1333 2472 1378 et
2511 1325 2571 1376 lit
2614 1325 2792 1376 omnia
2843 1326 2894 1376 in
2933 1327 3183 1380 omnibus
3228 1327 3340 1395 ipse
3382 1329 3556 1393 Deus,

1978 1417 2158 1468 omnia
2197 1417 2679 1485 comprehendens,
2739 1424 2795 1468 et
2833 1431 2995 1469 unum
3053 1418 3382 1474 substituens
3417 1423 3550 1475 sibi-

1978 1514 2108 1566 met,
2139 1519 2204 1558 eo
2251 1505 2394 1574 quod
2445 1505 2648 1558 nullum
2700 1505 2929 1572 amplius
2958 1520 3165 1571 eorum,
3213 1524 3350 1576 quae
3402 1521 3546 1573 sunt,

1979 1591 2177 1644 sinitur
2206 1593 2482 1659 possidere
2510 1602 2737 1655 motum,
2769 1602 2824 1645 et
2861 1593 3026 1661 ipsius
3065 1610 3260 1663 expers
3299 1612 3549 1665 praesen-

203 1733 213 1741 .
300 1683 487 1736 mundi
518 1683 676 1752 hujus
696 1681 1100 1751 generationem
1123 1681 1504 1744 cointroduxit,
1529 1694 1595 1732 ne
1616 1679 1876 1747 optimum
1906 1682 1954 1743 Β
1982 1683 2110 1746 tiae,
2137 1696 2234 1749 per
2261 1696 2422 1750 quam
2457 1693 2511 1735 et
2532 1681 2613 1735 Dii
2643 1692 2695 1736 et
2723 1682 2815 1735 ﬁlii
2848 1683 2897 1746 δ,
2922 1693 2976 1736 et
3009 1699 3204 1753 corpus
3234 1698 3289 1740 et
3314 1689 3552 1742 membra

1979 1778 2034 1823 et
2057 1784 2185 1837 pars
2209 1770 2301 1824 Dei
2324 1781 2377 1823 et
2403 1773 2593 1823 horum
2622 1771 2815 1824 similia
2846 1782 2899 1824 et
2925 1788 3110 1828 smnus
3139 1785 3194 1828 et
3217 1777 3446 1830 dicimur
3466 1795 3548 1841 ea,

1982 1873 2121 1926 quae
2155 1859 2222 1912 ad
2251 1859 2408 1911 linem
2445 1867 2547 1923 est,
2589 1859 2849 1914 relatione
2898 1862 3109 1916 divinae
3153 1867 3551 1933 speculationis.

2052 1947 2318 2012 Quoniam
2352 1946 2517 2014 igitur
2543 1958 2596 2000 et
2629 1948 2731 2003 hoc
2757 1962 2811 2002 et
2842 1951 2894 2003 in
2931 1952 3033 2005 hoc
3067 1955 3226 2008 homo
3256 1956 3430 2012 factus
3453 1973 3554 2022 cst,

1983 2036 2035 2089 in
2063 2038 2240 2104 primo
2267 2053 2394 2091 vero
2419 2048 2572 2106 patre
2609 2053 2694 2102 eo,
2748 2042 2890 2108 quod
2931 2054 3178 2110 paratum
3225 2058 3308 2100 est
3352 2057 3419 2102 ad
3465 2067 3560 2118 po-

1986 2126 2227 2190 tentiam,
2258 2127 2458 2190 abusus
2495 2137 2578 2181 est
2619 2129 2686 2181 ad
2731 2130 2948 2194 malum,
3002 2134 3336 2191 transferens
3377 2153 3442 2192 ex
3472 2154 3559 2206 eo,

1985 2217 2128 2286 quod
2171 2232 2492 2272 concessum
2531 2227 2636 2283 est,
2673 2220 2739 2272 ad
2789 2221 2862 2284 id,
2909 2223 3050 2290 quod
3095 2226 3425 2294 prohibitum
3455 2241 3562 2295 est,

1985 2307 2310 2360 desiderium
2336 2336 2406 2344 —
2432 2308 2631 2360 etenim
2659 2317 2778 2362 erat
2808 2324 2906 2378 per
2931 2325 2990 2364 se
3030 2323 3241 2382 potens,
3267 2325 3321 2370 et
3367 2317 3564 2372 adhae-

1987 2409 2107 2448 rere
2143 2393 2392 2457 Domiuo,
2433 2405 2488 2448 et
2533 2397 2585 2448 in
2622 2397 2873 2466 spiritum
2928 2399 3075 2466 ﬁeri;
3118 2405 3417 2459 adhaerere
3447 2421 3565 2460 me-

1988 2485 2191 2548 retrici,
2222 2494 2277 2538 et
2305 2485 2357 2538 in
2385 2473 2728 2555 corpus'lieri
2761 2489 3012 2544 seductus
3059 2492 3238 2562 elegit,
3287 2505 3341 2548 et
3385 2496 3564 2549 divina

1987 2584 2043 2630 et
2097 2577 2252 2630 beata
2305 2578 2514 2630 visione
2579 2577 2764 2633 volens
2823 2580 3058 2649 seipsqu
3127 2584 3378 2652 expulit,
3443 2587 3564 2652 sic,

1988 2665 2115 2719 dum
2150 2676 2296 2720 esset
2330 2667 2469 2720 Deus
2510 2669 2707 2737 gratia,
2752 2677 2899 2724 terra
2937 2671 3056 2724 ﬁeri
3097 2687 3193 2740 per
3239 2673 3568 2732 voluntatem

1990 2759 2787 2830 praehonorans—sapienter
2833 2762 2994 2816 simul
3043 2773 3099 2818 et
3145 2765 3570 2821 misericorditer

1992 2855 2048 2902 et
2090 2862 2221 2902 suae
2265 2851 2647 2904 convenienter
2697 2853 2923 2906 bonitati
2973 2862 3191 2909 nostrae
3234 2855 3424 2909 salutis
3453 2857 3569 2911 dis-

1996 2949 2251 3012 pensator
2275 2939 2441 3005 Deus,
2469 2941 2828 2994 irrationabili
2868 2943 3035 2997 motui
3061 2944 3440 3000 intellectualis
3465 2947 3574 2999 vir-

1917 3017 1964 3080 C
1996 3036 2150 3106 tutis,
2169 3045 2307 3099 quae
2335 3030 2390 3083 in
2418 3031 2576 3084 nobis
2596 3041 2701 3095 est,
2730 3043 3147 3100 consequentem
3179 3043 3477 3102 opportune
3492 3034 3572 3086 af-

1998 3116 2114 3171 ﬁxit
2144 3119 2458 3184 vindictam,
2487 3120 2614 3174 illud
2643 3122 2814 3189 ipsum
2844 3121 3088 3176 fortassis
3130 3123 3282 3191 juma
3311 3127 3570 3180 rationem

1995 3211 2226 3279 puniens
2251 3219 2447 3274 morte,
2475 3227 2573 3280 pro
2603 3227 2709 3281 quo
2734 3214 3026 3266 secundum
3068 3216 3306 3268 animum
3340 3217 3438 3270 soli
3465 3217 3576 3271 Deo

1998 3300 2233 3355 debitam
2287 3302 2530 3355 caritatis
2600 3302 2927 3371 projecimus
2975 3304 3273 3368 virtutem,
3331 3316 3389 3359 ut
3443 3307 3577 3360 nihil

1999 3403 2278 3456 amantes,
2312 3407 2409 3460 per
2458 3393 2765 3462 passionem
2819 3394 3140 3463 quandoque
3193 3398 3575 3463 poenitentiam

2001 3492 2251 3550 agentes,
2302 3485 2369 3535 ad
2398 3483 2472 3548 id,
2519 3485 2661 3553 quod
2689 3491 2795 3548 est,
2846 3483 3040 3537 iterum
3071 3489 3295 3540 eandem
3321 3491 3579 3543 reducere

2003 3573 2336 3628 disceremus
2365 3574 2648 3628 virtutem.
2692 3574 2842 3642 Quod
2889 3576 3102 3644 quidem
3131 3580 3428 3646 procedens
3462 3597 3578 3632 uia-

2003 3664 2253 3717 nifestius
2298 3662 2428 3718 facit
2471 3665 2657 3719 dicens
2704 3683 2716 3718 :
2752 3663 2858 3720 Sed
2908 3667 3034 3719 milii
3087 3669 3297 3736 quidem
3351 3687 3443 3738 per
3485 3672 3581 3724 hoc

2003 3756 2205 3806 videtur
2229 3754 2359 3807 ni/til
2387 3757 2470 3808 hic
2494 3758 2746 3810 bonorum
2773 3775 2884 3812 esse
2907 3759 3064 3826 ﬁdele
3092 3762 3386 3814 hominibus
3418 3779 3580 3830 neque

2002 3844 2418 3916 longaevitatem,
2445 3859 2500 3900 at
2543 3850 2588 3902 si
2627 3851 2752 3918 quid
2792 3851 2964 3916 aliud,
3006 3862 3053 3906 et
3087 3855 3183 3906 hoc
3235 3854 3358 3908 bene
3388 3857 3580 3923 arti/lci

2005 3936 2172 4008 verbo,
2201 3946 2248 3989 et
2288 3953 2489 3990 omnem
2535 3938 2849 3991 intellectunt
2888 3953 3164 4009 superante
3189 3945 3444 4010 sapientia
3473 3964 3585 3998 ma-

2005 4025 2280 4106 chinatum.
2300 4035 2396 4089 est,
2426 4025 2719 4079 deludendo
2746 4044 2838 4080 nos
2884 4029 3188 4094 visibilibus,
3236 4035 3289 4083 in
3337 4033 3584 4102 aliudque

2007 4116 2162 4185 aliter
2187 4123 2546 4170 transmutatis
2591 4127 2636 4170 et
2683 4121 3152 4173 transmutantibus
3177 4160 3191 4184 ,
3223 4132 3270 4174 et
3302 4138 3507 4178 sursum
3538 4137 3586 4178 et

2007 4209 2248 4260 deorsum
2269 4207 2570 4276 ferentibus,
2595 4221 2642 4264 et
2664 4212 3022 4273 titubantibus,
3049 4221 3093 4263 et
3120 4214 3424 4280 priusquam
3447 4233 3587 4269 com-

1939 4349 1986 4406 Β
2010 4309 2395 4378 pre/tendantur
2422 4316 2726 4369 abeuntibus
2755 4325 2801 4368 ct
2832 4316 3148 4385 fugientibus
3171 4357 3185 4381 ,
3219 4327 3272 4370 ut
3319 4319 3370 4370 in
3400 4318 3480 4368 liis
3509 4317 3586 4369 in-

2015 4404 2200 4458 stabile
2220 4414 2267 4457 et
2293 4406 2592 4458 anontalum
2617 4407 3040 4474 contemplantes,
3065 4409 3132 4459 ad
3156 4407 3390 4474 futuram
3417 4419 3588 4460 trans-

2017 4510 2215 4548 eamus.
2269 4493 2406 4557 Quirl
2433 4494 2569 4545 enim
2594 4493 2880 4562 faceremus
2906 4497 2956 4547 in
2987 4497 3267 4564 praesenti,
3291 4496 3415 4549 dum
3444 4497 3594 4550 nobis

2017 4584 2084 4636 ad
2115 4583 2238 4636 bene
2267 4583 2523 4650 agendum
2553 4599 2654 4636 non
2680 4595 3001 4652 permaneat,
3026 4595 3228 4638 tantum
3263 4586 3311 4638 ei
3348 4587 3588 4640 attribui-

2017 4693 2154 4740 mns,
2181 4686 2227 4730 et
2271 4676 2346 4728 sic
2396 4693 2489 4730 nos
2529 4691 2652 4744 erga
2685 4678 2854 4744 ipsum
2897 4678 3166 4730 delectatio
3193 4688 3238 4732 et
3267 4696 3414 4732 error
3438 4682 3590 4733 liabet

2018 4766 2246 4821 servituti
2276 4765 2577 4834 subjiciens,
2606 4767 2678 4818 ita
2701 4777 2754 4818 ut
2783 4766 2911 4818 nihil
2941 4766 3125 4821 melius
3151 4785 3310 4839 neque
3337 4769 3594 4823 excelsius

2017 4856 2370 4926 praesentibus
2393 4855 2678 4924 intelligere
2717 4856 2998 4922 valeamus,
3027 4870 3072 4911 et
3101 4861 3144 4913 si
3171 4862 3296 4915 haec
3323 4864 3598 4915 audientes

2019 4956 2067 4999 et
2097 4947 2359 4999 credentes
2383 4947 2666 5000 secundum
2691 4948 2966 5015 imaginem
2999 4950 3089 5002 Dei
3121 4968 3212 5004 nos
3241 4953 3406 5021 [actos
3432 4953 3598 5018 fuisse

2023 5054 2230 5092 sursum
2283 5038 2629 5090 attendentem
2683 5047 2729 5090 et
2793 5039 2860 5090 ad
2908 5041 3128 5108 seipsam
3177 5043 3482 5094 trahentem.
3527 5040 3608 5093 Et.

2029 5131 2221 5182 iterum
2273 5129 2323 5181 in
2361 5142 2612 5181 sermone
2654 5129 2719 5180 ad
2750 5130 2951 5185 urbane
2980 5133 3238 5193 viventes,
3269 5133 3450 5184 dicens
3479 5147 3493 5183 :
3527 5130 3603 5183 L’t—

2026 5221 2276 5284 sciamus,
2306 5218 2438 5272 nihil
2482 5235 2575 5272 nos
2603 5235 2712 5274 esse
2753 5222 2820 5274 ad
2864 5239 3033 5276 veram
3080 5222 3383 5292 sapientia»:
3415 5233 3464 5275 et
3490 5224 3612 5292 pri-

1873 5330 2122 5388 NOTAE.

426 5475 452 5504 ⁸
493 5461 548 5515 In
577 5460 784 5515 Graeco
809 5459 904 5510 Καὶ
939 5454 1098 5526 μάτην
1137 5448 1309 5526 locaris
1347 5466 1477 5526 ςινες
1509 5445 1699 5502 ταύτην
1729 5443 1917 5526 Γϐία-,τςςιῖς

355 5511 548 5600 {ovet—ii;
584 5511 1061 5600 quedvertenn'dum
1084 5528 1198 5574 erat
1214 5520 1292 5600 lit
1340 5519 1534 5585 frustra
1578 5528 1689 5568 eam
1729 5511 1921 5583 [unita-

363 5594 494 5675 iem]
520 5594 762 5656 deinceps.
781 5594 1103 5660 praedicant,
1145 5597 1246 5642 cet.
1622 5615 1624 5618 μ

2101 5441 2128 5480 δ
2183 5440 2257 5492 De
2281 5440 2380 5509 hac
2412 5455 2486 5509 re
2514 5440 2623 5509 egit
2657 5439 2922 5492 Maximus
2947 5439 2999 5509 in
3025 5438 3312 5509 l’rooeniio
3338 5442 3403 5494 ad
3437 5455 3614 5509 quae-

2029 5511 2233 5565 stiones
2264 5509 2316 5562 in
2355 5508 2414 5564 S.
2464 5507 2826 5577 Scripturam,
2857 5517 2913 5577 et
2946 5508 3106 5577 alibi;
3133 5507 3302 5563 fusius
3331 5511 3401 5563 ibi
3431 5507 3612 5564 innuis

2028 5596 2087 5635 se
2113 5592 2384 5644 acturum,
2415 5578 2556 5648 quod
2591 5576 2686 5631 hic
2718 5576 2862 5630 fecit.
2893 5576 2953 5629 γ.
2997 5576 3244 5631 Photium
3278 5581 3344 5634 ad
3387 5581 3443 5633 Ρ.
3477 5581 3612 5635 498.
