3978 6160
451 252 581 317 1211

1806 244 2091 307 JOANNIS
2129 244 2326 304 SCOTI

3570 249 3705 305 ii'!

444 379 607 428 mam,
640 368 731 420 sed
761 366 835 418 ad
872 370 1040 430 ipsum
1069 375 1295 430 semper.
1317 360 1648 415 intendamus
1678 359 2023 423 solummodo,
2057 378 2099 431 Α
2132 370 2206 412 est
2234 360 2288 411 in
2313 356 2522 410 Christo
2546 395 2560 419 ,
2590 355 2850 409 suscitans
2869 369 2987 409 eum
3013 370 3078 408 ex
3121 356 3340 409 mortuis
3365 396 3380 420 ,
3409 367 3457 409 et
3484 374 3601 410 eum
3627 378 3712 413 se-

444 464 490 508 et
520 470 830 523 quaeramus
858 452 948 522 qui
997 453 1116 506 inde
1161 462 1279 505 sunt
1320 451 1683 520 splendoribus
1720 465 2019 513 coruscare,

442 545 697 613 siquidem
725 559 816 612 per
854 541 1275 611 inaequalitatem
1307 541 1587 595 visibilium
1612 551 1658 594 et
1686 541 2022 593 titubantium

418 630 732 685 .trunsducit
784 624 874 683 nos
905 632 959 683 in
1007 648 1067 683 ea
1107 646 1238 701 quae
1264 640 1403 682 stant
1454 639 1499 682 et
1552 637 1874 698 permanent.
1907 628 2020 679 Non

442 719 638 789 igitur,
672 728 729 772 ut
778 720 1013 773 arbitror
1034 760 1049 783 ,
1083 718 1280 786 ipsius,
1310 734 1447 787 quae
1474 719 1770 772 secundum
1798 731 2045 813 genera}

441 809 643 861 tionem
679 807 1031 860 lnummitatis
1052 816 1154 869 est,
1185 821 1380 859 causae
1406 808 1457 858 in
1484 807 1703 869 talibus,
1736 816 1791 857 ut
1817 806 2018 858 dictum

440 907 543 960 est,
584 896 840 966 Magister
886 896 1016 949 facit
1058 896 1499 957 declarationem,
1540 895 1634 949 sed
1687 896 1800 963 ipse
1848 910 1944 962 usq
1972 909 2019 947 'e

438 996 561 1057 post
581 987 985 1057 generationem
1019 995 1262 1038 nostram
1298 996 1558 1055 aggravat
1589 985 1750 1037 vitam
1791 984 2020 1037 infelici-

441 1078 567 1132 tatis
594 1088 812 1147 propter
834 1078 1356 1146 praevaricationem
1384 1115 1397 1139 ,
1444 1075 1892 1143 quemadmodum
1921 1090 2017 1127 cn-

437 1171 635 1223 rinsius
666 1181 828 1238 atque
863 1169 1160 1222 studiosius
1190 1169 1400 1221 tli\itttl$
1423 1168 1592 1234 ipsius
1638 1167 1826 1220 literas
1872 1166 2019 1233 cogi-

436 1261 675 1314 tantibus
702 1270 786 1313 est
822 1259 1184 1313 manifestum.
1219 1259 1379 1313 Istius
1407 1261 1551 1312 enim
1583 1274 1802 1311 causam
1835 1260 1975 1311 unde
1998 1295 2015 1321 ,

433 1362 489 1405 et
518 1367 613 1420 per
643 1352 801 1419 quid,
834 1360 888 1404 ct
932 1366 999 1403 ex
1053 1368 1180 1420 quo,
1221 1360 1275 1403 et
1320 1361 1539 1419 propter
1584 1351 1712 1419 quid
1761 1365 1857 1419 per
1886 1351 2019 1403 haec

436 1442 593 1497 nobis
638 1443 843 1494 addidit
900 1441 1095 1504 verba,
1141 1452 1358 1510 propter
1400 1458 1519 1495 eam
1587 1442 2015 1495 administratam

431 1542 673 1587 nostram
718 1534 997 1601 sapienter
1026 1548 1057 1584 a
1108 1534 1215 1585 Dco
1258 1534 1482 1587 salutem
1515 1533 1836 1597 declarans;
1871 1532 2016 1587 illius

428 1636 580 1684 vero,
606 1621 659 1672 in
690 1637 796 1688 quo
820 1621 958 1674 facta
988 1630 1071 1674 est
1098 1622 1355 1691 mysterio
1375 1661 1390 1685 ,
1420 1622 1702 1675 insinuans
1733 1622 2011 1685 virtutem,

2122 454 2243 500 dere
2264 446 2461 517 faciens
2490 447 2542 499 in
2570 446 2755 499 dextra
2777 461 2874 498 sua
2900 446 2957 498 in
2977 446 3303 508 caelestibus.
3324 465 3482 517 super
3504 469 3708 507 omnem

2120 520 2466 604 principatum
2489 544 2535 585 et
2554 528 2858 602 potestatem
2878 544 2926 586 et
2948 537 3185 587 virtutem
3211 547 3257 588 et
3277 536 3703 600 dominationem.

2120 636 2166 678 et
2202 640 2351 677 omne
2382 639 2564 677 nomen
2598 624 2924 676 nominatum
2972 641 3077 677 non
3106 625 3282 677 solum
3310 627 3363 680 in
3391 629 3568 681 seculo
3588 632 3705 695 hoc,

2119 714 2210 768 sed
2230 714 2385 766 etiam
2435 713 2489 765 in
2531 712 2731 780 futuro.
2762 710 2829 764 Et
2868 714 3044 765 omnia
3074 714 3213 766 dedit
3256 716 3351 768 sub
3383 718 3539 784 pedes
3568 720 3705 788 ejus,

2119 816 2166 859 et
2198 821 2314 858 eum
2354 803 2494 856 dedit
2526 812 2681 869 caput
2711 819 2868 871 super
2918 804 3095 855 omnia
3126 802 3429 869 Ecclesiae,
3459 824 3594 876 quae
3628 820 3704 862 est

2120 911 2307 964 corpus
2332 894 2443 962 ejus
2467 904 2516 945 et
2547 892 2817 961 plenitudo
2848 892 2980 960 ejus,
3028 895 3203 946 omnia
3243 896 3298 948 in
3343 898 3583 951 omnibus
3610 900 3710 953 im-

2118 988 2324 1057 plentis.
2353 988 2414 1041 Et
2437 994 2557 1056 post
2584 987 2861 1053 aliquanta
2888 986 3112 1040 iterum:
3138 985 3261 1055 Ipse
3283 988 3423 1041 dedit
3454 993 3706 1058 quosdam

2117 1080 2325 1149 quidem
2349 1077 2642 1146 Apostolos,
2670 1079 2924 1146 quosdam
2966 1094 3084 1129 vero
3112 1077 3425 1147 PrOphetas,
3450 1084 3706 1151 quosdam

2119 1168 2515 1237 Evangelistas,
2584 1171 2841 1236 quosdam
2893 1175 3128 1233 pastores
3169 1177 3216 1220 et
3267 1171 3582 1238 magis.ros,
3638 1174 3706 1226 ad

2118 1258 2461 1326 cognitionem
2492 1255 2806 1309 Sanctorum
2837 1256 2891 1307 in
2925 1272 3056 1323 opus
3090 1256 3568 1314 administrationis
3592 1300 3608 1326 ,
3654 1265 3707 1315 in

2118 1346 2535 1413 aedificationem
2597 1346 2831 1414 corporis
2880 1344 3116 1411 Christi,
3155 1347 3320 1401 donec
3368 1338 3711 1404 occurramus

2119 1451 2294 1488 omnes
2342 1436 2398 1488 in
2444 1437 2696 1488 unitatem
2742 1435 2867 1504 ﬁdei
2889 1476 2903 1499 ,
2933 1445 2980 1489 et
3013 1437 3323 1505 cognitionis
3351 1436 3484 1492 Filii
3512 1438 3630 1505 Dei,
3659 1441 3714 1493 in

2117 1524 2290 1575 virum
2337 1525 2647 1591 perfectum,
2695 1525 2751 1577 in
2798 1540 3099 1578 mensuram
3145 1528 3332 1581 aetatis
3364 1528 3714 1595 plenitudinis

2118 1614 2315 1668 Christi
2340 1627 2359 1665 :
2393 1623 2447 1666 ut
2469 1614 2579 1682 jam
2608 1630 2711 1667 non
2735 1615 2903 1668 simus
2925 1614 3133 1684 parvuli
3156 1615 3494 1684 ﬂuctuantes,
3529 1629 3574 1671 et
3607 1621 3715 1671 cir-

429 1707 600 1762 altero
641 1710 928 1762 verborum
978 1724 1107 1763 usus
1152 1719 1231 1763 est
1266 1712 1455 1774 modo,
1492 1719 1657 1763 totam
1682 1711 1765 1764 sui
1816 1712 1881 1764 de
1912 1712 2005 1763 hoc

2119 1702 2480 1771 cumleramur
2511 1701 2651 1755 omni
2678 1713 2825 1755 vento
2857 1704 3131 1757 doctrinae
3170 1705 3224 1758 in
3272 1708 3503 1775 nequitia
3534 1709 3712 1760 homi-
3766 1722 3775 1731 '

426 1799 574 1869 piam
599 1799 927 1853 voluntatem
970 1798 1173 1855 faciens
1213 1800 1600 1866 manifestam;
1633 1801 1773 1853 sicut
1820 1801 1871 1853 in
1922 1816 2008 1861 eo,

426 1893 517 1962 qui
565 1893 728 1947 estin
756 1895 1000 1966 γενέθλια,
1032 1895 1084 1947 id
1112 1902 1195 1947 est
1230 1895 1562 1957 nativitates,
1614 1908 1865 1947 sermone
1899 1908 2014 1946 ma-

427 1984 652 2038 nifestat
690 1984 879 2038 dicens
912 2002 925 2036 :
955 1974 1382 2053 'Animus‘igitur
1398 1984 1516 2052 jam
1546 1992 1593 2035 et
1622 1999 1828 2045 sensus,
1850 1985 1937 2035 sic
1981 1999 2013 2034 a

425 2089 481 2126 se
507 2074 723 2124 invicem
756 2073 968 2124 discreti
991 2073 1215 2141 pr0priis
1244 2073 1659 2138 deﬁnitionibus,
1692 2073 1830 2125 intus
1858 2082 2014 2124 stete-

426 2172 580 2227 runt,
632 2171 680 2214 et
736 2163 987 2215 creatoris
1063 2160 1210 2215 l'erbi
1259 2164 1674 2232 magnitudinem
1724 2165 1779 2216 in
1828 2163 2011 2231 seipsis

426 2250 683 2321 ferebant,
714 2251 923 2305 silentes
975 2251 1265 2306 laudabant
1316 2253 1761 2323 magniﬁcentiam
1802 2254 2009 2323 magni-

423 2342 537 2396 ooci
577 2343 993 2411 praedicatores,
1041 2344 1272 2397 nondum
1321 2360 1437 2398 vero
1477 2353 1590 2398 erat
1636 2346 1894 2399 concretio
1948 2360 2013 2398 ea:

422 2432 686 2501 utrisque,
733 2448 897 2503 neque
940 2433 1457 2503 quaedammixtura
1504 2437 1892 2489 contrariorum
1923 2453 2011 2489 sa-

420 2520 650 2588 pientiae
696 2521 913 2592 majoris
956 2533 1005 2577 et
1045 2525 1186 2577 circa
1213 2535 1433 2578 naturas
1456 2525 1653 2579 multae
1675 2526 2010 2595 perfectionis

422 2611 650 2678 indicia,
679 2628 843 2683 neque
886 2629 1061 2667 omnes
1090 2614 1321 2669 thesauri
1352 2615 1594 2670 bonitatis
1634 2619 1849 2685 cogniti.
1893 2617 2010 2673 Hoc

421 2712 595 2755 autem
619 2704 792 2755 volens
821 2703 1015 2772 artifex
1042 2705 1248 2757 verbum
1277 2707 1566 2771 ostendere,
1596 2706 1794 2760 animal
1823 2724 2004 2773 unum,

421 2807 486 2845 ea:
511 2792 758 2846 invistbili
781 2795 899 2847 dico
930 2805 978 2847 et
1010 2794 1195 2848 visibili
1225 2805 1438 2861 natura,
1464 2797 1726 2851 hominem
1751 2808 1928 2866 creat,
1957 2810 2006 2855 et

418 2898 484 2935 ea:
509 2884 731 2936 materia
768 2885 975 2953 quidem
1016 2887 1272 2954 accipiens
1299 2901 1485 2955 corpus
1514 2886 1634 2956 jam
1664 2898 1785 2942 ante
1819 2892 2007 2944 substi-

419 2981 532 3023 tuta
560 3012 575 3036 ,
619 2990 650 3025 a
694 2975 862 3042 seipso
919 2989 1034 3027 vero
1091 2977 1250 3029 vitam
1301 2977 1554 3047 imponit;
1603 2980 2004 3035 intellectualem

2116 1808 2260 1854 num,
2290 1792 2346 1845 in
2373 1792 2567 1845 astutia
2612 1791 2681 1844 ad
2709 1801 2876 1845 artem
2906 1794 3101 1846 erroris
3132 1806 3151 1844 .'
3175 1796 3387 1848 veridici
3433 1806 3609 1848 autem
3656 1798 3712 1850 in

2113 1883 2353 1947 caritate,
2384 1899 2678 1936 crescamus
2728 1883 2783 1935 in
2808 1899 2923 1935 eum
2953 1901 3047 1952 per
3068 1887 3266 1951 omnia,
3297 1887 3385 1956 qui
3426 1898 3501 1940 est
3548 1898 3712 1957 caput

2112 1970 2374 2037 Christus,
2401 1988 2465 2025 ea:
2491 1989 2593 2042 quo
2618 1988 2769 2026 omne
2797 1988 2987 2042 corpus
3012 1977 3440 2045 compaginatum
3472 1987 3521 2030 et
3545 1980 3715 2030 cotto-

2114 2070 2286 2113 catum
2312 2077 2404 2129 per
2427 2076 2629 2113 omnem
2659 2061 2724 2113 ab
2754 2078 2813 2113 eo
2845 2063 3386 2123 administrationem,
3416 2073 3711 2120 secundum

2119 2156 2479 2221 Operationem
2507 2155 2902 2225 unuscujusque
2928 2159 3165 2223 membri,
3192 2160 3564 2215 incrementum
3590 2181 3711 2217 cor-

2111 2244 2254 2312 poris
2290 2243 2417 2312 facit
2440 2245 2492 2296 in
2532 2244 2951 2313 aediﬁcationem
2976 2248 3163 2302 suimet
3187 2250 3240 2302 in
3262 2251 3558 2305 dilectione.

2184 2333 2302 2389 Non
2328 2336 2559 2390 aesdmo
2586 2336 2652 2391 de
2681 2344 2863 2391 cetero
2888 2337 3114 2405 alicujus
3144 2339 3385 2410 indigere
3406 2341 3706 2395 testimonii

2112 2428 2201 2497 pie
2245 2428 2430 2482 vivere
2487 2438 2902 2498 cognoscentem
2951 2430 3021 2482 ad
3071 2429 3563 2485 manifestationem
3611 2448 3706 2487 se-

2112 2518 2348 2572 cundum
2381 2518 2722 2572 Christianos
2755 2532 2885 2571 vere
2911 2518 3155 2573 creditae
3203 2521 3469 2584 veritatis,
3516 2534 3711 2590 aperte

2111 2608 2411 2662 discentem
2446 2623 2543 2678 per
2577 2606 2746 2661 illud:
2779 2606 2917 2673 Quia
2960 2617 3007 2661 et
3050 2609 3281 2662 membra
3327 2621 3377 2662 et
3418 2626 3609 2679 corpus
3653 2623 3707 2663 et

2113 2696 2377 2755 ulenitudo
2405 2713 2587 2752 sumus
2616 2699 2810 2777 omnia
2841 2714 2896 2752 in
2941 2700 3181 2753 omnibus
3217 2699 3473 2768 impleatis
3502 2700 3711 2755 Christi

2113 2790 2205 2844 Dei
2235 2792 2522 2844 secundant
2550 2801 2673 2844 ante
2718 2789 2893 2844 secula
2920 2792 2974 2844 in
3015 2790 3125 2845 Deo
3151 2801 3199 2845 et
3245 2788 3407 2845 Patre
3439 2794 3713 2846 occultam

2110 2882 2426 2938 voluntatem
2472 2885 2805 2954 recupitulati
2850 2887 2907 2938 in
2950 2885 3121 2954 ipsum
3166 2901 3257 2955 per
3300 2883 3349 2937 Γ
3351 2886 3501 2939 ilium
3544 2903 3713 2940 suam

2110 2989 2158 3035 et
2210 2981 2493 3034 Dominum
2539 2979 2725 3033 Iesum
2790 2978 3055 3033 Christum
3109 2978 3387 3033 Dominum
3439 2992 3710 3036 nostrum.

415 3079 617 3132 quoque
647 3065 877 3117 animum
923 3076 969 3118 et
998 3066 1276 3136 imaginem
1316 3068 1413 3122 Dei
1458 3071 1594 3123 novit
1640 3071 1883 3138 verbum,
1923 3091 2003 3128 ιιε-
2032 3071 2076 3131 C
2109 3069 2423 3141 Mysterium
2458 3071 2602 3123 etiim
2641 3069 2910 3124 occultum
2952 3079 3123 3125 erata
3167 3072 3365 3126 seculis
3388 3081 3442 3126 et
3470 3087 3502 3125 a
3531 3087 3711 3143 gene-

416 3157 514 3208 luti
548 3158 806 3226 quendam
835 3161 1089 3211 mundum
1113 3162 1419 3226 secundum,
1466 3161 1520 3215 in
1545 3178 1705 3231 parvo
1732 3180 2000 3236 magnum,

415 3249 472 3301 in
498 3258 637 3301 terra
676 3249 881 3315 statuit,
907 3251 1149 3321 angelum
1177 3254 1362 3318 alium,
1386 3255 1719 3310 adoratorem
1755 3258 2001 3324 mixtum,

414 3348 471 3392 ct
499 3339 723 3408 reliqua.
754 3338 812 3392 in
836 3355 901 3394 eo
938 3355 1089 3407 vero,
1121 3342 1213 3411 qui
1252 3351 1339 3398 est
1368 3344 1421 3397 in
1464 3351 1625 3417 φῶτα,
1664 3346 1769 3400 hoc
1798 3357 1881 3401 est
1911 3348 2004 3401 ba-

413 3430 961 3499 ptisnntta,set:mone
986 3448 999 3484 :
1027 3429 1285 3495 Quoniam
1313 3434 1546 3497 sic/iaec,
1567 3444 1659 3488 aut
1687 3444 1803 3489 hoc.
1835 3436 2003 3506 Opor-

412 3520 549 3572 iebat
606 3535 724 3573 vero
778 3535 882 3573 non
929 3520 1044 3586 his,
1094 3522 1184 3591 qui
1221 3538 1431 3587 sursum
1472 3534 1623 3588 sunt,
1673 3524 2002 3580 solummodo

412 3611 778 3665 adorationem
804 3613 1188 3676 circumscribi,
1219 3614 1310 3667 sed
1337 3631 1447 3668 esse
1489 3616 1744 3685 quosdam
1771 3628 1816 3671 et
1852 3620 2003 3671 deor-

411 3718 530 3756 sum
579 3701 920 3767 adoratores,
964 3711 1021 3754 ut
1066 3702 1404 3778 implerentur
1443 3706 1618 3759 omnia
1666 3704 1836 3776 gloria
1866 3708 1998 3776 Dei,

410 3795 659 3866 quoniam
681 3804 729 3846 et
754 3793 880 3860 Dei;
910 3804 958 3848 et
976 3804 1249 3865 propterea
1279 3806 1490 3850 creatur
1513 3800 1667 3852 homo
1693 3816 1853 3853 manu
1886 3802 1999 3865 Dei,

410 3885 787 3953 honoriﬁcatus
828 3887 986 3939 etiam
1028 3888 1274 3957 imagine.
1307 3887 1451 3943 llaec
1497 3889 1714 3957 quidem
1758 3889 2002 3945 suliicere

410 3978 681 4048 suscipio,
713 3979 816 4032 etsi
860 3995 1024 4048 parva
1056 3982 1422 4046 constituant,
1471 3998 1576 4035 non
1606 3982 1845 4036 omnino
1867 3999 2000 4037 eon-

411 4070 645 4123 tentiose
675 4070 1030 4136 discernenti,
1078 4082 1132 4126 et
1160 4072 1498 4127 solummodo
1528 4090 1767 4145 pugnare
1797 4072 1999 4144 giorio-

409 4174 529 4215 snm
560 4177 668 4215 non
689 4160 954 4228 judicanti
978 4202 992 4226 ,
1023 4164 1090 4217 ad
1128 4166 1515 4218 ostendendam
1551 4176 1717 4218 totam
1754 4164 1999 4235 Magistri

409 4257 476 4310 de
506 4256 607 4321 bis,
642 4272 783 4327 quae
806 4256 949 4312 dicta
984 4266 1128 4322 sunt,
1168 4259 1603 4328 intelligentiam.
1637 4258 1691 4312 Si
1725 4270 1903 4311 autem
1934 4260 2001 4313 de

408 4348 508 4403 ltoe
531 4390 545 4414 ,
589 4350 859 4418 quomodo
896 4349 987 4403 Dei
1034 4350 1333 4418 portionem
1362 4349 1613 4420 Magister
1646 4365 1741 4402 nos
1766 4351 1996 4415 vocavit,

2107 3161 2427 3226 rationibus,
2477 3176 2619 3214 nunc
2654 3169 2835 3215 autem
2882 3159 3286 3215 manifestatum
3328 3177 3424 3232 per
3457 3162 3583 3218 Filii
3608 3164 3712 3220 Dei

2107 3266 2290 3306 veram
2336 3260 2391 3306 et
2436 3250 2729 3321 perfectam
2772 3250 3306 3314 inliutuanationem,
3336 3253 3426 3321 qui
3470 3254 3575 3307 sibi
3605 3257 3712 3308 ad-

2104 3344 2293 3403 unavit
2309 3344 2603 3399 secundum
2618 3344 2978 3399 substantiam
3000 3344 3495 3414 inseparabilitcret
3520 3347 3707 3401 incon-

2102 3436 2223 3492 l‘use
2265 3445 2507 3509 nostram
2548 3445 2818 3501 naturam,
2869 3444 2925 3489 et
2969 3451 3068 3491 nos
3115 3450 3212 3505 per
3254 3450 3395 3500 eam,
3448 3450 3590 3505 quae
3628 3451 3705 3492 ex

2103 3529 2259 3585 nobis
2302 3538 2356 3585 et
2400 3537 2584 3584 nostra
2625 3537 2732 3593 est,
2780 3527 3219 3583 intellectualiter
3262 3538 3318 3583 et
3359 3528 3706 3583 rationaliter

2102 3622 2395 3675 animatam
2422 3629 2664 3675 sanctam
2701 3634 2855 3675 suam
2883 3634 3128 3685 carnem,
3168 3620 3332 3674 veluti
3371 3637 3467 3691 per
3503 3624 3703 3692 primi-

2104 3714 2207 3767 tias
2233 3712 2448 3766 sibimet
2478 3711 2746 3780 copulavit
2772 3750 2787 3777 ,
2829 3720 2884 3766 et
2916 3727 3086 3766 unum
3116 3719 3170 3766 et
3206 3712 3435 3781 idipsum
3481 3714 3705 3769 sibimet

2100 3821 2220 3861 esse
2241 3820 2337 3874 per
2359 3820 2511 3859 suam
2540 3804 2929 3859 humanitatem
2958 3804 3210 3875 dignatus
3232 3815 3347 3871 est;
3376 3809 3519 3862 sicut
3542 3824 3705 3877 prae-

2100 3896 2426 3949 destinatum
2454 3903 2539 3949 est
2566 3904 2695 3949 ante
2729 3895 2911 3949 secula
2948 3896 3001 3948 in
3035 3895 3150 3965 ipso
3175 3910 3298 3952 esse
3324 3897 3489 3953 veluti
3524 3916 3701 3954 mem-

2099 3987 2197 4040 bra
2229 3986 2472 4055 corporis
2513 3985 2620 4049 sui,
2656 3986 2707 4038 in
2764 3986 2982 4039 modum
3025 3988 3236 4042 animae
3283 3987 3350 4042 ad
3394 4005 3596 4061 corpus
3644 3994 3705 4047 ia

2098 4074 2289 4143 spiritu
2320 4075 2717 4144 compaginavit
2747 4075 2851 4129 sibi
2900 4083 2954 4130 et
2983 4076 3240 4142 contulit,
3271 4087 3329 4133 et
3354 4078 3409 4133 in
3438 4096 3703 4137 mensura

2100 4164 2309 4217 induxit
2337 4164 2531 4218 aetatis
2571 4165 2865 4232 spiritualis
2906 4166 3200 4221 secundum
3252 4169 3426 4237 ipsum
3451 4154 3702 4239 plenituo

2098 4254 2282 4309 diuis:
2318 4254 2555 4308 ostendit
2594 4254 2781 4321 etiam,
2830 4272 2927 4311 nos
2972 4259 3025 4311 in
3076 4259 3179 4313 boe
3217 4257 3390 4315 factos
3426 4262 3617 4327 fuisse,
3646 4276 3706 4318 et

2098 4351 2224 4398 ante
2253 4343 2433 4398 secula
2465 4358 2592 4415 erga
2633 4361 2730 4399 nos
2773 4346 3029 4415 optimam
3061 4347 3153 4401 Dei
3188 4349 3543 4417 voluntatem,
3586 4370 3700 4408 non

409 4450 740 4510 repugnatur
766 4479 781 4504 ,
824 4439 1195 4507 multipliciter
1226 4418 1595 4507 quidem'jam
1643 4440 1891 4508 superius
1926 4441 1994 4494 de
2027 4418 2073 4477 Ῑ)
2101 4438 2467 4506 accipiendam
2499 4452 2594 4506 per
2622 4437 2855 4506 aliquam
2883 4441 3197 4506 novitatem,
3234 4443 3534 4497 secundum
3562 4460 3697 4513 pro-

408 4530 513 4584 hoc
540 4530 745 4583 reddita
775 4537 859 4582 est
891 4530 1047 4581 ratio.
1078 4527 1148 4582 Ut
1174 4538 1351 4582 autem
1388 4527 1597 4581 ﬁdelior
1619 4528 1712 4581 ﬁat
1737 4529 1993 4597 spiritua-

408 4617 550 4672 libus
572 4620 901 4673 contendens
931 4620 1128 4682 verbis,
1162 4628 1380 4673 sanctus
1409 4630 1463 4673 et
1491 4620 1680 4674 beatus
1706 4620 1993 4689 Apostolus

408 4707 606 4763 Paulus
630 4709 895 4764 occultam
925 4710 975 4762 in
1007 4709 1114 4763 Deo
1146 4720 1269 4764 ante
1300 4708 1498 4763 'secnla
1529 4710 1754 4765 laudans
1783 4712 1994 4780 sapien-

408 4801 575 4865 tiam,
607 4810 661 4855 et
702 4815 914 4854 omnem
949 4802 1285 4855 tenebrosam
1313 4801 1604 4853 humanam
1654 4803 1816 4854 vitam
1872 4801 1991 4854 illn-

408 4892 645 4956 miuans,
674 4900 728 4946 et
758 4892 1093 4961 ignorantiae
1120 4892 1405 4961 caliginem
1436 4893 1722 4945 animabus
1746 4893 1990 4961 abigens,

407 4985 475 5037 de
507 4983 611 5037 hoc
655 4979 916 5036 satisfaeit
945 4981 1213 5050 Ephesiis,
1259 4983 1445 5035 dicens
1502 4981 1633 5034 bace
1676 4999 1688 5034 :
1738 4980 1804 5035 Ut
1850 4981 1991 5036 Deus

406 5073 621 5128 Domini
651 5074 810 5127 nostri
836 5072 962 5126 Jesu
1006 5070 1199 5126 Christi
1224 5114 1238 5136 ,
1292 5071 1453 5125 Pater
1482 5071 1703 5141 gloriae,
1735 5073 1820 5124 det
1850 5072 1990 5125 vobis

407 5165 647 5234 spiritum
676 5164 963 5234 sapientiae
990 5172 1036 5216 et
1066 5164 1416 5226 reuelationis,
1442 5166 1492 5215 in
1520 5164 1813 5233 cognitione
1834 5163 1947 5231 ejus
1970 5180 1988 5217 :

407 5257 732 5310 illuminatos
761 5255 938 5309 oculos
981 5256 1151 5307 cordis
1180 5255 1367 5319 vestri,
1419 5264 1473 5307 ut
1504 5255 1682 5308 διὶαιὶκ
1725 5271 1827 5315 vos,
1856 5271 1990 5324 quae

407 5358 474 5403 sit
503 5364 615 5417 spes
637 5348 921 5401 vocationis
948 5347 1086 5415 ejus,
1113 5355 1159 5398 et
1189 5362 1321 5415 quae
1351 5346 1564 5399 divitiae
1584 5344 1781 5413 gloriae
1809 5353 1991 5398 haere-

406 5437 589 5491 ditatis
642 5437 758 5503 ejus
811 5439 866 5490 in
920 5437 1151 5498 sanctis,
1198 5448 1243 5488 et
1303 5451 1436 5504 quae
1485 5435 1552 5486 sit
1604 5437 1988 5504 supereminens

407 5527 711 5596 magnitudo
747 5528 948 5580 virtutis
996 5527 1107 5596 ejus
1151 5527 1201 5578 in
1236 5542 1349 5590 nos,
1399 5530 1661 5578 credentes
1700 5528 1983 5578 secundum

410 5621 758 5687 munitionem
814 5623 1035 5687 potentis
1084 5621 1287 5673 rimatis
1328 5618 1474 5687 ejus,
1537 5635 1689 5687 quam
1741 5630 1984 5688 operatus

2095 4529 2267 4596 priam
2326 4542 2454 4580 vero
2510 4528 2815 4594 rationem,
2867 4529 2921 4583 in
2970 4531 3356 4598 plenitudinem
3405 4535 3555 4589 venit
3596 4552 3702 4606 per

2098 4617 2260 4670 alium
2309 4615 2549 4684 profecto
2604 4618 2967 4672 introductum
3018 4621 3405 4676 mirabiliorem
3444 4625 3696 4679 modum.

2095 4705 2390 4775 Oportebat
2423 4707 2567 4761 enim
2598 4706 2763 4760 Demn
2813 4709 3047 4776 quidem,
3090 4711 3307 4765 sibimet
3344 4712 3551 4767 similes
3590 4730 3699 4770 nos

2096 4795 2425 4855 fat-lentem.
2484 4798 2743 4850 habentes
2785 4800 3038 4853 bonitatis
3088 4800 3255 4868 ipsius
3293 4802 3699 4874 participaliter

2093 4898 2250 4939 acuta
2280 4886 2530 4955 insignia,
2560 4899 2616 4939 et
2648 4888 2700 4939 in
2729 4903 2787 4942 se
2811 4903 2932 4942 esse
2954 4898 3077 4941 ante
3101 4890 3284 4944 secula
3311 4893 3605 4955 videntem.
3634 4907 3697 4949 et

2092 4978 2146 5033 in
2177 4980 2319 5032 lnmc
2353 4980 2571 5032 onmiuo
2604 4981 2973 5035 beatissimum
3016 4985 3174 5037 linem
3220 4985 3528 5051 ducentem,
3570 5003 3699 5042 mo-

2093 5070 2219 5123 dum
2258 5070 2413 5124 nobis
2461 5086 2557 5139 per
2595 5071 2793 5124 bonum
2848 5088 3003 5126 usum
3061 5075 3396 5130 naturalibus
3427 5081 3699 5146 potentiis

2094 5161 2447 5230 largientem,
2494 5162 2711 5214 lnnnine
2759 5176 2889 5216 Vero
2930 5163 3229 5218 voluntarie
3275 5166 3422 5220 hunc
3465 5168 3695 5222 modum

2092 5251 2393 5321 expellente
2432 5265 2528 5319 per
2564 5252 2876 5306 abusionem
2928 5254 3262 5309 naturalibus
3299 5257 3579 5325 potentiis.
3631 5270 3698 5312 ut

2092 5361 2198 5398 non
2242 5344 2396 5413 longe
2444 5358 2474 5396 a
2522 5343 2633 5397 Deo
2672 5342 2825 5398 ﬁeret
2873 5346 3219 5415 peregrinam
3273 5348 3457 5414 homo,
3513 5348 3695 5404 alium

2092 5436 2433 5490 introducere
2466 5434 2628 5504 priori
2661 5425 3472 5498 mirabilioremctdiviuiorem,
3503 5452 3692 5507 quan-

2092 5536 2205 5581 tum
2250 5541 2336 5590 eo,
2379 5526 2519 5594 quod
2561 5536 2644 5579 est
2682 5526 2976 5579 secundum
3009 5534 3280 5592 naturam,
3323 5529 3468 5598 quod
3516 5544 3697 5599 super

2089 5633 2335 5671 ruituram
2360 5627 2434 5671 es!
2472 5616 2732 5683 superius.
2791 5615 2853 5669 Et
2897 5616 2995 5671 hoc
3028 5625 3115 5670 est
3154 5620 3553 5674 secretissimae
3586 5618 3692 5674 Dei
