3978 6160
491 235 631 290 1215

1773 228 1992 286 JOANN
2001 230 2061 285 IS
2101 227 2294 285 SCOTl

3617 226 3755 285 i‘ZlG

486 345 717 401 termisit
737 344 973 414 plurima
1000 348 1187 397 contra
1217 339 1477 394 materiae
1500 348 1772 396 amatores
1802 349 1856 397 et
1880 356 2070 412 corpo-
2100 349 2143 403 Α
2175 356 2244 395 ne
2274 341 2324 393 in
2353 338 2583 394 sanitate
2615 337 2861 408 corporis
2888 336 3159 392 confidant
3179 380 3193 397 .
3221 345 3276 390 et
3313 335 3621 390 distillantlo
3642 356 3759 393 mo-

484 440 585 499 ris,
616 439 750 491 haec
777 434 1004 494 addidit,
1053 441 1111 486 ut
1161 431 1288 486 hinc
1331 441 1550 501 possent
1594 432 1679 501 pie
1714 433 2066 487 intentionem

487 528 674 582 Sancti
719 535 1123 605 perscrutantes
1154 524 1425 593 conjicere
1455 524 1552 578 sic.
1596 524 1861 591 Quoniam
1888 527 2068 580 ineor-

485 618 856 688 ruptinilitatis
883 626 937 671 et
983 616 1404 670 immortalitatis
1454 617 1852 685 pulchritudine
1890 633 1919 670 a
1963 618 2071 672 Deo

484 707 813 761 clarificatus
857 704 1033 759 factus
1069 714 1149 758 est
1195 705 1377 767 homo,
1423 707 1720 759 materialis
1752 722 1879 760 vero
1924 708 2068 760 circa

485 813 544 853 se
591 806 817 852 naturae
859 797 1247 865 turpitudinem
1286 796 1635 851 intellectuali
1684 797 2070 865 pulchritudini

482 904 842 960 praeponens,
883 889 1084 942 oblitus
1116 897 1199 942 est
1231 889 1464 944 decorae
1507 891 1801 944 secundum
1834 891 2070 959 animam

392 1038 393 1041 η
484 978 795 1048 dignitatis,
837 977 1009 1046 magis
1062 985 1240 1029 autem
1288 977 1419 1040 Dei,
1465 978 1700 1030 animam
1738 977 2073 1032 deiformiter

484 1068 786 1128 tormantis,
816 1064 990 1136 [omne
1009 1066 1149 1133 quod
1165 1065 1307 1137 fecit]
1334 1070 1600 1119 sententia
1623 1067 2073 1135 dignum,secuu-

406 1226 423 1233 ί
485 1158 609 1209 dum
654 1156 892 1208 divinum
926 1154 1190 1222 judicium
1225 1167 1464 1207 nostram
1511 1155 1787 1223 sapienter
1821 1156 2074 1209 adminis-

485 1255 591 1300 trat
630 1247 883 1308 salutem,
920 1245 1229 1313 colligitque
1260 1244 1515 1319 frui-tum,
1562 1260 1664 1298 non
1697 1245 1868 1298 solum
1902 1246 2070 1315 ipsam

481 1336 728 1405 corporis
777 1334 1186 1403 corruptionem
1246 1343 1301 1387 et
1355 1344 1583 1388 mortem
1643 1342 1698 1388 et
1740 1335 1808 1388 ad
1857 1350 2072 1388 onmem

481 1427 790 1497 passionem
819 1424 1281 1495 promptissimum
1301 1433 1503 1499 motum
1521 1434 1575 1479 et
1592 1426 2069 1495 opportunitatem,

485 1518 581 1571 sed
624 1526 681 1571 et
726 1526 879 1570 extra
911 1524 964 1569 et
993 1515 1136 1568 circa
1169 1530 1293 1568 eum
1337 1516 1633 1569 materialis
1682 1516 1951 1571 essentiae
1987 1517 2072 1569 iu-

484 1605 683 1660 stabile
727 1613 785 1661 et
842 1604 1150 1658 anomalum
1192 1614 1248 1659 et
1293 1604 1360 1658 ad
1403 1605 1744 1660 alienandum
1789 1605 1971 1660 ferens
2018 1614 2074 1660 et

2176 433 2264 486 bili
2298 447 2478 486 rerum
2522 445 2683 484 cursu
2727 446 2824 499 per
2857 445 3043 484 earum
3082 428 3325 482 defectus
3370 429 3682 483 eitaltenlur
3709 432 3754 495 δ,

2170 522 2300 576 dum
2333 536 2590 591 praesens
2618 522 2832 575 steterit
2852 521 2981 581 vita,
3006 531 3061 571 et
3090 520 3142 572 in
3168 518 3327 572 talem
3354 519 3756 587 corruptionem

2174 613 2691 674 circutnvolvantur,
2725 611 2868 664 circa
2894 626 3057 680 quam
3087 609 3370 662 Conversio
3391 619 3475 662 est
3503 620 3557 662 et
3585 620 3760 662 ututs-

2174 706 2395 770 bilitas;
2437 707 2563 759 dum
2614 706 2686 758 sit
2728 706 2829 758 hoc
2856 705 3145 765 incertum,
3172 702 3301 770 quid
3340 717 3407 755 ex
3436 718 3661 767 corpore
3707 710 3758 753 et

2173 797 2413 851 exterius
2460 812 2639 850 rerum
2677 794 3113 850 dissimilitudine
3164 810 3227 846 ac
3255 794 3655 862 perturbatione
3681 794 3759 845 eis

2173 889 2471 959 contingat.
2512 887 2628 941 Iloc
2669 887 2814 941 enim
2842 886 3081 939 arbitror
3126 883 3310 937 dicere
3348 898 3473 935 eum
3506 897 3601 950 per
3633 882 3752 942 hoc,

2174 982 2298 1033 dum
2325 997 2357 1032 (ι
2379 964 2551 1046 seipsa
2574 980 2813 1031 nmteries
2849 976 2947 1046 [ert
2973 976 3359 1037 inordinatum,
3404 989 3503 1042 pro
3522 989 3589 1026 eo
3616 972 3755 1041 quod

2175 1081 2276 1134 est,
2302 1071 2429 1124 dum
2459 1070 2560 1123 sub
2589 1068 2939 1138 corruptione
2959 1077 3017 1120 et
3048 1064 3411 1121 mutabilitate
3439 1075 3523 1117 est
3554 1064 3654 1115 hoc
3683 1074 3755 1115 to-

2176 1171 2311 1226 tum,
2361 1171 2417 1215 et
2440 1175 2638 1229 corpus
2673 1159 2997 1214 humilitatis
3041 1157 3351 1220 iuduamur,
3399 1165 3448 1210 et
3492 1171 3663 1224 aeque
3694 1171 3755 1208 ex

2177 1255 2292 1323 ipso
2328 1267 2424 1322 per
2469 1252 2686 1306 insitam
2728 1251 3098 1305 infirmitatem
3146 1247 3333 1303 multis
3380 1248 3552 1302 modis
3606 1248 3755 1301 malis

2176 1342 2513 1411 subjieimur,
2539 1355 2605 1394 ne
2626 1340 2695 1395 ab
2719 1340 2950 1394 invicem
3002 1352 3320 1408 separemur
3343 1352 3440 1405 per
3460 1352 3605 1400 eam,
3628 1352 3758 1405 quae

2176 1434 2319 1487 circa
2343 1447 2444 1486 nos
2491 1441 2592 1495 est,
2643 1430 3106 1500 inaequalitatem,
3154 1428 3250 1483 sed
3298 1428 3471 1497 magis
3515 1427 3755 1497 prudenti

2177 1523 2508 1593 cogitatione
2548 1522 2784 1576 naturali
2833 1521 3061 1591 collegio
3107 1520 3549 1589 inaequalitatem
3609 1518 3758 1586 plane

2178 1613 2461 1678 faciamus,
2494 1612 2723 1667 aliorum
2756 1613 2998 1667 defectus
3022 1610 3225 1665 nostris
3249 1609 3383 1678 ipsis
3408 1608 3758 1678 adimplentes

488 1696 671 1761 facile,
694 1699 812 1751 sive
832 1706 959 1751 tunc
984 1697 1153 1767 ipsam
1178 1695 1432 1767 [videlicet
1456 1697 1710 1770 animam]
1734 1700 1843 1754 Deo
1859 1707 2078 1769 propter
2107 1690 2716 1774 Bsuperabundautiis.
2765 1703 2998 1772 Propter
3042 1702 3146 1757 hoc
3194 1700 3444 1756 fortassis
3502 1716 3756 1770 praesens

487 1787 1013 1854 praevaricationem
1060 1794 1247 1840 nostro
1294 1788 1509 1855 corpori
1553 1789 1961 1857 commiscente,
2020 1800 2078 1846 et

486 1878 553 1930 ad
589 1877 930 1930 alienandum
973 1892 1120 1939 eam,
1157 1877 1237 1931 sic
1284 1892 1512 1947 corpore
1557 1881 1625 1934 ad
1667 1881 1972 1949 passionem
2022 1891 2077 1936 et

486 1969 887 2036 corruptionem
938 1977 994 2023 et
1047 1969 1269 2027 omnino
1306 1969 1653 2036 solutionem,
1694 1973 1836 2028 sicut
1878 1984 2081 2030 morta-

486 2060 619 2114 lium
646 2061 698 2114 in
723 2061 975 2139 paradiso
1009 2058 1228 2130 pellium
1256 2060 1500 2115 declarat
1524 2064 1776 2130 amictus,
1806 2068 2080 2123 inserente

484 2138 808 2219 potentiam,
848 2138 1002 2220 juxta
1050 2154 1192 2222 quod
1236 2154 1498 2224 scriptum
1549 2164 1653 2223 est,
1709 2159 1837 2229 quia
1871 2170 1921 2216 et
1965 2165 2079 2231 ipsa

487 2249 731 2293 creatura
759 2241 994 2310 subjecta
1027 2251 1104 2295 est
1138 2243 1464 2310 corruptioni
1511 2245 1709 2312 nolens,
1739 2248 1831 2301 sed
1871 2259 2083 2320 prapter

487 2331 848 2402 subjicientem
879 2334 933 2387 in
955 2350 1080 2403 spe;
1108 2349 1203 2388 seu
1236 2348 1302 2388 ex
1328 2335 1613 2407 principio,
1648 2354 1747 2409 per
1772 2344 2082 2411 praescien—

489 2425 619 2479 tiam
668 2427 746 2480 sic
794 2426 915 2480 eam
953 2436 1198 2492 creante,
1240 2439 1465 2501 propter
1510 2432 1818 2501 praevisam
1849 2433 2083 2489 hominis

487 2515 1031 2583 praevaricationem,
1064 2517 1136 2571 ita
1166 2526 1226 2572 ut
1253 2519 1510 2589 patiendo
1548 2530 1605 2575 et
1634 2521 1874 2578 vitiando
1901 2537 2000 2594 per
2025 2539 2085 2579 se

491 2605 543 2657 iu
572 2619 896 2659 consensum
934 2605 1104 2675 ipsius
1147 2616 1202 2661 et
1222 2610 1474 2679 propriae
1527 2610 1805 2682 dignitatis
1851 2614 2082 2680 veniret,

488 2703 544 2748 et
574 2695 881 2768 inseparate
908 2696 1175 2766 reciperet
1216 2699 1282 2753 ad
1323 2715 1521 2769 corpus
1549 2709 1605 2756 et
1632 2701 1863 2772 seipsam
1888 2702 2083 2758 iterum

488 2782 762 2838 affectum.
786 2785 1047 2839 Concedit
1066 2788 1225 2841 enim-
1241 2789 1674 2859 sapientissimus
1700 2793 1842 2846 vitae
1867 2801 2085 2848 nostrae

491 2873 759 2944 provisor,
793 2874 1116 2931 naturaliter
1166 2878 1245 2932 uti
1278 2892 1440 2948 saepe
1470 2881 1631 2935 rebus
1656 2881 1891 2952 propriis
1927 2883 2088 2937 moti-

490 2965 594 3019 bus
624 2964 690 3016 ad
718 2975 963 3018 nostram
997 2968 1431 3035 temperantiam,
1481 2969 1753 3024 interdum
1781 2972 1970 3028 insane
1992 2985 2087 3027 eas

492 3063 818 3120 tractantes,
843 3070 911 3110 ex
946 3056 1267 3113 confusione
1306 3066 1361 3112 et
1385 3059 1793 3127 perturbatione
1820 3061 1965 3117 circa
1992 3075 2088 3117 eas

492 3154 544 3199 et
571 3159 635 3200 ex
663 3146 767 3210 eis,
791 3147 856 3200 ad
904 3146 980 3211 id,
1027 3147 1169 3216 quod
1197 3147 1429 3200 amabile
1464 3157 1548 3202 est
1591 3149 1889 3203 secundum
1929 3157 2089 3204 natu-

493 3248 634 3298 ram,
673 3235 954 3318 adducens
988 3235 1203 3290 interim
1255 3245 1502 3291 nostrum
1546 3238 1983 3295 irrationabilem
2017 3241 2089 3295 ad

493 3339 558 3379 ea
584 3340 723 3395 quae
753 3328 1057 3394 praesentia
1104 3335 1231 3381 sunt
1270 3343 1532 3383 amorem.
1567 3329 1765 3386 Tribus
1803 3332 1948 3385 enim
1977 3332 2091 3386 exi-

491 3416 766 3471 stentibus
836 3418 1233 3474 universalibus
1284 3422 1459 3477 modis
1489 3462 1504 3487 ,
1565 3437 1663 3491 per
1719 3439 1857 3492 quos
1902 3425 2091 3479 dicunt

492 3509 707 3563 erudite
737 3518 949 3562 nostras
978 3510 1160 3562 sanari
1186 3510 1483 3578 passiones,
1513 3527 1612 3581 per
1637 3513 1876 3582 singulos
1903 3515 2092 3570 modos

498 3599 773 3667 sapienter
813 3600 1119 3653 inordinata
1168 3602 1445 3666 materiae,
1499 3603 1751 3657 ordinate
1795 3607 2091 3659 secundum

496 3704 664 3757 super
690 3705 788 3742 nos
823 3699 879 3743 et
929 3690 1208 3744 meliorem
1240 3692 1528 3757 rationem,
1579 3697 1645 3749 ad
1676 3697 1947 3766 cognitam
1980 3698 2094 3753 Deo

500 3779 699 3833 bonam
728 3778 1117 3847 pulchramque
1151 3780 1563 3849 perfectionem,
1599 3786 1896 3855 gubernata
1942 3787 2096 3841 mali-

442 3939 446 3944 ‘
504 3868 611 3923 tiae
643 3870 956 3938 passionum
998 3871 1312 3939 gravedine,
1362 3874 1817 3929 medicamentum
1852 3877 2092 3946 ponitur.

501 3959 612 4013 Aut
655 3961 798 4014 enim
879 3958 1420 4016 antecommissorum
1470 3973 1818 4033 peccatorum
1865 3982 2096 4037 poenam

500 4058 828 4116 repetentes,
855 4063 1086 4117 quorum
1114 4065 1284 4120 aeque
1315 4066 1490 4122 neque
1519 4053 1805 4123 vesugium
1836 4056 2096 4110 memoria

502 4141 807 4194 detinemus
843 4148 1065 4208 propter
1115 4142 1478 4211 ignorantiam
1504 4159 1518 4209 ;
1548 4143 1807 4199 lfortassis
1852 4160 1983 4199 vero
2010 4161 2098 4200 re-

503 4229 813 4293 cordantes,
841 4239 1202 4299 Opportunum
1237 4231 1449 4286 delictis
1479 4220 1767 4288 restituere
1807 4235 2100 4290 correctio-

510 4332 632 4371 nem
663 4333 770 4372 non
805 4320 1183 4383 sustinuimus,
1227 4336 1320 4373 seu
1354 4321 1619 4384 nolentes,
1651 4337 1745 4377 seu
1780 4339 1885 4378 non
1913 4324 2098 4379 valen-

2178 1804 2440 1847 coucessa
2475 1801 2561 1847 est
2607 1791 2917 1846 conversari
2961 1789 3251 1854 auomalia,
3288 1798 3349 1844 ut
3387 1791 3758 1844 ostenderetur

2180 1884 2424 1949 rationis,
2455 1899 2597 1953 quae
2630 1884 2685 1938 in
2730 1883 2886 1939 nobis
2923 1892 3032 1947 est,
3064 1882 3328 1952 potentia,
3359 1881 3757 1952 praehonorans

2178 1975 2430 2031 omnibus
2474 1976 2749 2032 virtutem.
2795 1973 3050 2031 Omnium
3090 1974 3234 2028 enim
3264 1973 3546 2028 hominum
3573 1973 3754 2028 eadem

2179 2074 2266 2122 est
2298 2055 2624 2136 corporiset
2665 2080 2876 2132 eorum,
2922 2079 3062 2135 quae
3103 2073 3257 2119 extra
3300 2074 3447 2128 sunt,
3487 2064 3755 2119 conversio

2180 2166 2237 2213 et
2260 2156 2612 2222 mutabilitas,
2640 2172 2779 2227 quae
2801 2155 2907 2211 fert
2925 2165 2981 2211 et
3002 2155 3195 2220 fertur,
3222 2164 3279 2210 et
3298 2154 3637 2210 solummodo
3660 2154 3755 2208 hoc

2181 2246 2374 2303 stabile
2415 2248 2657 2317 possidet
2695 2262 2761 2304 ac
2792 2247 3033 2312 ﬁrmum,
3083 2248 3229 2318 quod
3280 2245 3537 2302 instabile
3581 2254 3662 2303 est
3692 2261 3753 2300 ae

2182 2335 2435 2392 yolubile.

2715 2403 3120 2462 CAPITULUM
3153 2405 3242 2461 IV.

2421 2510 2664 2563 ειυεοειι,
2694 2511 2762 2550 EX
2801 2509 3044 2551 SEBIONE
3081 2510 3137 2549 IN
3173 2509 3537 2550 ATHARASIUI.

2184 2584 2243 2640 ln
2275 2586 2424 2643 hoc:
2455 2585 2583 2640 Non
2628 2587 2769 2641 enim
2808 2583 3123 2708 hatxtbqpid
3151 2583 3313 2637 altius
3355 2599 3516 2654 quam
3560 2584 3754 2637 omnino

2932 2672 2961 2708 a
3000 2671 3027 2708 ε
3054 2693 3068 2708 .

2932 2671 3068 2708 αοει.

2256 2746 2486 2802 Videtur
2520 2744 2656 2801 mihi
2695 2759 2790 2815 per
2820 2745 2958 2800 haec
2998 2743 3296 2799 absolvisse
3338 2743 3408 2797 ab
3437 2743 3588 2799 omni
3622 2756 3757 2797 com-

2185 2837 2433 2907 parativo
2474 2844 2529 2890 et
2566 2834 2857 2890 discretivo
2886 2843 2944 2889 et
2995 2833 3377 2904 quoquomodo
3423 2833 3584 2888 aliter
3628 2832 3757 2887 dicto

2187 2926 2378 2984 habitu
2416 2927 2669 2982 edoctum
2702 2926 2806 2982 iste
2840 2924 3015 2981 deifer
3053 2925 3325 2996 Magister.
3366 2925 3508 2981 Nam
3552 2928 3757 2981 immen-

2114 3039 2160 3102 ρ
2188 3033 2306 3072 sam
2357 3030 2480 3073 esse
2530 3015 2691 3071 talem
2739 3016 3007 3072 orationis
3053 3016 3290 3085 speciem
3330 3016 3539 3080 dicunt,
3584 3015 3669 3083 qui
3710 3015 3755 3068 in

2188 3111 2387 3166 talibus
2420 3110 2695 3180 sapientes
2738 3117 2885 3174 sunt,
2916 3117 2974 3163 et
3015 3108 3157 3163 hanc
3196 3123 3355 3178 posse
3384 3107 3757 3176 incomparabi-

2188 3199 2312 3255 liter
2338 3215 2500 3270 super
2526 3190 2707 3252 omnia
2734 3212 2856 3252 esse
2881 3198 3085 3265 dicere,
3110 3198 3309 3268 quippe
3336 3198 3596 3252 virtutem
3621 3197 3760 3251 balet

2190 3291 2648 3361 supereminentis
2679 3289 3005 3360 negationis.

2734 3380 3136 3437 CAPITULUM
3173 3379 3239 3435 ν.

2266 3487 2498 3528 EIUSDEM
2536 3489 2606 3527 EX
2644 3486 2931 3528 EPITAPHIO
2970 3488 3021 3526 IN
3062 3487 3302 3527 SANCTUI
3342 3483 3699 3525 ATHANASIIJI.

2193 3562 2250 3616 In
2283 3565 2387 3618 hoc
2420 3581 2432 3615 :
2465 3563 2562 3615 Cui
2592 3563 2755 3631 igitur
2785 3561 2987 3615 licitum
3018 3561 3141 3630 fuit,
3171 3577 3262 3630 per
3289 3561 3550 3614 rationem
3582 3570 3627 3612 et
3654 3575 3757 3631 cutt-

2264 3630 2654 3698 templationent
2700 3635 3088 3701 pertranseunti
3135 3631 3411 3683 materiam
3454 3641 3507 3701 et
3570 3630 3758 3682 carnale

2264 3705 2384 3765 hoc,
2411 3703 2517 3755 sive
2542 3699 2773 3753 nimbum
2798 3712 2996 3770 oportet
3025 3702 3221 3762 dicere,
3251 3703 3355 3754 sive
3383 3699 3639 3762 velamen,
3662 3711 3759 3748 mu

2271 3773 2378 3825 Deo
2413 3771 2552 3840 ﬁeri,
2597 3780 2645 3824 et
2692 3770 2977 3840 purissimo
3026 3769 3220 3824 lumine
3272 3772 3478 3834 teneri,
3533 3779 3761 3838 quantum

2267 3840 2511 3911 possibile
2546 3850 2621 3894 est
2662 3839 2924 3911 humanae
2967 3850 3207 3911 naturae,
3240 3839 3423 3911 beatus
3469 3841 3567 3891 iste
3606 3852 3762 3911 ascea-

2269 3908 2414 3965 sione
2445 3911 2584 3969 hinc,
2630 3920 2677 3963 et
2728 3909 2876 3962 illinc
2921 3908 3281 3977 deiﬁcatione.
3326 3910 3391 3961 de
3430 3924 3538 3974 qua
3591 3908 3764 3977 sititer:

2268 3980 2631 4049 philosophari
2671 3978 2924 4049 donatur,
2953 3973 3016 4031 et'
3040 3994 3197 4045 super
3235 3973 3564 4049 ntuteriatem
3613 3973 3766 4028 ductio

2269 4046 2430 4102 tatem
2461 4049 2579 4116 ﬁeri
2609 4064 2703 4118 per
2728 4046 3047 4102 intellectam
3074 4049 3131 4101 in
3156 4048 3392 4101 trinitate
3418 4048 3688 4101 unitatem.

2270 4140 2385 4211 Ego
2414 4139 2633 4209 quidem
2663 4155 2771 4195 non
2803 4153 3025 4210 possum
3055 4138 3314 4194 deficiens
3357 4139 3563 4193 habere
3605 4137 3763 4192 reddi-

2205 4238 2315 4285 tam
2356 4230 2424 4285 de
2463 4232 2662 4284 virtute
2700 4239 3017 4284 sanctorum
3059 4227 3297 4298 Magistri
3341 4228 3643 4288 rationem,
3679 4224 3766 4279 etsi

2202 4321 2455 4391 quidam,
2506 4328 2566 4374 ut
2605 4318 2925 4388 scripsistis,
2970 4319 3077 4373 hoc
3117 4316 3480 4380 arbitrantur,
3523 4331 3621 4386 per
3658 4315 3763 4377 hoc,

500 4416 593 4460 tes
615 4416 849 4479 propter
874 4408 1171 4478 ingenitum
1213 4409 1453 4464 malitiae
1495 4409 1773 4476 habitum;
1824 4406 1919 4467 seu
1944 4414 2097 4467 intir-
2126 4410 2179 4470 D
2207 4413 2421 4467 ratione
2443 4420 2504 4466 et
2528 4410 2984 4479 contemplatione
3014 4409 3374 4472 solummodo,
3406 4408 3528 4463 sine
3554 4407 3763 4466 actione,

506 4496 760 4551 mitatem
790 4513 1106 4568 purgamur,
1139 4507 1232 4552 aut
1258 4508 1598 4567 praesentem
1621 4510 1676 4554 et
1697 4502 2040 4558 distributam
2068 4517 2092 4545 ο

514 4587 776 4644 malitiam
823 4592 1157 4660 repellimus,
1186 4601 1239 4647 et
1281 4594 1476 4647 iterum
1505 4596 1571 4648 ad
1601 4594 1840 4648 habitum
1888 4596 2101 4653 futurae

508 4681 658 4734 vitae
684 4683 1076 4750 praediscimus
1102 4685 1346 4753 aspicere
1376 4701 1391 4750 ;
1433 4694 1525 4738 aut
1555 4685 1707 4738 firma
1736 4685 2020 4741 tolerantia
2047 4696 2104 4742 ct

507 4768 602 4838 pia
632 4768 947 4826 fortitudine
1000 4773 1245 4827 mirabile
1284 4773 1585 4844 exemplum
1629 4774 1750 4828 aliis
1796 4776 2104 4832 hominibus

508 4859 654 4913 alius
682 4863 933 4931 proponit
960 4864 1142 4928 homo,
1192 4864 1458 4934 siquidem
1487 4865 1756 4929 excelsus,
1782 4876 1875 4919 aut
1908 4867 2099 4920 intelli-

508 4948 693 5017 gentia
721 4957 883 5018 atque
905 4951 1102 5006 virtute
1123 4953 1405 5023 gloriosus,
1435 4962 1490 5007 et
1512 4954 1736 5011 idoneus
1754 4970 1851 5024 per
1864 4956 2099 5025 seipsum

508 5039 881 5109 imperterrita
943 5056 1133 5098 contra
1205 5057 1441 5101 terrores
1493 5046 1685 5115 capula
1753 5046 2101 5101 manifestare

506 5130 730 5188 interim
785 5133 1057 5187 occultam
1105 5137 1409 5190 veritatem.
1457 5137 1727 5191 Admonet
1764 5137 1946 5207 itaque
1983 5153 2098 5202 eos,

511 5223 607 5292 qui
632 5223 938 5294 nihilsupra
970 5236 1310 5294 praesentem
1334 5229 1499 5283 vitam
1523 5230 1824 5301 intelligere
1852 5240 2097 5299 possunt,

2207 4512 2331 4573 post
2351 4501 2521 4557 Deum
2548 4501 2945 4556 transeuntium
2971 4501 3143 4569 ipsam
3171 4499 3352 4554 dicere
3369 4497 3761 4568 philosophiam;

2204 4610 2236 4647 e
2262 4593 2535 4647 contrario
2565 4607 2695 4647 vero
2719 4600 3060 4661 compactam
3088 4590 3287 4645 actioni
3319 4604 3505 4644 veram
3535 4589 3669 4642 circa
3685 4600 3756 4644 ea.

2205 4701 2346 4756 quae
2375 4696 2521 4748 sunt,
2550 4700 2738 4740 eorum
2782 4694 2838 4739 et
2876 4683 3263 4754 iudicationem
3292 4691 3349 4735 et
3394 4680 3753 4750 Operationcm.

2208 4791 2371 4844 quam
2420 4773 2817 4845 philosophiam
2871 4772 3044 4827 solam
3090 4785 3217 4825 vere
3274 4769 3634 4840 plenissimam
3670 4776 3751 4832 ego

2208 4866 2400 4920 saltem
2420 4868 2592 4920 audax
2609 4863 2834 4927 definio,
2857 4863 3029 4933 magis
3045 4868 3233 4932 aperte
3248 4860 3608 4915 introduxisse
3619 4869 3714 4908 eam
3728 4860 3745 4888 ε

2209 4956 2471 5023 suscipio,
2491 4940 2703 5009 ratione
2722 4962 2778 5008 et
2797 4950 3468 5022 contemplationecorrigi
3485 4964 3596 5001 eam
3615 4942 3747 4997 niani-

2211 5047 2414 5100 testans
2427 5045 2479 5099 ά.
2502 5044 2711 5115 Quippe
2734 5044 2929 5099 rationi
2949 5042 3067 5112 conj
3075 5052 3235 5099 uncta
3249 5042 3472 5098 omnino
3484 5039 3689 5094 actione.
3702 5040 3743 5084 et

2203 5137 2560 5209 judicatione,
2607 5151 2748 5207 quae
2784 5137 2839 5191 in
2873 5137 2987 5207 ipsa
3016 5142 3124 5200 est,
3148 5150 3246 5205 per
3278 5129 3742 5201 contemplationem

2210 5230 2621 5300 comprehensa.
2658 5228 2935 5301 Siquidem
2978 5227 3206 5281 rationis
3250 5234 3355 5292 est,
3389 5224 3627 5282 ordinare
3652 5227 3745 5271 cor

2030 5337 2279 5394 NOTAE.

590 5462 618 5523 ξ
646 5449 849 5523 Graece
874 5452 1164 5523 νεμομένην,
1196 5450 1233 5504 i.
1264 5466 1313 5506 e.
1343 5453 1698 5521 deposcente":
1728 5471 1838 5508 nos.

590 5519 620 5558 δ
655 5519 873 5575 Rectius
904 5519 974 5576 ita
995 5519 1252 5576 vertisset
1280 5542 1290 5574 :
1327 5519 1417 5576 nec
1446 5534 1654 5589 propter
1685 5541 1857 5578 rerum
1881 5534 2121 5578 suarum'

516 5605 727 5647 causam
759 5591 813 5642 iu
845 5593 1096 5657 offensum
1130 5605 1310 5645 eorum
1338 5610 1442 5652 eos,
1468 5594 1556 5661 qui
1584 5594 1693 5646 istis
1725 5605 1924 5658 mrem,
1955 5594 2100 5647 exul-

2209 5462 2402 5507 tentur.

2281 5534 2302 5561 ε
2335 5522 2539 5577 Graece
2577 5523 2744 5583 αὐτὸν,
2783 5537 2920 5575 eum.

2280 5592 2303 5631 ἀ
2329 5593 2534 5646 Graece
2565 5596 2955 5662 ἀποφηνάμενον,
2984 5587 3425 5659 manifestarium.
