3978 6160
1110 219 1138 232 “

294 237 429 292 12ιῖ

1308 240 1561 299 VERSlO
1596 238 2057 302 AMBIGUORUM
2098 238 2157 296 S.
2199 236 2468 296 MAXIMI.

3400 237 3537 294 1218

290 357 440 426 poris
472 364 699 423 motum,
726 356 895 412 veluti
926 355 1082 412 freno
1122 356 1357 427 quodam
1390 370 1536 414 recta
1567 359 1862 417 ratiocina.
1881 354 1931 413 Α
1956 351 2184 408 virtutes
2211 351 2446 407 divinam
2463 348 3011 415 sibimctcoaptavere
3036 349 3265 402 formam
3283 352 3539 408 omnino:

292 448 440 500 tione
467 450 537 501 ab
586 462 674 514 eo,
714 448 808 518 qui
845 458 931 503 est
962 449 1029 503 ad
1060 449 1564 520 inconsequentiam
1604 463 1645 519 ",
1677 463 1860 508 meatu

288 540 422 595 disci
433 539 701 609 plinaliter
728 549 1021 607 retentam,
1051 542 1529 620 contemplationis
1549 558 1700 612 vero,
1723 560 1865 615 quae

288 632 428 686 bene
452 632 726 687 intellecta
756 641 923 703 atque
950 633 1189 699 discreta
1218 644 1369 701 sunt,
1410 636 1716 706 prudenter
1769 652 1863 693 ex-

291 722 484 776 tollere
515 721 836 791 judicaudo,
861 732 1120 794 tanquam
1143 724 1324 780 lucem
1346 724 1728 792 clarissimam,
1762 738 1861 794 per

282 828 466 869 veram
509 810 793 871 scientiam
826 810 998 881 ipsam
1028 810 1313 866 veritatem
1343 817 1637 867 ostendens
1670 811 1719 863 ιι.
1766 810 1860 864 His

279 906 545 960 ambobus
587 903 825 959 maxime
864 911 1085 958 creatur
1127 902 1307 957 omnis
1345 903 1564 972 sapiens
1606 902 1780 956 virtus
1808 910 1862 956 et

280 997 605 1058 custoditur,
651 996 721 1050 ab
761 995 846 1050 his
885 994 1049 1050 etiam
1101 994 1483 1050 manifestatur
1528 1009 1627 1065 per
1667 1008 1864 1064 corpus

283 1103 390 1143 non
424 1096 565 1151 tota;
613 1101 720 1141 non
763 1085 910 1140 enim
944 1085 1156 1156 capitur
1197 1100 1447 1155 corpore,
1478 1085 1605 1140 dum
1639 1086 1712 1140 sit
1737 1087 1865 1140 cha-

282 1184 463 1229 racter
491 1175 701 1229 divinae
728 1174 1029 1243 potentiae,
1055 1176 1147 1245 sed
1173 1176 1438 1243 quaedam
1482 1189 1695 1242 eorum,
1725 1188 1865 1244 quae

284 1268 455 1337 ipsius
481 1275 625 1330 sum,
662 1266 906 1320 umbrae.
940 1265 1008 1320 Et
1052 1266 1155 1321 hoc
1197 1281 1304 1321 non
1340 1275 1567 1337 propter
1606 1267 1864 1337 seipsam,

282 1368 507 1431 propter
534 1359 708 1413 nudos
737 1372 865 1412 vero
893 1358 1063 1429 ipsius
1093 1359 1290 1429 gratia.
1321 1368 1381 1412 ut
1422 1359 1475 1412 in
1507 1358 1867 1414 imitationem

281 1449 504 1504 veniant
539 1446 822 1502 deiformis
871 1447 1038 1502 Deum
1083 1447 1418 1518 diligentiam
1459 1447 1700 1503 virorum
1740 1463 1869 1504 con—

284 1537 650 1603 versationis;
716 1546 777 1591 ut
826 1551 926 1607 per
971 1537 1441 1609 participationem
1486 1538 1615 1593 boni
1661 1545 1718 1594 et
1763 1538 1869 1609 ipsi

284 1630 529 1685 malitiae
582 1628 974 1699 turpitudinem
1028 1628 1381 1699 deponentes,
1413 1631 1700 1702 dignorum
1760 1631 1872 1687 Deo

1960 456 2069 500 non
2095 457 2218 500 esse
2241 441 2611 499 necessarium
2634 439 2884 510 judicans
2912 454 3010 511 per
3037 454 3234 512 corpus
3261 442 3546 498 nominare

1961 534 2251 601 actionem,
2276 547 2622 603 ~,cognoscens
2648 547 2754 586 non
2801 546 2922 586 eam
2960 532 3175 587 virtutis
3211 547 3332 588 esse
3353 532 3547 589 factri-

1962 638 2103 689 cem,
2127 624 2222 680 sed
2246 621 2751 688 manifestatricem,
2779 631 2835 677 ct
2865 622 3203 678 solummodo
3233 623 3542 680 divinarum

1964 714 2448 786 intelligentiarum
2472 723 2528 770 et
2559 714 2983 785 disputationum
3012 712 3320 768 ministrum

2037 805 2108 860 Ut
2149 813 2330 861 autem
2375 812 2433 860 et
2480 819 2581 876 per
2622 805 2789 859 alium
2831 804 3048 860 modum
3080 804 3425 861 manifestum
3456 804 3554 860 fiat

1964 898 2107 965 quod
2134 896 2340 952 dictum
2377 903 2463 951 est
2492 914 2506 949 :
2536 896 2743 961 dicunt,
2773 895 2865 965 qui
2894 904 3204 951 nostrarum
3249 910 3433 952 rerum
3469 897 3553 951 di-

1965 985 2199 1057 ligenter
2227 986 2468 1041 rationes
2496 994 2843 1058 percurrunt,
2878 985 3159 1040 rationalis
3183 986 3400 1057 quidem
3428 1001 3551 1041 esse

1967 1078 2446 1149 contemplativum
2503 1086 2563 1133 ct
2620 1078 2885 1134 activum.
2942 1077 3011 1133 Et
3066 1079 3581 1150 contemplativum'

1967 1171 2183 1242 quidem
2242 1170 2540 1226 secundum
2592 1168 2959 1237 intellectum;
3019 1170 3219 1240 quippe
3276 1169 3439 1224 habet
3486 1184 3551 1223 ea

1969 1277 2109 1332 quae
2136 1273 2261 1317 sunt
2293 1279 2307 1316 :
2337 1260 2571 1316 activum
2594 1274 2725 1315 vero
2739 1246 3042 1314 secundum
3068 1259 3376 1325 consilium,
3406 1261 3551 1328 quod

1971 1355 2159 1412 deﬁnit
2192 1353 2500 1409 actionibus
2531 1360 2737 1407 rectam
2768 1350 3056 1405 rationem.
3090 1348 3158 1404 Et
3197 1360 3395 1404 vocant
3435 1350 3553 1418 qui-

1970 1445 2095 1501 dem
2140 1442 2650 1514 contemplativum,
2702 1439 3083 1507 intellectum;
3135 1441 3372 1495 activum
3423 1455 3555 1495 vero

1971 1536 2275 1601 rationem;
2309 1544 2364 1589 et
2412 1531 2542 1588 illud
2587 1532 2806 1603 quidem
2850 1531 3208 1602 sapientiam,
3260 1531 3389 1587 illud
3426 1547 3554 1588 vero

1970 1626 2336 1697 prudentiam.
2379 1624 2435 1680 Si
2481 1632 2662 1680 autem
2693 1623 2797 1679 hoc
2825 1638 3031 1687 verum,
3062 1638 3128 1678 ex
3171 1638 3333 1678 causa
3378 1624 3558 1693 itaque

284 1730 469 1791 partes
514 1720 668 1785 fiant,
711 1728 805 1774 aut
839 1719 1196 1789 deprecantes
1230 1720 1553 1790 adiutorium
1597 1720 1867 1791 quoddam
1903 1734 1943 1794 Β
1972 1716 2261 1781 actionem,
2293 1713 2586 1770 secundum
2614 1714 2755 1783 quod
2779 1727 3120 1783 consequens
3143 1721 3246 1778 est,
3275 1721 3332 1769 a'.
3359 1727 3462 1766 non
3491 1727 3559 1766 ex

282 1829 318 1869 a
370 1813 682 1885 potentibus
736 1814 1018 1882 consequi,
1069 1821 1128 1867 ut
1177 1813 1451 1869 occultum
1494 1814 1549 1868 in
1601 1813 1870 1884 profundo

284 1906 502 1962 animae
563 1904 891 1959 eximiorum
945 1901 1196 1959 affectum
1257 1919 1355 1974 per
1409 1918 1608 1974 corpus
1658 1905 1871 1960 actione

287 1996 579 2052 manifesta
610 1995 966 2066 accipientes,
1011 1995 1195 2049 omnia
1227 1995 1280 2049 in
1324 1994 1578 2051 omnibus
1625 1994 1824 2050 factam
1853 2037 1869 2062 ,

285 2095 342 2139 et
361 2101 459 2156 per
484 2086 664 2139 omnia
692 2085 945 2139 omnibus
966 2093 1307 2153 praesentem
1331 2085 1426 2140 Dei
1450 2085 1869 2155 providentiam,

285 2184 345 2230 et
372 2176 519 2246 ipsos
547 2175 800 2241 laudent;
834 2185 895 2229 ut
931 2175 977 2229 si
1008 2189 1169 2229 nemo
1197 2183 1366 2241 esset,
1402 2176 1493 2245 qui
1537 2176 1676 2232 bene
1712 2191 1874 2248 agere

288 2269 701 2337 deprecaretur,
729 2280 825 2321 seu
853 2266 946 2336 qui
984 2267 1053 2321 ad
1082 2267 1342 2322 virtutem
1372 2267 1621 2337 exemplo
1648 2266 1871 2321 formari

287 2357 501 2424 debeat,
534 2357 708 2427 ipsum
739 2355 912 2411 solum
940 2353 1186 2411 suﬂicere
1215 2355 1318 2411 sibi
1346 2357 1590 2420 omnino,
1620 2370 1761 2426 quae
1791 2369 1874 2411 se-

285 2447 526 2504 cundum
577 2447 816 2502 animam
867 2455 1014 2513 sunt,
1057 2447 1321 2501 virtutum
1374 2446 1532 2502 donis
1580 2448 1871 2525 fruentem.

288 2539 358 2594 Et
385 2538 504 2593 sine
531 2553 719 2593 earum
758 2553 854 2608 per
882 2552 1080 2609 corpus
1108 2539 1180 2594 ad
1218 2537 1568 2595 manifestum
1609 2540 1877 2610 approba-

288 2629 439 2685 tione
486 2644 591 2685 non
642 2638 726 2684 est
770 2631 1126 2701 incongruum
1166 2631 1373 2687 dicere.
1416 2631 1519 2699 Qui
1573 2633 1741 2704 igitur
1788 2634 1876 2704 pie

287 2735 390 2794 per
444 2721 956 2792 contemplationem
1003 2722 1298 2795 intelligit,
1353 2725 1626 2795 quomodo
1674 2725 1878 2782 habent

288 2827 359 2868 ea
380 2826 521 2884 quae
545 2821 691 2877 sunt,
723 2822 778 2868 et
815 2827 914 2882 per
941 2813 1268 2871 rationabile
1308 2814 1596 2872 consilium
1626 2817 1878 2873 conside-

290 2914 410 2960 rate
446 2920 511 2959 ac
547 2912 697 2960 recte
726 2903 793 2959 de
823 2903 955 2974 ipsis
991 2905 1261 2962 rationem
1296 2906 1502 2973 delinit,
1543 2916 1599 2964 et
1638 2908 1879 2965 custodit

289 2998 512 3055 sibimet
547 2997 1052 3068 judicium,—magis
1094 3015 1221 3055 vero
1267 3002 1503 3072 seipsum
1541 3001 1752 3071 judicio
1803 3003 1877 3058 ir-

1974 1809 2201 1864 materia
2241 1806 2542 1862 nominavit
2580 1804 2838 1876 Magister
2875 1806 3163 1870 rationem,
3206 1804 3408 1860 nullam
3458 1805 3555 1858 ha-

1972 1901 2190 1956 bentem
2244 1898 2554 1968 oppositum
2606 1896 2979 1951 habitudinem
3032 1894 3349 1967 appellans;
3390 1894 3560 1949 ratio--

1975 1989 2231 2045 nabiliter
2267 1990 2415 2043 enim
2450 1997 2506 2044 et
2541 1987 2801 2054 scienter,
2852 1995 2909 2040 at
2948 2001 3053 2040 non
3082 2001 3181 2056 per
3218 1986 3559 2040 inimicitiam

1972 2088 2028 2134 et
2047 2078 2471 2144 contentionem,
2487 2076 2651 2131 instat
2670 2075 2816 2130 veris
2833 2074 3303 2144 contemplativus,
3330 2081 3384 2127 et
3407 2088 3562 2143 prac-

1977 2180 2058 2224 ter
2088 2169 2203 2239 ipsa
2236 2166 2380 2223 aliud
2409 2167 2538 2237 quid
2560 2166 2745 2221 videre
2772 2174 2995 2235 propter
3017 2178 3207 2219 eorum
3240 2164 3562 2219 delectatio-

1976 2276 2098 2316 nem
2139 2276 2246 2315 non
2272 2260 2482 2329 recipit.

2047 2349 2103 2404 Si
2130 2364 2259 2404 vero
2280 2364 2417 2420 opus
2450 2358 2535 2405 est
2557 2358 2613 2406 et
2639 2349 2797 2407 aliter
2824 2350 2928 2405 hoc
2957 2351 3200 2421 apertius
3234 2350 3433 2414 facere,
3459 2349 3563 2404 ite-

1978 2456 2118 2508 rum,
2159 2442 2250 2513 qui
2299 2438 2596 2497 secundum
2644 2443 2898 2498 virtutem
2946 2441 3296 2511 perfectionis
3330 2440 3565 2496 rationes

1975 2546 2254 2604 exercent,
2287 2538 2780 2608 dicunt,‘quosdam
2808 2539 3044 2594 nondum
3070 2539 3137 2593 ad
3170 2539 3451 2593 materiam
3479 2553 3565 2594 se-

1975 2630 2211 2685 cundum
2242 2629 2488 2685 habitum
2528 2630 2908 2686 communione
2935 2642 3190 2702 purgatos
3219 2632 3364 2687 circa
3396 2632 3562 2685 actio-

1977 2738 2075 2778 nes
2105 2721 2243 2779 eliici
2265 2763 2280 2790 ,
2312 2722 2439 2779 dum
2489 2723 2561 2779 sit
2592 2724 2759 2778 mixta
2793 2724 2971 2779 adhuc
2997 2724 3076 2779 eis
3102 2724 3247 2779 circa
3298 2736 3392 2787 ea,
3430 2738 3567 2792 quae

1977 2823 2123 2882 sunt,
2144 2813 2429 2884 iudicatio,
2457 2824 2511 2871 et
2551 2825 2679 2871 sunt
2705 2814 3108 2881 conversibiles,
3145 2818 3382 2871 nondum
3425 2816 3565 2870 circa

1978 2905 2361 2962 conversibilia
2390 2906 2633 2961 habitum
2647 2906 3012 2977 deponentes;
3039 2906 3301 2975 quosdam
3322 2920 3453 2961 vero
3476 2921 3561 2976 per

1980 2996 2196 3051 virtutis
2249 2996 2616 3051 summitatem
2674 2994 2787 3051 Deo
2841 2996 3137 3051 secundum
3182 2996 3423 3051 habitum
3473 3012 3570 3067 ap-

291 3087 798 3161 reprehensibilem,
829 3103 1046 3144 omnem
1075 3090 1235 3145 simul
1264 3092 1732 3162 comprehenderis
1775 3096 1876 3151 ha.
1905 3087 1951 3150 Ε
1980 3089 2622 3160 proximantes,etipsius
2652 3089 2947 3145 secundum
2970 3088 3376 3160 intelligentiam
3407 3091 3570 3146 beati-

291 3181 385 3241 bet
429 3180 704 3245 virtutem,
749 3180 815 3233 ad
854 3180 991 3235 nihil
1029 3180 1173 3236 aliud
1207 3189 1329 3253 post
1372 3185 1646 3255 cognitam
1678 3187 1879 3242 verita-

294 3280 435 3337 tem,
467 3271 645 3325 adhuc
683 3279 883 3335 motus,
916 3281 971 3326 et
996 3272 1178 3326 omnia
1207 3275 1487 3342 praeteriit
1531 3273 1876 3343 festinanter,

293 3362 495 3419 nullius
522 3362 745 3418 omnino
765 3363 1030 3418 rationem
1057 3363 1264 3420 faciens
1288 3379 1498 3432 eorum,
1521 3382 1879 3439 quaecunque

293 3457 478 3510 carnis
532 3463 587 3509 et
642 3456 824 3509 mundi
891 3463 1016 3509 sunt
1061 3464 1118 3510 et
1178 3458 1469 3524 dicuntur,
1528 3459 1878 3517 informatum

292 3546 502 3600 habens
553 3543 663 3613 jam
729 3546 939 3600 ratione
999 3548 1444 3617 comprehensam
1516 3551 1634 3606 sine
1698 3564 1876 3621 pugna

292 3637 599 3703 actionem;
644 3638 844 3708 quippe
882 3653 1073 3693 omnes
1100 3640 1321 3695 sibimet
1363 3642 1744 3700 intellectualis
1787 3661 1880 3699 no-

293 3729 395 3788 stri
445 3731 848 3800 potentissimas
896 3730 1257 3800 impassibiles
1307 3732 1548 3789 inferens
1603 3735 1875 3801 rationes,

291 3836 393 3893 per
420 3837 555 3890 quas
582 3822 760 3877 omnis
790 3822 964 3875 virtus
1004 3830 1059 3877 ct
1101 3823 1328 3879 scientia
1374 3834 1459 3880 est
1505 3834 1561 3882 et
1604 3826 1877 3893 consistit,

291 3910 417 3981 iure
463 3914 590 3966 dum
639 3913 750 3969 sint
799 3913 1140 3969 rationabilis
1188 3915 1405 3971 animae
1450 3919 1727 3986 potentiae
1755 3960 1769 3987 ,
1821 3928 1883 3973 nt

291 4004 409 4060 sint
434 4004 649 4072 quidem
675 4005 897 4059 omnino
923 4019 1149 4075 corpore
1177 4021 1284 4061 non
1313 4006 1635 4077 indigentes,
1670 4018 1730 4063 ut
1753 4024 1880 4065 vere

291 4095 625 4152 nranifestae
677 4099 789 4151 sint
854 4109 1077 4168 propter
1135 4113 1332 4154 causas
1391 4101 1700 4170 praedictas
1726 4140 1742 4168 ,
1794 4117 1882 4158 se-

289 4186 536 4241 cundum
580 4196 792 4256 tempus
836 4204 901 4244 eo
945 4192 1021 4243 uti
1068 4204 1175 4245 non
1227 4189 1624 4261 vituperantur.
1687 4192 1882 4248 Dicunt

291 4278 444 4333 enim
488 4278 867 4334 intellectualis
913 4290 1035 4335 esse
1077 4279 1387 4351 specialiter
1426 4282 1676 4338 notiones
1719 4283 1878 4358 intel-

1986 3180 2168 3236 tudine
2185 3179 2449 3247 fruentes,
2474 3181 2541 3235 ad
2563 3182 2767 3252 seipsos
2793 3182 3133 3237 solummodo
3158 3192 3212 3237 et
3243 3183 3406 3237 Deum
3443 3198 3570 3239 con-

1980 3282 2204 3336 versos,
2262 3272 2564 3342 rumpendo
2624 3274 2835 3328 sincere
2887 3273 3185 3329 materialis
3236 3274 3570 3331 habitudinis

1981 3362 2216 3429 vincula,
2249 3363 2554 3419 actionibus
2577 3365 2797 3433 quidem
2840 3379 2868 3418 a
2912 3366 3137 3420 materia
3176 3365 3411 3436 perfecte
3440 3366 3571 3420 alie-

1982 3463 2204 3521 nantur,
2232 3454 2693 3524 contemplatione
2719 3466 2849 3511 vero
2876 3464 2928 3509 et
2963 3454 3074 3510 Deo
3099 3455 3391 3510 familiares
3414 3458 3567 3510 ﬁunt.

1980 3549 2298 3620 Propterea,
2346 3548 2628 3618 inquiunt,
2677 3557 2898 3604 manent
2943 3550 3408 3617 inconvcrsibilcs,
3461 3564 3568 3606 nan

1981 3639 2245 3695 habentes
2265 3638 2441 3695 adhuc
2470 3638 2535 3693 ad
2558 3640 2841 3696 materiam
2874 3640 3265 3706 habitudinem,
3296 3655 3393 3709 per
3410 3654 3572 3712 quam

1980 3746 2103 3786 cum
2134 3733 2362 3787 materia
2386 3733 2707 3788 naturaliter
2728 3733 2909 3790 mobili
2931 3744 3116 3790 contra
3141 3743 3391 3789 naturam
3421 3751 3573 3789 com-

1982 3825 2185 3879 moveri
2232 3838 2296 3879 ex
2340 3827 2666 3882 necessitate
2709 3827 3020 3890 consuevit,
3053 3827 3142 3895 qui
3172 3829 3430 3882 materiae
3477 3841 3576 3898 per

1981 3915 2352 3972 habitudinem
2383 3926 2672 3971 concretus
2699 3924 2803 3980 est,
2829 3925 2883 3970 ct
2912 3917 3181 3973 maximae
3210 3919 3400 3973 videns
3436 3919 3576 3973 indi-

1980 4020 2109 4077 gere
2133 4008 2407 4077 potentiae
2447 4007 2513 4060 ad
2556 4007 2948 4076 depositionem
2982 4004 3275 4063 materialis
3302 4008 3577 4078 passibili-

1983 4096 2130 4160 tatis,
2154 4097 2223 4152 ab
2250 4110 2314 4152 ea
2341 4096 2559 4152 liberari
2590 4095 2880 4159 volentem,
2912 4097 2989 4152 ait
3017 4097 3273 4167 Magister
3300 4118 3313 4153 :
3345 4096 3447 4154 Cui
3476 4101 3576 4170 igi-

1980 4196 2069 4239 tur
2124 4186 2325 4242 licitum
2384 4184 2486 4255 fuit
2538 4204 2629 4254 per
2689 4189 2943 4243 rationem
2992 4200 3038 4243 et
3087 4189 3571 4263 contemplationem

1980 4278 2361 4348 pertranseumi
2405 4279 2700 4339 materiam.
2730 4289 2777 4334 el
2807 4280 3021 4334 carnale
3057 4285 3174 4346 hoc,
3198 4282 3304 4336 sive
3340 4282 3570 4338 nimbum

290 4369 606 4440 ligibilium,
636 4370 890 4437 virtutes,
924 4373 1201 4439 scientias,
1229 4373 1430 4428 artium
1458 4372 1724 4444 rationes,
1752 4390 1879 4447 pro-
1907 4430 1954 4447 n
1982 4377 2180 4438 ορονιοι
2210 4369 2383 4424 dicere
2410 4370 2516 4423 sive
2553 4370 2805 4436 velamen,
2836 4376 2951 4426 cum
2987 4372 3092 4427 ι)εο
3121 4374 3238 4442 ﬁeri
3269 4384 3371 4430 cet-

290 4461 555 4533 positum,
598 4461 908 4528 consilium,
946 4463 1271 4533 generaliter
1306 4481 1437 4521 vero
1469 4466 1701 4535 judicia,
1731 4481 1879 4523 com-

288 4550 630 4622 parationes,
668 4548 849 4621 fugas,
888 4553 1199 4621 appetitus;
1245 4563 1302 4609 et
1347 4558 1611 4625 quaedam
1658 4558 1876 4627 quidem

286 4654 419 4696 esse
472 4640 643 4695 solius
692 4644 1001 4697 secundum
1064 4646 1305 4699 animum
1362 4649 1878 4720 contemplationis,

284 4729 565 4801 quaedam
600 4745 731 4785 vero
756 4733 1059 4786 secundum
1093 4733 1358 4790 rationem
1399 4737 1754 4808 disciplinalis
1787 4755 1887 4812 po-

286 4823 525 4877 teutiae.
559 4821 617 4877 Si
657 4832 843 4878 autem
882 4824 1085 4881 talibus
1125 4829 1457 4884 custoditam
1498 4833 1776 4903 propriam
1806 4835 1889 4889 νῆ·-

284 4921 412 4970 tam
452 4914 625 4969 sancti
668 4928 1137 4972 conservaverunt
1167 4960 1181 4985 ,
1235 4921 1399 4991 igitur
1445 4927 1881 4995 comprehen‘sim

285 5024 399 5080 per
439 5008 707 5065 rationem
747 5019 803 5065 et
848 5014 1364 5083 contemplationem
1412 5015 1604 5073 beatus
1659 5020 1763 5075 iste
1803 5021 1888 5075 vir

282 5110 511 5162 (manes,
542 5112 685 5166 quae
712 5107 838 5154 sunt
867 5103 1163 5157 secundum
1194 5104 1452 5160 virtutem
1479 5117 1536 5160 et
1571 5107 1873 5174 scientiam,

280 5190 604 5245 introduxit
649 5191 892 5248 rationes
943 5209 974 5247 a
1026 5196 1231 5251 sanctis
1277 5199 1736 5267 comprehensas,
1783 5214 1882 5271 per

279 5293 438 5352 quas
476 5279 709 5335 divinam
742 5281 989 5338 notitiam
1031 5300 1128 5354 per
1162 5287 1672 5356 contemplationem
1708 5291 1881 5346 scien-

280 5378 388 5427 ter
417 5368 766 5439 accipientes,
804 5372 1098 5441 prudenter
1124 5377 1420 5431 secundum
1471 5380 1744 5435 rationem
1787 5396 1885 5451 per

1906 4430 1959 4489 D

2513 4452 2913 4521 CAPITULUM'
2954 4465 3033 4520 vr.

2176 4568 2426 4618 06031000
2462 4566 2559 4611 EST
2598 4571 2791 4611 NIIIBUS
2829 4572 2899 4611 ΕΤ
2938 4573 3183 4615 νειΑδιΕΝ
3219 4576 3375 4618 ωηο.

2061 4646 2170 4701 Cur
2199 4658 2377 4703 autem
2426 4648 2657 4702 nimbum
2695 4662 2814 4704 esse
2845 4657 2898 4704 et
2929 4649 3161 4706 velamen
3199 4669 3410 4710 carnem
3444 4657 3577 4713 dicit

1992 4739 2267 4808 Magister,
2296 4740 2486 4797 videns
2516 4743 2732 4813 quippe,
2779 4745 2904 4812 quia
2941 4746 3120 4801 omnis
3150 4749 3417 4806 humanus
3461 4755 3577 4807 aniv

1993 4847 2115 4889 mus
2140 4846 2349 4899 errans,
2373 4843 2428 4910 et
2455 4849 2484 4887 a
2512 4833 2742 4889 naturali
2774 4843 2919 4890 motu
2943 4845 3087 4894 retro
3117 4841 3403 4910 aspiciens,
3431 4845 3575 4900 circa

1988 4923 2298 4993 passionem
2327 4904 2629 4981 ct/scnsum
2660 4937 2714 4980 et
2744 4927 3018 4983 sensibilia
3055 4942 3259 4986 motum
3288 4934 3435 4996 facit,
3468 4949 3573 4988 non

1990 5013 2197 5067 habens
2226 5012 2484 5069 aliorsum
2511 5015 2735 5082 moveri,
2774 5016 2841 5071 ab
2880 5033 2945 5074 eo
2984 5030 3154 5088 motu,
3190 5023 3281 5093 qui
3311 5025 3377 5078 ad
3406 5024 3571 5078 Deum

1991 5107 2313 5163 naturaliter
2354 5105 2480 5168 fert,
2517 5107 2798 5171 deficiens,
2835 5116 2888 5163 et
2913 5109 3094 5167 divisit
3120 5128 3338 5168 carnem
3372 5116 3423 5168 in
3452 5132 3575 5186 pas-

1990 5200 2196 5254 sionem
2235 5207 2290 5252 et
2332 5212 2571 5261 sensum,
2601 5200 2781 5255 carnis
2805 5202 2955 5256 enim
2981 5204 3249 5258 animatae
3286 5218 3574 5277 utrumque

1990 5297 2093 5353 est,
2128 5304 2224 5360 per
2255 5287 2492 5342 nimbum
2531 5296 2586 5342 et
2622 5288 2865 5345 velamen
2906 5293 3038 5346 haec
3068 5293 3379 5348 declaravit.
3430 5297 3575 5352 Νἱιιι-

1993 5383 2093 5436 bus
2123 5381 2265 5434 enim
2305 5389 2386 5434 est
2426 5380 2705 5450 principali
2756 5392 2778 5419 ο
2830 5382 3042 5436 animae
3081 5385 3574 5453 superobumbrans

1816 5471 2062 5528 NOTAE.

366 5565 401 5625 ξι
424 5552 629 5625 Graece
658 5556 884 5622 ἀτοπίαν,
915 5560 1240 5625 pravitatem.

368 5623 404 5663 ³³
426 5623 733 5696 Legendum
777 5623 1112 5695 ostendentis,
1143 5631 1348 5689 Graece
1374 5633 1729 5704 δεικνυούσης,
1762 5639 1867 5693 sci-

661 5706 928 5781 Parnoc.
975 5722 1235 5788 CXXII.

2007 5569 2152 5647 licetﬂ
2166 5571 2399 5647 βεωεεξας.

2056 5650 2077 5678 ο
2123 5640 2211 5695 Sic
2249 5640 2314 5695 ad
2357 5642 2595 5706 verbum,
2637 5658 2735 5712 pro
2771 5642 3110 5714 principalem
3145 5656 3365 5717 partem.

3143 5740 3223 5801 39
