3978 6160
444 291 587 346 1249

1831 290 2111 347 JOAN‘NIS
2152 289 2347 348 SCOTI

3585 301 3726 359 I220

441 404 674 459 carnalis
700 403 899 473 passio,
941 412 993 457 et
1030 403 1268 458 velamen
1290 412 1373 458 est
1397 418 1551 459 error
1584 406 1879 460 secundum
1911 422 2034 462 sen-
2065 414 2107 471 Α
2138 418 2259 475 stis,
2291 418 2552 478 quantum
2581 406 2893 465 hominibus
2916 406 3169 481 possibile
3186 418 3290 476 est,
3329 410 3619 483 imaginem
3649 416 3728 471 Ie-

442 513 583 562 sum,
618 497 1003 565 superlicielms
1037 496 1368 551 scnsibilimn
1399 497 1571 567 ipsum
1600 498 1843 562 vincens,
1873 507 1931 554 et
1961 499 2029 555 ad

442 590 792 660 intelligibilia
833 589 1114 645 trausittnn
1153 589 1400 645 muniens
1424 603 1470 643 ει.
1514 589 1619 646 Per
1647 590 1780 646 haec
1806 591 2031 647 oblivio-

388 701 396 713 '
440 702 562 741 nem
604 685 929 740 naturalium
986 685 1247 741 bonorum
1297 685 1572 755 accipiens
1618 686 1830 752 anima,
1885 686 2028 741 circa

383 800 389 811 ο
437 781 712 838 seusibilia
740 790 905 835 lotam
933 796 1085 836 suam
1115 781 1482 851 operationem
1504 780 1794 844 convertit,
1819 778 2030 834 furores

436 872 977 943 etconcupiscentias
1005 881 1061 926 et
1081 871 1469 927 delectationes
1508 886 1605 942 per
1636 885 1723 938 ca,
1766 886 1907 940 quae
1951 870 2028 924 di-

433 972 519 1016 cta
556 972 701 1026 sunt,
744 962 1058 1019 inhonestas
1091 961 1312 1016 invenit.

950 1072 1345 1129 CAPITULUM
1399 1072 1506 1127 VII.

867 1180 1116 1230 ouonooo
1164 1179 1435 1220 vomens
1493 1180 1601 1219 l-‘I'l‘.

507 1280 694 1336 Omnis
717 1279 859 1334 enim
886 1276 1173 1332 delectatio
1206 1290 1414 1339 eorum,
1446 1290 1585 1347 quae
1613 1276 2027 1343 iuterdicuntur,

433 1386 500 1425 ex
533 1371 783 1441 passione
809 1382 903 1438 per
940 1366 1175 1421 medium
1205 1379 1423 1420 sensum
1452 1365 1519 1420 ad
1547 1365 1752 1436 aliquid
1775 1366 2030 1422 sensibile

434 1462 655 1514 omnino
683 1458 796 1512 fieri
822 1455 1119 1511 consuevit.
1151 1453 1334 1523 Neque
1363 1455 1508 1510 enim
1548 1455 1693 1510 aliud
1722 1455 1923 1526 aliquid
1947 1465 2030 1513 est

433 1549 740 1611 delectatio,
773 1561 932 1617 quam
962 1545 1172 1616 species
1196 1559 1385 1600 sensus
1415 1544 1468 1598 in
1494 1545 1709 1600 sensivo
1734 1560 1832 1616 per
1862 1546 2031 1617 quod-

432 1644 556 1697 dam
598 1640 851 1696 sensibile
890 1638 1125 1704 formati,
1164 1636 1247 1693 vel
1284 1637 1476 1693 modus
1499 1637 1528 1677 ι)
1567 1638 1813 1694 sensivae
1841 1653 2032 1710 opera-

433 1733 596 1788 tionis
622 1747 721 1802 per
757 1728 1177 1785 irrationabilcm
1220 1728 1717 1799 concupiscentiam
1761 1728 2028 1784 constitu-

432 1836 540 1877 tus.
566 1820 1013 1891 Concup'scentia
1036 1820 1178 1874 enim
1218 1819 1399 1875 sensui
1444 1819 1688 1890 apposita
1716 1819 1768 1874 in
1795 1817 2029 1875 delecta-

431 1917 634 1972 tionem
672 1915 920 1978 vertitur,
952 1911 1157 1966 addens
1188 1911 1237 1965 ei
1279 1911 1551 1981 speciem;
1599 1920 1655 1966 et
1697 1925 1891 1967 sensus
1928 1923 2029 1981 per

368 2049 379 2056 .
426 2004 918 2075 concupiscentiam
991 2009 1169 2056 motus
1230 1999 1647 2055 delectationem
1714 2009 1975 2070 operatur
2005 2041 2021 2065 ,

426 2099 681 2168 quiddam
738 2095 991 2153 sensibile
1058 2093 1348 2163 accipiens.
1407 2091 1810 2163 Cognoscentes
1860 2092 2026 2163 igitur

428 2189 620 2251 sancti,
649 2188 775 2258 quia
801 2203 897 2259 per
925 2185 1158 2241 mediam
1185 2199 1404 2240 carnem
1434 2183 1499 2238 ad
1526 2183 1812 2239 materiam
1842 2183 2023 2239 anima

429 2288 620 2335 contra
652 2289 900 2333 naturam
940 2285 1112 2343 mota,
1154 2285 1429 2331 terrenam
1476 2275 1719 2331 induitur
1766 2273 2020 2342 formam,

428 2375 544 2442 ipse
571 2371 743 2440 magis
779 2384 876 2440 per
903 2368 1134 2425 mediam
1168 2367 1405 2422 animam
1433 2366 1727 2422 secundum
1771 2375 2021 2423 naturam

424 2463 493 2518 ad
526 2457 691 2519 Deum
723 2469 923 2516 motam
951 2460 1113 2515 etiam
1156 2472 1378 2514 carnem
1421 2459 1532 2514 Deo
1565 2457 1821 2515 decenter
1851 2456 2021 2514 famu-

425 2553 524 2611 lari
557 2553 939 2610 intellexerunt
969 2561 1018 2616 ε,
1057 2565 1155 2621 per
1189 2549 1589 2607 institutionem
1630 2550 1886 2605 virtutum
1926 2566 2019 2606 ac-

425 2646 759 2717 ecptabiliter
786 2645 959 2716 ipsam
990 2643 1187 2698 divinis
1209 2651 1470 2698 ornantcs
1491 2641 1873 2699 intellectibus.

928 2752 1128 2809 CAPIT
1140 2752 1328 2810 ULUM
1378 2751 1509 2808 VIII.

591 2864 843 2913 OUONODO
882 2863 944 2902 E'l
987 2861 1183 2911 QUARTI
1226 2860 1404 2901 MOTUS
1441 2860 1578 2901 SUN’I‘
1621 2861 1838 2901 ANIIIAE.

489 2962 632 3018 .Trcs
657 2960 802 3017 enim
849 2957 1186 3015 universales
1224 2966 1404 3015 motus
1446 2957 1649 3014 habere
1681 2957 1916 3012 animam
1960 2956 2017 3013 in

414 3067 588 3108 unum
617 3050 895 3116 collectos,
943 3064 974 3103 a
1010 3048 1247 3104 caritate
1292 3047 1595 3104 docuerunt
1627 3045 1689 3112 d;
1726 3035 1894 3101 unum
1934 3061 2019 3103 se-

417 3141 655 3199 cundum
691 3140 948 3207 animam,
989 3138 1221 3196 alterum
1247 3136 1546 3194 secundum
1588 3137 1880 3203 rationem,
1910 3146 2020 3192 ter-
2046 3116 2093 3180 (ἶ

422 3236 560 3291 tium
582 3232 880 3289 secundum
911 3246 1149 3287 sensum.
1186 3229 1251 3285 Et
1294 3244 1460 3284 unum
1500 3229 1723 3299 quidem
1764 3228 2019 3299 simplum

2134 508 2336 563 rentes,
2378 508 2434 554 ct
2475 508 2680 555 tantum
2718 501 3058 557 attrahentes
3098 501 3280 557 divina
3326 505 3537 569 notitia,
3564 507 3610 561 si
3643 507 3727 565 fas

2131 599 2218 646 est
2240 592 2344 645 lioc
2366 591 2571 657 dicere,
2596 601 2856 661 quantum
2881 593 2981 662 ipsi
3004 595 3221 649 attracti
3248 595 3555 652 Deoinserti
3577 610 3724 654 sunt.

2134 682 2330 737 Dicunt
2353 684 2519 749 enim,
2543 683 2684 738 inter
2702 697 2763 738 se
2786 683 3016 739 invicem
3033 698 3153 741 esse
3172 686 3539 759 paradigmata
3557 689 3724 745 Deum

2132 784 2187 829 et
2214 776 2509 839 hominem,
2534 784 2588 831 et
2618 783 2828 830 tantum
2856 775 3060 830 homini
3094 776 3262 831 Deum
3290 791 3389 847 per
3415 780 3724 835 misericor-

2134 866 2277 921 diam
2314 865 2621 930 humauari,
2663 872 2923 935 quantum
2968 866 3131 922 bouto
3180 867 3417 938 seipsum
3467 870 3581 926 Deo
3629 886 3726 940 per

2133 956 2414 1011 caritatem
2445 953 2784 1011 confortatus
2822 957 3182 1023 consecravit,
3219 967 3278 1013 et
3304 967 3514 1014 tantum
3545 976 3577 1015 a
3614 962 3724 1019 Deo

2135 1050 2406 1106 hominem
2452 1048 2749 1105 secundum
2793 1048 3035 1103 animum
3088 1049 3204 1121 rapi
3252 1050 3320 1105 ad
3366 1052 3731 1124 incognitum,

2132 1150 2391 1210 quantum
2415 1141 2577 1196 homo
2610 1137 2934 1195 invisibilem
2959 1149 3153 1195 natura
3184 1141 3350 1197 Deum
3377 1157 3478 1213 per
3497 1144 3727 1201 virtutes

2134 1232 2261 1289 fecit
2292 1230 2658 1288 manifestum.

2201 1323 2284 1379 Ab
2321 1323 2423 1378 hac
2459 1323 2647 1393 itaque
2676 1337 2774 1395 per
2809 1324 3071 1379 rationem
3111 1332 3167 1378 et
3201 1325 3719 1397 contemplationem

2132 1417 2427 1473 constituta
2472 1416 2849 1488 philosophia,
2897 1430 2996 1486 per
3046 1432 3209 1487 quain
3261 1418 3427 1473 etiam
3478 1421 3729 1492 corporis

2133 1506 2445 1562 necessario
2480 1506 2803 1562 nobilitatur
2837 1515 3066 1572 natura,
3108 1507 3313 1577 absque
3359 1521 3588 1573 errore,
3639 1510 3724 1565 di-

2135 1598 2261 1652 vino
2296 1597 2527 1653 sauciati
2567 1598 2741 1653 sancti
2781 1597 3088 1663 desiderio,
3131 1612 3226 1667 per
3261 1596 3453 1654 insitas
3492 1600 3574 1654 cis
3626 1614 3727 1654 na-

2136 1687 2340 1742 turales
2376 1688 2444 1743 ad
2482 1688 2662 1743 divina
2699 1687 3088 1759 iutelligentias
3116 1688 3279 1759 digne
3298 1702 3370 1742 ac
3398 1689 3628 1759 pulchre
3656 1692 3727 1746 ad

2063 1769 2104 1828 Β
2136 1778 2302 1832 Deum
2352 1786 2733 1846 pervenerunt,
2757 1792 2954 1847 corpus
2999 1786 3055 1832 et
3099 1778 3357 1835 mundum
3409 1778 3726 1835 militariter

2128 1876 2616 1936 pertranscuntes,
2667 1866 2770 1921 sibi
2818 1866 3051 1921 invicem
3102 1866 3240 1921 haec
3282 1866 3530 1936 copulata
3582 1883 3721 1923 con-

2128 1954 2488 2026 templantes,
2526 1955 2787 2010 mundum
2818 1955 3037 2025 quidem
3068 1963 3328 2020 naturae,
3361 1972 3560 2026 corpus
3591 1973 3721 2015 vero

2125 2048 2344 2114 sensui,
2386 2056 2441 2102 et
2476 2047 2709 2102 alterum
2761 2045 2918 2101 alteri
2970 2048 3328 2103 succumbere
3380 2062 3479 2116 per
3523 2064 3721 2107 conse-

2123 2140 2403 2209 quentiam
2435 2136 2661 2193 alterius
2696 2137 2764 2191 ad
2800 2135 3031 2192 alterum
3071 2136 3441 2208 qualicunque
3474 2142 3717 2210 proprie.

2125 2240 2255 2286 tate.
2298 2229 2365 2283 Et
2403 2227 2538 2282 nihil
2577 2228 2774 2282 horum
2811 2242 2909 2297 per
2945 2227 3180 2297 seipsum
3217 2227 3429 2284 ratione
3476 2229 3713 2284 circum-

2122 2320 2434 2392 scriptionis
2481 2319 2782 2376 subsistere
2829 2319 3094 2385 liberum,
3140 2328 3197 2374 et
3246 2328 3405 2389 turpe
3454 2321 3715 2377 ducentes

2123 2415 2443 2471 mortalibus
2479 2421 2536 2469 et
2570 2411 2997 2482 circumscriptis
3039 2412 3316 2482 corrumpi
3364 2421 3423 2467 et
3473 2413 3710 2467 circum-

2121 2506 2287 2562 scribi
2319 2505 2534 2560 animae
2564 2501 2872 2558 immortale
2898 2512 2954 2557 et
2978 2515 3195 2573 semper
3224 2502 3451 2565 mobile,
3479 2503 3579 2558 soli
3605 2503 3712 2558 Deo

2123 2598 2419 2655 immortali
2459 2604 2515 2653 et
2547 2596 2695 2651 onmi
2733 2594 3002 2651 infinitate
3036 2593 3308 2664 superiori
3347 2594 3710 2651 insolabiliter

2122 2690 2333 2761 seipsos
2361 2688 2751 2760 alligaverunt,
2781 2685 2929 2740 nullo
2965 2684 3125 2740 modo
3162 2684 3346 2738 mundi
3385 2694 3556 2755 atque
3590 2700 3708 2740 car-

2121 2784 2207 2840 nis
2253 2782 2643 2839 reﬂuxionibus
2691 2780 2847 2836 inditi
2892 2791 2937 2834 ε.
2979 2778 3126 2835 Haec
3162 2787 3249 2834 est
3283 2778 3463 2833 omnis
3499 2778 3707 2832 virtutis

2118 2885 2178 2932 et
2203 2874 2466 2931 scientiae
2494 2871 2793 2944 plenitudo.
2825 2870 3072 2926 Aestimo
3103 2883 3263 2934 vero,
3294 2868 3424 2938 quia
3469 2877 3530 2923 et
3567 2866 3703 2921 ﬁnis.

2121 2966 2230 3024 Sed
2258 2967 2303 3023 si
2335 2964 2629 3036 aliquando
2655 2963 2802 3020 circa
2832 2976 3021 3019 eorum
3046 3000 3062 3025 ,
3089 2973 3230 3031 quae
3255 2966 3385 3014 sunt
3405 2998 3421 3023 ,
3466 2957 3707 3028 specula-

2121 3059 2269 3114 mina
2306 3057 2438 3113 moti
2470 3066 2598 3113 sunt
2628 3055 2803 3112 sancti
2831 3068 2845 3108 :
2879 3068 2987 3109 non
3019 3052 3073 3107 in
3107 3052 3212 3108 hoc.
3239 3050 3329 3106 illa
3359 3050 3477 3121 ipsa
3508 3049 3707 3119 princi-

2121 3148 2322 3220 paliter
2347 3146 2710 3217 contemplari
2739 3155 2795 3200 ct
2822 3156 3181 3215 cognoscere,
3212 3141 3354 3196 sicut
3377 3154 3480 3195 nos
3498 3180 3513 3203 ,
3544 3148 3709 3196 mate-

2121 3244 2330 3301 rialiter
2359 3242 2489 3298 moti
2521 3249 2682 3307 sunt,
2714 3240 2808 3295 sed
2838 3247 2900 3293 ut
2926 3252 3024 3309 per
3048 3236 3232 3292 omnia
3276 3242 3334 3290 et
3367 3234 3423 3289 in
3458 3232 3710 3289 omnibus

418 3337 479 3382 ct
503 3325 954 3397 interpretatione
980 3321 2018 3392 carentem,perquemincognitecirca
2118 3346 2175 3392 ει
2222 3336 2544 3391 ειίδιθηιθη]
2586 3342 2639 3387 ει
2691 3339 3041 3402 apparentem
3087 3329 3255 3384 Deum
3305 3325 3708 3382 multiformia:-

421 3418 590 3473 Deum
633 3426 778 3473 mota
797 3456 813 3482 ,
846 3415 995 3471 nullo
1023 3413 1183 3471 modo
1210 3428 1280 3487 ex
1310 3413 1419 3469 ullo
1445 3428 1659 3480 eorum,
1700 3428 1840 3485 quae
1868 3421 2017 3480 sunt,

2122 3425 2442 3491 laudarent,
2480 3434 2537 3480 et
2579 3423 2809 3479 multum
2838 3420 3059 3477 sibimet
3084 3418 3466 3475 admirationis
3491 3416 3707 3488 collige-

424 3511 600 3577 ipsum
636 3522 735 3577 per
769 3505 1145 3563 excellentiam
1178 3506 1476 3576 cognoscit.
1509 3504 1754 3560 Alterum
1782 3518 1914 3560 vero
1933 3518 2021 3560 se-
2120 3526 2243 3573 rem
2291 3516 2546 3572 νίτιυιεηι
2597 3523 2655 3569 οι
2703 3511 3118 3585 διοήηοειεοηίε
3161 3524 3406 3565 causam,
3454 3508 3704 3563 Animam

419 3598 652 3653 cundum
676 3612 897 3653 causam
925 3595 1257 3652 detinitivam
1301 3595 1587 3665 incogniti,
1621 3609 1722 3664 per
1740 3608 1900 3664 quem
1922 3608 2017 3650 na-

420 3686 667 3740 turaliter
695 3693 863 3749 tnota,
892 3699 1082 3739 omnes
1103 3683 1377 3739 naturales
1399 3683 1640 3740 rationes
1656 3698 1761 3754 per
1797 3698 2016 3740 causam

421 3778 761 3834 solummodo
784 3776 1009 3849 cogniti,
1036 3775 1163 3832 dum
1203 3776 1314 3832 sint
1346 3775 1400 3831 in
1431 3790 1494 3832 ea
1531 3774 1888 3843 formatrices,
1912 3776 2016 3832 sibi

415 3871 519 3942 ipsi
556 3885 652 3941 per
678 3869 1047 3941 operationem
1086 3869 1386 3925 secundum
1430 3868 1714 3925 scientiam
1766 3868 2012 3940 imponit.

416 3961 659 4017 Tertium
691 3969 869 4017 autem
890 3960 1272 4031 compositum,
1306 3975 1407 4031 per
1431 3974 1596 4030 quem
1624 3975 1710 4025 ea,
1744 3975 1886 4030 quae
1914 3974 2014 4015 ex-

414 4065 499 4110 tia
524 4062 670 4120 sunt,
702 4061 957 4126 tangens,
986 4051 1149 4108 veluti
1175 4067 1241 4107 ex
1279 4051 1599 4121 quibusdam
1630 4052 1802 4123 signis
1826 4050 2014 4106 visibi-

412 4147 545 4202 lium
573 4147 812 4203 rationes
844 4145 985 4218 apud
1016 4146 1249 4215 seipsam
1283 4143 1565 4209 reformat,
1598 4143 2014 4215 inagnanimiter

407 4253 509 4311 per
531 4239 631 4295 bos
659 4238 956 4295 secundum
994 4253 1181 4294 verum
1220 4248 1277 4294 et
1314 4237 1709 4294 immutabilem
1740 4238 2011 4295 naturalis

414 4338 595 4387 motus
609 4328 843 4394 modum,
866 4328 1379 4401 praesenslaborum
1397 4327 1638 4385 seculum
1659 4331 2009 4386 transcende-

412 4429 559 4475 runt.
603 4417 834 4477 Sensum
882 4419 1100 4490 quidem
1145 4418 1466 4492 simpliciter
1511 4419 1823 4491 spirituales
1859 4421 2007 4477 solas

412 4513 652 4570 rationes
666 4512 1001 4569 sensibilium
1025 4512 1340 4578 habentem,
1358 4526 1456 4583 per
1476 4512 1711 4568 mediam
1741 4512 2007 4569 rationem

409 4604 476 4659 ad
516 4604 754 4659 animam
805 4602 1128 4668 referentes,
1172 4603 1441 4659 rationem
1484 4617 1616 4659 vero
1663 4601 2008 4659 uniformiter

409 4708 508 4763 per
533 4709 697 4748 tinam
725 4692 1083 4765 simplamque
1112 4700 1285 4762 atque
1304 4691 1723 4764 inseparabilem
1769 4691 2003 4762 pruden-

412 4783 544 4838 tiam
572 4798 785 4849 eorum,
811 4798 951 4854 quae
994 4793 1142 4849 sunt,
1192 4782 1504 4849 habentem,
1545 4781 1782 4837 rationes
1822 4782 2005 4837 animo

410 4875 734 4939 adunantcs,
766 4874 940 4945 ipsum
969 4884 1150 4930 autem
1182 4873 1424 4928 animum
1455 4872 1600 4927 circa
1628 4872 1832 4938 omnia,
1860 4887 2002 4943 quae

304 4999 309 5003 -
410 4977 558 5033 sunt,
588 4975 735 5021 motu
762 4981 900 5036 pure
931 4965 1260 5029 absolutum,
1301 4972 1357 5020 et
1376 4964 1445 5018 ab
1476 4962 1590 5034 ipsa
1619 4963 1917 5019 secundum
1940 4977 2001 5018 se

412 5056 644 5112 naturali
670 5055 983 5126 operatione
1008 5054 1249 5124 quietum
1276 5052 1387 5109 Deo
1409 5050 1723 5118 oﬂ‘erentes,
1746 5066 1848 5123 per
1876 5067 2000 5107 eum

412 5149 795 5206 tiniversaliter
820 5148 885 5204 ad
914 5149 1083 5203 Deum
1113 5147 1565 5212 conscendentes,
1610 5146 1707 5202 toti
1749 5155 1861 5203 toto
1888 5146 2002 5202 Deo

408 5246 674 5302 contineri
705 5260 804 5315 per
830 5242 1079 5315 spiritum
1106 5242 1251 5313 digni
1282 5240 1412 5297 facti
1436 5250 1600 5306 sunt,
1634 5248 1803 5296 totam
1825 5240 2000 5297 caele-

2118 3621 2353 3677 namque
2384 3621 2415 3661 a
2453 3604 2564 3660 Deo
2598 3602 2950 3673 accipientes,
2985 3597 3316 3653 intellectum
3350 3604 3404 3652 et
3445 3596 3700 3651 rationein

2115 3708 2174 3756 et
2202 3712 2421 3756 sensum
2454 3696 2743 3752 habentem
2762 3733 2779 3758 ,
2810 3707 2933 3747 cum
2974 3686 3294 3759 intelligibili
3324 3695 3381 3742 et
3410 3685 3555 3740 hanc
3582 3698 3701 3739 sen-

2116 3790 2330 3845 sibilem
2350 3828 2366 3855 ,
2400 3786 2543 3842 sicut
2571 3793 2629 3841 et
2674 3783 2939 3838 rationem
2959 3820 2975 3845 ,
3014 3793 3155 3851 quae
3190 3785 3276 3833 est
3306 3791 3405 3848 per
3439 3776 3697 3831 enuntia-

2117 3882 2320 3938 tionem
2350 3895 2474 3935 cum
2506 3892 2604 3941 ea,
2636 3890 2778 3945 quae
2810 3870 3248 3942 inseparabiliter
3271 3878 3388 3932 est,
3415 3876 3473 3921 et
3499 3866 3701 3921 intelle-

2115 3980 2266 4027 ctum
2320 3985 2444 4025 cum
2497 3964 2845 4023 intellectuali
2897 3961 3211 4034 passibilem
3243 4000 3260 4024 ,
3315 3974 3482 4029 quem
3542 3958 3703 4013 etiam

2115 4062 2462 4137 phantasiam
2493 4067 2692 4116 vocant
2717 4054 3002 4119 animalis,
3050 4069 3152 4125 per
3195 4066 3357 4121 quem
3395 4060 3457 4106 et
3500 4050 3699 4118 reliqua

2112 4155 2368 4213 animalia
2410 4163 2466 4209 et
2502 4167 2563 4209 se
2591 4151 2820 4206 invicem
2851 4158 2908 4203 et
2935 4162 3035 4204 nos
3069 4155 3126 4201 et
3169 4145 3349 4208 locos,
3379 4157 3523 4212 quos
3554 4155 3697 4211 pera-

2112 4259 2378 4318 gravere,
2413 4248 2788 4314 cognoscunt,
2820 4238 2968 4294 circa
3001 4250 3167 4306 quant
3201 4232 3549 4303 phantasiam
3577 4244 3694 4284 sen-

2111 4353 2230 4395 sum
2273 4334 2532 4392 constitui
2575 4332 2796 4395 dicunt,
2844 4326 2935 4399 qui
2980 4326 3107 4382 talia
3150 4322 3400 4395 sapiunt,
3436 4332 3692 4391 organum

2113 4409 2289 4497 ipsius.
2327 4424 2456 4479 dum
2502 4422 2616 4488 sit,
2670 4434 2771 4491 per
2815 4417 2960 4489 quod
2999 4413 3234 4486 recipit,
3265 4426 3411 4484 quae
3448 4425 3548 4481 per
3576 4422 3689 4465 eam

2113 4517 2409 4589 imaginata
2462 4512 2632 4579 sunt,
2685 4518 3048 4583 opportunum
3096 4521 3221 4564 esse
3268 4504 3525 4561 arbitrati
3571 4509 3688 4559 sunt

2112 4610 2304 4665 horum
2343 4605 2693 4677 operationes
2730 4607 3130 4670 consequenter
3172 4613 3282 4654 non
3308 4596 3570 4658 sibimet,
3597 4592 3682 4647 sed

2108 4697 2334 4753 donanti
2379 4696 2492 4751 Deo
2509 4734 2525 4760 ,
2553 4708 2654 4763 per
2678 4706 2839 4762 quem
2885 4699 2943 4744 et
2968 4702 3039 4744 ex
3067 4701 3176 4757 quo
3204 4686 3344 4740 haec
3369 4691 3517 4746 sunt,
3551 4679 3682 4737 refe-

2107 4793 2296 4847 rendo.
2350 4788 2488 4844 Tres
2542 4786 2688 4844 enim
2735 4783 3036 4840 existentes
3087 4776 3424 4834 universales
3474 4774 3679 4836 modos,

2105 4891 2369 4954 quantum
2401 4878 2712 4936 hominibus
2738 4882 2826 4932 est
2851 4871 3142 4945 possibile,
3169 4884 3233 4926 ex
3268 4869 3385 4938 ipsa
3413 4868 3560 4923 circa
3587 4879 3644 4921 ea
3661 4902 3677 4924 .

2105 4953 2248 5044 quae
2277 4978 2433 5035 sunt,
2466 4966 2710 5039 diligenti
2739 4961 3181 5021 consideratione
3209 4956 3444 5022 eruditi,
3476 4955 3530 5010 in
3570 4953 3679 5022 qui-

2106 5066 2209 5120 bus
2234 5063 2377 5120 Deus
2403 5060 2588 5117 omnia
2622 5058 2790 5122 fecit;
2825 5055 2880 5111 in
2909 5054 3014 5111 hoc
3048 5064 3284 5121 namque
3320 5062 3445 5105 esse
3472 5056 3527 5103 et
3555 5045 3676 5100 bene

2104 5167 2230 5209 esse
2257 5160 2314 5208 ct
2341 5164 2557 5221 semper
2580 5161 2704 5204 esse
2731 5143 2984 5200 conditor
3008 5155 3108 5197 nos
3135 5136 3448 5202 substituit.
3473 5144 3525 5192 et
3554 5135 3676 5188 deos

2105 5245 2322 5315 quidem
2362 5252 2639 5298 extremos
2665 5254 2696 5294 a
2739 5236 2855 5294 solo
2887 5235 2996 5291 Deo
3026 5234 3241 5290 habitos
3275 5230 3293 5270 ⁸
3329 5238 3389 5286 ιιι
3430 5244 3463 5284 a
3488 5239 3673 5287 causa.

1943 5330 2193 5391 NOTAE.

484 5444 510 5471 ⁸
548 5430 758 5500 Graece
794 5430 1225 5500 t'trrorstxiCoua-a,
1256 5425 1292 5479 ἰ.
1334 5438 1399 5500 c._
1430 5425 1721 5479 obstruent.

489 5505 513 5541 ὶι
551 5499 731 5572 Con];
758 5499 891 5555 Gale
908 5496 1057 5572 ﬁnies,-
1085 5498 1291 5552 Gt‘acce
1314 5496 1530 5572 τρόπος.

487 5584 507 5610 ε
555 5570 776 5625 Rectius
800 5570 1039 5624 meditati
1078 5577 1221 5622 sunt.

485 5645 512 5681 ιι
548 5641 753 5695 Graece
791 5641 1148 5714 permetior“,
1187 5638 1399 5714 eruditi.
1446 5635 1723 5693 Sententia
1752 5636 1950 5708 pendet
1976 5650 2010 5691 a

414 5714 580 5767 vet-bo
608 5709 890 5767 ascenderit
900 5722 974 5777 nt,
1010 5710 1150 5780 quod
1175 5709 1437 5779 sequitur.
1761 5714 1765 5719 ’

2191 5427 2452 5512 ’.βπ-θεοῦ
2476 5428 2559 5481 καὶ
2586 5425 2773 5500 σαρκὸς
2802 5421 3090 5484 ἁνθολκαῖς,
3114 5418 3151 5472 i.
3179 5430 3228 5472 e.
3261 5425 3309 5471 et
3340 5416 3514 5471 carnis
3544 5413 3645 5468 utri

2111 5510 2456 5626 (mineruae
2501 5574 2654 5641 μονοῦ
2705 5567 2820 5622 Θεοῦ
2859 5563 3163 5636 ἱκομένους,
3208 5559 3244 5614 i.
3288 5571 3339 5612 e.
3369 5575 3401 5612 a
3439 5557 3545 5611 solo
3578 5551 3670 5607 Du

2110 5641 2413 5713 pendentes.
