3978 6160
265 293 443 350 ηὲι·

1774 298 1800 343 v
1814 289 1987 347 tittSU
2001 288 2058 343 S.

3402 288 3538 344 1222

273 409 434 464 alium
464 419 595 462 vero
625 406 862 462 medium
893 415 949 462 et
978 415 1161 462 nostro
1187 407 1508 478 pendentem
1543 405 1770 460 arbitrio
1798 413 1852 460 et
1880 408 1930 468 Α
1957 399 2204 458 fortassis
2233 399 2366 454 lucri
2417 399 2540 464 erit,
2572 400 2639 454 ad
2676 400 2883 470 seipsos
2922 411 3092 468 aeque
3124 399 3537 470 ratiocinantes,

271 509 455 565 motu,
484 506 538 553 et
566 512 664 568 per
706 498 941 568 seipsum
989 500 1248 552 extremis
1289 497 1506 568 proprie
1546 496 1650 551 dici
1693 510 1849 565 prae-

271 597 503 643 stantem
524 628 538 652 ,
571 597 627 642 et
654 601 719 641 eo
744 587 966 642 absente
995 588 1216 642 abusive
1246 588 1324 642 eis
1355 588 1518 642 etiam
1562 585 1850 658 appellatio

272 679 636 745 constituitur,
665 677 793 732 illud
821 679 959 733 bene
991 693 1094 732 non
1118 678 1440 733 habentibus
1472 676 1846 746 conjunctum,

272 787 380 828 non
413 771 675 840 aliterque
702 785 860 841 posse
890 771 1080 825 adesse
1106 771 1184 825 eis
1215 779 1268 824 et
1299 770 1596 837 custodiri,
1625 785 1762 839 quae
1794 769 1847 823 in

267 864 526 920 extremis
552 871 669 928 est,
699 864 986 918 veritatem
1007 905 1020 927 ,
1061 877 1222 931 quam
1265 861 1444 917 facere
1485 861 1766 917 consuevit
1795 861 1848 916 id

265 957 409 1028 quod
436 965 521 1011 est
544 957 680 1010 bene
709 969 830 1009 esse
855 967 952 1023 per
974 954 1210 1008 medium
1238 954 1498 1009 extremis
1523 953 1845 1018 admixtum,

265 1063 428 1118 quam
465 1061 528 1100 ex
563 1045 678 1114 ipso
709 1045 776 1099 ad
806 1045 974 1099 Deum
1006 1060 1222 1113 semper
1248 1053 1394 1100 motu
1427 1043 1842 1108 intellexerunt,

263 1146 318 1194 et
348 1136 604 1206 deinceps
654 1134 885 1189 naturali
935 1135 1145 1190 ratione
1191 1135 1320 1190 hinc
1365 1133 1844 1203 contemplativum

263 1226 481 1280 animae
506 1224 889 1289 extendentes,
923 1233 978 1279 et
1009 1225 1168 1279 modo
1197 1224 1428 1294 quodam
1459 1240 1567 1280 non
1595 1233 1844 1294 oportere

261 1317 695 1372 conversibiliter
728 1317 800 1374 uti
830 1316 1165 1372 naturalibus
1191 1317 1595 1387 operationibus
1624 1323 1844 1387 propter

263 1420 606 1482 superantem
663 1411 972 1466 necessario
1024 1411 1428 1486 corruptionem
1459 1450 1474 1475 ,
1525 1425 1591 1466 eo
1640 1409 1838 1476 modo,

263 1502 356 1572 qui
403 1511 485 1556 est
530 1515 628 1571 per
671 1501 987 1555 abusionem
1029 1501 1367 1556 naturalibus
1400 1501 1693 1570 potentiis,
1724 1501 1840 1571 ipsa

262 1608 369 1645 non
410 1600 593 1646 uteute
629 1592 842 1646 ratione
880 1599 1068 1661 aperte
1110 1591 1429 1658 audientes,
1460 1605 1526 1647 ac
1560 1590 1720 1661 plane
1744 1605 1841 1661 per

259 1683 541 1736 decentem
570 1691 794 1735 naturae
825 1682 1087 1736 rationem
1119 1681 1186 1735 ad
1231 1681 1400 1750 ipsius
1445 1695 1662 1736 causam
1706 1680 1837 1736 ferri

1958 491 2245 556 dicebant,
2294 504 2400 544 non
2454 503 2484 542 a
2534 489 2711 559 seipso
2757 489 3009 544 existenti
3081 489 3285 545 causali
3337 492 3403 545 ad
3452 508 3542 547 se-

1958 579 2152 649 ipsum,
2196 588 2290 634 aut
2329 577 2474 632 aliud
2514 579 2642 647 quid
2666 587 2881 647 praeter
2920 577 3089 633 Deum
3127 587 3293 644 moto,
3324 581 3540 650 quando

1957 672 2011 728 in
2044 671 2308 727 rationem
2345 670 2514 741 ipsius
2542 685 2661 726 esse
2695 670 2826 724 nihil
2868 671 3086 725 sibimet
3131 687 3160 726 a
3203 671 3413 741 seipso,
3447 682 3541 727 aut

1956 763 2024 820 ab
2050 763 2154 819 alio
2182 763 2415 832 quodam
2446 771 2662 831 praeter
2687 763 2854 816 Deum
2881 762 3161 832 acquirere
3187 764 3405 832 poterit.
3437 763 3542 820 Per

1957 859 2060 914 hoc
2089 855 2328 911 animum
2359 854 2576 925 quidem
2611 855 2753 908 circa
2795 853 2966 909 solum
3012 853 3180 908 Deum
3221 863 3274 909 et
3310 855 3541 912 virtutes

1955 947 2073 1016 ejus
2115 944 2368 1016 intelligi,
2417 953 2471 999 et
2513 942 2766 999 ineffabili
2805 943 3006 1014 gloriae
3036 943 3384 998 beatitudinis
3424 943 3540 1013 ejus

1955 1040 2170 1106 addici,
2221 1038 2490 1093 rationem
2544 1052 2675 1093 vero
2721 1037 3073 1108 interpretem
3121 1036 3538 1106 iutelligibilium

1955 1132 2105 1197 ﬁeri,
2137 1139 2194 1186 et
2218 1129 2602 1192 laudatricem,
2638 1138 2694 1184 et
2727 1128 2793 1183 ad
2824 1144 2886 1185 ea
2917 1128 3144 1184 uniﬁeos
3172 1137 3320 1184 recte
3359 1130 3539 1200 dispu-

1954 1233 2072 1280 tare
2098 1224 2288 1280 modos
2307 1264 2322 1288 ,
2355 1237 2578 1280 sensum
2612 1237 2743 1277 vero
2771 1238 2871 1293 per
2899 1223 3167 1279 rationem
3196 1224 3538 1278 nobilitatum

1954 1316 2100 1386 ipsas
2129 1315 2182 1369 in
2210 1313 2466 1369 universo
2493 1311 2805 1368 diﬂ'erentes
2831 1313 3058 1368 virtutes
3100 1324 3155 1368 et
3192 1314 3540 1384 Operatioues

1952 1405 2340 1477 imaginantem
2378 1403 2431 1457 in
2460 1403 2574 1469 his,
2608 1415 2747 1471 quae
2776 1411 2936 1468 sunt,
2972 1415 3230 1471 quantum
3261 1404 3536 1472 possibile,

1951 1506 2035 1554 est
2063 1498 2277 1552 animae
2315 1495 2650 1551 annunciare
2690 1495 2932 1550 rationes
2964 1496 3221 1558 docentes
3250 1507 3308 1560 α,
3344 1504 3400 1550 et
3441 1511 3540 1565 per

1951 1588 2192 1641 animum
2220 1593 2275 1641 et
2304 1585 2572 1640 rationem
2601 1583 2766 1638 veluti
2797 1584 2974 1638 navim
3002 1585 3277 1654 sapienter
3301 1584 3537 1639 animam

1949 1678 2336 1748 gubernantes,
2365 1676 2628 1732 lubricam
2660 1677 2801 1732 hanc
2827 1684 2882 1731 et
2911 1675 3216 1732 instabilem
3240 1685 3294 1730 et
3313 1676 3366 1730 in
3394 1674 3539 1730 aliud

258 1771 590 1834 didicerunt,
627 1779 717 1833 ut,
746 1769 886 1824 unde
911 1769 1228 1838 simpliciter
1252 1772 1332 1826 eis
1365 1778 1449 1825 est
1473 1785 1593 1826 esse
1630 1778 1685 1825 et
1713 1784 1840 1826 vere
1868 1767 1916 1827 B
1943 1769 2100 1825 aliter
2151 1768 2417 1824 ferentem
2467 1776 2524 1822 et
2586 1782 2804 1822 sensum
2856 1768 3148 1839 agitantem
3198 1768 3338 1822 vitae
3391 1767 3528 1821 viam

257 1877 420 1928 esse,
471 1862 794 1932 quandoque
845 1861 1113 1931 adjectum
1167 1861 1457 1932 accipiant.
1512 1861 1652 1930 Quid
1703 1862 1896 1934 enim.
1959 1860 2118 1917 siccis
2146 1858 2582 1931 pertransierunt
2610 1857 2878 1928 vestigiis.

1769 1970 2019 2029 NOTAE.

334 2075 359 2103 ι
392 2061 603 2118 Mallem
635 2064 840 2120 docent.
875 2062 1080 2119 Graece
1109 2065 1418 2131 διδάξαντες.

268 2243 1111 2278 sm

1187 2398 1292 2512 ,π
1297 2395 1812 2512 OANN
1816 2394 1986 2509 IS
2062 2392 2576 2510 800T!

2576 2233 3533 2255 Μ

2713 2255 3533 2272 ~—-———————-—————-

2002 2265 2117 2276 .__
2134 2263 2420 2275 ...ι-...ιιι-
2433 2262 2632 2274 κου’-..ο
2647 2263 2707 2273 ο-

1609 2601 2202 2724 VERSUS.

1611 2816 2074 2896 SECTIO
2161 2818 2194 2894 Ι

1256 2973 1492 3036 LIBER
1532 2941 1909 3038 VEBSUUM
1953 2953 2516 3035 PLUBIMORUMI

262 3140 546 3203 VERSUS
573 3136 904 3197 JOANNIS
944 3125 1525 3194 SAPIENTISSI'MI
1563 3136 1658 3190 AD
1685 3132 2035 3191 CAROLUM
2069 3114 2370 3188 CALVUM
2405 3112 2678 3185 ῦιιιωι
2723 3127 3128 3188 LUDOUUICI
3165 3130 3276 3187 ΡΙΙ
3313 3129 3536 3192 CUJUS

1295 3227 1491 3284 AVUS
1529 3226 1711 3282 FUIT
1745 3223 2071 3282 CAROLUS
2119 3221 2495 3279 MAGNUSO.

252 3389 299 3442 Ε
339 3389 446 3441 cod.
471 3392 757 3452 pervetusto
780 3385 932 3454 Vatic.
958 3385 1070 3454 gae.
1091 3383 1136 3454 Χ.
1170 3383 1248 3434 vel
1270 3379 1686 3454 _§l_ed._§9_gc3l9
1729 3378 2066 3454 liai.‘Classic,
2091 3376 2233 3454 Auct.
2257 3377 2476 3454 'lfonhy,
2513 3377 2689 3454 9.}36
2711 3392 2820 3442 sqq.
2846 3379 3241 3454 Jamhproaeunt
3277 3386 3336 3433 ad
3384 3385 3525 3435 Iidem

754 3448 935 3498 codicis
959 3446 1238 3498 Christinae
1266 3444 1403 3505 1587-,
1428 3439 1697 3504 fol.'57-65,
1727 3442 1966 3504 ejusdem,
1988 3443 2178 3504 Opinor,
2204 3453 2304 3503 quo
2358 3440 2451 3489 Mai
2488 3439 2736 3502 utebatur,
2756 3439 3025 3505 ’r'ecogaiti.

744 3682 821 3738 De
841 3681 1048 3737 Christo
1071 3679 1342 3749 cruciﬁxo.

341 3757 614 3833 'Hellenas
643 3773 920 3844 Troasque
945 3787 1072 3828 suos
1100 3778 1347 3826 cantarat
1373 3768 1659 3835 Homerus,

438 3865 754 3921 Romuleam
783 3863 990 3935 prolem
1018 3848 1248 3916 finxerat
1273 3859 1385 3930 ipse
1412 3858 1578 3914 Maro.

354 3963 425 4016 At
453 3976 552 4016 nos
579 3959 910 4028 caeligenum
939 3954 1082 4027 regis
1107 3953 1194 4024 pia
1225 3951 1364 4007 facta
1393 3966 1671 4015 canamus,

434 4052 702 4109 Continuo
727 4064 888 4105 cursu
916 4062 1078 4119 quem
1107 4045 1256 4101 canit
1280 4044 1427 4100 orbis
1455 4058 1642 4099 ovans.

250 4145 290 4203 5
361 4143 473 4198 Illis
499 4141 688 4195 iliacas
714 4139 958 4194 ﬂammas
983 4136 1296 4205 subitasque
1323 4135 1526 4199 ruinas,

432 4233 824 4301 Trojorumque
853 4227 1036 4304 μάχας
1055 4237 1071 4267 ι
1101 4226 1280 4281 dicere
1306 4224 1462 4279 ludus
1491 4231 1627 4279 erat.

364 4323 462 4377 Ast
486 4320 643 4376 nobis
671 4318 945 4373 Christum
975 4316 1186 4372 devicto
1207 4313 1450 4384 principe
1477 4312 1663 4368 mundi

428 4412 703 4483 Sanguine
728 4409 1006 4480 perfusum
1032 4406 1270 4478 psallere.
1295 4405 1451 4461 dulce
1481 4414 1658 4460 sonat.

359 4505 477 4560 11ιί¹
505 4503 807 4574 composito
833 4501 966 4557 falso
991 4502 1089 4556 sub
1116 4500 1349 4570 imagine
1373 4500 1486 4555 veri

250 4597 322 4652 10
424 4595 632 4651 Fallere
656 4595 903 4650 condocti
933 4593 1183 4648 versibus
1212 4591 1490 4647 Arcadias.

357 4684 526 4740 Nobis
564 4685 816 4739 virtutem
849 4682 1026 4737 Patris
1056 4697 1350 4751 veramque
1381 4681 1624 4751 sophiam

430 4773 758 4846 Hymnizare
787 4773 914 4828 licet
942 4771 1190 4827 laudibus
1214 4770 1449 4826 eximiis.

353 4864 664 4920 Musarum'
693 4873 910 4929 cantus,
936 4863 1092 4919 ludos
1123 4869 1446 4933 satyrasque
1476 4862 1727 4935 loquaces

429 4955 565 5025 Ipsis
590 4971 721 5011 usus
747 4945 866 5010 erat
891 4954 1147 5026 plaudere
1170 4967 1268 5024 per
1290 4953 1534 5024 populos.

243 5042 317 5100 15
357 5043 512 5099 Dicta
553 5045 938 5114 prophetarum
977 5043 1133 5098 nobis
1179 5043 1542 5100 modulamine
1575 5044 1804 5116 pulchro

430 5132 680 5188 Consona
711 5135 1009 5204 procedunt
1036 5133 1308 5200 cordibus,
1339 5149 1456 5199 ore,
1486 5134 1608 5190 ﬂde.

1871 4939 1918 4998 Ι)

2052 3584 2206 3639 Nunc
2233 3582 2395 3654 igitur
2429 3581 2632 3638 Christi
2663 3583 2938 3641 videamus
2972 3601 3184 3643 summa
3219 3597 3460 3662 tropaea,

2113 3675 2191 3729 Ac
2217 3683 2436 3730 nostrae
2468 3675 2664 3731 mentis
2691 3675 2868 3732 sidera
2894 3679 3198 3749 perspicua.

2049 3766 2190 3822 Ecce
2214 3765 2393 3821 crucis
2429 3766 2635 3837 lignum
2670 3768 2995 3837 quadratum
3037 3773 3279 3828 continet
3322 3777 3533 3844 orbem,

1942 3859 2015 3913 20
2120 3859 2176 3914 ln
2200 3874 2308 3929 quo
2333 3861 2602 3930 pendebat
2627 3868 2818 3929 sponte
2844 3876 2940 3915 sua
2968 3862 3248 3928 Dominus,

2047 3950 2114 4006 Et
2147 3949 2380 4005 Verbum
2421 3949 2600 4004 Patris
2629 3949 2907 4019 dignatum
2939 3966 3154 4008 sumere
3184 3968 3405 4010 carnem

2122 4041 2179 4095 In
2207 4055 2311 4110 qua
2338 4054 2438 4109 pro
2460 4039 2616 4094 nobis
2641 4040 2814 4095 hostia
2843 4050 2994 4112 grata
3021 4041 3142 4098 fuit.

2044 4132 2238 4201 Aspice
2263 4122 2542 4186 confosSas
2565 4130 2774 4202 palmas
2803 4134 3168 4208 humerosque
3196 4139 3487 4212 pedesque,

2123 4218 2411 4289 Spinarum
2437 4220 2616 4276 serto‘
2641 4229 2882 4292 tempora
2908 4226 3085 4283 cincta
3097 4226 3246 4293 fero.

1941 4311 2013 4367 25
2051 4309 2108 4366 In
2139 4311 2317 4367 medio
2345 4311 2533 4368 lateris
2566 4325 2815 4371 reserato
2843 4317 2992 4373 fonte
3021 4320 3210 4376 salutis

2120 4408 2323 4465 Vitales
2347 4407 2574 4465 haustus
2613 4411 2834 4481 sanguis
2863 4421 2918 4468 et
2945 4415 3088 4469 unda
3119 4413 3309 4470 ﬂuunt.

2051 4498 2207 4555 Unda
2234 4499 2377 4554 lavat
2408 4507 2578 4555 totum
2618 4503 2788 4558 veteri
2833 4506 3149 4575 peccamine
3180 4508 3456 4575 mundum,

2122 4588 2354 4660 Sanguis
2384 4590 2642 4646 mortales
2687 4607 2787 4647 nos
2816 4591 2946 4649 facit
2975 4610 3097 4650 esse
3135 4598 3284 4653 deos.

2050 4679 2212 4735 Binos
2237 4677 2373 4733 adde
2402 4694 2524 4734 reos
2548 4679 2844 4749 pendentes
2869 4684 3065 4741 arbore
3089 4686 3247 4753 bina;

1944 4767 2014 4823 50
2117 4767 2223 4821 Par
2250 4765 2427 4822 fuerat
2454 4769 2730 4836 meritum,
2764 4773 2939 4842 gratia
2975 4774 3160 4846 dispar
3184 4777 3306 4832 erit.

2047 4856 2198 4913 Unus
2219 4872 2340 4913 cum
2369 4857 2585 4914 Christo
2615 4862 2847 4930 paradisi
2875 4863 3058 4921 limina
3086 4866 3243 4934 vidit,

2115 4947 2268 5004 Alter
2297 4947 2620 5018 sulphureae
2659 4967 2871 5009 mersus
2897 4955 2951 5011 in
2981 4957 3086 5014 ima
3121 4957 3353 5031 Stygis'.

2046 5039 2277 5110 Eclipsis
2308 5039 2438 5096 solis
2465 5040 2622 5099 lunae
2653 5046 2930 5104 redeuntis
2957 5065 3057 5106 eoo

2125 5135 2346 5192 lnsolito
2383 5151 2544 5194 cursu
2575 5139 2770 5199 sideris
2797 5145 2987 5202 umbra
3019 5146 3094 5203 fui

1544 5245 1804 5301 VARIAE
1838 5246 2242 5304 LECTIONES.

343 5349 364 5382 ι
401 5341 590 5398 Glossa
620 5359 842 5412 pugnas.

240 5427 298 5470 se
312 5422 408 5468 rte.
503 5414 524 5445 '
562 5412 694 5468 Cod.
725 5411 1029 5484 fagis(sic!)
1060 5413 1234 5484 glossa
1262 5414 1387 5484 palu
1413 5415 1622 5501 inferni.

940 5343 960 5373 ’
994 5341 1154 5416 Corr.
1193 5342 1352 5416 Mai,
1402 5345 1521 5416 cod.
1557 5344 1773 5400 videtur
1817 5345 2022 5402 habere
2066 5347 2206 5416 falli.

1819 5487 2070 5545 NOTAE.

323 5591 349 5618 ι
386 5578 542 5650 Liber
578 5595 816 5634 versuum
854 5581 1198 5650 plurimorum
1245 5592 1329 5638 est
1376 5583 1562 5639 titulus
1610 5584 1830 5640 codicis.

253 5647 456 5708 Versus
507 5649 730 5707 Joannis
789 5647 1157 5722 sapientissimi
1217 5663 1321 5710 cet.
1390 5670 1560 5726 usque
1615 5654 1837 5711 Carolus

2304 5349 2324 5380 ³
2363 5348 2496 5406 Cod.
2553 5351 2878 5424 Moysarum.
2979 5356 3002 5388 ⁸
3032 5356 3187 5410 Corr.
3222 5355 3379 5424 Maia,
3405 5361 3526 5417 cod.

1945 5585 2171 5710 Magna:
2219 5589 2407 5645 eadem
2457 5606 2652 5647 manus
2707 5592 2772 5647 ad
2827 5591 3126 5663 marginem
3182 5595 3382 5654 codicis
3440 5597 3505 5652 ad

1949 5672 2141 5710 SCI‘IDSI
2174 5697 2187 5710 .

1949 5672 2187 5728 scripsu.

3475 5780 3539 5792 νγ.
