3978 6160
425 399 562 452 £9.27
1846 391 2129 450 JOANNIS
2167 393 2364 452 SCOTI
3555 395 3692 452 {2‘28

529 504 790 560 Devotum
821 502 1103 569 famulum,
1132 505 1224 576 qui
1251 514 1303 561 te
1331 511 1642 569 veneratur,
1673 504 1907 558 honorat
2032 507 2080 566 Α
2108 506 2178 562 45
2217 507 2292 561 Da
2323 521 2510 577 pacem
2538 507 2758 578 populo,
2787 509 2880 580 qui
2912 509 3006 566 tibi
3038 511 3207 566 servit
3236 508 3456 580 ubique,

423 595 494 652 70
602 597 839 651 Aedibus
868 597 1203 656 constructis
1223 614 1388 654 aurea
1419 614 1545 653 vasa
1575 612 1796 668 parans,
2289 597 2552 655 Omnibus
2577 600 2922 668 cbristigeuis
2951 600 3145 657 ﬂoreat
3173 601 3312 656 alma
3337 600 3512 670 quies.

534 690 772 746 Cortinis
794 691 991 760 patulis
1016 702 1072 748 et
1097 692 1248 764 longa
1281 709 1378 764 per
1404 694 1541 748 atria
1575 695 1756 757 tentis,
2220 690 2467 761 Paganos
2495 691 2516 722 ⁸
2546 692 2749 762 piratas
2777 706 2802 734 α
2836 702 3111 750 vastantes
3135 709 3304 764 regna
3334 709 3429 764 per
3443 692 3660 757 orbem,

605 777 811 835 Vestito
839 779 985 836 clero
1011 782 1218 838 murice
1244 797 1534 852 purpureo.
2290 780 2654 852 Consumptos
2681 784 2858 855 gladio
2886 785 3098 856 gurgite
3123 799 3307 855 merge
3332 784 3516 838 maris.

530 869 842 940 Presbyteri
869 872 1042 926 sancti
1071 873 1295 928 reboant
1323 872 1515 927 altaria
1542 871 1746 928 circum
1773 891 1783 924 :
2226 870 2280 925 In
2311 880 2486 942 syrtes
2513 873 2690 928 varias
2713 873 3035 944 Spargantur
3053 873 3267 930 ﬂatibus
3291 873 3480 938 austri,

606 962 889 1034 Perpetuis
917 964 1131 1036 templis
1163 966 1241 1022 sic
1266 966 1370 1022 erit
1398 968 1512 1038 ipse
1540 974 1681 1021 tuus.
2117 963 2186 1017 50
2291 963 2403 1019 lllic
2432 974 2490 1021 ut
2514 974 2740 1035 pereant
2763 966 3002 1022 aestibus
3027 966 3235 1022 oceani.

2224 1052 2332 1107 Nos
2358 1069 2487 1110 vero
2516 1054 2686 1110 laetos
2715 1070 2852 1125 puro
2880 1065 2929 1110 te
2959 1056 3119 1110 corde
3149 1054 3406 1117 colentes,

1178 1097 1196 1151 l
1253 1136 1267 1151 .
2224 1097 2332 1107 -.νυ
2369 1097 2484 1110 ..,...
2516 1097 2686 1110 ...ηνυ
2716 1097 2851 1125 ,μην
2881 1097 2929 1110 ,ν
2959 1097 3119 1110 πων
3149 1097 3394 1110 πωπω,

1206 1097 1246 1153 v
2296 1147 2473 1204 Ducas
2506 1147 2778 1204 aetherios
2807 1147 2983 1203 sidera
3012 1162 3173 1218 supra
3199 1148 3394 1203 choros

603 1225 813 1282 Laudes
844 1228 1213 1283 Yrmindrudis
1243 1227 1423 1282 Caroli
1449 1227 1596 1282 Calvi
1629 1227 1828 1281 uxoris.

538 1319 686 1378 Haec
706 1332 950 1378 nostram
969 1323 1242 1379 dominam
1270 1320 1648 1377 Yrminzlrudis
1671 1319 1888 1375 nomine
1909 1317 2020 1373 cla-
2882 1281 2936 1334 γ’

938 1413 942 1420 ’
1873 1406 2018 1479 [ram
2528 1396 2601 1452 De
2635 1396 2830 1452 Christi
2861 1395 3252 1451 resurrectione.

603 1504 886 1559 Exomam
917 1505 1124 1560 meritis
1154 1504 1400 1559 Ῑίὶιιδῖῦυε
1427 1512 1551 1572 3Pta
1581 1503 1729 1557 suis:
2229 1507 2790 1572 Mysticasanctorum
2813 1503 3122 1575 panduntur
3147 1502 3400 1571 dogmata
3425 1493 3665 1559 Palmm,

537 1596 760 1662 Forma,
782 1612 974 1666 genus,
996 1597 1222 1667 ενροὶρε,
1244 1610 1453 1651 morum
1472 1593 1833 1665 pulcherrima
1856 1590 1994 1644 fama
2298 1597 2596 1653 Pneumale
2616 1595 2892 1652 sanctiﬁco
2917 1607 3058 1664 quae
3081 1592 3324 1648 cecinere
3349 1589 3484 1653 Deo,

611 1686 774 1758 Regis
798 1688 1146 1754 connuhium,
1170 1688 1329 1742 docta
1353 1685 1560 1755 loquela
1587 1685 1807 1746 docens,
2226 1689 2467 1744 Aeterno
2493 1686 2670 1742 Patris
2698 1684 2898 1749 Verbo,
2933 1698 3040 1753 quo
3065 1691 3256 1737 cuncta
3288 1687 3539 1734 creantur

438 1780 474 1834 5
546 1779 868 1835 Praeclarae
890 1779 1091 1835 sobolis
1123 1779 1345 1844 donum,
1381 1778 1615 1846 nutaque
1643 1781 1657 1810 ι
1685 1787 1941 1844 propago,

2221 1778 2228 1785 ’
2300 1778 2539 1836 Occultis
2567 1776 2799 1841 sinibus,
2819 1775 3011 1831 ordine
3039 1786 3285 1843 quaeque
3307 1769 3444 1833 suis,

607 1870 1045 1942 Obscquiumquc
1071 1869 1227 1925 bonis
1251 1869 1502 1924 omnibus
1529 1864 1829 1938 egregium,
2053 1859 2095 1917 Β
2126 1874 2143 1928 ξ

2146 1874 2157 1927 i
2233 1871 2463 1928 Fabrica
2493 1886 2600 1941 quo
2625 1869 2806 1924 mundi
2834 1866 3022 1922 formis
3048 1865 3209 1921 simul
3233 1861 3485 1917 omnibus
3511 1871 3617 1912 una

540 1964 738 2034 Ingens
763 1962 1058 2032 ingenium,
1093 1959 1331 2030 perfecta
1353 1957 1590 2012 Palladis
1620 1963 1739 2010 arte
2296 1962 2565 2028 sun-exit,
2595 1959 2771 2015 fuerat
2796 1967 2857 2012 ut
2883 1957 3092 2012 ratione
3123 1970 3241 2010 sua,

609 2054 759 2108 Αυτο
785 2051 966 2106 sumi“
995 2050 1168 2106 serica
1200 2049 1285 2102 ma
1317 2063 1535 2118 Pamns-
2232 2057 2382 2124 Quae
2413 2055 2528 2110 sine
2563 2051 2860 2124 praecessit
2885 2049 2938 2104 in
2985 2047 3202 2110 Christo
3231 2052 3475 2113 tempore
3507 2037 3663 2100 facta,

537 2143 764 2199 Actibus
792 2142 1009 2197 eximiis
1039 2139 1326 2196 conlucent
1351 2137 1507 2209 pepla
1538 2133 1742 2201 mariti,
2301 2148 2438 2202 Dum
2468 2159 2682 2215 semper
2711 2150 2872 2197 natus
2900 2148 3092 2196 cuncta
3125 2143 3310 2193 creata
3342 2131 3506 2186 videt.

434 2238 502 2295 10
609 2236 957 2292 Gemmarum
984 2233 1126 2304 serie
1153 2232 1353 2303 detegit
1381 2230 1625 2286 indusias
1645 2229 1687 2280 '.

2237 2238 2407 2305 Quam
2446 2249 2608 2304 super
2644 2232 2869 2289 effertur
2904 2238 3124 2285 sanctus
3161 2225 3372 2282 ratione
3404 2217 3639 2288 regentis

542 2312 2028 2398 Miraturfugitansnumquamquepropinquatépézxim‘
2132 2335 2143 2387 1

2146 2332 2199 2388 |0
2305 2328 2559 2398 Spiritus,
2593 2332 2651 2379 ut
2672 2338 2858 2379 sacras
2883 2320 3186 2376 vivificaret
3209 2329 3400 2385 aquas.

617 2417 875 2486 Quamvis
902 2415 1165 2487 palladios
1193 2413 1510 2491 aequiperat
1533 2409 1752 2480 digitos.

2234 2420 2550 2492 Angelicum
2573 2427 2855 2472 numerum
2882 2423 3202 2482 superorum
3225 2413 3406 2462 castra
3435 2407 3698 2459 tenentem

553 2511 757 2583 luclyta
789 2509 1016 2565 consilio
1045 2516 1254 2564 castum
1282 2517 1503 2561 servare
1531 2499 1728 2566 cubile,
2306 2506 2600 2564 constituit
2625 2504 2848 2568 mundo,
2880 2510 3062 2557 cetera
3089 2510 3339 2568 quaeque
3361 2492 3517 2547 vides

609 2579 800 2673 Cvpris
829 2613 898 2655 ne
924 2597 1098 2654 valeat
1125 2594 1526 2653 commaculare
1557 2601 1706 2648 toros
1737 2590 1779 2644 ‘.

2235 2601 2477 2670 Quorum
2501 2598 2767 2668 primaten
2796 2598 2818 2629 ⁹
2845 2593 3121 2648 hominem
3141 2587 3426 2660 paradisus
3456 2579 3696 2640 habebat,

442 2691 510 2747 15
544 2689 882 2760 Pauperibus
909 2687 1095 2742 multis
1123 2685 1326 2742 Christi
1351 2682 1657 2755 justissima
1688 2693 1816 2735 cura
2305 2687 2615 2746 Αεείηιίιειη
2641 2687 2840 2740 factum
2864 2689 3043 2738 mente
3072 2678 3258 2733 videre
3294 2675 3485 2729 Deum,

616 2757 767 2837 illam
799 2780 1075 2844 sollicitat,
1108 2779 1210 2832 rite
1235 2775 1486 2832 ministra
1515 2772 1652 2828 fore.
2133 2785 2143 2838 θ

2146 2783 2200 2839 [5
2235 2781 2384 2837 Hanc
2413 2779 2575 2833 homo
2600 2773 2930 2846 praeclaram
2963 2767 3197 2838 speciem
3225 2762 3588 2831 complectere
3610 2757 3699 2808 no-

551 2873 886 2929 PI‘Ude'llum
907 2881 1167 2936 malrum,
1189 2883 1324 2940 (111³5
1346 2867 1566 2921 Iamiam
1588 2863 1835 2932 dogmata
1855 2873 2025 2922 530m:
2305 2869 2546 2932 Corruit,
2573 2844 2629 2922 et
2648 2865 2854 2936 prolem
2883 2860 3048 2916 traxit
3078 2857 3147 2912 ad
3176 2856 3283 2910 ima
3307 2865 3482 2908 suam.
3573 2844 3703 2917 [lens

621 2964 850 3020 Virtutis
879 2977 1106 3019 CORSOI'S
1133 2961 1304 3017 θῐιίῐθῐ
1333 2959 1575 3023 355M011.
2242 2963 2349 3019 Sed
2378 2975 2445 3015 ne
2473 2965 2618 3013 tanta
2648 2954 2742 3010 Dei
2773 2953 2984 3024 penitus
3011 2945 3268 3004 transiret
3296 2945 3499 3011 imago,

559 3059 755 3126 Oraus,
791 3074 854 3113 ac
880 3057 1112 3128 legitans
1140 3055 1325 3120 libros,
1367 3053 1729 3119 manibusque
1756 3047 2029 3102 laborans,
2309 3051 2463 3106 nunc
2507 3047 2742 3118 speciem
2799 3040 3034 3098 hominis
3078 3035 3255 3106 coepit
3304 3030 3508 3086 habere
3552 3025 3699 3079 Deus-

442 3152 514 3205 20
621 3151 686 3205 Ει
713 3150 917 3205 nullum
942 3150 1090 3205 vitiis
1120 3157 1332 3218 tempus
1362 3147 1524 3200 inane
1553 3151 1735 3198 vacat.
2073 3213 2100 3218 _
2239 3145 2374 3202 Hinc
2401 3153 2563 3198 natus
2590 3136 2814 3201 mundo,
2846 3147 3037 3205 passus
3075 3129 3176 3184 sub
3204 3127 3322 3195 lege
3349 3120 3634 3178 malorum.

553 3244 690 3312 Quid
716 3259 910 3300 causas
930 3241 1081 3312 regni
1113 3213 1313 3305 dicam,
1346 3253 1481 3308 quas
1507 3237 1621 3306 ipsa
1647 3232 1817 3304 perita
2059 3213 2104 3276 Ο
2133 3245 2143 3296 ε

2146 3241 2204 3297 10
2314 3238 2482 3294 Morte
2510 3249 2606 3290 sua
2638 3237 2867 3286 mortem
2893 3223 3128 3298 perdidit
3162 3221 3276 3291 ipse
3302 3230 3500 3272 meam.

625 3333 870 3404 θῖεβοηίι
897 3331 1040 3402 “Si”
1070 3331 1092 3362 ⁸
1121 3338 1340 3401 Ρθοιοτθ
1371 3322 1698 3396 Ρνειθθίρυοῗ
2241 3330 2358 3399 Quo
2383 3335 2530 3392 sunt,
2559 3339 2668 3396 quo
2695 3323 2902 3382 vivunt,
2929 3332 3036 3388 quo
3056 3323 3223 3378 stant,
3245 3325 3354 3382 quo
3379 3313 3574 3362 cuncta
3593 3315 3699 3356 mo-

548 3423 606 3481 δί
628 3425 868 3480 Sinerem
891 3424 1094 3494 apices.
1121 3396 1259 3492 01108
1285 3419 1585 3488 scripserat
1617 3415 1731 3484 ipse
1753 3410 2027 3471 Salomon:
2267 3396 2284 3399 ν
2311 3420 2404 3476 llle
2428 3420 2570 3474 Deus
2594 3415 2839 3474 moritur,
2865 3411 3012 3464 vivat
3034 3416 3092 3462 ut
3115 3405 3228 3475 ipse
3251 3402 3434 3456 homo.
3475 3396 3697 3468 [ventur,

596 3513 598 3522 ’
625 3515 894 3570 nuisse!“
927 3489 1294 3582 hmani—(lum
1321 3509 1607 3581 Pel‘hibere
1633 3503 1842 3559 νοιυηῑυ
2240 3511 2442 3570 Ordine
2467 3505 2748 3576 multiplici
2778 3503 3022 3574 signatus
3057 3495 3312 3552 Patribus
3341 3489 3474 3545 olim

443 3609 516 3661 25
555 3607 698 3662 Haec
721 3622 847 3660 nam
868 3607 1004 3660 haec
1029 3604 1224 3659 merito
1255 3608 1509 3657 censetur
1538 3597 1740 3652 femina
1762 3594 1939 3654 fortis,
2314 3603 2581 3658 Mactatur
2608 3597 2731 3666 tegi,
2760 3594 2974 3650 vatibus
3003 3599 3058 3644 et
3092 3587 3328 3644 canitur.

627 3695 797 3760 Quam
831 3693 1056 3748 Carolus
1083 3691 1286 3761 reperit
1313 3689 1468 3745 fortis
1494 3696 1549 3742 et
1572 3685 1748 3741 almus
1770 3682 1889 3749 ἄναξ
1911 3681 1952 3736 ⁸.
2134 3698 2206 3753 25
2245 3695 2344 3750 me
2374 3694 2550 3748 fuerat
2583 3690 2725 3744 aries
2753 3683 2974 3757 speculo
3005 3679 3254 3752 provisus
3280 3674 3348 3730 ad
3374 3686 3547 3736 aram,

558 3785 730 3852 Quem
757 3782 932 3839 solum
963 3781 1202 3837 celebrat
1224 3780 1559 3835 Francorum
1586 3776 1753 3849 gloria
1783 3786 1987 3844 regem,
2316 3789 2452 3843 Dum
2489 3783 2697 3856 typicus
2722 3778 2908 3834 Isaac}.
2947 3774 3162 3830 ducitur
3187 3771 3254 3826 ad
3276 3764 3541 3839 jugulum.

629 3877 860 3948 Dignum
882 3875 1208 3932 Christicolis
1229 3873 1477 3945 plebibus
1501 3879 1663 3941 atque
1689 3868 1891 3924 choris.
2242 3854 2529 3938 Festinant},
2597 3873 2826 3947 populus
2879 3871 3121 3940 Aegypto
3199 3864 3344 3919 hunc
3417 3854 3702 3925 sumpserat

3473 3945 3696 4001 (annum.

3498 3962 3525 3999 a
3564 3959 3598 3996 n‘

2319 4038 2595 4112 Sanguine
2633 4043 2996 4102 conspergens
3026 4025 3210 4082 limina
3241 4029 3366 4076 nota
3395 3959 3598 4073 doings.

2249 4131 2346 4187 Hic
2361 4103 2496 4190 fons,
2523 4127 2691 4196 virga,
2710 4131 2885 4193 petra,
2907 4116 3157 4174 caelestis
3182 4111 3356 4182 fulgor
3371 4103 3700 4164 obumbrans,

2322 4221 2579 4288 Serpens,
2613 4224 2669 4272 ct
2697 4225 2914 4274 manna,
2957 4209 3115 4271 nubs,
3146 4205 3255 4266 via,
3292 4199 3470 4271 panis,
3507 4206 3671 4264 aqua:

2251 4313 2403 4369 Talia
2434 4322 2596 4379 saepe
2627 4305 2722 4361 Dei
2765 4302 2915 4374 iussu
2949 4299 3054 4355 sub
3086 4305 3328 4365 tempore
3374 4290 3514 4345 facta

2323 4402 2621 4458 Aeternum
2651 4395 2938 4452 Dominum
2967 4388 3274 4459 significare
3299 4399 3479 4440 suum.

2258 4495 2479 4564 Hacque
2509 4490 2727 4561 impleta
2755 4488 2844 4543 die
2877 4499 3036 4542 sacro
3065 4489 3401 4537 venerantur
3438 4475 3480 4508 "
3501 4475 3698 4531 honore,

2324 4585 2442 4663 Ista.
2471 4584 2587 4638 dies
2619 4589 2767 4636 tanta
2794 4577 3020 4649 mystica
3069 4574 3210 4629 facta
3243 4577 3410 4627 tenet.

2146 4679 2216 4736 35
2255 4657 2674 4732 Hancvmundus
2711 4669 2894 4739 prodit
2913 4664 3258 4736 congaudens
3285 4660 3405 4716 luce
3430 4657 3647 4712 decora:

2327 4766 2635 4836 Florigeros
2663 4768 2846 4816 motus
2873 4757 3040 4813 mittit
3066 4756 3120 4809 in
3152 4752 3344 4808 aethra
3369 4762 3514 4810 suos,

2256 4835 2512 4915 Germiua
2548 4853 2872 4925 producens,
2901 4848 3155 4904 florentes
3193 4842 3438 4914 gramine
3465 4835 3679 4892 fructus;

2329 4947 2461 5002 Nam
2489 4944 2740 5000 Christus
2766 4940 2974 4995 fructus
3012 4935 3183 4991 dulcis
3226 4932 3429 5001 ubique
3457 4927 3581 4981 suis.

2264 5035 2796 5098 SurrexitChristus,
2814 5038 2999 5085 nostra
3017 5027 3143 5081 hinc
3165 5025 3252 5094 pia
3267 5023 3434 5079 corda
3452 5013 3698 5074 resultant.

2333 5128 2558 5184 Alleluia
2591 5127 2701 5181 Deo
2728 5124 2875 5181 orbis
2910 5122 2950 5152 “
2982 5120 3180 5190 ubique
3214 5117 3383 5172 canit.

555 3969 652 4025 Cui
680 3976 890 4040 gestare
917 3966 1045 4022 licet
1071 3979 1358 4036 regnorum
1389 3963 1621 4033 plurima
1651 3967 1891 4028 sceptra,

447 4062 520 4118 50
628 4061 778 4129 Quae
810 4059 990 4129 magni
1020 4066 1203 4130 patres
1231 4056 1538 4113 sustinuere
1562 4053 1669 4109 sui.

558 4153 656 4210 Cui
687 4151 784 4207 soli
817 4164 1042 4221 regnum
1069 4147 1334 4218 sapientia
1363 4144 1584 4216 praevia
1611 4143 1800 4214 pollet,

630 4245 802 4312 Quem
832 4255 1003 4312 purae
1033 4239 1231 4294 mentis
1255 4237 1508 4292 nobilitat
1539 4235 1798 4290 studium.
2144 4225 2213 4280 50

559 4334 732 4403 Quem
761 4331 1046 4402 Scriptura
1079 4330 1238 4384 docet
1268 4325 1463 4382 divinis
1489 4324 1645 4396 plena
1676 4321 1879 4392 ﬁguris,

629 4422 706 4478 Ne
736 4430 884 4478 recto
913 4418 1115 4476 Christi
1145 4417 1364 4472 tramite
1393 4415 1655 4470 debilitet.

449 4517 522 4574 '55
559 4514 656 4572 Cui
682 4515 702 4546 "
735 4521 952 4568 sanctas
1001 4510 1163 4565 aedes
1187 4508 1442 4564 dedicans
1467 4504 1750 4560 ornatibus
1776 4499 1991 4570 amplis,

635 4604 897 4662 Caelestis
925 4603 1133 4672 patriae
1163 4598 1403 4672 symbola
1430 4612 1585 4654 sacra
1608 4595 1772 4650 videt.

564 4699 675 4753 llos
700 4697 879 4761 ambo,
912 4708 1091 4764 regem
1125 4691 1246 4746 dico
1273 4689 1678 4756 dominamque,
1710 4692 1956 4755 potentes

645 4789 886 4853 Christe,
916 4796 1068 4841 tuere
1094 4784 1166 4839 tui
1195 4783 1432 4838 numinis
1461 4780 1681 4836 auxilio.

567 4880 656 4936 Sis
683 4878 822 4933 fidus
853 4885 1057 4940 custos,
1087 4876 1164 4930 sis
1195 4887 1382 4928 murus
1409 4880 1556 4927 tutus
1587 4872 1639 4925 in
1670 4884 1884 4932 aevum,

456 4973 528 5030 ιε)
635 4971 704 5027 Ut
735 4970 827 5025 tibi
859 4979 1114 5038 perpetuo
1142 4965 1336 5038 placita
1366 4972 1488 5018 vota
1518 4961 1714 5018 ferant.

568 5063 783 5119 Devotis
812 5059 1008 5115 animis
1034 5072 1246 5128 semper
1272 5065 1323 5110 te
1349 5054 1530 5109 laudet
1561 5061 1811 5121 uterque,

641 5150 876 5208 Vocibus
907 5146 1260 5210 harmonicis,
1289 5144 1501 5198 actibus
1528 5151 1691 5210 atque
1718 5140 1892 5196 bonis.
2157 5134 2226 5187 40

570 5244 788 5300 Illorum
817 5238 1051 5295 tumidos
1080 5236 1330 5290 inimicos
1359 5244 1540 5288 sterne
1570 5231 1817 5296 rebelles,
2263 5219 2464 5290 luelyte
2490 5218 2580 5288 qui
2612 5231 2822 5288 regum,
2851 5223 2904 5268 te
2930 5227 3024 5267 rex
3057 5217 3344 5265 conservet
3375 5207 3428 5261 in
3465 5213 3660 5258 aevum.

642 5335 766 5389 Aut‘
780 5331 880 5385 hos
907 5340 1205 5384 conversos
1231 5324 1464 5379 subdere
1494 5322 1628 5378 colla
1657 5337 1834 5378 mone.
2333 5311 2598 5380 Prospera
2625 5310 2667 5340 ¹¹
2697 5306 2979 5372 concedat,
3020 5303 3145 5358 hinc
3184 5314 3350 5372 super
3377 5305 3523 5352 astra
3551 5289 3700 5346 vehat-

1757 5411 2010 5468 VARIAE
2049 5405 2339 5465 LECTION
2349 5406 2450 5462 ES.

560 5519 577 5550 ‘
602 5522 695 5578 Sic
739 5519 882 5583 cod.,
919 5515 1042 5571 Mai.
1085 5529 1231 5569 corr.
1278 5522 1359 5566 sat
1393 5522 1534 5583 noto.
1614 5514 1633 5544 '
1672 5511 1880 5583 Glos_s_a_
1907 5510 2245 5583 indumenta.“
2304 5507 2330 5583 ξ
2367 5504 2501 5560 Cod.
2534 5501 2792 5583 arar/mos
2824 5499 3000 5583 glossa
3025 5510 3291 5583 aranea.“
3319 5488 3508 5583 :"Cod.
3525 5485 3702 5583 Ithaci:-

567 5549 573 5550 ⁷
602 5549 640 5577 ο
665 5549 695 5577 υ
739 5549 858 5576 0U"-
920 5549 1042 5571 L‘I‘llo
1085 5549 1231 5569 ιιυιιο
1278 5549 1359 5566 συν
1393 5549 1534 5565 Iul."-
1673 5549 1859 5567 υιυσσιι
1908 5549 2229 5564 ισυι-υ-ηυηπιη
2372 5549 2501 5560 vv...
2534 5549 2790 5556 .-._-.-..-.-
2862 5549 2998 5554 ____c,
3030 5549 3049 5550 η

473 5594 497 5627 ⁸
535 5549 668 5649 0001.
701 5559 882 5659 vigilo:
955 5586 978 5659 ξ
1008 5586 1199 5659 Glossa
1234 5599 1344 5659 rem.
1421 5583 1440 5612 ⁷
1484 5581 1575 5659 Sic
1599 5581 1907 5659 cotl.,_bjai.
1945 5576 2338 5659 Qui.“°.C9‘d.
2365 5590 2618 5643 paganus.
2694 5571 2716 5602 '
2755 5549 2885 5627 οοῗι.
2920 5569 3168 5640 primatu.
3247 5563 3291 5596 "
3319 5561 3410 5618 Sic
3445 5557 3561 5614 cod.
3602 5549 3699 5606 ibi.

469 5644 794 5719 veneramur.
874 5660 912 5690 “
948 5656 1038 5712 Sic
1062 5656 1208 5720 cud.,
1242 5652 1366 5706 Mai.
1399 5653 1642 5707 mundus.
1725 5654 1763 5683 ¹²
1791 5652 1881 5706 Sic
1911 5649 2058 5710 cuit,
2090 5646 2214 5699 \lui.
2254 5644 2492 5714 Prosper.

2002 5735 2178 5793 .NOTA
2191 5735 2249 5789 Ε.

559 5834 584 5860 ιι
622 5820 1021 5874 Νοιιὶιιιιςιιιιιυδ
1052 5814 1222 5870 classe
1252 5811 1508 5867 advectos
