3978 6160
357 265 499 321 1229
1836 255 2104 313 vensus
2816 222 2819 223 ί
3328 250 3331 257 ’
3491 258 3634 311 mo

460 378 562 445 Qui
596 379 698 434 sub
723 377 929 434 honore
959 376 1044 432 sui
1072 376 1264 433 humili
1294 390 1417 432 cum
1445 374 1610 432 corde
1641 388 1874 432 canoros
1971 377 2020 434 Α
2156 371 2255 428 Sat
2284 381 2364 429 sal
2396 389 2699 445 perpaucos
2729 368 2966 446 ingratos
2998 388 3198 443 ponere
3226 388 3433 436 versus,

531 469 788 523 Alternos
820 466 1034 531 statuis,
1076 465 1262 537 psallis
1289 475 1346 522 et
1377 465 1512 535 ipse,
1543 465 1757 520 choros.
1792 466 1799 475 ’
2219 466 2472 523 Molestos
2500 467 2633 538 regi.
2665 466 2803 534 Quid
2834 466 2977 522 valet
3007 475 3274 530 astruere,

350 558 428 615 43
462 559 767 624 Credimus,
796 559 903 615 ista
934 558 1034 616 tibi
1060 564 1349 612 servantur
1372 556 1609 612 culmine
1638 554 1795 620 caeli,
2147 556 2301 625 Quod
2322 558 2481 629 plane
2503 558 2751 628 perhibet
2777 559 2890 629 jam
2918 573 3090 627 nuper
3113 556 3291 612 dedita
3318 556 3337 587 τ
3368 551 3560 613 musa?

531 651 702 706 Heres
727 650 1010 706 davidicus
1037 647 1274 706 eﬂiciere
1299 647 1441 719 pius.
2038 647 2111 703 40
2223 647 2432 718 Expers
2475 648 2740 705 mercedis
2769 647 2939 703 tristis
2963 648 3140 702 inanis
3166 655 3302 701 erat.

460 749 774 818 Προσσυχῆς
802 740 1038 812 petimus
1066 739 1208 797 votis
1237 748 1295 795 et
1328 738 1495 795 corde
1522 752 1835 809 precamur,

1702 752 1835 804 mur,
2147 748 2352 812 Στοῖχοι
2386 740 2613 797 Ἰωάννου
2647 749 2721 812 τῷ
2751 741 2957 811 βασιλεῖ
2984 736 3193 814 Καρόλῳ
3223 737 3273 790 b.

535 835 636 903 Qui
659 836 807 891 dedit
832 836 936 891 hoc
959 835 1118 902 velle,
1150 834 1241 889 det
1267 834 1362 890 tibi
1396 848 1557 904 posse
1584 832 1749 889 Deus.
2783 830 2893 887 VII.

466 929 689 984 Βασιλέα
712 928 918 1003 Καρόλῳ
940 930 1079 1002 ἡμῶν
1104 930 1170 984 σύ
1190 930 1381 1005 Χριστὶ
1406 928 1597 1000 βοήθει,

2362 920 2545 975 Adhuc
2593 920 2657 976 de
2687 919 2885 975 Christi
2915 930 3306 976 resurrectione.

355 1017 431 1072 50
536 1019 626 1082 Ὠς
654 1020 961 1095 κληροῦσθαι
992 1023 1186 1096 χοροὺς
1219 1018 1429 1081 δυνατὸς
1455 1020 1724 1097 οὐρανίους
1753 1028 1801 1070 ι.

2151 1012 2267 1068 Lux
2294 1025 2559 1083 superans
2581 1013 2793 1069 animas
2814 1012 3094 1069 hominum
3117 1026 3481 1082 superumque
3506 1009 3634 1065 deo-

1105 1111 1194 1165 Vl.
2221 1103 2456 1177 Agmina
2484 1106 2714 1161 terrenis
2741 1105 3084 1162 constabilita
3109 1106 3269 1172 tonis,
3487 1100 3633 1176 [rum

495 1202 699 1259 Christi
740 1203 1018 1259 descensus
1057 1203 1125 1257 ad
1163 1202 1360 1273 inferos
1399 1212 1447 1257 et
1487 1202 1818 1257 resurrectio.
2151 1200 2208 1255 In
2240 1199 2449 1255 sinibus
2476 1200 2736 1271 genitoris
2763 1209 2903 1268 erat,
2934 1199 3198 1273 longeque
3227 1208 3433 1256 remota

473 1295 684 1351 Emicat
710 1312 773 1353 ex
806 1298 971 1354 erebo
997 1296 1087 1351 lux
1122 1297 1306 1351 mundi
1345 1312 1536 1367 magna
1584 1295 1946 1365 triumphans,
2227 1288 2482 1345 Sensibili
2517 1289 2718 1345 mundo
2743 1290 3099 1361 empyrioque
3136 1289 3281 1359 polo,

536 1383 812 1442 Primitias
845 1385 989 1442 vitae
1014 1401 1153 1456 quae
1181 1386 1198 1416 ¹
1227 1386 1548 1442 moribunda
1581 1393 1761 1455 stupet
2084 1379 2118 1434 5
2153 1378 2427 1434 Lustravit
2471 1378 2699 1435 miseros
2726 1380 3068 1435 tenebrarum
3100 1380 3317 1435 sedibus
3348 1378 3470 1434 imis

467 1472 763 1532 Prosiliunt
812 1474 1031 1544 Furiae,
1077 1485 1411 1533 concurrunt
1457 1477 1696 1546 undique
1724 1475 1953 1541 Parcae,
2229 1468 2471 1537 Vinctos,
2495 1469 2758 1540 captivos,
2784 1468 3182 1539 Tartareosque
3212 1484 3332 1524 reos
3357 1468 3399 1523 ⁸.

540 1563 810 1620 Mirantur
836 1567 1044 1621 tristem
1083 1566 1459 1637 congemuisse
1486 1564 1733 1637 Stygem.
2161 1562 2474 1617 incarnatus
2495 1571 2613 1617 erat
2637 1560 2886 1618 Christus
2912 1562 2977 1617 de
3012 1561 3224 1632 virgine
3251 1576 3497 1623 nascens,

394 1651 435 1709 ὅ
471 1651 563 1708 Ille
586 1652 709 1710 dein
742 1654 996 1724 princeps
1037 1654 1282 1710 barathri
1329 1656 1465 1725 petit
1503 1668 1652 1709 arma
1699 1662 1850 1709 sueta
1885 1655 1947 1708 ἐ
1982 1723 2017 1727 _
2228 1651 2487 1709 Conﬁxus
2515 1652 2684 1724 ligno,
2709 1652 2956 1709 conditus
2981 1661 3141 1722 atque
3161 1652 3364 1727 réw’.

539 1742 672 1811 Quis
697 1723 868 1816 genus
903 1723 1200 1799 humanum
1227 1723 1466 1800 subdidit
1496 1744 1609 1815 ipse
1631 1744 1774 1800 sibi?
1980 1723 2024 1782 Β
2154 1746 2395 1817 Corpore
2423 1746 2518 1802 sed
2554 1723 2811 1811 moriens,
2866 1745 3056 1800 vivens
3085 1723 3373 1813 animoque
3402 1742 3638 1812 Deoque,

470 1834 578 1890 Sed
612 1850 738 1890 mox
778 1846 838 1890 ut
862 1835 1000 1890 vidit
1036 1836 1295 1890 ruitantia
1327 1835 1510 1890 limina
1543 1835 1734 1903 fracta,
2052 1838 2119 1893 10
2224 1838 2325 1893 Ast
2350 1836 2492 1892 Deus
2519 1844 2575 1891 et
2600 1836 2851 1902 moritur,
2887 1835 3031 1890 vivat
3055 1843 3110 1890 et
3135 1835 3249 1905 ipsa
3277 1849 3428 1890 caro.

541 1922 811 1989 Territus,
843 1926 1109 1981 attonitus
1136 1926 1273 1997 fugit
1298 1927 1363 1981 ad
1392 1928 1497 1981 ima
1526 1927 1737 1983 domus.
2158 1925 2309 1983 Mens
2345 1927 2590 1991 erebum,
2640 1940 2836 1997 corpus
2865 1933 3095 1996 petram,
3130 1934 3275 1980 tenet
3314 1924 3493 1979 omnia
3544 1938 3645 1978 nu-

471 2013 586 2070 Non
628 2024 807 2070 tamen
835 2016 1011 2072 evasit
1040 2018 1325 2073 tenebrosa
1356 2031 1453 2087 per
1479 2029 1635 2073 antra
1666 2028 1947 2089 tyrannus,
2226 2018 2282 2073 ln
2307 2017 2479 2074 tribus
2497 2027 2582 2074 est
2604 2033 2765 2083 unus,
2792 2032 3041 2088 corpore,
3071 2028 3273 2083 mente,
3294 2016 3423 2071 Deo.
3470 2015 3642 2087 [men,

362 2104 466 2183 10.
538 2106 755 2162 Fortior
781 2107 1006 2162 intravit
1037 2108 1128 2179 qui
1155 2123 1250 2164 sua
1276 2123 1404 2165 vasa
1434 2110 1573 2165 tulit.
2155 2107 2448 2179 Postquam
2472 2123 2571 2178 per
2595 2106 2827 2162 triduum
2852 2115 3023 2162 totum
3046 2107 3394 2163 destrinxerat
3422 2105 3547 2168 ἄδην
3574 2106 3642 2171 ιθ,

474 2197 774 2263 Attractus,
822 2207 1035 2270 captus,
1065 2200 1298 2268 vinctus,
1330 2201 1645 2271 strictisque
1676 2202 1882 2259 catenis
2232 2200 2401 2256 Totus
2426 2199 2686 2267 surrexit,
2707 2199 2783 2254 nil
2815 2208 3132 2256 remanente
3162 2199 3360 2255 minus.

545 2289 830 2355 Deteutus,
861 2290 1121 2358 domitus,
1151 2292 1339 2362 pulsus
1375 2292 1444 2349 ab
1471 2308 1628 2359 arce,
1659 2294 1810 2362 prius
2055 2294 2124 2349 l5
2158 2293 2415 2350 Ascendit
2441 2301 2610 2359 totus,
2642 2299 2816 2348 totum
2856 2292 3012 2363 regit,
3045 2290 3258 2362 aspice,
3291 2291 3569 2354 mundum,

472 2378 588 2447 Qua
616 2381 801 2436 mundi
827 2381 1085 2471 princeps
1112 2382 1290 2440 elatus
1323 2384 1542 2440 sederat
1562 2384 1713 2448 olim,
2232 2382 2341 2439 Pro
2371 2398 2481 2454 quo
2499 2396 2693 2453 passus
2721 2389 2843 2438 erat
2863 2381 3110 2438 conditor
3129 2390 3291 2451 atque
3316 2382 3461 2437 Deus

543 2469 725 2527 Bestia
748 2486 910 2528 saeva
933 2469 1101 2530 vorax
1141 2474 1512 2546 indomitaque
1546 2475 1637 2530 diu
1670 2475 1713 2529 ³.
2160 2474 2575 2544 Humanumque
2618 2488 2790 2545 genus
2833 2481 3004 2529 totum
3039 2472 3316 2530 revocavit
3343 2472 3414 2528 ab
3463 2481 3639 2536 antro,

367 2564 440 2623 i5
475 2565 583 2625 Sed
608 2568 785 2625 victor
809 2570 997 2625 mundi
1035 2570 1404 2641 praestantior
1430 2569 1685 2628 omnibus
1716 2586 1857 2627 unus
2231 2565 2603 2636 Aeternaeque
2632 2563 2672 2595 ¹¹
2696 2563 2909 2631 mortis,
2941 2578 3050 2635 quo
3072 2562 3218 2619 cadit
3254 2562 3434 2619 omnis
3457 2563 3645 2618 homo.

543 2656 740 2713 Totum
783 2658 983 2716 collisit
1009 2660 1435 2733 comminuitque
1460 2670 1642 2733 caput.
2162 2655 2401 2713 Muneris
2432 2656 2678 2728 ingratus
2711 2655 2856 2712 vitae
2882 2664 3203 2727 spretorque
3235 2654 3448 2721 salutis,

473 2747 670 2803 Aestus
696 2750 903 2806 aeterni
930 2751 1255 2807 comburunt
1283 2760 1438 2823 turpe
1458 2754 1708 2819 cadaver,
2054 2749 2126 2805 20
2270 2748 2445 2817 Quam
2474 2747 2705 2820 largitus
2729 2756 2850 2803 erat
2878 2747 3148 2804 maximus
3177 2746 3489 2818 archipater
3512 2746 3573 2800 ι’.

539 2837 1049 2912 Pyrphlegethontis
1075 2843 1097 2875 ⁵
1126 2842 1333 2901 fervida
1362 2845 1384 2877 '
1410 2842 1624 2900 ﬂamma
1648 2844 1798 2902 furit.
2162 2840 2208 2897 Ο
2234 2857 2351 2907 rex,
2385 2839 2665 2912 praeclaro
2689 2840 2782 2911 qui
2812 2839 3014 2895 lustras
3042 2839 3244 2895 lumine
3267 2838 3550 2903 mundum,

478 2925 776 2986 Laetamur
806 2932 1012 3000 miseri,
1042 2949 1180 3005 quos
1214 2935 1374 2992 laesit
1402 2936 1518 2992 dira
1550 2947 1813 3007 potestas,
2269 2931 2492 3003 Largito
2515 2929 2711 2988 Carolo
2740 2944 2999 3001 prospera
3025 2937 3218 2985 cuncta
3246 2938 3353 2985 tuo.

2164 3023 2381 3095 lndulge
2407 3022 2608 3078 famulo
2632 3022 2841 3092 fragilis
2867 3022 3179 3078 contamina
3204 3021 3370 3086 vitae,

2236 3115 2307 3172 Ut
2340 3116 2514 3171 valeat
2536 3131 2701 3186 purus
2721 3130 2947 3172 cernere
2981 3130 3146 3187 regna
3186 3124 3296 3170 tua.

366 3019 445 3075 20
549 3021 759 3094 Captivi
788 3026 1041 3094 redeunt,
1067 3028 1283 3084 vincula
1313 3029 1436 3085 laxa
1464 3040 1683 3087 vacant.

478 3112 597 3168 iam
626 3124 817 3187 regnat
845 3116 1082 3173 Verbum
1110 3118 1312 3175 Patris.
1335 3119 1448 3191 jam
1475 3129 1671 3177 cuncta
1692 3123 1957 3194 gubernat

1984 3077 2029 3140 C

554 3205 760 3273 Virtus,
784 3207 921 3273 vita,
955 3209 1136 3277 salus;
1166 3225 1316 3266 mors
1350 3210 1464 3267 fera
1491 3212 1630 3268 victa
1659 3213 1802 3270 silet.
2059 3209 2125 3265 25

2085 3209 2128 3265 l5
2166 3217 2373 3282 Στοίχοι
2390 3205 2481 3264 τοῦ
2503 3208 2733 3266 Ἰωάννου
2749 3216 2823 3283 τῷ
2843 3210 2999 3283 κυρίῳ
3012 3209 3171 3264 αὐτοῦ
3187 3204 3364 3264 ἄνακτι
3382 3205 3582 3282 Καρόὶῳ
3600 3216 3656 3259 ο..

483 3295 731 3354 Surrexit
766 3299 921 3355 vivus
948 3315 1207 3371 rumpens
1231 3302 1531 3359 retinacula
1559 3304 1652 3360 leti
1680 3305 1722 3375 ',
2795 3297 2923 3355 Vl“.

555 3387 710 3445 Nulla
737 3391 879 3447 valet
905 3408 1175 3449 summum
1202 3394 1286 3451 vis
1318 3395 1552 3453 retinere
1589 3398 1781 3454 Deum.
2526 3392 2599 3447 De
2670 3391 2839 3447 Verbo
2886 3393 3186 3446 ἱησανηαιο-

370 3478 448 3537 25
485 3480 603 3552 Ipse
631 3481 806 3541 libens
829 3484 1065 3541 animam
1096 3486 1295 3558 posuit,
1330 3488 1716 3560 prepriamque
1746 3504 1950 3546 rcsum-
2168 3484 2229 3543 Si
2253 3485 2332 3541 vis
2357 3486 2590 3560 οὐρανίας
2611 3481 2658 3515 ¹³
2685 3498 2897 3538 sursum
2928 3482 3154 3537 volitare
3176 3495 3273 3552 per
3294 3496 3476 3545 auras,

1799 3582 1956 3654 (psit;
2166 3579 2569 3651 Empyriosque'
2592 3575 2636 3609 ιδ
2661 3577 2815 3652 polos
2845 3575 3042 3632 mentis
3064 3574 3277 3630 sulcare
3305 3584 3509 3638 meatu,

555 3663 766 3722 Ponere
795 3681 957 3738 quam
982 3670 1180 3741 potuit,
1216 3685 1322 3727 non
1353 3685 1638 3727 remanere
1669 3670 1818 3727 sinit.
2169 3668 2418 3725 Ommate
2442 3670 2485 3702 "‘
2507 3669 2808 3742 glaucivido
2831 3668 2876 3700 ¹⁶
2902 3666 3162 3722 lustrabis
3186 3664 3380 3734 templa
3407 3664 3667 3736 solthiae,

483 3755 657 3824 Quam
683 3758 777 3813 dat
798 3775 898 3830 pro
920 3762 1104 3817 mundi
1135 3762 1269 3830 vita,
1299 3763 1578 3819 revocavit
1602 3766 1865 3829 eandem;
2172 3761 2413 3830 Quorum
2440 3777 2651 3818 summa
2676 3761 2807 3832 tegit
2828 3760 3098 3815 condensa
3123 3756 3265 3812 nube
3287 3756 3481 3827 caligo,

557 3847 709 3916 Quae
731 3851 912 3920 datur,
951 3855 1249 3925 accipitur;
1286 3855 1483 3911 tradita
1512 3854 1664 3911 salva
1693 3865 1896 3913 manet.
2101 3853 2136 3909 5
2175 3853 2376 3912 Omnes
2426 3870 2568 3925 quae
2627 3860 2849 3924 superat
2890 3865 3085 3906 sensus
3134 3864 3436 3919 noerosqne
3485 3849 3525 3881 "
3580 3847 3657 3901 lo-

485 3936 618 3992 Tale
643 3938 804 3995 datur
830 3943 1064 4011 pretium
1100 3944 1311 4011 mundi,
1349 3945 1603 4001 mirabile
1632 3945 1744 4001 fatu
1770 3947 1783 4000 !

2220 3944 2225 3949 '
3404 3937 3643 4010 [gosque.

375 4030 453 4087 ΞΟ
559 4030 762 4088 Totum
793 4025 1067 4102 servatur,
1104 4036 1350 4091 redditur
1383 4045 1547 4106 atque
1570 4038 1747 4093 datur.

2171 4040 2301 4096 Inde
2322 4038 2497 4113 γνόφος
2518 4039 2563 4073 ⁸⁸
2599 4036 2873 4109 quondam
2918 4032 3131 4089 velabat
3173 4032 3303 4086 Sina
3336 4037 3559 4107 κορυφὴν
3587 4032 3649 4095 ιθ,

486 4125 621 4194 Quis
649 4126 749 4181 fari
782 4126 961 4182 valeat
989 4126 1119 4197 quid
1150 4127 1342 4184 fecerit
1374 4128 1490 4199 ipse
1523 4127 1894 4200 Redemptor?
2176 4131 2312 4185 Dum
2335 4130 2476 4185 Deus
2498 4128 2779 4199 antiquum
2804 4127 2991 4200 θεσμὸν
3015 4125 3060 4156 ’θ
3091 4123 3302 4195 Moysen
3329 4123 3571 4185 doceret,

562 4217 758 4288 Empto
786 4217 1010 4287 potitur,
1034 4218 1278 4287 possidet
1301 4225 1358 4273 et
1394 4217 1652 4288 pretium.

2179 4222 2503 4279 Umbrarum
2537 4222 2712 4277 medio
2748 4220 2997 4288 linquens
3048 4216 3275 4288 vestigia
3323 4222 3551 4288 ταρσῶν.
3587 4215 3655 4278 ¹¹,

487 4307 533 4363 Ο
559 4308 646 4362 lux
679 4317 944 4379 perpetuo
984 4306 1198 4378 fulgens
1226 4308 1596 4377 mundumque
1624 4311 1892 4375 revelans,
2176 4315 2292 4371 Illic
2332 4316 2562 4385 aspicies
2590 4312 2874 4384 Seraphin]
2906 4310 3126 4367 oculosa
3168 4309 3367 4370 volare,

562 4397 769 4452 Victrix
796 4396 1133 4464 umbrarum,
1162 4413 1300 4468 quas
1333 4398 1420 4469 pia
1456 4398 1618 4455 corda
1647 4400 1862 4467 timent,
1996 4427 2045 4487 ι)
2078 4407 2133 4464 l0

1996 4427 2045 4487 ι)
2078 4407 2141 4464 l0
2177 4405 2242 4462 Et
2260 4422 2419 4464 senas
2438 4408 2698 4485 πτέρυγας
2731 4406 2778 4437 ”
2808 4414 2962 4461 terno
2995 4403 3060 4459 de
3090 4402 3310 4457 cardine
3333 4414 3547 4470 pansas,

379 4489 457 4547 35
494 4487 688 4546 Custos
712 4489 787 4545 sis
816 4488 1018 4554 Caroli,
1052 4499 1199 4545 tutus
1227 4498 1283 4545 et
1312 4491 1552 4563 undique
1583 4508 1793 4559 murus,
2180 4499 2339 4556 Circa
2390 4508 2622 4570 postque
2664 4499 2832 4554 Deum
2869 4496 3280 4569 polymorpltota
3328 4494 3376 4525 ”
3427 4492 3658 4563 plurima

564 4578 795 4651 Protege
818 4586 1033 4665 sceptra
1060 4579 1136 4635 tui
1176 4580 1268 4651 qui
1304 4582 1501 4653 regitat
1526 4583 1735 4639 famuli.
1974 4630 1975 4633 η

1702 4674 1957 4734 VARIAE
1994 4678 2398 4759 LECTlONES.

489 4780 665 4840 longe
697 4783 807 4840 QII].
853 4768 1009 4840 cod.;
1068 4768 1164 4840 sed
1216 4770 1450 4840 spatium
1500 4771 1660 4825 unius
1715 4771 1865 4827 verbi
1912 4777 2086 4832 adest.
2180 4782 2202 4812 ¹
2247 4775 2382 4833 Cod.
2417 4783 2624 4828 suaeta.
2726 4781 2748 4814 ³
2787 4772 2879 4828 Sic
2932 4772 3077 4835 cod.,
3128 4771 3231 4827 Mai
3285 4787 3454 4827 vorax
3510 4781 3665 4840 atque

383 4835 480 4911 diu
528 4835 806 4911 indomita.
911 4840 933 4872 ’⁵
976 4837 1111 4894 Cod.
1159 4835 1568 4911 pyr'ﬂeggtonlis.
1624 4840 1819 4911 _7',Sic
1859 4845 2006 4911 cod.,
2058 4844 2185 4900 Mai.
2238 4847 2376 4900 enim
2418 4844 2650 4901 fervida.
2757 4841 2779 4873 ⁸
2811 4843 2946 4898 Cod.
2994 4843 3139 4895 loeti.
3234 4844 3254 4874 ’⁷
3290 4843 3421 4898 Cod.
3468 4835 3665 4896 aedito.

384 4903 1049 4983 'Ln‘strapjtgniserosf—
1083 4903 1485 4983 reos'o'tnfyai.
1562 4912 1586 4944 ³
1609 4909 1740 4966 Cod.
1770 4913 1950 4983 tapho.
1992 4903 2003 4911 ’
2054 4915 2255 4971 loCod.
2310 4917 2501 4969 achan.
2602 4915 2643 4983 ‘7‘
2677 4912 2789 4977 Sic.
2812 4913 2957 4978 cod.,
3003 4911 3102 4966 Mai
3151 4922 3394 4967 aeternae
3431 4913 3669 4983 (—quc

385 4975 523 5056 9313;)
626 4975 834 5056 "-Cod.
860 4980 1151 5056 ανεΙιὶαζςιζἶ
1208 5049 1222 5056 ⁶
1259 4979 1301 5011 ⁸³
1326 4979 1520 5056 Clossa
1548 4975 1836 5056 faciest”;
1932 4984 1977 5016 “
2007 4985 2199 5056 Clossa
2229 4986 2430 5056 igneos.
2536 4983 2580 5016 ¹⁸
2603 4975 2795 5056 ῼμιοξξο
2820 4975 2992 5056 oculo.
3093 4984 3137 5015 ¹⁶
3167 4983 3356 5056 Clossa
3386 4975 3665 5056 noctinido.

389 5043 434 5077 "
454 5041 647 5123 Glossa
671 5047 985 5123 intellectus.
1047 5048 1242 5123 “‘ACoAd.
1276 5050 1491 5120 gnofos,
1513 5048 1691 5123 glossa
1715 5051 1909 5121 caligo.
1988 5041 2031 5087 η
2056 5041 2540 5111 ϐιοδεθνυενιίεωη.
2617 5046 2666 5086 ’³
2698 5052 2886 5109 Clossa
2911 5052 3093 5123 legem.
3172 5053 3211 5084 ¹¹
3236 5053 3423 5123 Glossa
3455 5051 3668 5122 pedum,

390 5115 589 5189 ταρσός
624 5120 805 5184 planta
831 5119 996 5189 pedis.
1097 5115 1298 5174 "‘Cod'.
1323 5115 1588 5190 pterugés,
1618 5120 1797 5192 glossa
1822 5115 1963 5179 illas.
2039 5124 2087 5158 "
2109 5124 2297 5182 Glossa
2345 5123 2716 5193 multiformia,
2793 5122 2839 5154 "’
2872 5115 3061 5181 Glossa
3108 5121 3381 5177 animalia.

3360 4584 3492 4657 [ζῶα
3514 4583 3580 4649 ’⁵.

1893 5216 2145 5277 NOTAE.

464 5313 490 5341 ε
532 5298 809 5357 Disticlwn
845 5302 898 5357 in
924 5305 1044 5359 cod.
1076 5306 1178 5360 tale
1206 5304 1437 5377 legitur:
2160 5310 2188 5351 ι»
2225 5308 2426 5364 Versus
2456 5309 2506 5362 in
2535 5309 2654 5363 cod.
2705 5308 2826 5363 talis
2856 5316 2938 5363 est
2975 5325 2987 5360 :

455 5418 591 5475 regis
900 5423 1115 5470 nostrum
1140 5431 1188 5470 ιι,
1471 5424 1577 5472 γεγε
2164 5418 2260 5456 του
2289 5420 2498 5471 στοιχοι
2528 5410 2735 5456 lotaon
2758 5424 2830 5456 τω
2854 5400 3052 5472 βασιλει
3079 5397 3306 5472 Καρολω.

394 5480 647 5537 Βασιὶεως
699 5480 893 5554 Καρ-ου
946 5486 1084 5553 ἡμῶν
1135 5506 1202 5539 συ
1230 5495 1416 5559 Χριστε
1448 5487 1618 5556 βοηθει
2164 5507 2183 5535 ε
2214 5495 2271 5550 In
2295 5496 2412 5550 cod.
2446 5511 2632 5551 versus
2659 5495 2779 5549 talis
2815 5503 2939 5547 est:

394 5588 449 5646 [Il
537 5584 795 5646 remittere
862 5586 1038 5635 choros
1137 5590 1285 5643 possit
1379 5588 1623 5637 caelestes
2187 5600 2357 5637 versus
2768 5587 2962 5633 donum
3000 5598 3088 5633 sun
3262 5586 3369 5646 regi

394 5640 481 5703 Ὠς
542 5644 803 5721 νλιιρεισθι
860 5669 1054 5721 χοίρους
1108 5648 1308 5709 cit-mro:
1358 5653 1614 5722 οὐρανίους
2093 5665 2146 5706 0t
2174 5671 2351 5720 στίχον
2372 5661 2755 5705 τουιωοννουτη
2784 5669 3144 5725 κυίςρρνωαυτου
3171 5669 3422 5704 τοανειικτο
3448 5648 3670 5730 linteola.
