3978 6160
252 332 390 387 {2'33
1722 322 2009 379 VERSUS.
2097 330 2110 344 ‘
2874 358 2883 367 -
3365 334 3494 387 HM

354 442 583 513 Implens
605 441 855 497 vativomi
879 441 1215 512 prognostica
1243 439 1482 511 symbola
1512 438 1614 494 ceti
1842 444 1888 498 A
1918 436 1986 492 55
2024 436 2217 494 Clausa
2240 440 2329 495 diu
2358 441 2516 496 terris
2542 441 2772 511 paradisi
2799 441 2979 495 limina
3006 442 3188 511 pandi,

357 534 591 589 Umbrae
616 541 740 587 tunc
772 532 993 601 pavidae
1029 531 1258 600 sparsim
1303 528 1711 601 Phlegethontis
1758 528 1826 583 ab
2033 529 2097 582 Et
2115 530 2338 585 mortale
2362 530 2382 561 °
2410 547 2599 601 genus,
2622 532 2763 600 quod
2786 532 3015 587 ﬂuxerat
3045 533 3167 587 inde
3191 548 3288 601 per
3310 549 3494 599 unum,

360 624 595 678 Exilium
619 623 816 687 subito,
847 624 1104 677 mirantes
1130 637 1350 691 surgere
1372 622 1545 676 lucem
1693 621 1825 694 [imo
2035 620 2204 676 Unius
2238 623 2306 677 ob
2335 633 2773 679 mortcm.rursus
2795 640 2955 691 super
2978 635 3126 680 astra
3160 627 3353 682 redire.

359 713 548 768 Tetras
569 720 731 781 atque
757 724 937 767 truces
965 712 1270 781 ahigeutem
1306 725 1522 765 carcere
1563 710 1742 766 larvas
1784 711 1821 761 ί.
2034 710 2146 765 Illic
2172 710 2353 767 felices
2380 714 2557 778 sedes,
2587 728 2722 782 quas
2750 722 2941 783 sponte
2967 715 3176 785 reliqui,

250 803 319 871 10
358 802 405 867 0
426 819 593 869 mors,
627 819 772 859 αλονε
796 804 964 866 vitae!
995 802 1042 858 si
1066 818 1232 867 mors,
1260 817 1371 857 non-
1407 802 1517 859 γιιει
1547 801 1820 869 vocanda;
2031 800 2383 871 Terrigenum
2415 801 2592 872 proles
2619 802 2879 859 habitabit
2904 804 3027 875 jure
3046 805 3333 874 pcrhenni,
3410 848 3411 853 η

360 894 508 960 Quod
539 902 781 963 praestat
811 894 999 958 vitam,
1036 908 1147 947 non
1170 892 1344 949 ausim
1366 893 1545 947 dicere
1572 901 1821 953 mortem.
1926 893 1995 947 60
2033 894 2134 959 Mc,
2161 909 2246 951 me
2272 896 2545 964 torquebit
2568 912 2780 965 semper
2807 911 2923 955 mea
2956 913 3118 966 prava
3149 897 3429 964 voluntas,

360 984 493 1039 Num
526 984 774 1038 tenebras
807 982 999 1051 recipit
1025 981 1172 1035 clare
1194 980 1493 1035 substantia
1516 980 1686 1036 lucis?
2029 981 2335 1053 Languidus
2363 984 2563 1041 invidia
2594 987 2817 1051 morior,
2854 989 3155 1056 meritoque
3185 1002 3428 1056 peruror.

353 1073 581 1128 Fervida
608 1073 689 1129 vis
713 1073 849 1147 ignis
880 1071 1094 1127 nescit‘
1118 1070 1219 1126 sibi
1249 1086 1467 1140 serpere
1500 1070 1706 1141 frigus?
2033 1069 2209 1126 Unum
2237 1064 2548 1143 confugium
2573 1083 2840 1145 superest,
2872 1074 3109 1129 solamen
3144 1083 3197 1129 et
3224 1092 3387 1130 unum
3415 1094 3427 1129 :

359 1162 524 1217 Nemo
564 1172 745 1217 tamen
783 1162 944 1215 vitam
974 1169 1201 1215 mortem
1228 1167 1475 1229 gustasse
1502 1160 1750 1230 negarit:
2032 1159 2131 1214 Est
2155 1161 2376 1230 antiqua
2404 1163 2599 1218 domus
2630 1165 2823 1219 mortis
2869 1165 3150 1234 noctisque
3184 1164 3498 1235 profundae,

244 1255 313 1307 15
353 1255 493 1309 Mors
517 1253 699 1308 carnis
718 1253 880 1315 vitae,
912 1251 1056 1307 vitae
1084 1266 1230 1306 mors
1247 1249 1371 1319 jure
1395 1259 1652 1315 vocatur;
2028 1249 2312 1307 Iudaicum
2335 1261 2541 1322 pectus,
2566 1254 2816 1308 vitiorum
2849 1254 3002 1324 plena
3032 1270 3251 1324 vorago,

359 1343 494 1397 Nam
522 1341 798 1410 compassa
823 1341 923 1395 fuit
950 1341 1099 1397 carni
1132 1355 1272 1411 quae
1299 1340 1412 1396 sola
1444 1340 1716 1411 pependit.
1924 1338 1992 1393 65
2034 1339 2258 1395 Fraudis
2279 1350 2333 1396 et
2357 1332 2592 1398 invidiae
2623 1357 2836 1412 semper
2863 1344 3130 1413 possessio
3159 1343 3322 1413 larga,

349 1434 521 1488 Altius
547 1433 846 1504 ingreditur
870 1447 1036 1502 purae
1066 1431 1292 1485 rationis
1317 1445 1560 1495 acumen,
2028 1428 2272 1485 Luminis
2298 1431 2447 1486 exosi
2473 1432 2655 1486 radios
2681 1432 2818 1485 irata
2842 1432 3123 1501 repellens.

355 1524 417 1577 Et
445 1538 660 1577 carnem
691 1522 834 1577 vitae
859 1522 1025 1575 vitam
1047 1521 1126 1576 sic
1154 1520 1359 1590 colligit
1387 1534 1528 1575 esse.
2032 1520 2144 1575 Illic
2170 1521 2282 1575 sola
2311 1531 2504 1590 potens
2529 1522 2831 1592 hypocrisis
2859 1523 3062 1592 perﬁda
3088 1531 3298 1593 regnat,

349 1611 404 1667 Si
424 1613 529 1666 vita
550 1609 1375 1681 esthrbumNerbumquoque
1398 1611 1440 1664 si
1456 1625 1585 1664 caro
1600 1609 1819 1674 factum,
2027 1611 2118 1665 Illa
2150 1621 2299 1680 putet
2330 1612 2577 1679 nimium,
2609 1613 2885 1683 nimiaque
2905 1614 3189 1683 putredine
3218 1613 3378 1668 corda

245 1702 317 1757 20
355 1701 603 1757 Profecto
629 1702 894 1772 sequitur,
918 1701 1030 1755 vita
1053 1701 1353 1755 concedere
1381 1714 1620 1755 carnem.
2027 1700 2275 1756 Carnalis
2304 1701 2485 1771 populi
2508 1702 2804 1772 corrumpit
2831 1703 3008 1757 nescia
3039 1704 3152 1757 veri

355 1792 413 1847 Si
428 1793 1176 1856 carositVerbum,converso
1193 1791 1405 1845 tramite
1419 1788 1582 1855 facta,
1851 1786 1895 1844 Β
1923 1791 1995 1845 70
2030 1791 2141 1848 Illic
2171 1793 2477 1865 confugiam
2509 1794 2727 1865 gentilia
2759 1804 2978 1863 pectora
3016 1794 3284 1863 linquens,

350 1883 579 1937 Carnem
609 1881 863 1937 continuo
894 1880 1063 1934 vitam
1084 1879 1213 1935 dare
1240 1894 1432 1948 cogere
1457 1877 1676 1935 factam.
2030 1879 2257 1937 Odibil'is
2280 1882 2498 1938 Christo
2532 1883 2852 1939 dominabor
2875 1885 3048 1955 gentis
3082 1900 3299 1949 avarae,

351 1975 473 2048 Σάρξ
505 1972 525 2003 ³
557 1972 721 2041 igitur
743 1970 942 2026 ChriSIi
968 1969 1179 2025 ειὼειίιί
1210 1969 1493 2024 νθτίδδίῑηίι
1518 1970 1651 2034 Vita,
2029 1974 2201 2029 Omne
2227 1989 2408 2029 meum
2432 1975 2577 2030 virus
2607 1975 2826 2030 fundam
2853 1976 3160 2044 blasphema
3193 1991 3289 2046 per
3313 1992 3430 2041 ora,

352 2066 551 2121 Vivens
566 2081 629 2121 ac
651 2065 890 2118 moriens
912 2071 1139 2118 mortem
1165 2070 1815 2131 consumpseratomnem.
2026 2061 2195 2131 Ligno
2221 2077 2541 2132 suspensum
2573 2064 2856 2119 Dominum
2888 2080 3113 2134 regnare
3145 2067 3406 2135 negando.

242 2157 316 2210 ἐῢ
358 2158 643 2210 Desursum
668 2155 838 2218 venit,
870 2162 1140 2207 terrenam
1167 2166 1382 2207 sumere
1412 2160 1656 2217 vestem;
2028 2151 2178 2207 Talia
2207 2163 2548 2210 contrectans
2573 2155 2808 2211 crudelis
2837 2154 3010 2210 bestia
3042 2156 3205 2209 fallax

350 2245 567 2299 lndutus
592 2253 794 2300 vestem
817 2258 1033 2298 sursum
1062 2258 1184 2298 eum
1212 2251 1365 2297 veste
1384 2242 1607 2307 volavit,
1923 2243 1991 2297 75
2027 2243 2190 2299 Retro
2222 2244 2370 2313 lapsa
2398 2245 2503 2299 ruit
2527 2245 2728 2315 gciidas
2759 2244 2976 2314 fugitiva
3007 2244 3105 2298 sub
3123 2245 3145 2276 "
3168 2245 3406 2300 umbras.
3430 2240 3435 2245 ’

350 2335 512 2403 Inque
532 2337 697 2389 Deum
720 2335 880 2389 vertit
901 2342 1107 2388 vestem
1138 2333 1204 2387 de
1222 2332 1433 2403 virgine
1454 2340 1748 2400 sumptam,
2030 2334 2319 2404 Imperium
2346 2334 2520 2388 Patris
2543 2336 2849 2404 quaesitum
2874 2337 3143 2403 sanguine
3165 2337 3275 2389 nali

353 2428 525 2484 Unum
557 2427 860 2496 conficiens
889 2427 1126 2481 animam
1157 2438 1484 2494 carnemque
1520 2423 1815 2492 Deumque.
2029 2424 2259 2479 Telluris
2290 2432 2512 2494 snperat
2542 2426 2675 2478 lines
2696 2424 3070 2494 8'crehumque
3097 2426 3406 2495 polumque.

349 2516 490 2572 Mors
517 2518 706 2572 mortis
739 2516 997 2571 Dominus
1019 2515 1255 2570 surrexit
1274 2515 1430 2569 vivus
1452 2514 1506 2567 in
1528 2513 1695 2568 altum
2027 2519 2338 2573 Orthodexa
2367 2519 2499 2573 [Ides
2524 2520 2734 2574 diversa
2770 2526 2898 2573 vorte
2929 2522 3235 2589 per-orbem

239 2607 315 2662 50
349 2607 425 2661 Ac
444 2615 684 2661 nostram
715 2621 897 2661 secum
927 2615 1179 2659 naturam
1209 2605 1355 2659 vexit
1380 2604 1592 2661 eodem.
2028 2610 2183 2665 Abba
2205 2608 2370 2667 Pater
2395 2609 2610 2675 clamat,
2639 2610 2864 2665 laudans
2889 2611 3139 2680 mysteria
3172 2626 3381 2665 summa

347 2697 403 2751 In
435 2706 543 2752 tota
570 2698 762 2762 factus,
790 2705 956 2751 totam
988 2696 1293 2751 conformat
1321 2697 1373 2750 in
1397 2711 1582 2750 unum.
1922 2697 1991 2752 80
2035 2699 2202 2754 liuius
2232 2715 2295 2755 ac
2322 2700 2494 2755 trinae
2518 2700 2771 2755 bonitatis
2796 2699 2970 2754 fertile
2996 2713 3217 2770 germen
3238 2739 3253 2763 ,

352 2788 603 2844 Mundum
628 2789 864 2845 calcavit
886 2788 1145 2859 frigilem,
1168 2788 1469 2858 mundique
1485 2793 1780 2857 potentem,
2027 2786 2328 2857 Ingenitum
2374 2789 2734 2859 genitumque
2763 2787 2940 2842 Deum
2975 2802 3297 2856 mumurque
3327 2787 3350 2819 ’
3385 2802 3502 2857 per-

352 2881 750 2951 Expulsumque
771 2880 915 2935 foras
944 2879 1219 2950 superavit
1247 2877 1427 2932 Marte
1452 2877 1710 2932 secundo.
2524 2889 2529 2893 '
2875 2884 2879 2888 ’
3305 2881 3503 2953 [henne

350 2969 624 3039 Captivam
651 2984 913 3024 revocans
943 2968 1207 3038 praedam
1230 2967 1466 3037 raptoris
1487 2967 1559 3021 ab
1573 2980 1679 3022 ore
2027 2968 2214 3024 Fontis
2241 2969 2568 3038 inexhausti,
2591 2986 2703 3041 quo
2725 2979 2950 3027 manant
2978 2969 3198 3027 ﬂumina
3222 2973 3387 3027 vitae.

240 3062 317 3118 55
351 3062 605 3158 abstulit,
639 3061 729 3158 ille
756 3062 922 3158 gemit
949 3061 1231 3117 confossus
1246 3060 1497 3158 lmembra
1521 3058 1783 3127 superbus
1847 3130 1888 3158 η
2674 3102 2719 3158 η

215 3192 242 3220 ,
356 3152 674 3208 Vulneribus
695 3130 865 3217 duris,
890 3165 954 3205 ac
977 3165 1160 3206 secum
1190 3148 1315 3203 talia
1337 3154 1579 3202 tractans
1605 3164 1620 3200 :
1846 3130 1891 3191 (ἶ
2375 3217 2394 3220 _
2582 3218 2591 3220 ν
2636 3217 2644 3220 _
2677 3130 2740 3158 η’

350 3242 433 3296 Me
460 3244 659 3298 victum
682 3242 863 3308 video,
895 3240 1176 3312 fugitivum
1207 3238 1426 3293 sedibus
1451 3238 1589 3297 atris
2363 3217 2504 3273 Ιιϐιιι
2524 3217 2718 3273 Iliadas
2746 3218 2788 3249 ¹⁰
2812 3217 3067 3287 ejusdem.

347 3331 497 3399 Quae
532 3347 666 3387 nova
689 3331 780 3385 lux
808 3330 1000 3396 oritur,
1030 3344 1191 3400 quam
1227 3341 1531 3397 numquam.
1545 3325 1699 3383 ferre
1718 3343 1812 3383 va-
2025 3328 2343 3393 Guaeculus,
2367 3327 2604 3384 Judaeus
2632 3328 2745 3400 jam
2772 3344 2935 3393 nunc,
2966 3328 3277 3399 Agarenns,
3308 3337 3362 3383 et
3391 3332 3501 3382 Au-

1645 3415 1823 3488 [lebo?
2029 3421 2384 3492 Paganusque
2400 3420 2545 3477 ferus
2557 3436 2783 3491 surgens
2798 3421 3068 3491 aquilonis
3084 3421 3150 3475 ab
3164 3436 3265 3475 axe
3288 3420 3501 3492 [son'°‘,

350 3511 505 3568 Nunc
525 3526 644 3568 mea
672 3512 695 3544 ⁸
721 3528 882 3586 regna
918 3520 1081 3566 ruunt
1111 3525 1335 3583 passim,
1362 3510 1491 3566 loca
1506 3507 1650 3561 nulla
1672 3516 1822 3563 tene-
2022 3508 2268 3565 ‘Subdita
2293 3511 2438 3566 colla
2457 3512 2693 3577 dabunt,
2724 3511 2973 3582 Christus
3002 3512 3244 3583 regnabit
3284 3512 3500 3581 ubique,
3592 3568 3601 3576 ,

1654 3600 1820 3672 [~bri5;
2029 3602 2134 3672 Ipsi
2163 3605 2518 3659 succumbunt
2542 3619 2731 3659 omnes
2762 3605 2984 3676 regique
3014 3604 3253 3674 Deoque.

239 3693 313 3749 40
343 3693 531 3749 Sentio
551 3709 636 3750 me
657 3703 893 3765 captum,
923 3694 1205 3765 pavidum,
1234 3690 1537 3762 vmelisque
1580 3692 1820 3760 ligatum.
1924 3692 1958 3747 5
2034 3693 2256 3748 Summe
2282 3692 2445 3749 Pater
2465 3696 2596 3759 nati,
2630 3694 2853 3763 largitor
2878 3697 3116 3751 muneris
3139 3697 3177 3727 “
3213 3696 3362 3763 almi,

353 3783 531 3838 Eheu!
552 3784 674 3854 quis
690 3786 820 3840 mihi
838 3785 1219 3855 congreditur?
1246 3783 1380 3851 Quis
1403 3784 1558 3839 fontis
1581 3784 1635 3837 in
1659 3783 1826 3838 armis
2031 3782 2193 3837 Festa
2220 3783 2294 3840 tui
2330 3798 2542 3854 semper
2563 3786 2923 3841 celebrantem
2954 3795 3177 3857 protege
3201 3787 3430 3858 plebem,

348 3877 538 3929 Audax
561 3876 849 3931 committit
874 3876 1059 3930 mundi
1082 3891 1204 3930 cum
1226 3875 1471 3945 principe
1492 3873 1728 3930 bellum?
1794 3920 1807 3931 ,
2031 3871 2129 3925 Cui
2161 3879 2257 3927 tua
2272 3872 2566 3943 disponens
2600 3875 2862 3943 sapientia
2889 3890 3052 3945 regna
3074 3891 3173 3945 per
3200 3877 3382 3931 orbem

350 3966 512 4021 Illene
536 3966 775 4021 confixus
799 3967 944 4037 ligno
972 3974 1263 4035 septusque
1290 3966 1598 4034 sepulchro,
2037 3961 2303 4017 I’raefecit
2321 3962 2570 4021 Carolum
2593 3978 2878 4034 regemque
2899 3965 3153 4034 piumque
3174 3966 3497 4032 ministrum,

352 4056 524 4123 Quem
546 4072 640 4113 rex
662 4058 904 4113 Herodes
931 4056 1137 4127 sprevit
1164 4069 1516 4124 summusque
1545 4056 1801 4113 sacerdos
2033 4053 2131 4107 Cui
2160 4054 2249 4107 lux
2277 4054 2503 4108 interior
2529 4054 2751 4109 donavit
2780 4054 2977 4108 mentis
3006 4069 3255 4120 acumen,

241 4150 316 4206 45
354 4151 565 4219 Ιὶιιριιιε
588 4166 694 4205 non
726 4150 905 4204 timuit
933 4158 1139 4203 vestem
1167 4147 1427 4203 damnare
1455 4146 1691 4216 Caiphas
1929 4148 1998 4202 It)
2033 4146 2151 4215 Quo
2180 4146 2359 4202 divina
2389 4144 2551 4200 simul
2577 4146 3072 4200 tractans'humana
3104 4145 3392 4215 gubernet,

352 4242 610 4296 Addictus
635 4241 814 4304 morti,
850 4239 1092 4295 Romano
1121 4238 1364 4310 principe
1392 4238 1620 4294 caesus?
2035 4239 2176 4293 Vere
2204 4237 2506 4293 subsistens
2537 4250 2633 4290 rex
2664 4235 2824 4305 atque
2855 4235 3131 4306 theologus
3158 4236 3319 4290 idem.

355 4330 466 4383 Hoc
490 4339 703 4398 egomet
721 4327 843 4394 feci,
878 4328 1071 4392 fateor,
1105 4334 1385 4395 totumque
1410 4326 1614 4399 pertegi.
2034 4329 2267 4386 Praesul'
2284 4331 2350 4385 ab
2375 4327 2603 4384 Athenis
2627 4327 2878 4397 Dionysi,
2916 4325 3227 4397 symmacbe
3252 4324 3403 4383 Pauli
3433 4328 3497 4393 ¹³,

348 4419 430 4473 Me
456 4419 677 4473 stultum
707 4418 861 4472 latuit
889 4418 1058 4472 virtus
1089 4416 1412 4485 humilisque
1441 4424 1680 4487 potestas
1711 4434 1727 4470 :
1854 4491 1862 4492 ί
2033 4421 2234 4492 Incler
2260 4419 2544 4490 martyrio,
2575 4417 2662 4471 cui
2692 4418 2862 4473 servit
2895 4416 3064 4472 Gallia
3098 4425 3227 4481 tota,

352 4509 506 4563 Ilunc
533 4508 576 4563 si
601 4522 934 4577 cognossem,
958 4516 1170 4582 σταυρῷ
1187 4510 1208 4541 ⁸
1257 4523 1363 4564 non
1407 4508 1675 4578 penderet
1709 4525 1827 4564 um-
1852 4491 1913 4553 ἶ)
2040 4491 2293 4580 Prospice
2321 4510 2568 4565 caelestis
2594 4508 2737 4562 vitae
2764 4509 2830 4562 de
2850 4508 3066 4563 sedibus
3094 4508 3217 4564 altis

240 4598 315 4655 50
351 4600 607 4667 Corporis
632 4601 850 4655 humani
881 4600 1094 4655 servilis
1121 4600 1293 4655 forma
1325 4600 1535 4657 fefellit.
1620 4600 1823 4675 [quam,
1935 4602 2003 4657 I5
2043 4602 2189 4657 Vota.
2218 4600 2294 4654 tui
2318 4598 2497 4656 «nam
2521 4597 2766 4653 “'Caroli
2798 4607 2884 4653 tua
2914 4597 3125 4669 λείψανα
3151 4596 3195 4629 ¹¹⁵
3221 4606 3409 4654 sancta

352 4693 560 4747 Interea
592 4693 761 4749 laetas
789 4695 999 4750 animas
1026 4695 1250 4759 volitare
1403 4711 1582 4761 auius,
2036 4689 2307 4750 Ornantis,
2346 4698 2659 4759 gratamque
2689 4694 2843 4743 tuam.
2862 4686 3197 4757 magnalibus
3214 4689 3402 4745 aedem

354 4782 750 4852 Tartareosque
778 4785 930 4840 sinus
954 4785 1445 4857 vacuosiamsque.
1462 4796 1699 4843 catenas.
2037 4780 2209 4834 Instar
2234 4778 2569 4834 ﬂammarum
2592 4777 2817 4848 gemmis
2837 4774 3184 4847 ﬂagrantibus
3205 4794 3359 4835 auro.

357 4872 614 4942 Suspicit,
639 4880 696 4928 et
724 4874 1072 4929 nutaibtristi.
1090 4876 1430 4945 subpactum
1463 4876 1676 4931 vulnus.
2038 4872 2285 4942 Undique
2320 4868 2623 4925 turicremis
2651 4866 2890 4922 redolent
2911 4867 3101 4922 altaria
3123 4866 3285 4926 fumis

353 4960 538 5028 Quod;
576 4976 730 5034 mage
746 5003 762 5029 ,
798 4978 891 5019 me
911 4965 1408 5035 miserunntorquet
1434 5006 1449 5030 ,
1472 4963 1587 5033 jam
1612 4966 1825 5037 conspi-
2036 4961 2343 5019 ilarmoniei
2371 4967 2563 5015 cantus
2590 4960 2849 5014 θιασωτῶν
2880 4957 2926 4990 ⁸⁸
2948 4958 3137 5014 sidera.
3160 4959 3203 4991 ⁸⁸
3226 4960 3460 5031 pulsant,

633 5051 643 5060 ”
1393 5055 1529 5127 [con
1558 5056 1750 5126 inquit,
1927 5055 1998 5110 20
2034 5053 2220 5111 Olﬁcio
2253 5062 2434 5109 vatum
2463 5050 2811 5109 sanctissima
2824 5063 2989 5108 coena
3013 5051 3056 5084 "
3076 5061 3319 5122 paratur.

1532 5186 1787 5242 VARIAE
1823 5185 2224 5243 LECTIONES.

323 5304 338 5334 ¹
365 5302 522 5374 (ἱρείη
551 5304 748 5367 (mbas.
823 5306 843 5337 ²
872 5303 1044 5374 Conj.,
1074 5303 1197 5374 cod.
1231 5305 1403 5374 cescit.
1422 5372 1431 5374 _
1450 5372 1464 5374 _
1483 5302 1502 5335 ³
1527 5301 1658 5357 Cod.
1688 5298 1848 5374 Sarx.
1922 5300 1945 5332 ⁵
1973 5299 2234 5374 Sic‘cod.,_
2250 5299 2378 5374 Mai.
2404 5299 2553 5374 ini/Li.
2576 5370 2605 5374 η
2630 5300 2652 5332 ⁸
2678 5300 2808 5356 Cod.
2832 5312 3057 5374 stauro.
3120 5303 3141 5333 ‘
3165 5303 3317 5374 corr.
3349 5303 3497 5371 Mai.,

248 5374 371 5428 cod.
406 5370 782 5445 Mortalemque
828 5368 1016 5445 genus.
1091 5373 1113 5405 "
1142 5373 1231 5427 Sic
1257 5372 1400 5437 cod.,
1418 5372 1541 5427 Mai.
1562 5388 1652 5441 per
1679 5371 1918 5450 umbras.
1979 5371 2017 5450 κθ
2045 5368 2943 5450 00111.Μιιί.;ρνονἸτεΙΙιινξ.δειιρςται
2963 5371 3087 5438 ﬁnis
3116 5373 3239 5450 cod.
3263 5368 3496 5428 Telluris

249 5450 640 5532 eligeris-(ipes.
760 5454 850 5507 Sic
878 5452 1045 5532 Mai.,_
1072 5452 1578 5532 cod.hnm_nusqrt_e.n
1622 5450 1665 5532 ’_°
1689 5449 1781 5532 Sic
1800 5449 1945 5532 cod...
1969 5449 2005 5503 τ.
2037 5453 2238 5532 ari/“get.
2540 5448 2703 5532 aust;
2760 5450 2797 5530 ξ¹
2825 5448 2913 5501 Sic
2940 5450 3086 5532 c3111.,
3112 5449 3234 5532 _Mai:
3257 5450 3495 5531 .Iuntinia.

254 5519 297 5593 "_
326 5520 417 5581 Sic
444 5520 588 5593 Mai,
622 5523 766 5586 eod.,
790 5522 1172 5593 symmacheet
1203 5520 1384 5593 Pauli.
1414 5517 1510 5593 ξ¹³
1539 5518 1668 5593 Cod.
1686 5518 1854 5593 έοιςηὶ,
1886 5518 2062 5587 glossa
2097 5517 2211 5589 (itii.
2312 5519 2354 5551 “‘
2376 5519 2565 5575 Glossa
2596 5518 2856 5587 reliquias.
2947 5517 2988 5549 ’⁸
3014 5518 3144 5574 Cod.
3195 5521 3498 5589 (Iliasallim,

251 5587 430 5657 glnssa
454 5587 855 5648 dilaudamimn.
934 5591 975 5621 ¹⁶
1000 5589 1171 5657 Cani,
1202 5590 1313 5643 cod.
1343 5591 1526 5645 sidere.
1610 5590 1646 5620 ⁸⁷
1675 5588 1803 5644 Cod.
1846 5604 2022 5641 caena.
