3978 6160
508 312 598 368 12⁸
614 315 647 369 5
1856 297 2138 358 JOANMS
2178 294 2374 354 SCOTI
3616 289 3752 347 1236

1803 478 2165 560 SECTIO
2244 476 2399 555 lll.

1110 661 1441 725 JOANNIS
1483 659 1715 723 SCOTI
1758 654 2061 720 VERSUS
2103 655 2212 716 DE
2253 649 2637 714 AMBIGUIS
2678 650 2741 711 S.
2787 646 3119 711 MAXIM].

498 835 537 888 Ε
563 836 667 888 cod.
695 849 787 885 ms.
809 834 1135 885 bibliothecae
1162 832 1533 883 Armamentarii
1553 827 1950 888 Parisiensised.
1978 823 2051 875 Ι.
2072 822 2221 888 Felix
2242 821 2502 871 Raraisson
2524 820 2572 888 in
2597 817 2725 888 libro
2744 816 2829 888 qui
2847 816 3161 888 inscribitur:
3181 818 3420 888 Rapggrta
3456 826 3523 865 at
3544 815 3750 867 mittil"

745 877 1614 958 ἄρ’ῐνῖίτὶὶὶἶιὶῐῖοἱιᾟῶῐέὴιῑέῐιὶίὦ
1630 877 1635 879 ⁷
1653 877 1992 952 διοιδοωὶᾳιιεε
2041 888 2129 939 dea
2155 883 2511 946 “perterrente
2532 882 2595 932 de
2627 877 2830 943 rom,
2852 877 3004 931 Paris
3032 878 3168 940 18M,
3187 892 3236 942 ρ.
3254 877 3348 929 356
3379 889 3486 941 sqq.

1255 1042 1294 1096 Ι.
2098 1032 2152 1095 Α
2353 1028 2574 1084 Possem
2603 1026 2962 1096 tardiloquus,
2989 1032 3271 1096 pragmata
3295 1022 3407 1080 sola
3433 1037 3684 1094 sequens.

552 1138 745 1195 σανοίο
785 1134 944 1193 (ἶριυο
996 1136 1203 1191 dedica;
1242 1136 1618 1206 Ambiguorum
1664 1130 1723 1188 s,
1774 1130 1999 1186 Maximi
2212 1120 2245 1176 5
2280 1118 2512 1175 Interior
2537 1118 2709 1174 virtus
2737 1131 3048 1172 sermonum
3077 1116 3179 1171 rite
3206 1115 3478 1170 tenenda:

1120 1207 1425 1260 versionem.
2354 1212 2649 1269 Verborum
2681 1209 2862 1266 bombi
2893 1207 3080 1264 fallere
3108 1222 3271 1278 saepe
3300 1208 3499 1264 solent.

512 1298 515 1305 ’
586 1299 802 1372 Kyrrie,
834 1300 1144 1371 caeligenae
1171 1298 1256 1353 cui
1290 1296 1456 1369 pollet
1482 1298 1654 1367 gratia
1684 1296 1914 1360 formae,
2278 1305 2337 1363 Si
2368 1306 2494 1376 quis
2523 1305 2578 1361 in
2609 1303 2874 1359 ambobus
2899 1301 3083 1357 divino
3111 1315 3334 1357 munere
3361 1299 3551 1371 pollet,

584 1391 780 1449 Astrca
813 1391 1085 1447 Caesareo
1114 1390 1201 1446 cui
1229 1389 1455 1461 cingunt
1476 1398 1770 1473 stemmata
1802 1388 2004 1452 vultus,
2348 1398 2449 1453 Hic
2474 1396 2712 1468 primum
2739 1394 2901 1451 debet
2922 1392 3046 1463 jure
3074 1402 3260 1449 tenere
3284 1394 3529 1448 modum.

585 1484 793 1555 Regum
823 1483 1134 1555 progenies,
1162 1498 1299 1553 quos
1329 1480 1480 1536 auxit
1508 1480 1737 1536 Francia
1769 1478 1922 1545 felix,

2278 1492 2386 1548 Sed
2418 1491 2463 1546 si
2495 1489 2808 1561 perspicuos
2837 1502 3031 1544 sensus
3059 1487 3146 1541 vix
3177 1499 3309 1541 voce
3337 1485 3600 1556 loquaris,

586 1572 748 1628 Orbis
780 1585 1215 1643 leTrarum‘quo-i
1245 1572 1352 1627 alia
1382 1587 1514 1629 V000
1543 1572 1764 1638 δθὶυιεῑυ
2178 1580 2240 1637 l0
2346 1580 2436 1637 Sis
2463 1594 2681 1651 quoque
2708 1586 3029 1642 contentus;
3061 1592 3186 1632 nam
3218 1577 3442 1633 meliora
3474 1588 3646 1633 tenes.

512 1666 545 1721 5
582 1665 857 1722 Laudibus
886 1666 1203 1736 ampliﬁcat,
1234 1674 1545 1731 veneratur,
1578 1665 1736 1731 ditat,
1769 1664 2030 1727 honorat,
2276 1670 2335 1729 Si
2369 1664 2593 1727 meliora
2627 1679 2800 1734 tenes,
2832 1682 3100 1739 quaenam
3135 1668 3230 1723 tibi
3259 1682 3413 1732 cura,
3446 1676 3636 1723 tenere

583 1757 829 1827 Undique
858 1773 1195 1814 concurrens
1222 1766 1445 1829 pontum
1475 1764 1648 1821 secat,
1676 1756 1881 1811 eminet
1908 1769 2063 1820 arva,
2347 1762 2498 1833 Quae
2526 1770 2653 1819 sunt
2679 1760 2948 1818 inferius?
2982 1760 3213 1830 Semper
3240 1760 3294 1815 in
3324 1760 3436 1816 alta
3464 1770 3610 1831 pete.

579 1848 761 1913 Salve,
793 1848 1182 1905 Christicolum
1209 1858 1422 1916 vertex,
1451 1849 1763 1922 gratissime
1792 1861 2002 1919 regum,
2911 1850 2999 1907 Ill.

575 1937 691 1993 ch
720 1934 846 2008 pie,
880 1938 1057 1994 devoti
1090 1953 1156 1992 ne
1183 1953 1410 2008 spernas
1437 1937 1632 1994 donula
1662 1938 1824 1994 servi.
2460 1942 2667 1999 Lectort'
2694 1942 3075 2014 Ambiguorum
3106 1941 3168 1997 S.
3202 1940 3447 1995 Maximi.

576 2028 842 2099 Exiguum
874 2043 1072 2081 munus
1100 2027 1271 2097 largo,
1292 2029 1399 2097 sed
1431 2027 1581 2085 fonte
1608 2040 1886 2096 receptum
2270 2035 2528 2106 Quisquis
2548 2042 2697 2090 amat
2725 2032 2957 2089 formam
2980 2032 3238 2102 pulchrae
3265 2030 3491 2085 laudare
3511 2029 3735 2100 sophiae,

470 2119 536 2173 10
572 2118 950 2174 Christiferum
981 2117 1226 2185 Patrum,
1247 2120 1508 2190 mysteria
1536 2120 1765 2191 plurima
1798 2130 2058 2177 tractans.
2343 2126 2419 2182 Te
2446 2126 2588 2199 legat
2614 2125 2853 2191 assidue,
2888 2123 3120 2178 Maxime
3147 2122 3476 2195 Graiugena.

570 2208 684 2264 lloc
713 2224 850 2279 opus
877 2209 930 2263 in
958 2209 1168 2265 Graeco
1200 2211 1508 2267 construxit
1536 2211 1803 2268 Maximus
1832 2212 2023 2270 abbas.
2270 2218 2346 2272 Ac
2377 2218 2552 2286 primo
2581 2226 2761 2271 motus
2792 2230 2974 2271 rerum
3007 2213 3308 2270 rationibus
3337 2213 3488 2273 altis.

570 2302 829 2373 Egregius
858 2309 1064 2372 pastor,
1094 2302 1379 2375 scripturis
1408 2304 1639 2376 inclytus
1664 2313 1875 2372 auctor,
2339 2306 2596 2363 Mundum
2626 2305 2938 2362 sensibilem
2968 2304 3183 2360 deserat
3213 2312 3379 2373 atque
3408 2312 3570 2374 neget
3595 2322 3609 2357 :

568 2389 745 2462 Magni
773 2390 1021 2463 Gregorii
1053 2393 1380 2463 perplanans
1407 2394 1552 2450 dicta
1582 2405 1811 2461 remota,
2077 2388 2127 2447 B
2187 2400 2222 2455 5
2259 2398 2369 2455 Nec
2399 2414 2505 2454 non
2534 2407 2590 2454 et
2619 2411 2812 2453 sensus
2844 2396 3012 2466 ipsos,
3042 2395 3135 2466 qui
3164 2408 3330 2464 saepe
3361 2394 3662 2457 retardant,

566 2482 829 2540 Sensibus
857 2484 1108 2540 humanis
1151 2487 1488 2545 theoremata
1518 2498 1704 2546 mente
1743 2489 2049 2548 revolvens.
2333 2487 2590 2545 Gnostica
2621 2489 2749 2545 dum
2781 2489 2995 2545 scandit
3022 2488 3233 2560 βήματα
3251 2486 3295 2519 ⁸·
3326 2487 3533 2542 mentis
3558 2486 3671 2542 iter.

463 2572 529 2627 15
568 2572 677 2629 Nec
704 2589 813 2630 non
848 2575 901 2630 in
931 2576 1120 2632 multis
1150 2576 1441 2650 Dionysius
1470 2579 1688 2636 additur
1718 2581 1836 2651 ipse
2262 2580 2479 2638 Deliciis
2510 2579 2717 2651 fragilis
2743 2580 2911 2646 vitae,
2940 2579 3250 2649 mundoque
3277 2577 3483 2650 fugaci,

563 2663 925 2736 Ariopagites,
955 2679 1115 2724 ornat
1144 2683 1307 2739 quem
1338 2668 1589 2726 laudibus
1618 2670 1832 2742 amplis,
2329 2672 2398 2727 Et
2424 2672 2608 2728 carnis
2638 2686 2769 2728 cura
2797 2672 2891 2743 qui
2918 2679 3099 2737 vacat,
3132 2669 3234 2725 ista
3262 2677 3407 2741 tegat
3435 2686 3450 2722 :

565 2754 854 2826 Explanat,
885 2764 1188 2829 testemque
1217 2769 1376 2815 vocat
1403 2757 1728 2830 Patremque
1757 2760 1998 2825 beatum,
2260 2763 2656 2834 Mundauisque
2686 2766 2845 2820 datus
2872 2762 3086 2828 studiis,
3120 2760 3414 2831 tardusque
3442 2760 3693 2832 pigerque

565 2844 817 2916 Tangens
847 2848 1171 2919 symbolicas
1195 2850 1481 2921 praeclaro
1512 2850 1717 2907 lumine
1745 2851 1954 2923 byblos,
2155 2856 2225 2910 10
2337 2854 2454 2912 lluc
2484 2870 2592 2911 non
2625 2855 2878 2921 accedat;
2917 2853 3098 2909 nullus
3127 2853 3280 2907 adest
3306 2844 3512 2907 aditus.

564 2936 735 3003 Quem
766 2955 867 2995 nos
896 2938 1185 3007 edidimus,
1217 2941 1383 2998 Vobis
1410 2942 1778 3012 poscentibus,
1805 2941 1955 2999 olim.
2261 2945 2524 3002 Sensibus
2554 2944 2769 3000 inflatus
2797 2943 3055 3014 propriis,
3086 2941 3452 3011 tumidusque,
3483 2939 3730 3009 superbus

457 3024 527 3081 20
565 3024 679 3083 Hac
706 3042 919 3099 quoque
946 3030 1013 3086 de
1042 3046 1204 3087 causa
1234 3030 1514 3103 praefatus
1541 3032 1808 3090 Maximus
1835 3035 2003 3092 abbas
2330 3035 2451 3092 Stet
2479 3035 2687 3106 procul,
2719 3035 2832 3106 ipse
2863 3048 3067 3104 negans
3095 3033 3184 3089 hic
3212 3032 3459 3102 reperire
3487 3032 3677 3087 locum.

562 3116 751 3174 Editus
778 3127 864 3173 est
893 3135 1090 3190 nuper,
1122 3129 1309 3177 nostro
1339 3123 1566 3180 sudante
1595 3122 1803 3191 labore,
2257 3130 2482 3186 Artibus
2512 3128 2773 3194 imbutus,
2803 3141 2941 3198 quas
2968 3126 3120 3182 novit
3157 3125 3356 3180 mentis
3383 3138 3639 3188 acumen,

566 3203 878 3281 Eﬂectuque
906 3213 996 3282 pio
1030 3212 1282 3268 Vestrum
1311 3214 1400 3284 pia
1422 3213 1578 3282 jussa
1609 3224 1927 3286 sequentes,
2315 3226 2477 3284 Fidus
2520 3218 2806 3292 procedat,
2840 3232 2964 3272 nam
2995 3231 3093 3272 sua
3121 3224 3233 3270 stat
3258 3215 3461 3284 patria-

561 3300 774 3358 Cursim
797 3303 1195 3373 transtulimus,
1213 3321 1355 3377 quae
1385 3307 1555 3364 multo
1577 3316 1820 3379 tempore
1838 3310 1855 3342 ί
1881 3324 2048 3380 quae—
2151 3310 2219 3367 15
2256 3310 2504 3366 Practica
2533 3310 2625 3366 hic
2650 3309 2810 3365 ducet
2835 3323 3047 3363 morum
3074 3304 3357 3377 praeclara
3387 3305 3664 3375 magistra,

1866 3399 2042 3471 [runt,
2324 3401 2520 3459 Custos
2547 3400 2834 3466 virtutum,
2865 3396 3095 3470 pervigil
3128 3396 3342 3452 idonea.

556 3481 626 3538 Et
661 3483 851 3540 doctos
889 3499 1117 3554 sensus,
1156 3498 1213 3544 et
1249 3502 1418 3559 purae
1458 3488 1657 3547 mentis
1694 3503 1941 3545 acumen.
2255 3495 2354 3552 llic
2380 3494 2611 3569 φυσική¹
2644 3507 2840 3549 causas
2865 3505 3048 3547 rerum
3077 3490 3307 3561 vestigat
3333 3503 3561 3558 opacas,

1211 3579 1276 3633 11.
2326 3586 2687 3655 luventasque
2715 3583 2881 3640 simul
2906 3590 3177 3655 segregat,
3206 3580 3455 3636 unillcat.

952 3668 1030 3723 De
1059 3669 1242 3724 eadem
1279 3670 1532 3726 versione.
1972 3727 1984 3744 ,
2081 3747 2105 3750 _
2257 3677 2357 3733 llic
2382 3682 2480 3750 θεῷ
2509 3675 2616 3733 fert
2643 3674 2879 3746 palmam
2909 3672 3123 3730 cunctis
3154 3665 3485 3743 perpulchra
3516 3669 3662 3741 logya

556 3753 814 3822 Quisquis
843 3758 1119 3816 rhetorico
1145 3760 1434 3817 verborum
1463 3771 1703 3834 syrmate
1727 3762 1948 3834 gaudet,
2062 3747 2108 3811 C
2138 3767 2208 3824 20
2242 3768 2434 3824 Omnia
2451 3747 2530 3839 ⁷(⁸2)
2567 3766 2735 3838 quod,
2764 3764 2910 3835 quod
2936 3778 3067 3834 non,
3100 3762 3283 3820 omnia
3316 3761 3555 3834 denegat
3578 3770 3724 3815 omne

629 3845 866 3913 Quaerat
894 3851 1302 3923 grandiloquos,
1331 3852 1505 3908 Tullia
1534 3862 1715 3910 castra
1744 3862 1952 3924 petens.
3480 3847 3662 3926 [simul
3682 3846 3720 3903 ⁸.

553 3938 625 3994 At
652 3938 787 3996 mihi
816 3950 903 3998 sat
929 3941 1117 4011 fuerit,
1150 3944 1194 4000 si
1225 3943 1420 4015 planos
1446 3960 1675 4018 carpere
1703 3962 1900 4004 sensus

1795 4154 2156 4236 SECTIO
2216 4155 2353 4233 IV.

1284 4331 1618 4396 JOANNIS
1661 4329 1893 4396 SCOTI
1937 4331 2316 4396 VERSUUM
2362 4330 2883 4394 FRAGMENTA.

1214 4504 1254 4559 Ι.
2058 4502 2113 4563 ι)
2278 4497 2355 4553 Te
2384 4497 2609 4555 laudant
2635 4497 2793 4565 caeli,
2825 4506 2878 4554 te
2906 4495 3047 4553 votis
3076 4494 3297 4567 inclytat
3318 4494 3343 4527 '
3366 4495 3542 4551 orbis.

439 4668 444 4675 α
612 4592 797 4650 Versus
825 4594 1052 4651 Joannis
1082 4595 1225 4651 Sroti
1245 4595 1269 4629 ⁸
1295 4598 1366 4653 ad
1393 4597 1645 4654 Carolum
1675 4614 1866 4670 regem.
2278 4588 2530 4645 Proxima
2558 4589 2635 4646 sis
2653 4590 2676 4622 ⁸
2700 4588 2895 4646 Carolo
2924 4587 3113 4651 lulrix,
3145 4586 3424 4642 munimen
3453 4595 3513 4641 et
3535 4584 3714 4645 illum.

492 4690 609 4741 Cod.
631 4692 856 4743 Cantabr.
879 4693 1083 4759 Collegit
1103 4695 1327 4760 Corporis
1351 4696 1532 4749 cui-nu
1555 4707 1609 4747 n°
1631 4700 1743 4759 ass,
1764 4709 1867 4749 sec.
1890 4695 1973 4748 Ix.
2168 4680 2239 4737 85
2276 4680 2378 4748 Qui
2412 4680 2508 4737 tibi
2539 4680 2769 4737 miriﬁce
2796 4680 3136 4752 praeclaram
3163 4677 3398 4735 fabricat
3426 4679 3640 4743 aedem,

589 4813 603 4831 0
642 4813 655 4826 ο
702 4818 711 4827 α
754 4816 768 4830 0
813 4816 825 4829 1
871 4817 885 4833 ο
928 4817 943 4831 0
987 4817 1001 4831 0
1044 4819 1057 4832 ο
1100 4817 1113 4831 α
1156 4817 1170 4833 0
1211 4818 1232 4838 κ
1266 4796 1281 4811 .
1328 4818 1342 4832 ο
1382 4818 1396 4833 0
1442 4818 1455 4832 0
1502 4820 1515 4833 0
1556 4819 1571 4833 0
1615 4819 1629 4834 ο
1673 4821 1685 4834 Ι
1728 4819 1741 4833 0
1783 4819 1797 4833 Ι

2272 4772 2451 4829 Aedes
2481 4786 2843 4829 marmoreas.
2874 4769 3040 4827 Varie
3067 4779 3379 4827 constructa
3410 4767 3676 4826 columnis

589 4906 657 4920 ..
698 4906 712 4921 .
759 4905 824 4921 ..
869 4909 884 4924 .
1039 4909 1054 4926 .
1098 4909 1113 4924 .
1153 4909 1165 4924 .
1210 4908 1225 4924 .
1269 4909 1284 4925 .
1325 4911 1340 4926 .
1381 4909 1394 4924 .
1438 4908 1453 4924 .
1498 4911 1512 4925 .
1557 4910 1571 4926 .
1616 4911 1631 4926 .
1675 4910 1690 4925 .
1731 4909 1744 4925 .
1787 4912 1803 4926 .
2273 4864 2396 4921 Alta
2424 4864 2617 4920 domus
2647 4861 3481 4934 pulchreconterno'normate
3511 4860 3667 4915 facta.

409 4968 420 5019 i
584 4960 659 5016 Da
692 4969 878 5016 nostro
906 4963 1016 5034 regi
1043 4963 1260 5029 Carolo,
1290 4963 1378 5018 cui
1407 4972 1621 5034 sceptra
1651 4961 1880 5027 dedisti,
2277 4956 2470 5026 Aspice
2498 4956 2793 5028 polygenos
2816 4954 3010 5020 ﬂexus,
3040 4967 3310 5025 arcusque
3340 4953 3561 5009 volutos

584 5051 655 5107 Ut
682 5068 899 5124 semper
927 5054 1160 5110 famulus
1190 5056 1285 5111 tibi
1315 5056 1466 5111 vivat
1494 5064 1677 5111 mente
1708 5054 1959 5125 benigna.
2274 5048 2574 5120 Compages
2603 5048 2835 5104 laterum
2864 5046 3090 5113 similes,
3122 5041 3397 5117 capitella,
3427 5046 3717 5113 basesque,

473 5144 545 5200 80
579 5142 845 5215 Prospera
876 5144 1111 5200 labentis
1137 5147 1281 5202 vitae
1312 5146 1646 5202 revolumina
1676 5152 1915 5217 praesta,
2164 5139 2235 5197 90
2275 5139 2497 5204 Turres,
2531 5138 2839 5202 turriculos,
2873 5137 3147 5209 laquearia
3176 5135 3404 5192 daedale
3434 5145 3614 5197 texta,

583 5234 760 5305 Atque
787 5235 950 5291 simul
983 5244 1161 5291 tecum
1191 5236 1444 5293 caelestis
1472 5238 1664 5309 gaudia
1696 5237 1868 5306 regni.
2270 5230 2527 5300 Obliquas
2555 5230 2790 5299 tyrridas
2810 5231 2833 5263 ⁸
2856 5229 3034 5285 caleni
3064 5227 3285 5283 luminis
3314 5227 3568 5289 haustus,

583 5326 772 5399 Magna
803 5328 898 5384 Dei
927 5329 1181 5399 genitrix,
1218 5340 1297 5385 tcr
1329 5328 1476 5395 felix,
1508 5338 1695 5385 sancta
1725 5327 1914 5392 Maria,
2270 5323 2420 5378 lntus
2440 5320 2701 5391 picturas,
2727 5321 2963 5394 lapidum
2991 5319 3323 5391 pavimenta,
3351 5316 3686 5389 gradusque,

1767 5461 2023 5518 VARIAE
2061 5455 2468 5516 LECTIONES.
2560 5436 2569 5451 ‘

508 5560 527 5592 ι
561 5551 674 5637 Sic,
704 5568 803 5636 pro
826 5554 991 5609 multa
1013 5565 1266 5637 tempora:
1302 5553 1544 5637 ηνιϐρ-(Ι.
1574 5553 1813 5637 oculata.
1871 5554 1900 5637 ξ
1930 5550 2325 5637 Coiﬁ-physice:
2391 5547 2423 5637 :‘
2452 5546 2542 5602 Sic
2558 5564 2582 5637 ς.
2600 5549 2741 5637 conj.
2775 5548 3073 5637 [Saxaisson
3091 5546 3259 5637 Qum:
3283 5545 3425 5637 quod
3450 5546 3713 5637 "-1.ng

437 5636 564 5742 ηωῖ,
586 5616 782 5745 ἔιριῧιὶι
815 5640 963 5681 0mm:
993 5616 1170 5683 simul.
1250 5625 1271 5659 ⁸
1298 5624 1428 5681 Cod.
1463 5624 1649 5680 Scotti.
1727 5625 1747 5655 ⁸
1774 5624 1904 5680 Cod.
1938 5616 2186 5678 iuclilutf
2241 5616 2453 5687 'Couj.,
2482 5619 2603 5673 cod.
2633 5616 2719 5675 sit.
2797 5621 2816 5653 ⁷
2843 5618 3019 5689 anj.,
3045 5618 3164 5675 cod.
3187 5626 3417 5672 contero.
3497 5616 3692 5687 'Conj.

436 5706 519 5744 ευ(
545 5730 557 5744 .
607 5708 685 5755 gn
729 5711 803 5746 os.
