3978 6160
231 250 363 315 test
1574 246 2147 305 ADDlTAMlQNTUM.
3368 255 3506 312 12H

1098 596 1154 613 _,
1265 460 2469 655 ADDlTAMENTUM.

306 709 485 767 Codex
522 708 898 767 Lauduncnsis
927 709 1015 776 8|,
1059 724 1091 764 e
1134 724 1242 781 quo
1284 707 1352 770 Μ.
1398 707 1459 763 F.
1499 708 1799 769 Ravaisson
1826 724 1879 763 v.
1913 707 1982 763 cl.
2020 708 2246 766 Joannis
2280 712 2427 767 Scoti
2465 712 2926 772 Commentarium
2970 718 3023 773 in
3052 718 3111 775 S.
3156 718 3506 792 Evangelium

232 799 530 855 secundum
560 799 822 855 Joannem
856 801 1033 853 minus
1083 807 1339 852 accurate
1377 798 1566 865 edidit,
1610 814 1733 854 cum
1776 812 1901 855 sero
1946 799 2005 852 in
2044 814 2236 857 tuentis
2265 816 2413 857 meas
2438 804 2669 867 venerit,
2703 805 3019 861 varietatem
3063 807 3311 865 lectionis
3339 818 3506 864 totam

231 890 643 969 diligentissime
672 893 771 946 hoc
802 892 919 947 loco
962 889 1367 950 describendam
1396 889 1601 949 curavi.
1648 889 1934 951 Praeterea
1982 887 2227 958 ejusdem
2259 890 2657 955 Comntentarii
2711 893 3076 966 fragmentum
3126 897 3328 953 codicis
3371 898 3504 954 calci

231 985 559 1056 “Mecium,
591 990 735 1055 (ιιιοα
766 987 853 1047 me
885 986 1222 1058 neglexerat,
1253 985 1619 1061 adjiciendum
1646 1000 1768 1047 esse
1795 985 2001 1055 putavi.
2041 984 2236 1042 Varias
2266 986 2527 1042 lectiones
2562 989 2823 1046 varietate
2853 991 3230 1050 characterem
3260 994 3503 1052 distinxi.

1833 1141 1909 1234 Ι.

1365 1347 1738 1427 VARIAE
1813 1344 2393 1426 LECTIONES

1096 1530 1103 1535 .
1832 1500 1896 1543 ιη

578 1606 859 1667 JOANNIS
897 1605 1092 1663 SCOTI
1127 1604 1684 1663 COMMENTARIUM
1720 1605 1787 1660 IN
1827 1605 1886 1663 S.
1928 1604 2377 1665 EVANGELIUM
2418 1605 2789 1665 SECUNDUM
2828 1608 3166 1667 JOANNEM.

1284 1741 1359 1791 Ad
1382 1738 1525 1789 tidem
1546 1739 1729 1791 codicis
1751 1751 1843 1791 ms.
1865 1737 1921 1788 81
1950 1737 2069 1788 bibl.
2096 1737 2455 1790 Landuuensis.

1978 366 3459 405 ΞΜ

225 367 2107 407 smmum

304 1888 421 1946 Col.
452 1887 557 1944 298
602 1886 636 1940 l.
666 1885 699 1941 8
736 1895 794 1940 ut
834 1900 931 1956 per
964 1885 1139 1956 ipsum
1177 1885 1495 1941 ascenderet
1542 1885 1704 1941 homo
1756 1883 1809 1941 iu
1840 1887 1891 1947 A
1920 1881 2032 1940 Dei.
2073 1881 2174 1939 Ubi
2203 1882 2362 1937 datur
2384 1881 2766 1953 intelligi,'non
2800 1884 2944 1942 aliud
2978 1902 3097 1945 esse
3119 1898 3225 1946 cet.
3257 1891 3385 1948 1.47
3417 1893 3504 1951 in-

231 1983 425 2038 Deum.
459 1979 603 2033 Haec
634 1978 930 2050 evangelica
965 1978 1219 2033 sententia
1256 1976 1649 2047 proloquiorum
1674 1992 1818 2031 more
1920 1972 2275 2041 corruptibile
2302 1981 2593 2042 ceteraque,
2622 1987 2781 2041 quae.
3131 2017 3137 2021 _

228 2072 475 2125 recurrit.
522 2068 675 2124 Sicut
706 2070 852 2124 enim
884 2068 1150 2123 dicimus:
1184 2067 1421 2123 Verbum
1447 2082 1575 2122 caro
1617 2066 1818 2121 factum
1990 2063 2108 2118 Col.
2146 2062 2249 2116 517
2289 2061 2325 2115 l.
2366 2063 2435 2117 55
2470 2063 2563 2133 qui
2596 2077 2703 2119 non
2745 2073 2831 2121 est
2877 2076 3039 2125 natus
3086 2070 3263 2127 adhuc
3314 2074 3504 2145 spiritu
3556 2126 3559 2127 ν

236 2169 344 2225 est,
379 2161 451 2214 ita
477 2174 762 2230 possumus
793 2159 974 2214 dicere
1004 2177 1016 2212 :
1045 2167 1101 2213 et
1122 2173 1251 2214 caro
1276 2158 1511 2212 Verbum
1543 2156 1686 2213 facta
1712 2168 1814 2213 est.
1922 2153 2010 2225 (de
2042 2154 2195 2209 deest
2231 2154 2286 2208 in
2312 2154 2483 2225 cod.).

236 2251 304 2305 Et
333 2249 595 2305 habitavit
624 2250 676 2303 in
703 2249 884 2314 nobis,
914 2249 1019 2304 hoc
1042 2257 1152 2313 est,
1177 2256 1558 2303 conrersatum
1586 2256 1692 2301 cet.
1725 2245 1820 2318 (Et
1989 2244 2104 2301 Col.
2141 2245 2248 2300 520
2285 2246 2323 2299 l.
2365 2246 2400 2301 5
2439 2247 2685 2302 umbram
2715 2263 2868 2303 suam
2894 2250 3066 2321 ipsum
3092 2267 3288 2323 corpus
3315 2258 3501 2325 aperit.

242 2340 467 2395 Verbum
494 2356 617 2395 caro
642 2340 840 2410 factum
873 2349 985 2405 est,
1014 2336 1159 2393 haec'
1181 2368 1252 2379 -—
1271 2338 1491 2391 recurrit
1512 2336 1549 2391 l.
1606 2338 1688 2393 10.
1730 2337 1815 2391 11.
1920 2335 1955 2390 1.
1990 2335 2055 2391 19
2084 2335 2345 2407 ﬁguratur
2370 2353 2432 2391 ea
2462 2336 2652 2395 forma.
2686 2337 2719 2392 1.
2744 2338 2815 2394 40
2841 2341 3137 2413 oonsepulti
3165 2359 3352 2400 sumus
3379 2361 3503 2401 cum

237 2432 303 2487 1ι2
331 2433 527 2488 desunt
576 2432 630 2486 in
682 2431 910 2487 codice).
957 2431 995 2485 l.
1042 2430 1115 2486 10
1161 2429 1255 2487 sed
1306 2429 1672 2484 subsistentiae
1727 2429 1820 2483 de-
1918 2426 2135 2483 Christo
2162 2442 2255 2497 per
2280 2428 2594 2497 baptismum
2617 2431 2673 2484 in
2699 2438 2914 2487 mortem
2939 2433 3062 2505 (nisi
3085 2435 3235 2491 deest
3256 2436 3310 2491 in
3331 2437 3499 2509 cod.).

229 2523 425 2577 clatet.
1917 2517 1954 2572 l.
1994 2517 2064 2572 47
2094 2533 2257 2574 causa
2290 2528 2365 2574 est
2404 2520 2672 2575 humanae
2695 2521 2886 2579 salutis

299 2615 416 2671 Coi.
446 2615 543 2669 581
584 2615 619 2669 1.
652 2616 717 2670 19
743 2614 836 2670 sed
866 2614 933 2669 de
963 2623 1072 2667 tota
1103 2612 1388 2668 Trinitate.
1431 2612 1467 2665 l.
1512 2611 1585 2666 26
1626 2612 1820 2666 incuu—
1987 2610 2105 2667 Col.
2144 2612 2243 2667 521
2284 2612 2319 2665 1.
2359 2613 2429 2667 50
2463 2613 2718 2681 Quamvis
2749 2615 2893 2670 enim
2914 2615 3181 2686 judicium
3204 2621 3343 2687 eius,
3371 2637 3498 2690 quo.

226 2715 444 2763 ctanter
463 2706 668 2761 asserit.
700 2705 735 2759 1.
766 2704 829 2759 Al
863 2694 1073 2759 dicatur
1096 2705 1160 2759 de
1182 2692 1331 2761 deest
1358 2704 1411 2758 in
1434 2704 1641 2785 codice.
1681 2703 1713 2757 I.
1745 2701 1816 2758 45
1918 2702 1957 2758 1.
1982 2701 2055 2760 18
2082 2703 2172 2773 qui
2204 2711 2382 2758 autem
2414 2718 2589 2774 neque
2623 2721 2741 2758 eum
2771 2707 2943 2761 credit
2972 2706 3049 2779 (in
3078 2709 3229 2765 deest
3253 2711 3306 2765 in
3329 2712 3499 2782 cod.).

223 2798 319 2867 qui
349 2811 589 2866 semper.
1985 2793 2101 2851 Col.
2142 2794 2248 2850 525
2282 2795 2318 2849 1.
2353 2795 2411 2851 16
2436 2794 2561 2851 Νοη
2587 2797 2732 2851 enim
2764 2797 2960 2854 missus
2985 2801 3174 2855 eratin
3198 2818 3498 2859 carcerem.

299 2889 418 2945 €01.
448 2889 556 2944 502
585 2888 621 2943 l.
655 2889 723 2944 15
752 2889 857 2943 hoc
886 2895 969 2943 est
992 2888 1049 2942 in
1075 2887 1271 2943 divinis
1298 2886 1741 2957 apparitionibus.
1775 2884 1811 2938 l.
1916 2886 1955 2942 l.
1982 2874 2052 2942 51
2087 2888 2150 2941 ab
2178 2884 2424 2945 Joanne?
2462 2887 2732 2959 Suﬂ’icerat
2774 2889 2930 2962 (sic!)
2962 2893 3126 2945 enim.

223 2979 296 3035 18
326 2979 464 3035 Item
488 2980 704 3034 virtutes
738 2979 1259 3049 purgatissimarum.
1286 2979 1399 3033 1.51
1428 2979 1481 3034 in
1518 2979 1656 3034 sina.
1689 2976 1815 3047 1.;54
1986 2976 2102 3033 Col.
2142 2976 2248 3032 521
2287 2977 2324 3030 1.
2366 2977 2401 3029 7
2437 2977 2501 3031 ab
2529 2977 2759 3037 Joanne.
2786 2978 2823 3032 l.
2858 2980 2916 3033 11
2951 2979 3174 3036 Joannis
3201 2982 3501 3053 baptismati

221 3067 330 3123 lue
363 3069 655 3124 enarravit.
1914 3068 2175 3125 ell‘ecisse.
2217 3069 2251 3124 1.
2301 3070 2364 3125 51
2427 3070 2521 3127 sed
2571 3085 2639 3125 ne
2686 3070 2783 3125 hoc
2822 3080 3073 3129 errarent
3125 3075 3203 3145 (in
3249 3074 3399 3131 deest
3446 3075 3501 3130 in

296 3146 421 3214 Coi.
454 3158 558 3213 505
585 3159 620 3213 1.
653 3160 679 3214 1
709 3160 951 3216 ἄσειν-ἱηᾶ
978 3170 1034 3216 et
1073 3160 1515 3230 manifestatione.
1558 3160 1596 3215 1.
1642 3159 1707 3213 15
1741 3160 1809 3215 ab
1914 3162 2079 3231 cod.).

219 3251 577 3322 Jerosolymis
604 3260 650 3305 et
678 3262 867 3306 cetera.
897 3251 963 3306 Et
981 3264 1067 3307 est
1094 3251 1245 3307 ordo.
1267 3251 1304 3305 1.
1329 3251 1399 3307 29
1427 3250 1607 3306 Helias
1626 3266 1685 3305 es
1713 3250 1811 3304 tu?
1837 3239 1884 3300 Β
1982 3253 2097 3309 Col.
2138 3253 2243 3308 525
2282 3253 2318 3306 1.
2357 3252 2425 3308 «17
2465 3252 2660 3308 Datum
2710 3254 2762 3309 in
2811 3255 2913 3312 hoc
2957 3255 3076 3311 loco
3100 3272 3201 3329 pro
3252 3256 3499 3315 (lanatum

222 3341 371 3395 Dicit
399 3355 417 3392 :
444 3340 561 3397 Non
597 3356 715 3397 sum
743 3339 836 3413 (Et
868 3357 978 3398 om.
1009 3340 1179 3413 cod.).
1218 3341 1254 3395 1.
1284 3341 1348 3395 51
1386 3341 1585 3396 virtute
1627 3339 1812 3394 Heliae
1913 3341 2151 3397 Joannes
2178 3344 2376 3413 posuit.

222 3431 379 3486 veni.
1982 3432 2097 3487 Col.
2133 3430 2242 3487 526
2280 3431 2318 3487 1.
2358 3431 2427 3487 55
2458 3431 2550 3502 qui
2580 3449 2725 3488 nunc
2752 3434 2975 3503 baptizet
3006 3436 3058 3490 in
3094 3434 3317 3492 Iudaea.

296 3521 419 3579 Col.
443 3522 555 3579 5θὰ
575 3522 612 3576 l.
634 3524 672 3577 2
696 3523 1401 3579 humanamsubsissentiam
1422 3522 1807 3578 consideravit.
1980 3522 2098 3583 Col.
2139 3522 2245 3579 527
2283 3523 2316 3577 ι.
2354 3523 2421 3577 21
2471 3522 2703 3578 Putastis
2734 3524 2993 3597 majorem
3023 3538 3170 3581 esse.

294 3615 414 3670 Col.
440 3612 863 3684 5051.57thui
890 3615 1042 3671 missi
1070 3616 1304 3685 fuerant,
1326 3624 1501 3670 erant.
1532 3614 1567 3667 1.
1594 3613 1665 3669 59
1690 3613 1812 3669 Ideo
1981 3614 2096 3670 Col.
2137 3614 2241 3672 528
2280 3615 2315 3668 l.
2354 3616 2415 3670 11
2459 3616 2560 3683 Qui
2593 3615 2744 3672 caelo
2773 3618 2940 3683 venit,
2971 3632 3137 3689 super
3171 3634 3361 3674 omnes
3388 3628 3495 3674 est.

220 3705 535 3776 specialiter
575 3703 851 3761 Pharisaei
898 3705 1044 3760 missi
1079 3715 1201 3760 sunt
1240 3705 1363 3776 quia
1399 3702 1677 3759 Pharisaei
1708 3719 1808 3759 au-
1911 3703 2149 3758 Eandem
2203 3705 2510 3758 sententiam
2569 3707 2783 3776 repetit,
2830 3723 2986 3777 quam
3044 3707 3203 3777 paulo
3260 3710 3499 3777 superius

220 3797 439 3852 dientes
466 3797 942 3867 praedicationem.
1908 3789 2064 3855 dixit,
2077 3789 2166 3859 qui
2179 3789 2453 3842 desursum
2468 3792 2621 3854 venit,
2639 3808 2796 3861 super
2807 3808 2985 3847 omnes
2997 3803 3071 3847 est
3089 3810 3107 3857 ;
3131 3810 3268 3848 nunc
3288 3796 3496 3862 iterum,

296 3884 412 3941 Col.
441 3885 546 3940 506
573 3886 613 3939 1.
637 3886 707 3939 24
731 3886 979 3955 justitiae
1014 3887 1140 3942 solet
1170 3887 1309 3943 ﬁeri.
1909 3882 1999 3951 qui
2020 3884 2084 3935 de
2103 3880 2249 3934 caelo
2270 3880 2594 3951 venit,super
2619 3897 2796 3935 omnes
2823 3892 2918 3936 est.
2938 3882 3139 3937 Eadem
3165 3885 3327 3940 verba
3349 3898 3496 3953 sunt,

296 3977 415 4033 Col.
445 3976 549 4032 507
579 3977 615 4032 1.
650 3979 717 4033 15
741 3988 824 4034 est
851 3980 1028 4034 divina
1055 3981 1356 4051 Scriptura.
1380 3981 1418 4036 1.
1448 3981 1519 4038 28
1557 3980 1807 4052 perplexa
1910 3981 2126 4042 praeter
2151 3973 2292 4042 quod
2316 3983 2423 4028 eet.
2465 3972 2500 4025 l.
2538 3972 2598 4026 51
2637 3980 2691 4027 et
2728 3973 2999 4043 aequalem
3026 3974 3194 4044 ipsius
3222 3991 3345 4030 esse

219 4071 515 4125 admodum
546 4071 892 4141 investigatio,
924 4073 1099 4143 cujus.
1978 4063 2093 4119 Col.
2130 4064 2235 4119 529
2273 4064 2307 4117 1.
2355 4064 2419 4119 18
2455 4064 2548 4133 qui
2595 4065 2793 4135 accipit
2831 4064 2950 4133 ejus
2992 4066 3385 4134 testimonium,
3417 4070 3494 4122 si-

296 4158 415 4215 Col.
452 4159 557 4215 309
596 4160 631 4212 ι.
671 4161 737 4214 l2
772 4169 826 4215 et
850 4162 1087 4217 discerne
1119 4164 1281 4220 inter.
1308 4165 1344 4219 1.
1376 4165 1441 4220 16
1476 4165 1766 4221 violentiae.
1909 4155 2110 4226 enavit.
2140 4156 2265 4226 quia
2312 4154 2451 4211 Deus
2476 4170 2640 4210 verax
2681 4164 2783 4211 est.
2831 4156 2897 4210 Et
2938 4157 3064 4227 quid
3115 4168 3189 4212 eu
3234 4160 3500 4229 signavit?

295 4249 414 4306 Coi.
453 4250 559 4306 510
597 4251 633 4305 ι.
670 4251 740 4306 52
777 4260 860 4307 est
883 4254 1042 4307 totius
1080 4254 1349 4309 humanae
1381 4266 1637 4311 naturae.
1909 4243 2021 4300 H00
2047 4255 2131 4300 εει
2162 4245 2214 4299 in
2247 4245 2409 4300 corde
2446 4260 2546 4300 SUO
2573 4252 2684 4300 ccl-

297 4340 416 4397 Col.
457 4343 554 4397 511
598 4343 636 4396 1.
680 4343 744 4397 14
783 4343 924 4399 Ecce
964 4360 1136 4414 agnus
1185 4345 1300 4410 Dei,
1351 4363 1467 4401 ecce
1505 4348 1597 4417 qui
1647 4348 1804 4404 ιοιιίι,
1960 4337 2096 4409 ⁸001.
2137 4335 2242 4392 550
2278 4336 2313 4390 l.
2352 4338 2387 4391 5
2424 4353 2489 4390 ex
2514 4351 2791 4392 mensura.
2830 4336 2868 4390 1.
2908 4336 2979 4393 56
3003 4346 3059 4393 et
3089 4352 3311 4394 omnino
3352 4340 3496 4395 veri-

217 4430 261 4486 l.
304 4430 380 4486 25
432 4432 703 4504 cruciﬁgit
744 4433 947 4489 sibimet
1001 4433 1270 4490 Christum
1310 4440 1504 4507 (ipsum
1550 4438 1703 4494 deest
1751 4439 1805 4494 in
1910 4428 2411 4499 talisignoramiae-

218 4522 397 4594 cod.).
1841 4585 1877 4594 _
1977 4522 2092 4577 Col.
2133 4522 2231 4576 551
2275 4522 2312 4576 l.
2350 4522 2421 4577 28
2459 4522 2545 4577 lex
2585 4522 2730 4577 enim
2767 4523 3035 4578 neminem
3080 4523 3148 4578 ad
3196 4523 3498 4594 perfectum

297 4585 416 4668 (Sol.
457 4611 563 4667 512
600 4612 637 4665 1.
681 4611 747 4665 15
795 4620 957 4681 atque
1008 4613 1367 4685 intelligentia
1438 4617 1801 4685 provehentur.
1832 4585 1880 4649 (ἶ
1913 4615 2099 4681 duxit;
2129 4625 2177 4669 et
2204 4613 2332 4669 abiit
2364 4615 2554 4669 iterum
2594 4614 2648 4669 in
2691 4613 3010 4670 Galilaeam.
3051 4615 3088 4669 l.
3125 4585 3214 4671 52-
3239 4615 3499 4674 Posthac:

221 4701 264 4757 1.
296 4702 369 4756 55
399 4716 618 4756 carnem
651 4715 791 4767 esse,
824 4701 1072 4772 quoniam
1094 4701 1225 4772 jam.
1275 4703 1311 4757 l.
1342 4704 1402 4757 11
1461 4705 1514 4759 in
1557 4708 1814 4777 mysteria
1914 4707 2082 4762 venit.

223 4794 694 4848 introductionem.
1980 4792 2104 4849 Coi.
2127 4793 2233 4848 555
2266 4791 2309 4846 l.
2336 4788 2408 4843 22
2460 4789 2660 4845 dehinc
2687 4804 2848 4859 usque
2868 4788 2935 4842 ad
2963 4788 3157 4844 altare.
3189 4787 3230 4843 1.
3252 4789 3315 4843 51
3348 4787 3486 4842 inci-

300 4883 418 4940 Col.
459 4884 563 4939 515
600 4884 635 4937 1.
677 4885 983 4969 18.9ratiae
1010 4885 1371 4955 baptismatis.
1396 4885 1433 4939 1.
1460 4885 1529 4942 48
1557 4885 1714 4943 Aliud
1737 4896 1813 4942 est
1906 4888 2042 4960 pita
2064 4882 2325 4955 martyrio
2347 4882 2503 4937 Abel.
2532 4881 2575 4936 l.
2608 4881 2677 4937 45
2709 4882 2963 4950 appetitu.
2993 4880 3032 4934 Ι.
3063 4880 3125 4936 51
3169 4880 3408 4935 abierunt
3431 4880 3486 4933 in

224 4976 393 5031 enim.
1908 4979 2213 5036 civitatem.

299 5066 418 5123 Coi.
455 5066 560 5120 5H
594 5067 630 5121 Ι.
668 5067 742 5121 22
778 5066 878 5122 Hic
911 5068 1056 5121 venit
1093 5067 1159 5122 ad
1200 5083 1317 5121 eum
1347 5077 1523 5123 nocte.
1565 5069 1599 5123 l.
1640 5069 1711 5124 25
1754 5070 1808 5125 in
1979 5070 2076 5125 Col
2106 5070 2209 5124 551
2232 5070 2265 5121 1.
2288 5067 2358 5122 26
2381 5066 2764 5122 adorariDeum
2786 5067 3070 5135 putabant.
3094 5067 3127 5121 1.
3154 5064 3492 5120 5|Christum

226 5158 403 5230 ﬁgura
432 5160 813 5211 calecuminum
836 5160 1073 5229 ponitur.
1100 5159 1134 5213 1.
1158 5159 1229 5212 42
1260 5161 1455 5230 quibus
1488 5160 1812 5218 Nicodcnnts
1908 5165 1948 5219 l.
1983 5162 2051 5217 {:5
2081 5162 2148 5216 de
2176 5161 2411 5213 lmmana
2442 5158 2811 5212 substitutions
2867 5158 3183 5213 sensibilive
3217 5164 3487 5209 creatura.

225 5264 384 5304 orsus
409 5256 492 5302 est
515 5246 788 5302 Christum
812 5248 1028 5316 alloqui.
1076 5318 1084 5327 _
1982 5253 2098 5308 Col.
2130 5251 2235 5306 555
2268 5254 2302 5303 1.
2335 5250 2401 5303 21
2429 5266 2535 5320 qua
2564 5265 2666 5320 ego
2696 5250 2855 5305 dabo.
2888 5251 2925 5304 1.
2952 5249 3021 5304 29
3052 5264 3154 5317 qua
3218 5243 3363 5298 dabo
3415 5243 3491 5307 ei,

303 5341 419 5396 Col.
454 5339 560 5395 515
595 5341 630 5393 1.
673 5340 741 5395 15
773 5344 926 5397 aea.
954 5356 1060 5395 non
1084 5341 1298 5411 legitur.
1912 5345 2010 5415 ﬁat
2038 5345 2090 5398 in
2121 5358 2206 5396 eo.
2716 5411 2727 5419 ‘

301 5430 418 5486 Col.
459 5431 564 5485 516
599 5431 633 5485 1.
672 5431 744 5486 25
778 5447 883 5487 non
912 5440 1090 5502 potest
1121 5431 1343 5487 introire
1367 5430 1419 5487 in
1447 5448 1665 5503 regnum
1693 5433 1810 5487 Dei.
1981 5436 2097 5492 Col.
2149 5434 2317 5490 5561.
2353 5434 2417 5488 16
2452 5433 2798 5487 habitudines
2828 5431 3196 5500 praetendunt.
3232 5433 3267 5485 l.
3298 5431 3368 5486 26
3401 5448 3493 5485 su-

230 5521 397 5578 Prius
426 5524 584 5589 dixit,
609 5540 712 5577 non
731 5534 894 5594 potest
917 5525 1087 5578 ridere
1110 5541 1323 5594 regnum
1350 5523 1465 5590 Dei;
1489 5542 1623 5577 nunc
1640 5535 1813 5577 autem
1917 5529 2118 5599 periuri
2148 5545 2202 5581 se
2253 5527 2415 5595 parti.
2448 5526 2486 5579 l.
2517 5526 2589 5579 29
2646 5525 3145 5593 quinquepertitum.
3185 5523 3222 5578 1,
3251 5524 3318 5577 ,Η
3370 5525 3494 5595 quia

228 5618 386 5688 quasi
429 5626 630 5669 mutate
659 5616 807 5671 verba
839 5632 857 5669 :
895 5632 996 5669 non
1034 5626 1196 5686 potest
1249 5616 1463 5671 introire
1500 5616 1553 5668 in
1601 5631 1816 5684 regnum
1915 5638 2041 5677 vere
2065 5620 2268 5675 dix‘sti.
2311 5620 2348 5676 l.
2379 5619 2440 5675 5|
2472 5632 2665 5673 sensus
2696 5624 2981 5672 auctorum
3013 5618 3282 5672 variatur.
