3978 6160
510 267 646 322 tam
1852 271 2426 321 AUDI'IAMEN’IUM.
3640 277 3750 332 .2”

575 384 689 439 Col.
731 384 834 438 557
856 384 908 458 _l.
961 385 1013 438 ll
1055 383 1242 437 delicto
1275 383 1506 437 naturali
1541 382 1750 438 ordine.
2114 389 2163 449 Α
2191 390 2337 438 sunt.
2371 381 2408 436 l.
2444 381 2512 437 57
2539 382 2926 455 intelligentiae
2956 386 3331 456 signiﬁcantia.
3377 389 3410 440 Ι.
3441 389 3512 443 85
3544 393 3754 445 ration..-

576 515 688 569 (ἔοι.
730 516 832 568 558
873 514 906 566 Ι.
949 514 982 567 5
1018 523 1319 567 coutuntur.
1348 513 1385 566 l.
1419 514 1486 568 16
1524 513 1577 566 in
1606 513 1719 567 loco
1747 521 1845 568 hoc
1870 529 1936 568 an
1961 513 2087 570 Hic-

1310 553 1319 566 .
1348 513 1385 566 l.
1419 514 1486 568 16
1524 513 1577 566 in
1606 513 1719 567 loco
1747 521 1845 568 hoc
1870 529 1936 568 an
1961 513 2087 570 Hic-
2195 473 2570 570 lia_aPiT?l.ia_
2595 485 2881 570 "1mm":

476 603 806 665 ,rosolymis.
853 601 888 654 l.
920 601 987 655 54
1015 603 1067 655 in
1109 603 1298 657 intimo
1335 601 1534 671 templo
1559 601 1739 657 cordis
1782 602 1864 658 sui
1907 603 1962 656 in
2000 603 2084 657 in-

504 694 815 765 telligentiae
844 710 1071 764 suaeque
1099 693 1420 764 purgabitur
1453 693 1627 764 prius.

2264 564 2381 620 Col.
2417 565 2523 619 542
2555 565 2593 620 l.
2633 565 2668 620 5
2707 575 2766 620 ut
2792 567 2943 637 prius
2970 567 3097 622 inde
3128 569 3326 622 satiati.
3364 569 3400 623 l.
3429 569 3499 624 52
3529 573 3617 626 cui
3657 590 3751 644 gra-

2197 657 2302 712 tias
2331 658 2434 727 egit
2466 656 2574 712 nisi
2606 655 2774 710 Patri.

2262 747 2595 804 601..5451.
2640 749 2701 802 Η
2744 747 2989 820 Colligite
3044 765 3183 819 quae
3240 763 3612 821 superat'emnt
3668 753 3748 810 fra-

571 825 686 881 Col.
728 828 832 881 559
871 827 906 879 l.
949 827 982 881 5
1019 829 1073 881 in
1105 827 1335 882 veritate
1364 827 1688 899 cognitionis
1711 843 1842 883 suae
1897 844 1951 883 se
1991 828 2086 883 ad-
2191 847 2429 911 gmema.

469 917 732 971 Mirantl.
753 917 819 972 14
847 918 1101 988 quoniam
1131 917 1387 974 Domin‘us
1416 919 1700 988 praedixit.
1726 918 1846 990 1.,44
1872 919 2080 976 locutus
2263 929 2376 984 Col.
2419 929 2525 984 544
2565 929 2600 982 1.
2636 929 2802 986 52-45
2842 911 3176 1001 Quamquam
3236 931 3415 986 multis
3436 932 3672 986 —simul
3712 945 3746 987 et

497 1009 558 1060 sit
587 1023 709 1063 cum
736 1009 1072 1069 mulieribus.
2189 1021 2410 1090 piscium
2441 1020 2506 1075 ad
2536 1021 2834 1092 marginem
2889 1021 3160 1090 adscripta
3211 1031 3356 1076 sunt.
3410 1023 3448 1076 Ι.
3496 1023 3564 1078 59
3614 1023 3745 1077 veluti

2186 1119 2309 1182 post
2337 1109 2637 1180 fragmenta
2664 1126 2861 1179 panum
2885 1111 3133 1166 collecta.
3311 1187 3314 1189 Δ

2257 1201 2374 1258 Col.
2415 1203 2521 1258 545
2558 1204 2593 1257 l.
2628 1203 2701 1260 29
2736 1204 3010 1274 reperitur.
3051 1205 3088 1258 Ι.
3127 1205 3190 1258 41
3237 1215 3294 1260 et
3335 1205 3390 1260 in
3429 1222 3577 1264 novo.

2259 1293 2373 1348 Col.
2415 1295 2522 1350 546
2559 1294 2596 1349 l.
2635 1294 2670 1348 2
2710 1311 2958 1352 reversus
2981 1307 3056 1351 est
3086 1297 3138 1352 in
3179 1307 3439 1354 montem.
3483 1298 3517 1352 Ι.
3548 1297 3583 1351 5
3611 1299 3744 1352 mira-

565 1369 680 1424 Col.
722 1369 821 1424 541
867 1370 905 1424 1.
941 1369 1011 1425 25
1048 1369 1249 1423 Mosea.
1291 1369 1325 1422 Ι.
1368 1368 1534 1422 45ο47
1573 1365 1768 1421 Grauis
1821 1366 2078 1436 siquidem

2188 1385 2419 1455 culoque
2446 1395 2667 1456 peracto
2692 1385 2835 1442 solus
2862 1372 3079 1444 iterum.
3111 1387 3148 1442 ι.
3191 1389 3221 1442 7
3254 1397 3601 1460 apponuntur.
3640 1388 3669 1440 Ι.
3693 1387 3742 1442 Η

506 1459 951 1529 —intetligentiae
983 1459 1336 1530 signiﬁcantia
1363 1459 1429 1514 ad
1469 1458 1767 1529 marginem
1807 1457 2078 1526 adscripta
2193 1477 2461 1532 dividam,

2071 1641 2182 1720 ΙΙ.

865 1819 1147 1880 JOANNIS
1183 1817 1380 1877 SCOTI
1419 1817 1895 1875 COMMENTARII
1933 1819 2000 1874 IN
2039 1822 2096 1878 S.
2136 1818 2583 1876 EVANGELIUM
2625 1817 2997 1876 SECUNDUM
3045 1819 3387 1878 JOANNEM.

1828 1909 2317 1967 FRAGMENTUM
2355 1910 2441 1964 IV.

1897 2001 1938 2052 E
1962 2001 2135 2053 codice
2159 2001 2356 2053 eodem.

569 1146 684 1200 Col.
728 1147 833 1201 540
869 1147 907 1200 l.
949 1147 1018 1201 l2
1056 1145 1244 1202 Elevat
1279 1161 1409 1215 ergo
1429 1145 1614 1202 oculos
1651 1159 1800 1209 suos,
1832 1161 1924 1198 nos
1953 1143 2085 1198 edo-

495 1253 626 1292 cens
652 1246 759 1292 cet.
794 1237 828 1290 l.
857 1237 925 1293 28
960 1237 1101 1292 Deus
1125 1237 1460 1306 intemptator
1483 1235 1750 1290 malorum
1772 1243 1872 1290 est.

563 2157 793 2211 Sanctus
831 2148 1144 2204 Ambrosius
1186 2162 1285 2217 per
1319 2146 1622 2217 subjectum
1661 2141 1907 2201 ordinem
1936 2160 2067 2200 enu-
2097 2151 2144 2213 Β
2172 2144 2532 2214 interpellatio
2563 2146 2677 2201 sive
2722 2145 3014 2215 postulatio
3047 2156 3134 2202 est
3160 2147 3372 2217 quaudo
3410 2149 3634 2218 populus
3665 2148 3736 2205 be-

491 2255 667 2303 merat
712 2247 1036 2297 memoratas
1066 2238 1383 2292 orationes:
1417 2237 1712 2300 orationes,
1747 2233 2077 2290 obsecratio-
2183 2237 2482 2302 nedicitur;
2534 2238 2837 2306 gratiarum
2903 2240 3049 2294 actio
3095 2240 3276 2294 omnia
3311 2240 3606 2295 concludit.
3657 2240 3733 2295 Ubi

491 2350 606 2399 nes,
638 2330 1042 2404 postulationes,
1069 2328 1363 2399 gratiarum
1391 2326 1655 2382 actiones.
1682 2325 1925 2381 Orationi
1947 2327 2077 2381 διώ-
2181 2341 2404 2387 sanctus
2435 2331 2768 2403 Augustinus
2808 2334 2941 2388 dicit
2979 2336 3324 2404 precationes,
3360 2337 3533 2390 nostri
3558 2337 3734 2393 codices

423 2471 438 2481 .
487 2427 660 2496 ponit,
690 2423 905 2494 quando
929 2420 1069 2475 bona
1096 2418 1252 2473 nobis
1298 2417 1655 2488 postulamus,
1687 2416 2070 2483 obsecrationi,
2180 2421 2380 2477 habent
2431 2423 2834 2478 obsecrationes.
2885 2424 3281 2490 Obsecrationi,
3313 2437 3373 2481 ut
3416 2426 3613 2482 dictum
3651 2437 3731 2490 est,

489 2519 701 2592 quando
735 2515 1124 2572 absolutionem
1153 2529 1183 2568 a
1233 2511 1409 2576 malis,
1441 2509 1785 2581 postulationi
1834 2525 2072 2580 pugnam
2177 2513 2454 2582 subposita
2488 2522 2572 2568 est
2613 2513 2905 2584 postulatio
2943 2514 2965 2546 ⁸
3017 2529 3048 2568 a
3098 2525 3286 2570 sancto
3334 2515 3618 2571 Ambrosio
3656 2529 3734 2583 pro

487 2621 673 2666 contra
702 2608 880 2664 omnia
906 2607 1150 2662 adversa.
1189 2605 1255 2659 Et
1285 2604 1628 2675 praescribit,
1662 2603 1803 2658 scire
1845 2619 1944 2658 nos
1980 2603 2075 2659 de-
2177 2604 2518 2660 absolutione
2541 2614 2910 2674 peccatorum.
2955 2603 3148 2661 Cetera
3181 2621 3289 2660 uno
3318 2606 3480 2661 modo
3522 2607 3730 2660 nomina-

487 2703 614 2756 bere
681 2699 784 2752 hoc
841 2696 1038 2759 facere,
1094 2693 1310 2764 quando
1341 2694 1395 2747 in
1459 2707 1624 2747 unum
1698 2693 2070 2748 convenimus.
2176 2708 2320 2758 mus,
2351 2703 2410 2747 ut
2436 2703 2754 2763 pra.......st
2792 2694 2904 2748 ‘de
2936 2704 3126 2751 sancto
3147 2694 3468 2766 Augustino.
3498 2696 3731 2751 Eandem-

487 2792 719 2848 Sanctus
745 2787 1076 2856 Augustinus
1101 2785 1172 2838 ita
1201 2803 1212 2837 :
1247 2783 1611 2853 precationes,
1647 2783 1944 2846 orationes,
1988 2783 2073 2839 in-
2175 2800 2282 2856 que
2314 2786 2422 2840 vim
2454 2786 2718 2852 obtinent,
2753 2802 2916 2856 quam
2949 2797 3172 2843 sanctus
3209 2788 3530 2844 Ambrosius
3567 2788 3733 2857 subpo-

485 2863 919 2947 tcrpellatiouesn
978 2875 1121 2940 sive,
1173 2884 1234 2928 ut
1287 2874 1452 2929 vestri
1502 2875 1516 2903 ¹
1574 2873 1788 2929 codices
1847 2874 2069 2938 habent,
2174 2877 2283 2932 suit
2310 2877 2389 2931 eis
2415 2884 2469 2930 et
2494 2877 2547 2930 in
2573 2876 2938 2933 celebratione
2980 2889 3445 2934 sacramentorum
3472 2891 3525 2934 et
3568 2879 3618 2933 in
3651 2891 3729 2932 ce-

485 2969 898 3042 postulationes,
950 2955 1248 3039 gratiarum
1296 2967 1555 3021 actiones.
1601 2966 1666 3020 Et
1713 2965 1890 3022 dicit:
1943 2983 2075 3038 quas
2182 2966 2316 3022 teris
2354 2965 2566 3022 olIiciis.
2614 2965 2672 3022 In
2722 2967 2996 3034 omnibus,
3029 2983 3169 3038 quae
3215 2968 3416 3032 scribo,
3463 2966 3732 3036 suspendar

482 3075 668 3116 ‘omnes
690 3061 710 3091 '
751 3061 858 3115 sive
883 3076 1045 3129 paene
1071 3075 1246 3114 omnes
1270 3057 1290 3089 ³
1331 3059 1621 3129 frequentat
1649 3059 1867 3114 ecclesia
1903 3060 1961 3114 in
1985 3075 2074 3114 so-
2178 3055 2417 3111 virorum
2470 3072 2536 3112 ac
2580 3057 2794 3127 piorum
2819 3058 3041 3114 Patrum
3087 3059 3319 3130 judicio.
3358 3059 3573 3115 Interim
3607 3057 3729 3119 dico.

496 3146 796 3219 tempm'tate
823 3158 1292 3204 sacramentorum.
1326 3146 1572 3203 Precatio
1597 3156 1679 3202 est
1700 3148 1876 3205 omnis
1903 3149 2078 3204 oratio
2177 3161 2317 3216 quae
2341 3147 2537 3202 sentio.
2585 3148 2734 3214 Quae
2775 3158 3011 3220 aguntur
3036 3150 3090 3204 in
3127 3149 3494 3206 celebratione
3540 3151 3728 3215 missae,

488 3250 615 3296 ante
665 3240 792 3296 illud
829 3241 972 3311 quod
1004 3241 1180 3309 agitur
1210 3240 1263 3295 in
1311 3239 1583 3295 dominica
1629 3255 1846 3307 mensa;
1896 3242 2073 3298 oratio
2176 3237 2232 3292 in
2267 3246 2606 3294 sacramento
2640 3239 2941 3295 dominicae
2979 3241 3247 3310 passionis
3271 3252 3520 3312 aguntur.

488 3341 568 3388 est
596 3330 848 3401 quicquid
879 3340 1063 3400 postea
1100 3331 1280 3401 agitur
1302 3344 1469 3400 usque
1493 3329 1560 3384 ad
1590 3331 2067 3398 communionem;
2661 3369 2663 3372 ‹
2748 3331 2930 3387 Cetera
2949 3332 3156 3388 desunt.

1760 3440 2018 3497 VARIAE
2057 3441 2466 3500 LECTIONES.

564 3527 580 3556 ‘
621 3525 778 3605 ϐοᾷ..
811 3528 933 3605 uri;
966 3526 1004 3581 Γ.
1042 3528 1228 3605 nostri,
1258 3534 1316 3580 ut
1349 3525 1508 3605 paulo
1533 3528 1696 3605 post:
1760 3531 1782 3562 ⁸
1980 3534 2169 3605 omnis.
2249 3532 2441 3605 ’_Cod.
2475 3536 2664 3590 omnis.
2769 3535 2792 3567 ⁸
2829 3535 2963 3591 Cod.
3000 3536 3306 3605 postoiatio.
3411 3534 3430 3564 ⁸
3461 3535 3620 3593 Unum
3647 3539 3726 3588 aut

494 3599 598 3653 duo
629 3597 792 3650 verba
819 3597 1042 3652 desunt'
1083 3597 1173 3652 ubi
1202 3595 1509 3662 exstabant,
1536 3595 1851 3654 membrana
1881 3601 2119 3658 abscissa
2152 3603 2447 3674 estsForte
2474 3605 2760 3675 legendum
2793 3615 2849 3661 ut
2880 3595 3204 3671 praedictum
3243 3617 3341 3660 est.
