3978 6160
242 244 379 299 1249

237 429 493 483 omnibus
521 427 917 482 wmmunicare
947 425 1241 478 nitentibus
1270 420 1649 489 Theutgaudus
1671 418 1796 473 Tre-

238 500 479 569 virorum
528 496 1111 569 archiepi_scopus_.__et_
1145 489 1460 569 Zacharias.
1487 490 1804 569 Aeagninns

237 568 547 637 episcopus,
569 565 660 635 qui
685 557 938 638 a'dom'no
964 561 1181 616 Nicolao
1199 557 1499 638 sacerdotie
1527 557 1801 638 denudati,

238 626 406 691 etiam
428 626 813 690 communione
840 639 1145 696 caruerant,
1168 629 1435 696 simulque
1464 626 1805 690 Anastasius,

238 707 334 775 qui
356 706 552 777 dud_um
574 720 608 777 a_
628 703 804 777 Leone
820 702 1211 777 Benedictoque
1231 696 1571 777 pontilieibns
1589 696 1808 777 presby-

242 765 382 829 t'erio
434 774 734 826 denudatus
777 774 917 826 inter
961 765 1140 824 laicos'
1175 765 1574 823 communicare
1616 765 1808 819 solitus

239 854 384 908 erat,
409 843 826 897 ecclesiasticam
857 839 1285 895 communionem
1314 836 1413 908 sub
1440 848 1676 908 congrua
1699 850 1804 908 Asa-

241 904 551 969 tisfactione
598 911 913 979 receperint.
947 909 1114 979 lgitnr
1152 922 1275 961 mox
1316 906 1382 958 ad
1421 904 1806 979 patriarchium

239 983 607 1038 Lateranense
636 974 886 1034 ret'ersus
915 974 1018 1042 est,
1057 986 1111 1031 et
1150 975 1589 1031 consuetudinem
1626 974 1691 1026 ab
1719 987 1806 1036 eo,

239 1070 349 1122 qua
395 1053 727 1122 diversorum
774 1049 1049 1122 xeuiorum
1086 1048 1211 1101 hinc
1259 1046 1382 1099 inde
1429 1042 1808 1122 continentium

240 1110 496 1189 (retentis
542 1121 713 1174 solum
761 1133 880 1187 quae
934 1118 1116 1171 usibus
1154 1128 1464 1189 mensarum
1502 1110 1810 1189 suﬂiceeent

241 1181 508 1263 reliquiis)
555 1190 727 1263 pretia
774 1181 1076 1263 capiuntur,
1107 1182 1593 1263 _exclusit,e.dicens
1637 1181 1810 1263 :_Non

239 1252 723 1331 esse'pium'quod
754 1252 923 1328 gratis
950 1252 1446 1331 accipimuspretio
1477 1252 1807 1331 venundare,

238 1343 298 1385 et
329 1322 834 1385 citatiores'habere
861 1322 1213 1380 rationalibus
1237 1322 1492 1377 fratribus
1525 1322 1812 1374 irrationa-

237 1400 382 1454 biles
438 1413 716 1459 nummos,
767 1412 866 1466 pro
917 1392 1360 1466 quibusChristi
1410 1391 1678 1466 pretioses
1727 1397 1811 1443 est

238 1484 411 1523 cruor
434 1468 654 1523 effusus.
704 1460 810 1520 Sed
850 1460 1319 1535 parvipendantur,
1349 1461 1550 1528 inquit,
1583 1460 1811 1535 obsecro

241 1540 362 1593 haec
392 1538 637 1607 pudenda
675 1529 969 1607 pretiorum
1003 1529 1435 1607 commerciauet
1460 1530 1623 1607 qued
1645 1529 1813 1607 gratis

241 1600 796 1678 accepimus,_gratis,
818 1605 979 1678 juevta
1005 1612 1330 1678 praeceptum
1358 1600 1809 1678 Dmnini,_largia-

246 1669 396 1739 mur,
420 1685 474 1730 et
519 1669 831 1730 oblationes
856 1669 1055 1728 Christi
1099 1669 1219 1725 cum
1266 1669 1381 1736 ejus
1414 1669 1811 1739 hospitibusac

242 1738 498 1828 inopibus
538 1743 855 1828 pertiam'er,
905 1751 1301 1828 proptcrnuo's
1326 1741 1423 1820 has
1459 1739 1613 1820 nobis
1641 1738 1809 1828 l-r‘l‘bl'li

243 1806 502 1871 divinitus
526 1806 743 1869 scimus.
763 1813 804 1866 E
826 1806 1049 1881 vestigio
1072 1806 1233 1864 etiam
1266 1806 1812 1863 Dominicum‘etGri-

244 1886 517 1940 moaldum
547 1885 848 1952 episcopos,
888 1896 1021 1950 quos
1066 1881 1475 1952 decessor‘suus
1499 1887 1696 1952 sancta:
1726 1892 1813 1952 re-

245 1947 744 2022 cordationis-papa
773 1947 1022 2005 Nicolaus
1050 1952 1102 2004 in
1133 1948 1436 2022 Bulgariam
1465 1949 1692 2022 patriam
1733 1947 1815 2001 ire

244 2017 711 2093 pmeceperatfet
736 2037 765 2075 a
791 2038 849 2077 se
893 2022 945 2093 in
995 2022 1111 2089 ipso
1156 2017 1381 2093 artictilo
1423 2018 1505 2093 sui
1538 2019 1816 2093 discessus

246 2086 587 2157 absolverat,
629 2092 828 2161 quique
857 2086 1094 2161 videntes
1123 2089 1253 2161 tanti
1299 2087 1477 2161 Patris
1502 2086 1707 2161 obitum
1739 2087 1818 2139 ire

243 2156 594 2226 distulerant,
642 2156 828 2217 eadem
872 2160 1153 2230 fungentes
1200 2157 1470 2230 legatione
1515 2156 1732 2230 direxit,
1764 2162 1820 2210 et

246 2233 509 2300 quasdam
535 2225 900 2300 epistolarum,
925 2225 1062 2299 quas
1085 2229 1171 2282 ille
1205 2225 1493 2300 mittendas
1523 2225 1815 2300 delegerat,

247 2294 385 2357 utse
428 2294 664 2369 ejusdem
715 2294 1006 2353 voluntatis
1045 2309 1099 2351 et
1142 2296 1305 2369 studii
1344 2294 1458 2349 fore
1487 2296 1815 2357 ostenderet,

247 2387 348 2425 suo
370 2367 587 2443 nemine
626 2371 825 2443 titulari
854 2369 1191 2443 przecipiens,
1224 2367 1278 2443 in
1311 2373 1570 2443 quantum
1595 2373 1816 2443 .tenmpe-

246 2452 365 2495 stas
402 2440 646 2495 ﬂuctuosi
685 2434 941 2509 temporis
978 2434 1343 2508 permittebat,
1382 2434 1608 2504 piissimi
1643 2434 1821 2488 Patris

248 2521 439 2564 votum
464 2512 583 2579 pius
618 2508 1076 2578 lmresimplevit.

326 2599 423 2654 llis
450 2601 517 2654 ab
544 2601 675 2655 urbe
704 2600 969 2663 dimissis,
1007 2598 1260 2654 continuo
1294 2597 1524 2660 exsules,
1563 2595 1825 2651 Gauderio

249 2686 376 2726 cum
404 2669 651 2725 videlicet
672 2669 1044 2735 Velitrensem,
1067 2679 1119 2723 et
1144 2668 1472 2736 Stephanum
1494 2666 1820 2736 Nepesinum

249 2741 568 2810 episcopos,
621 2748 675 2793 et
726 2739 988 2810 Joannem
1038 2745 1392 2810 cognomento
1444 2736 1818 2810 Simonidem,

251 2806 391 2880 quos
421 2806 800 2879 procacissima
838 2809 1063 2872 falsitas,
1094 2806 1438 2880 serenissima
1463 2808 1702 2880 Attgusto
1739 2806 1822 2859 in-

251 2876 477 2941 cusans,
511 2882 669 2935 domo
714 2880 993 2949 patriaque
1026 2878 1431 2948 proscripserat,
1476 2879 1542 2929 ab
1577 2876 1820 2949 _Augusta

253 2951 666 3005 mansuetudine
693 2946 875 3003 multis
902 2946 1247 3017 epistularum
1289 2946 1619 3017 documentis
1648 2946 1822 3014 requi-

252 3034 377 3073 rere
394 3020 613 3082 studuit,
640 3019 843 3084 dicens,
869 3016 1142 3073 se’bnnum
1170 3017 1419 3071 Ecclesia:
1438 3016 1526 3069 Dei
1550 3024 1819 3084 pastorem

250 3090 427 3144 videri
459 3105 561 3142 non
586 3104 762 3158 posse,
792 3089 891 3143 nisi
931 3104 1058 3142 oves
1092 3104 1225 3157 quas
1261 3087 1442 3158 fideles
1485 3097 1682 3139 sanctae
1725 3085 1824 3158 Ee-

254 3159 436 3214 clesiae
465 3154 691 3212 infidelis
721 3160 799 3212 vir
837 3174 932 3225 per
962 3154 1125 3212 suam'
1156 3157 1553 3225 subreptionem
1594 3154 1827 3225 proscri-

254 3230 790 3311 pseraterecepisset.
832 3224 946 3293 Qua
992 3227 1238 3311 religi-osa
1270 3224 1621 3307 suggestione
1658 3224 1831 3304 [artifi-

254 3294 412 3352 catns
441 3294 729 3367 Angustus,
773 3314 875 3351 una
921 3314 1043 3351 cum
1086 3294 1545 3367 Christianiss'ima
1566 3294 1828 3367 conjuge,

257 3383 368 3421 non
397 3364 568 3422 solum
596 3383 710 3431 eos,
734 3375 951 3437 propter
977 3382 1109 3434 quos
1135 3383 1377 3421 summus
1403 3364 1641 3436 pontifex
1671 3366 1833 3437 mise-

256 3446 363 3500 rat,
422 3434 847 3491 ltonorillce‘ad'
885 3437 1074 3490 urbem
1131 3436 1337 3491 remisit
1372 3434 1615 3489 {verum
1664 3434 1828 3488 etiam

254 3521 609 3576 quoscunque
633 3508 838 3575 privata
864 3506 1137 3560 simultate
1168 3515 1417 3576 tanquam
1445 3521 1564 3559 reus
1600 3505 1832 3572 impera-

259 3577 414 3631 toria:
446 3575 761 3646 majestatis,
793 3586 848 3630 et
884 3578 935 3629 in
975 3575 1263 3645 ergastulis
1304 3575 1530 3644 quilibet
1577 3582 1828 3637 truserat,

252 3656 316 3699 ut
347 3654 746 3701 reverterentur
768 3647 1043 3716 prteccpit.

329 3739 461 3793 Post
502 3739 618 3793 hare
662 3754 905 3793 summus
934 3738 1173 3807 pontifex
1228 3737 1502 3791 basilicam
1548 3736 1835 3790 Nicolaita-

254 3823 384 3862 nam
417 3824 577 3878 quam
606 3806 985 3863 sanctissimus
1010 3825 1143 3877 papa
1173 3806 1421 3861 Nicolaus
1460 3823 1489 3859 a
1514 3807 1835 3878 fnndmuen-

257 3878 332 3932 tis
372 3876 504 3933 adeo
528 3878 825 3932 luculenter
867 3893 988 3931 cum
1012 3876 1191 3930 tribus
1225 3877 1627 3945 aquaeductibns
1656 3876 1836 3929 fabre.

255 3946 419 4002 factis
447 3956 809 4013 exstruxerat,
856 3957 914 4001 ut
942 3962 1131 4002 omnes
1167 3946 1562 4000 Lateranenses
1590 3945 1838 3999 basilicas

259 4018 344 4071 sui
374 4018 772 4087 pulchritudine
814 4025 1119 4086 superaret,
1148 4016 1303 4084 juxta
1327 4025 1507 4070 votum
1539 4014 1839 4069 decessoris

258 4088 344 4142 sui
375 4087 602 4155 picturis
632 4087 796 4141 variis
818 4087 1113 4141 decoravit.

334 4175 501 4246 Cujus
519 4177 631 4245 ipse
659 4179 1087 4231 conversationis
1107 4178 1354 4246 exempla
1381 4178 1458 4232 sic
1488 4176 1840 4232 solertissime

260 4248 613 4316 sequebatur,
665 4255 722 4299 ut
748 4247 815 4301 ab
867 4248 1111 4301 hostibus
1162 4248 1336 4301 sancti
1380 4247 1607 4309 Nieulai,
1656 4248 1840 4316 quiin

259 4315 515 4370 omnibus
543 4315 656 4383 ejus
686 4326 801 4369 acta
831 4318 1044 4385 penitus
1073 4316 1363 4387 infringere
1395 4318 1720 4381 nitebantur,
1752 4315 1841 4368 Ni-

261 4387 567 4440 colaitanus
594 4394 647 4439 ct
672 4387 1017 4448 scriberetur,
1043 4395 1097 4441 et
1123 4387 1331 4456 publice
1355 4389 1641 4441 diceretur.
1693 4391 1837 4453 Quo-
1868 4398 1915 4455 ι)

265 4473 385 4510 rum
426 4457 634 4526 scilicet
677 4455 932 4518 hostium,
972 4457 1097 4525 quia
1128 4455 1431 4511 nonnullos
1477 4457 1835 4526 parturientes

265 4525 632 4595 injustitiznn,
700 4535 1017 4594 conceptum
1089 4527 1327 4581 dolorem
1388 4526 1651 4581 etfusuros
1716 4541 1837 4581 esse

264 4611 622 4665 cognoscens,
656 4609 821 4662 penes
852 4611 931 4660 se,
961 4596 1124 4648 veluti
1154 4595 1363 4650 zizauia
1391 4598 1532 4650 inter
1568 4598 1839 4649 frumenta

266 4680 441 4733 usque
464 4665 529 4717 ad
558 4665 884 4733 maturitatis
910 4675 1119 4733 tempus
1142 4667 1531 4733 dispensatorie
1551 4667 1836 4729 retinebat,

267 4731 503 4804 rumore
550 4731 811 4788 fallaciter
858 4731 1179 4804 exsurgente
1227 4731 1499 4790 creditum
1555 4744 1639 4790 est
1698 4735 1841 4803 quod

266 4804 452 4857 omnia
476 4803 772 4857 decessoris
794 4805 875 4858 sui
901 4803 1041 4867 acta,
1070 4820 1190 4872 qme
1215 4805 1300 4858 ille
1322 4806 1435 4859 zelo
1456 4805 1637 4858 divino
1656 4820 1845 4858 sanxe-

268 4882 378 4936 rat,
408 4873 589 4927 hostes
610 4889 737 4927 vero
765 4873 882 4941 ejus
910 4874 979 4927 ad
1007 4877 1253 4942 proprios
1276 4875 1454 4932 libitns
1483 4875 1835 4937 infatuabant,

269 4942 531 5013 voluisset
561 4942 869 5013 infringere.
902 4942 1051 4998 Unde
1075 4945 1273 5001 accidit
1294 4956 1353 4998 ut
1381 4959 1569 4999 omnes
1594 4945 1841 4998 Occiden-

269 5012 461 5064 talium
494 5012 769 5082 regionum
814 5014 1049 5082 episcopi
1099 5014 1367 5082 solemnes
1412 5029 1475 5067 ac
1520 5014 1842 5068 liouoriticas

270 5083 484 5152 litteras
507 5080 814 5135 emittentes
837 5080 1138 5151 religiosam
1165 5080 1282 5149 ejus
1305 5084 1639 5145 memoriam,
1663 5092 1845 5152 utpote

269 5150 586 5205 orthodoxae
607 5158 659 5223 et
679 5165 816 5223 verae
831 5152 1175 5221 philosophiae
1189 5154 1456 5223 pontificis
1471 5150 1759 5223 excolenda
1768 5168 1840 5223 ιιι,

271 5234 489 5273 summo
516 5219 754 5288 pontifici
793 5220 993 5289 jugiter
1016 5219 1365 5277 inculcarent.
1397 5225 1442 5276 Α
1474 5221 1625 5289 cujus
1653 5222 1841 5275 videli-

273 5300 361 5363 cet
390 5290 719 5363 sanctissimi
745 5291 964 5363 A_driani
989 5308 1138 5361 papa:
1179 5292 1421 5363 collegio,
1458 5309 1578 5348 cum
1608 5307 1703 5362 per
1733 5292 1848 5346 dies

273 5359 485 5429 aliquot
498 5359 1091 5433 guidamﬁraecorung
1130 5372 1182 5416 et
1210 5359 1436 5417 aliarum
1461 5359 1698 5433 gentium
1731 5375 1849 5433 ser-

274 5428 467 5482 verum
498 5428 591 5483 Dei
615 5444 712 5498 per
742 5429 792 5483 id
821 5440 1031 5499 tempus
1061 5431 1243 5485 [lernae
1269 5428 1609 5493 morantium,
1629 5446 1686 5484 se
1701 5431 1849 5484 clan-

275 5499 400 5552 culo
430 5500 854 5573 suspendissent,
899 5510 1051 5553 sexta
1097 5501 1229 5555 feria
1262 5501 1846 5573 septuagesimaaidem

274 5568 652 5621 sanctissimus
682 5570 905 5622 antistes
946 5585 1039 5623 eos
1076 5568 1367 5625 secundum
1408 5568 1848 5626 cdnsuetudinem

282 5636 595 5692 refectionis
622 5640 795 5705 gratia
834 5640 993 5692 solito
1027 5641 1206 5709 plures
1250 5657 1474 5696 numero
1508 5641 1844 5696 convocavit.

652 5747 931 5808 ΡΑτιιοι.
981 5747 1236 5808 ΟΧΧΗ.

1515 238 1789 296 NOTlTlA
1829 236 2212 294 lllSTORlCA.

239 359 420 413 dibilis
455 357 664 412 exstitit
699 354 999 415 multitudo,
1033 362 1091 406 ιιι
1120 351 1366 406 certatim
1396 349 1461 403 de
1491 365 1648 403 manu
1674 349 1807 420 _ejus
1837 361 1881 420 Α

3328 239 3465 294 1250

1911 348 2147 415 Quorum
2212 362 2451 402 ommum
2519 348 2767 403 manibus
2824 362 2921 417 per
2972 356 3144 403 semet
3198 348 3475 403 humiliter

1908 434 2103 487 aquam
2134 417 2286 481 fudit,
2331 418 2482 473 cibos
2509 420 2776 487 apposuit,
2814 418 3002 485 pocula
3031 418 3375 483 ministravit,
3418 428 3477 472 et

1906 486 2048 556 quod
2085 487 2285 541 nullum
2313 486 2629 557 pontificum
2668 497 2791 542 ante
2820 503 2879 542 se
2910 488 3105 543 fecisse
3131 497 3374 553 noverat,
3419 497 3478 541 ut

1905 572 1999 612 eos
2028 557 2387 627 promptiores
2424 558 2502 627 ad
2550 558 2831 627 prandium
2879 558 3160 619 redderet,
3211 573 3334 611 cum
3372 557 3480 612 illis

1907 625 2199 698 discubuit,
2241 625 2468 698 canticis
2516 626 2845 698 spiritalibus
2892 627 2963 682 ibi
3009 641 3113 698 per.
3148 634 3319 681 totum
3350 642 3473 698 spa-A

1909 697 2040 750 tium
2063 695 2266 766 jugiter
2289 696 2475 752 laudes
2498 711 2652 750 conci
2667 697 2964 765 rpautibus.

1980 806 2113 859 Dum
2141 806 2466 861 surrexisset
2500 806 2568 860 ab
2592 807 2764 876 epulis
2796 807 2848 861 in
2875 807 3064 863 faciem
3105 824 3259 865 suam
3292 826 3475 866 coram

1907 876 2157 959 omnibus
2195 877 2453 959 preciditz
2478 878 2661 959 dicens
2698 894 2715 959 εΔ
2742 877 2890 959 [iege
2919 893 3033 959 vce,
3067 888 3121 959 et
3163 880 3477 959 suppliciter

1907 946 2152 1008 obsecro,
2195 944 2397 1013 patres,
2430 944 2646 1008 fratres,
2670 953 2723 999 et
2755 944 2869 1010 filii,
2900 957 2959 1000 ut
2987 944 3480 1006 fundatis'Domino

1907 1029 2006 1086 pro
2024 1023 2213 1086 sancta
2253 1015 2515 1086 catholica
2544 1015 2779 1086 Ecclesia
2808 1031 2902 1070 sua
2932 1033 3158 1086 preces;
3188 1021 3356 1075 oretis
3384 1038 3483 1086 pro

1907 1083 2367 1157 Christianissimo
2394 1084 2503 1139 ﬁlio
2525 1094 2709 1157 nostro
2734 1083 3004 1157 Ludovico
3027 1088 3350 1157 imperatore
3370 1083 3484 1145 Ᾰιι-

1908 1163 2083 1223 gusto,
2108 1163 2166 1206 ut
2185 1155 2243 1227 _ei
2270 1155 2409 1209 Deus
2429 1154 2785 1227 omnipotens,
2814 1156 2881 1210 ad
2905 1154 3144 1227 nostram
3166 1169 3479 1227 perpetuam

1908 1238 2116 1291 pacem,
2181 1223 2572 1278 Saracenorum
2640 1223 2801 1278 faciat
2850 1224 3117 1281 subditam
3166 1223 3477 1286 'nationem.

1909 1293 2087 1365 Qretis
2115 1293 2281 1365 etiam
2320 1308 2417 1363 pro
2444 1308 2528 1347 me
2555 1292 2725 1365 fragili
2757 1302 2811 1347 et
2842 1296 3114 1365 imbecilli,
3145 1305 3203 1350 ut
3229 1297 3320 1352 det
3348 1302 3476 1354 mihi

1908 1361 2155 1416 Christus
2177 1361 2429 1418 virtutem
2455 1361 2661 1417 tantam
2680 1363 2930 1419 Ecclesiae
2954 1364 3061 1418 sam
3088 1366 3480 1425 multitudinem

1910 1432 1964 1502 in
1990 1434 2277 1486 sanctitate
2305 1441 2358 1487 et
2380 1433 2586 1502 iustitia
2620 1434 2859 1502 regendi,
2890 1435 2980 1502 qui
3021 1437 3290 1492 commisit
3322 1439 3485 1492 beato

1910 1501 2071 1556 Petro
2100 1503 2343 1577 apostolo
2374 1501 2606 1577 cunctos
2624 1517 2810 1577 regere
2837 1501 2972 1577 quos
3004 1505 3263 1577 redemit;
3293 1520 3486 1577 quate-

1912 1588 2013 1626 nus
2044 1573 2131 1641 qui
2166 1588 2414 1646 curarum
2451 1572 2786 1646 smenlaritim
2828 1572 3044 1646 pulvere
3075 1572 3333 1645 caligans',
3374 1579 3488 1646 ple-

1914 1657 2141 1722 ruinqtie
2176 1642 2445 1722 .spiritaiia
2477 1643 2658 1696 minus
2708 1642 3006 1722 luculenter
3036 1642 3267 1710 intueor,
3309 1642 3487 1722 vestra

1843 1710 1886 1768 Β
1916 1703 2606 1792 ιιιίμίΊιιείξίοινειιἰο,“(ιιιιε
2633 1720 2784 1792 tanto
2826 1714 3041 1792 purier,
3074 1703 3276 1792 quanto
3304 1718 3371 1792 tib
3402 1719 3488 1771 in-

1916 1782 2277 1857 quinamentis
2303 1781 2483 1857 saeculi
2511 1782 2897 1857 remotior_es_t_,
2937 1784 3191 1840 divinitus
3232 1786 3491 1857 suffrage-

1918 1850 2293 1923 tur._Cumque
2314 1851 2402 1923 _illi
2436 1865 2531 1918 pro
2558 1866 2616 1905 se
2637 1851 2815 1923 _magis
2848 1853 2992 1905 illum
3022 1864 3270 1921 oportere
3303 1850 3493 1923 preces

1919 1919 2140 1993 fundere
2169 1919 2527 1981 clamitarent,
2559 1920 2652 1993 qui
2686 1919 2832 1974 tanto
2856 1919 3125 1990 acceptior
3155 1919 3492 1993 apnd'Dcum

1921 1990 2228 2063 haberetur,
2267 1989 2647 2063 quantosolus
2680 2005 2776 2057 pro
2819 1989 3067 2063 omnibus
3095 1994 3147 2047 in
3176 1989 3357 2049 labore
3384 1998 3493 2049 fer-

1918 2060 2149 2135 ventionr,
2164 2059 2385 2135 interna
2410 2060 2603 2135 misera
2613 2060 2753 2135 tione
2777 2059 3079 2135 commotus,
3094 2077 3215 2135 cum
3230 2064 3496 2135 lacrymis

1920 2129 1997 2181 ait
2024 2146 2035 2179 :
2078 2128 2212 2204 Quia
2244 2127 2522 2204 pro_valde
2548 2127 2701 2204 bonis
2727 2145 2906 2193 orare,
2933 2133 3260 2197 charissimi,
3286 2127 3492 2204 gratia-

1923 2214 2041 2251 rum
2070 2198 2309 2270 actiones
2348 2199 2456 2251 Deo
2486 2199 2788 2265 persolvere
2831 2207 2932 2264 est,
2964 2210 3085 2270 peto
3116 2212 3174 2257 ut
3217 2198 3495 2261 (luminum

1923 2277 2153 2335 patrem,
2186 2267 2629 2336 decessoremque
2661 2283 2837 2322 meum
2882 2267 3279 2327 sanctissimum
3308 2284 3363 2328 et
3401 2291 3493 2330 or-

1924 2337 2213 2390 thodoxum
2249 2353 2439 2406 papam
2472 2335 2747 2391 NiColaum
2777 2338 3034 2394 habentes
3072 2342 3124 2395 in
3154 2344 3348 2398 vestris
3376 2361 3499 2399 ora-

1924 2406 2176 2467 tionibus,
2201 2421 2511 2460 communes
2538 2416 2717 2476 grates
2747 2407 2971 2463 Domino
2999 2410 3245 2467 refemtis
3264 2414 3354 2476 qui
3375 2430 3499 2469 eum

1923 2476 2219 2549 Ecclesiam
2249 2477 2712 2549 snamemiseratus
2737 2477 2915 2549 elegit,
2943 2488 2991 2532 et
3019 2481 3081 2534 ad
3096 2476 3495 2549 excludendum

1922 2546 2540 2624 mundiltumidissimes
2584 2546 2858 2624 strepitus,
2907 2548 3266 2624 sieut‘Josue,
3312 2554 3500 2624 clypeo

1924 2615 2274 2690 protectionis
2296 2617 2544 2690 armavit,
2572 2626 2627 2670 et
2643 2616 2820 2690 gladio
2844 2619 3103 2690 spiritalis
3130 2615 3382 2690 potentiae
3399 2615 3497 2677 ἰο-

1926 2688 2154 2756 beravit.
2192 2686 2308 2752 Quo
2349 2687 2531 2743 audito
2560 2686 2735 2741 cuncti
2762 2686 2947 2741 famuli
2983 2686 3217 2756 Domini,
3248 2693 3497 2750 videlicet

1925 2754 2416 2826 Hierosolymitani,
2462 2757 2801 2819 Antiocheni,
2835 2754 3215 2825 Alexandrini,
3256 2778 3320 2817 ac
3348 2764 3493 2817 Con—

1926 2826 2405 2898 stantinopolitani,
2442 2842 2668 2895 quorum
2718 2828 2880 2896 aliqui
2914 2828 3269 2898 legationibus
3314 2834 3497 2888 mundi

1925 2897 2225 2968 principum
2267 2896 2648 2968 fungebantur,
2685 2898 2889 2952 diutino
2917 2896 3131 2968 stupore
3169 2903 3400 2965 attoniti,
3444 2905 3499 2959 in

1925 2981 2111 3039 vocem
2151 2966 2504 3039 clarissimam
2557 2982 2869 3039 prorupere,
2901 2966 3156 3039 dicentes
3187 2989 3198 3023 :
3244 2974 3351 3025 Deo
3378 2990 3500 3039 gra-

1931 3038 2049 3108 tias,
2075 3034 2183 3108 Deo
2212 3037 2432 3108 gratias,
2470 3038 2559 3104 qui
2589 3034 2748 3090 talem
2791 3038 3041 3093 Erclesia:
3070 3055 3179 3093 sua:
3203 3034 3504 3108 prmticien-

1928 3107 2056 3160 dum
2077 3106 2359 3175 diSposuit,
2387 3108 2476 3174 qui
2509 3116 2689 3160 nosset
2717 3109 2798 3161 sui
2825 3112 2992 3177 patris
3019 3118 3070 3162 et
3092 3106 3391 3167 decessoris
3425 3128 3503 3165 re.

1927 3177 2229 3247 verentiam
2252 3191 2371 3247 pne
2388 3177 2557 3230 oculis
2591 3192 2816 3245 ponens,
2849 3193 3065 3247 gregem
3090 3179 3421 3235 Dominicum
3445 3183 3502 3236 in

1928 3248 2073 3316 virga
2122 3255 2175 3299 et
2222 3245 2410 3320 baculo
2460 3262 2724 3320 pascere:
2760 3245 3242 3320 testementnmque
3288 3261 3502 3320 patrum

1931 3334 2037 3391 non
2068 3316 2390 3391 convellere,
2424 3316 2519 3391 sed
2562 3316 2801 3391 implere.
2854 3317 2964 3371 Deo
2994 3316 3217 3391 gratias,
3248 3316 3358 3375 Deo
3384 3337 3505 3391 gra-

1932 3388 2050 3447 tias,
2081 3386 2171 3455 qui
2200 3387 2255 3458 in
2278 3387 2404 3440 sede
2440 3386 2521 3439 sui
2549 3387 2771 3458 apostoli
2804 3403 2907 3440 non
2944 3386 3118 3457 posuit
3145 3386 3502 3458 apostatiéum

1929 3473 2142 3526 papam,
2169 3457 2259 3524 qui
2283 3458 2472 3529 domus
2496 3471 2605 3529 sure
2638 3456 2984 3529 fundamenta
3010 3456 3191 3528 posuit
3210 3477 3315 3513 non
3341 3476 3506 3529 super

1932 3542 2172 3597 arenam,
2204 3526 2295 3580 sed
2333 3542 2495 3595 super
2525 3526 3141 3597 firmissimampetram,
3172 3531 3261 3597 qui
3295 3539 3346 3584 te
3383 3526 3479 3585 suc

1931 3595 2269 3671 cederefecit
2304 3597 2642 3671 sanctissimo
2678 3612 2827 3665 papae
2864 3595 3105 3671 Nicolao,
3150 3595 3263 3671 nec
3292 3601 3504 3671 abejus

1932 3667 2167 3720 decretis
2186 3667 2495 3719 abscedere.
2521 3666 2638 3729 Eia,
2664 3676 2838 3721 cesset
2863 3668 3079 3732 invidia,
3112 3669 3339 3724 mendax
3365 3666 3506 3727 fama

1936 3737 2167 3790 recedat.
2236 3736 2460 3788 Domino
2517 3745 2699 3790 nostro
2743 3737 2980 3792 Adriano
3036 3754 3065 3791 a
3122 3740 3231 3793 Deo
3291 3741 3509 3795 decreto

1934 3821 2144 3858 summo
2174 3804 2432 3874 pontifici,
2456 3815 2510 3857 et
2532 3806 2822 3858 universali
2853 3822 2999 3875 papa:
3025 3809 3133 3860 vita
3157 3826 3171 3861 :
3199 3810 3400 3863 dictum
3422 3821 3509 3865 est

1937 3884 2036 3927 ter.
2074 3876 2314 3943 Cutuque
2368 3891 2527 3928 manu
2593 3876 2865 3928 silentium
2921 3878 3207 3941 innuisset,
3262 3894 3509 3935 summus

1935 3946 2126 4014 przesul
2163 3945 2415 4007 intonuit,
2460 3946 2644 3998 dicens
2695 3963 2707 3997 :
2764 3944 3237 4014 Reverentissitno,
3276 3950 3508 4004 sanetis-

1936 4012 2073 4068 simo
2104 4024 2160 4069 et
2188 4015 2486 4067 orthodoxo
2538 4015 2735 4067 domno
2782 4012 3002 4068 Nicolao
3047 4032 3075 4068 a
3131 4016 3240 4070 Deo
3290 4019 3509 4072 decreo

1937 4098 2148 4139 summo
2176 4084 2412 4153 pontifici
2444 4093 2499 4137 et
2525 4083 2812 4154 universali
2857 4100 3006 4154 papas
3037 4087 3360 4154 sempiterna
3393 4105 3507 4141 me-

1937 4156 2107 4208 moria
2143 4152 2398 4225 {dictum
2428 4162 2512 4225 est
2542 4161 2642 4225 ter.
2674 4152 2825 4225 Novo
2860 4152 2999 4208 Elite
3035 4157 3142 4208 vita
3156 4152 3422 4225 perennis
3460 4167 3515 4211 et

1939 4224 2395 4279 innnarcessibilis
2427 4224 2628 4291 gloria:
2655 4224 2854 4279 dictum
2878 4234 2961 4278 est
2984 4234 3083 4279 ter.
3111 4224 3258 4280 Novo
3279 4226 3513 4281 Phinees

1939 4295 2124 4347 aeterni
2183 4294 2471 4347 sacerdotii
2520 4292 2713 4349 infulas
2772 4296 2999 4349 merenti
3055 4295 3201 4349 salus
3259 4305 3512 4350 (eterna:

1944 4364 2145 4417 dictum
2162 4373 2243 4418 est
2273 4374 2373 4418 ter.
2403 4364 2735 4433 Sequacibus
2753 4363 2867 4433 ejus
2892 4380 2996 4434 pax
3020 4374 3073 4419 et
3092 4365 3284 4435 gratia:
3311 4366 3517 4421 dictum

1940 4447 2022 4488 est
2052 4444 2153 4487 ter.

2008 4522 2174 4591 Igitur
2198 4522 2514 4591 Lampertus
2552 4524 2800 4579 'Vintonis
2834 4523 3003 4588 filius,
3036 4524 3141 4577 dux
3173 4522 3519 4595 Spoletauus,

1940 4600 2182 4664 tempore
2234 4595 2659 4648 consecrationis
2706 4596 2864 4664 hujus
2914 4595 3206 4649 venerandi
3253 4595 3522 4663 pontificis

1942 4661 2240 4736 Romanam
2255 4664 2454 4736 urbem
2484 4674 2679 4736 praeter
2704 4661 3149 4736 consuetudinem
3170 4661 3307 4719 sicut
3344 4675 3536 4736 tyran-

1943 4749 2043 4786 nus
2072 4732 2312 4796 intravit,
2339 4748 2443 4785 non
2476 4734 2822 4794 rebellantem
2847 4736 2985 4788 sicut
3010 4735 3181 4788 victor
3206 4732 3530 4789 satellitibus

1943 4803 2176 4875 suis_ad
2237 4803 2582 4875 praedandum
2646 4804 2961 4875 distribuit,
3020 4806 3282 4875 majorum
3340 4807 3529 4859 domus

1943 4872 2127 4926 multis
2169 4870 2481 4925 muneribus
2521 4874 2780 4936 vendidit,
2815 4873 2973 4927 nullis
3024 4870 3387 4938 monasteriis,
3436 4891 3526 4929 ce-

1944 4942 2122 5015 clesiis
2152 4941 2325 5015 nullis
2356 4943 2619 5015 pepercit,
2651 4944 2893 5010 quinimo
2943 4944 3262 4999 nobilissimi
3312 4946 3528 5015 generis

1944 5012 2148 5081 puellas
2178 5020 2286 5082 tem
2315 5010 2454 5063 intra
2489 5011 2709 5076 Urbem,
2745 5028 2905 5082 quam
2936 5024 3111 5079 extra,
3142 5016 3252 5069 suis
3283 5010 3531 5068 satelliti-

1947 5078 2045 5136 bus
2074 5078 2440 5135 indifferenter
2465 5078 2794 5148 diripiendas
2823 5078 3112 5139 concessit.
3155 5085 3379 5151 Propter
3413 5097 3534 5151 qua:

1948 5152 2087 5219 apud
2137 5151 2405 5220 Augustus
2449 5151 2723 5218 piissimis
2766 5153 3129 5206 Romanorum
3177 5154 3534 5221 querimoniis

1949 5231 2332 5291 praegravatus,
2362 5221 2615 5274 ducatum
2661 5224 2913 5290 perdidit,
2958 5224 3090 5275 iram
3122 5223 3443 5291 principum.
3480 5232 3532 5275 et

1950 5286 2204 5343 invidiam
2228 5305 2363 5359 pene
2390 5286 2707 5347 cunctorum
2734 5292 3029 5353 Gallorum,
3056 5286 3312 5359 tanquam
3341 5307 3534 5346 revera

1949 5359 2094 5413 sedis
2137 5361 2445 5426 apostoliete
2489 5362 2657 5415 hostis
2705 5363 3059 5429 adjudicatns.
3109 5361 3356 5414 incurrit.
3409 5360 3534 5415 Mox

1950 5429 2223 5502 Romanus
2240 5432 2490 5502 pontifex
2532 5440 2681 5502 tanta
2722 5432 3007 5502 tyrannide
3047 5430 3303 5502 liheratu_s
3338 5430 3538 5483 llistal-

1952 5500 2100 5562 dum,
2133 5497 2471 5562 Walterium,
2503 5497 2830 5569 Gilpiann'm,
2868 5500 3109 5555 Odonem
3155 5509 3210 5553 et
3253 5499 3536 5569 Thenper-

1955 5579 2087 5631 tum,
2120 5584 2241 5623 cum
2280 5572 2492 5625 cunctis
2540 5572 2661 5624 aliis
2714 5571 3046 5641 raptoribus
3071 5579 3126 5623 ct
3161 5571 3532 5640 praedonibus,

1954 5654 2231 5707 quousque
2269 5648 2417 5708 rapta
2452 5641 2755 5699 redderent.
2778 5639 2998 5706 'sibique
3036 5639 3280 5699 legaliter
3312 5641 3542 5697 satisfav

3132 5725 3195 5781 ιυ
