3978 6160
531 219 666 275 MSS

1803 199 2152 259 ADRIANUS
2190 202 2364 258 PAPA
2403 204 2466 258 ll.

2983 167 3016 174 —

3621 220 3750 281 1256

527 318 686 373 clesia
713 321 912 390 sanclze
933 311 1145 390 Sophim
1171 313 1365 390 fuerat,
1389 313 1456 368 ab
1484 314 1808 390 imperatore
1838 317 1892 390 in_
1916 317 2100 390 domo,
2131 321 2178 380 Α
2205 317 2478 390 nationem
2528 329 2625 371 nos
2671 315 2912 390 dieentes
2935 313 3306 390 _mendacium_
3329 333 3434 374 non
3475 319 3751 390 loquimur,

567 402 688 441 nam
709 400 834 439 cum
865 384 1078 439 vicarils
1104 385 1555 454 patriarcharum,
1588 385 1831 441 videlicet
1866 386 2098 440 Alexan-

567 403 688 441 uam
709 403 834 439 cum
865 403 1078 439 Vlcams
1104 403 1555 454 patriarcnarum,
1588 403 1831 441 vtueucet
1866 403 2096 440 Alexan-

526 403 704 519 drino,
741 454 1104 525 Antiocheno,
1168 463 1223 510 et
1274 454 1793 524 Hierosolymitano,
1829 455 2096 525 simulque

525 525 829 596 patriarcha
861 523 1084 596 lgnatio,
1117 525 1206 596 qui
1235 541 1358 596 cum
1403 523 1674 593 aliquibus
1703 523 2096 596 ibitresidcb'at,

526 593 716 649 callide
735 593 1252 664 convocatisedere
1269 593 1549 662 juheutur,
1577 603 1632 648 et
1652 594 1802 664 quod
1826 594 2098 664 principes

526 666 872 734 Bulgarorum
903 664 983 718 eis
1021 663 1248 729 litteras,
1278 672 1332 718 et
1352 665 1490 720 dona
1521 678 1618 734 per
1645 663 1888 730 Petrum,
1933 663 2098 719 alios-

525 751 630 804 que
659 734 971 798 direxerint,
1008 734 1250 789 audiunt.

596 827 833 894 Quorum
881 825 1203 896 legationem
1241 826 1562 896 imperatore
1609 827 1948 896 potissimum
1994 842 2094 881 an-

2206 387 2281 463 ita
2310 386 2564 440 nimirum
2587 386 2832 441 eamdem
2855 386 3242 463 Bulgariameu
3270 386 3576 463 Graecorum
3598 386 3752 463 regno

2198 454 2365 527 fuisse
2404 471 2694 527 nunquam
2742 454 3022 526 negamus.
3074 455 3180 527 sed
3227 458 3424 527 intueri
3466 475 3564 514 vos
3589 454 3748 527 decet,

2198 525 2322 647 auia
2369 524 2513 580 aliud
2566 524 2835 580 ordinant
2843 527 2985 647 1intra
3041 526 3269 589 scdium,
3318 526 3460 582 aliud
3486 524 3751 598 patiuntur

2238 594 2492 647 ivisiones
2518 610 2824 647 regnorum.
2889 611 2950 647 os
2972 595 3038 647 de
3065 596 3325 647 divisione
3347 613 3630 647 manorum
3653 617 3748 647 mn

2238 594 2492 668 ivisiones
2518 610 2824 668 regnorum.
2843 594 2950 668 Nos
2972 595 3038 650 de
3053 596 3325 668 divisione
3347 594 3630 668 regnorum
3653 617 3750 658 non

2199 665 2430 734 agimus,
2458 665 2551 718 sed
2581 663 2785 732 dejure
2817 666 3024 720 sedium
3052 665 3342 735 loquimur.

2273 752 2470 808 Vicarii
2495 755 2835 810 orientalium
2863 755 3296 824 patriarcharum
3322 758 3606 814 dixerunt:
3631 759 3748 815 ιιιυά

2197 825 2338 893 quod
2361 824 2514 896 vobis
2559 825 2774 896 diverso
2803 826 2962 896 modo
2989 826 3294 896 Bulgariam
3345 829 3611 896 pertinere
3637 830 3752 884 dici-

525 906 724 950 nuente
771 895 1085 966 suscipiunt.
1115 896 1297 965 sicque
1319 894 1462 964 post
1497 894 1872 952 salutationem
1906 897 2098 966 Petrus
2165 907 2180 932 ι
2201 897 2286 966 tis,
2314 894 2594 966 addiscere
2641 895 2908 966 volumus:
2937 894 3120 966 Legati
3151 894 3358 950 sanctai
3383 897 3634 952 Romana:
3661 899 3750 953 Ec-

529 967 906 1036 Bulgarorunr
938 964 1145 1035 legatus
1205 964 1532 1020 exorditur:
1593 967 1828 1021 Domnus
1873 965 2095 1021 Michael

526 1033 777 1106 princeps
807 1033 1124 1106 Bulgaricus
1169 1037 1388 1106 audiens
1415 1036 1555 1104 quod
1585 1050 1684 1102 pro
1717 1036 1943 1090 utilitate
1971 1051 2096 1091 san-

524 1119 624 1160 ctre
668 1106 760 1160 Dei
805 1105 1060 1175 Ecclesia:
1111 1120 1178 1159 ex
1224 1105 1448 1160 diversis
1492 1106 1731 1175 partibus
1779 1107 2098 1160 auctoritate

524 1177 666 1230 sedis
687 1173 991 1246 apostolicae
1016 1175 1400 1246 conveneritis,
1423 1173 1699 1246 gratanter
1740 1176 1965 1246 accepit,
2003 1191 2096 1246 vo.

523 1244 736 1314 bisque,
763 1245 854 1316 qui
887 1260 967 1316 :ex
994 1246 1145 1316 sedet
1169 1244 1462 1316 apostolica
1510 1245 1674 1316 missi
1705 1244 2011 1316 estis,’quia
2039 1245 2094 1316 in

523 1313 705 1371 vestro
734 1313 960 1386 transitu
991 1315 1179 1386 vestris
1221 1329 1343 1386 eum
1393 1313 1601 1386 li_ttcris_
1629 1315 1868 1386 visitare
1894 1313 2094 1386 dignati

523 1387 672 1449 estis,
707 1383 1026 1452 multiplices
1040 1384 1244 1451 gratias
1263 1383 1391 1454 agit.
1421 1383 1605 1454 Legati
1627 1394 1829 1438 sancta:
1842 1383 2096 1438 Romana:

525 1456 778 1510 Ecclesia:
808 1454 1194 1522 responderunt
1246 1471 1258 1506 :
1302 1454 1410 1508 Nos
1451 1455 1576 1522 quia
1616 1469 1711 1509 vos
1738 1454 1878 1507 filios
1899 1462 2097 1508 sancta:

525 1525 778 1580 Romana:
798 1523 1049 1578 Ecclesia:
1071 1524 1338 1584 novimus,
1363 1523 1680 1594 insalutatus
1703 1539 1796 1579 vos
1819 1524 2096 1594 praeterire

525 1611 699 1664 neque
749 1593 1048 1655 debuimus,
1105 1607 1277 1664 neque
1305 1592 1569 1648 voluimus
1612 1608 1628 1646 :
1677 1592 2092 1664 quos'nimirum

2197 964 2374 1037 clesize
2416 967 2848 1037 reaponderunt;
2879 964 3046 1019 Sedes
3094 967 3411 1037 apostolica,
3445 968 3598 1037 juxta
3623 969 3750 1037 quod

2198 1033 2574 1105 decretalibus
2601 1033 3064 1105 sanctissimorum
3094 1033 3463 1090 Romanorum
3482 1033 3746 1105 praesulatu

2197 1103 2377 1158 doceri
2410 1103 2674 1172 poteritis,
2706 1112 2990 1173 utramque
3019 1105 3262 1174 Epirum,
3287 1103 3747 1173 novam—videlicet,

2198 1182 2560 1245 veteremque,
2581 1182 2856 1245 totamque
2869 1173 3224 1245 Thessaliam,
3241 1186 3403 1245 atque
3424 1175 3744 1240 Dardaniam,

2197 1241 2252 1297 in
2277 1259 2382 1312 qua
2405 1241 2743 1316 etDardania
2770 1241 2968 1316 civitas
2997 1245 3154 1316 hodie
3174 1241 3592 1316 demonstratur,
3613 1249 3748 1316 cujus

2197 1328 2340 1386 nunc
2369 1313 2539 1386 patria
2596 1314 2662 1367 ab
2693 1313 2777 1386 his
2823 1313 3067 1386 Bulgaris
3090 1313 3749 1386 _Bulgariainuncupatur,

2198 1383 2494 1454 antiquitus
2545 1383 2805 1454 canonice
2859 1384 3148 1447 ordinavit,
3199 1383 3253 1438 et
3281 1384 3536 1438 obtinuit.
3565 1383 3639 1440 Ac
3664 1401 3748 1454 per

2198 1452 2302 1506 hoc
2324 1451 2746 1524 ordinationem,
2770 1468 2950 1524 quam
2999 1462 3125 1508 tunc
3154 1468 3485 1524 paganorum
3516 1451 3749 1524 Bulgaro-

2199 1537 2320 1594 gtm
2351 1521 2649 1594 itjruptione
2675 1521 2948 1594 amiserat,
2983 1539 3088 1579 non
3119 1521 3746 1594 a'Constantinopolitana

2201 1591 2473 1654 Ecclesia,
2493 1599 2552 1645 ut
2575 1591 3002 1660 modo-fingitur,
3032 1592 3271 1656 abstulit,
3300 1593 3394 1647 sed
3419 1594 3489 1648 ab
3507 1591 3590 1648 bis
3613 1593 3750 1649 factis

524 1661 708 1719 sancta
733 1664 886 1718 sedes
933 1661 1226 1734 apostolica
1256 1671 1312 1716 ut
1343 1664 1557 1734 pr0pria
1590 1661 1828 1719 membra
1859 1663 2095 1734 comple-
2125 1669 2172 1728 Β
2203 1662 2361 1734 modo
2386 1661 2709 1734 Christianis
2737 1663 2957 1734 recepit.
2989 1661 3239 1734 Secundo
3284 1665 3468 1734 modo,
3495 1666 3616 1732 quia
3642 1663 3750 1719 Bul-

523 1737 704 1789 ctitur.

595 1826 945 1893 Bulgarorum
970 1825 1127 1896 legati
1159 1825 1456 1896 dixerunt;
1487 1823 1668 1896 Usque
1699 1825 1858 1880 hodie
1903 1826 2098 1896 pagani

524 1899 744 1960 fuimus,
775 1907 828 1950 et
855 1893 1122 1966 nuper'ad
1149 1895 1375 1966 gratiam
1397 1893 1822 1950 Christianitatis
1870 1893 2100 1951 accessio

526 1984 686 2022 mus:
724 1965 966 2035 ideoque,
1001 1981 1066 2020 nc
1113 1965 1164 2018 in
1209 1965 1388 2033 aliquo
1431 1979 1614 2035 errare
1664 1966 1964 2030 videamur,
2011 1967 2098 2020 cui

529 2038 778 2091 Ecclesia:
807 2033 958 2090 subdi
981 2037 1289 2092 debeamus.
1317 2049 1347 2087 a
1375 2033 1544 2097 vobis,
1575 2035 1666 2102 qui
1695 2035 1841 2089 vices
1863 2050 2101 2090 summo-

526 2123 644 2160 rum
700 2106 1126 2176 patriarchatlum
1180 2103 1442 2176 geriti_s,_
1479 2118 1637 2176 nosse
1705 2102 2096 2176 desideramus.

525 2171 715 2244 Legati
767 2184 964 2229 sancta:
1014 2171 1268 2244 Romanae
1322 2171 1576 2244 Ecclesia:
1639 2175 2032 2244 respundcrunt
2081 2192 2094 2229 :

527 2238 740 2299 Sanctae
771 2248 1023 2299 Romana:
1051 2238 1322 2306 Ecclesirc,
1351 2242 1436 2296 cui
1480 2257 1576 2312 per
1604 2250 1676 2306 te,
1707 2238 1744 2294 (ἱ
1767 2243 1946 2308 Petre,
1976 2252 2101 2299 tuus

527 2316 708 2380 senior
758 2327 812 2372 et
859 2316 1018 2369 beato
1070 2312 1431 2381 apostolorum
1482 2311 1718 2382 principi
1767 2311 1928 2382 Petro
1974 2329 2099 2368 cum

527 2386 670 2439 omni
720 2385 898 2454 gentis
937 2399 1047 2439 suae
1073 2382 1269 2452 populo
1299 2382 1626 2454 se_tradidit,
1658 2381 1686 2435 a
1712 2381 1864 2452 cujus
1889 2399 2100 2438 succes-

526 2473 665 2515 sure,
689 2450 936 2510 videlicet
957 2450 1173 2524 egregio
1203 2467 1336 2524 papa
1363 2450 1598 2516 Nicolao,
1634 2461 1698 2524 et
1730 2450 1996 2523 praecepta
2013 2454 2099 2524 Avi-

527 2527 701 2586 tendi,
729 2535 782 2580 et
810 2520 1175 2594 episcopos'ac
1197 2520 1540 2594 presbyteros
1559 2520 1833 2594 suscipere
1854 2520 2051 2594 meruit
2081 2541 2096 2576 :

526 2613 622 2649 vos
652 2605 705 2648 et
736 2591 1055 2664 pertinuisse
1097 2602 1152 2647 et
1197 2591 1468 2664 pertinere
1511 2591 1705 2645 debere
1733 2591 1894 2664 etiam
1942 2593 1997 2646 in
2035 2607 2100 2646 eo

525 2661 860 2729 monstratis,
906 2662 1047 2734 quod
1093 2661 1410 2732 postulatos,
1444 2671 1658 2734 nostros
1709 2662 2019 2716 sacerdotes
2045 2671 2100 2734 et

527 2737 862 2804 suscepistis,
914 2731 966 2788 et
1011 2731 1268 2786 hactenus
1315 2731 1662 2786 veneratione
1689 2745 1926 2803 congrua
1971 2732 2099 2786 reti-

526 2822 684 2860 llttllS.

604 2875 954 2945 Bulgagornm
983 2872 1143 2943 legati
1192 2873 1445 2945 dixerunt
1491 2890 1502 2925 :
1555 2871 1598 2924 A
1640 2880 1822 2927 sancta
1851 2871 2094 2926 Romana

527 2943 1116 3001 Ecclesia'saccrdotes
1149 2959 1248 2998 nos
1301 2943 1521 3013 petiisse
1569 2951 1624 2995 et
1669 2957 1991 3012 suscepisse,
2043 2951 2098 2997 et

528 3019 787 3070 hactenus
817 3016 1014 3069 habcrc
1044 3029 1140 3069 nos
1168 3020 1504 3076 conﬁtemur,
1546 3022 1610 3083 et
1639 3014 1718 3067 eis
1761 3013 1814 3066 in
1845 3013 2094 3083 onmibus
2125 3024 2167 3083 ρ

526 3085 742 3141 obedire
767 3085 1132 3148 decernimus;
1159 3099 1342 3138 verum
1372 3094 1550 3136 utrtnn
1581 3081 1834 3136 Romana:
1859 3098 1925 3136 an
1950 3082 2093 3136 Cou—

525 3155 1012 3224 stantinopolitantc
1039 3155 1290 3209 Ecclesia:
1316 3153 1684 3224 rationabilins
1714 3152 1869 3224 subdi
1903 3153 2096 3224 tiebcaf

527 3243 666 3286 mus,
699 3221 818 3278 cuin
849 3225 931 3278 his
959 3226 1391 3294 patriarcharum
1413 3223 1630 3294 vicariis
1652 3221 1899 3294 deﬁnite:
1913 3221 2093 3291 Legati

523 3307 722 3350 sancta:
772 3291 1025 3364 ltontana:
1085 3294 1335 3348 Ecclesiae
1373 3293 1764 3364 responderunt
1809 3309 1823 3364 :_
1869 3291 2097 3364 Propter

523 3383 642 3433 qua:
682 3382 778 3418 nos
825 3361 1022 3418 sanctae
1068 3367 1223 3419 sedes
1267 3361 1556 3433 apostolica
1586 3377 1706 3416 cum
1745 3361 2096 3433 orientalibus

523 3430 826 3489 dillinienla
857 3435 1224 3496 mandaverat,
1255 3430 1480 3487 Domino
1500 3432 1752 3500 juvante,
1787 3430 2089 3500 linivimus;

522 3509 589 3559 de
615 3521 774 3561 causa
800 3515 978 3557 autem
1019 3514 1194 3559 vestra
1227 3519 1331 3557 non
1376 3499 1532 3556 secus
1560 3516 1722 3569 quam
1760 3499 1983 3554 dilliuita
2012 3511 2096 3555 est

522 3577 844 3634 delinietnia,
877 3575 998 3644 quia
1047 3575 1175 3628 nihil
1209 3575 1260 3627 in
1294 3572 1560 3644 mandatis
1589 3571 1913 3644 accepimus,
1959 3572 2094 3625 nihil

519 3645 602 3698 vel
634 3638 941 3704 ditlinimn's,
979 3644 1062 3696 vel
1122 3644 1174 3696 in
1205 3643 1570 3711 prtcjndicium
1612 3647 1810 3711 sancta:
1839 3638 2094 3695 Romana:

521 3715 774 3769 Ecclesia:
831 3709 1220 3766 diliiniendnnr
1267 3709 1567 3764 cénscmus.
1631 3709 1914 3776 Quinimo,
1969 3712 2093 3780 quia

519 3785 694 3837 omnis
722 3791 896 3836 vestra
930 3783 1098 3849 patria
1119 3781 1316 3835 nostris
1336 3781 1702 3834 sacerdotibus
1723 3779 1922 3848 ubique
1938 3779 2092 3848 plena

522 3864 624 3915 ειμι,
652 3853 778 3907 nulli
810 3867 900 3905 vos
920 3853 1018 3905 nisi
1040 3862 1237 3906 sanctae
1264 3851 1514 3904 llontana:
1543 3850 1793 3903 Ecclesire
1819 3851 2093 3918 pertinere

519 3927 734 3983 debere.
768 3922 1042 3976 ditlinitiva
1090 3923 1376 3986 sententia,
1431 3928 1688 3990 quantum
1715 3935 1780 3972 ex
1813 3920 1966 3974 nobis
1991 3929 2089 3985 est,

518 3993 940 4065 promulgantus.

595 4083 790 4140 Vicarii
831 4083 1170 4139 orientalium
1209 4083 1636 4153 patriarcharum
1675 4082 1918 4153 Bulgaris
1945 4083 2095 4138 dixe-

517 4166 643 4209 runt
671 4175 682 4208 :
716 4154 938 4221 Quando
968 4169 1060 4208 vos
1085 4152 1229 4207 illam
1259 4153 1486 4222 patriam
1529 4152 1964 4222 cepiStis,’cujus
1995 4169 2092 4222 po-

517 4226 696 4280 ιιιυιειιί
725 4225 936 4278 snbdita
974 4232 1108 4285 erat,
1157 4232 1212 4276 ct
1254 4233 1432 4277 utrum
1472 4223 1714 4286 Latinos,
1765 4238 1831 4276 an
1877 4222 2094 4278 Graecos

517 4294 826 4351 sacerdotes
847 4294 1116 4358 habuerit,
1139 4293 1337 4348 dicite?
1358 4293 1538 4362 Legati
1569 4292 1919 4362 Bulgarorum
1943 4293 2094 4346 dixe-

517 4375 643 4420 runt
697 4379 710 4418 :

517 4435 683 4489 armis
734 4433 1012 4492 evicimus,
1071 4430 1134 4487 in'
1172 4448 1274 4500 qrta
1320 4448 1424 4486 non
1455 4432 1694 4495 Latinos,
1752 4432 1847 4486 sed
1877 4430 2094 4488 Graccus

517 4505 824 4560 sacerdotes
849 4503 1161 4573 reperimus.
1203 4503 1414 4573 vicarii
1434 4503 1773 4573 orientalium
1803 4501 2091 4573 responde-

519 4584 644 4630 runt
674 4593 685 4627 :
730 4574 786 4627 Si
815 4569 1031 4626 Grfccos
1061 4569 1369 4626 sacerdotes
1405 4571 1476 4626 ibi
1521 4571 1820 4639 reperistis,
1871 4569 2095 4624 manife-

516 4653 657 4698 stum
689 4653 788 4704 est,
818 4644 942 4710 quia
973 4659 1037 4695 cx
1061 4643 1397 4696 ordinatione
1440 4640 1974 4708 Constantinopoleos
2003 4641 2092 4695 illa

517 4714 688 4784 patria
723 4714 838 4766 fuit.
874 4712 1054 4784 Legati
1086 4722 1283 4784 sancta:
1309 4711 1563 4784 ltomana:
1591 4711 1845 4765 Ecclesiae
1872 4725 2091 4779 respon-

517 4782 711 4837 derunt
743 4801 754 4834 :
790 4783 830 4834 Α
861 4782 1062 4837 Graecis
1089 4782 1454 4835 sacerdotibus
1487 4789 1859 4850 argumentum
1883 4795 2094 4838 sumere

517 4870 624 4907 non
646 4854 850 4906 debetis
869 4870 878 4906 :
907 4852 1029 4920 quia
1053 4851 1352 4921 linguarum
1370 4849 1649 4904 diversitas
1667 4849 2090 4921 ecclesiasticum

516 4924 761 4976 ordinent
794 4940 894 4975 non
927 4919 1224 4976 confundit.
1269 4920 1398 4974 Nam
1442 4921 1594 4974 sedes
1631 4919 1944 4987 apostolica,
1970 4935 2093 4973 cum

519 4995 632 5062 ipsa
658 4992 842 5045 Latina
871 4994 960 5056 sit,
991 4993 1042 5045 in
1067 4990 1248 5045 multis
1277 5002 1452 5043 tamen
1487 4989 1614 5043 locis
1636 5005 1732 5058 pro
1765 4989 1969 5042 ratione
1999 5005 2094 5058 pa-

519 5066 636 5118 tria:
665 5063 880 5117 Caecus
934 5063 1240 5116 sacerdotes
1283 5068 1337 5113 et
1381 5074 1593 5126 semper
1638 5066 1691 5113 et
1741 5073 1882 5114 nunc
1925 5073 2095 5127 usque

517 5135 874 5195 constituens,
933 5130 1197 5200 privilegii
1247 5129 1330 5183 sui
1381 5129 1698 5184 detrimenta
1748 5128 1948 5182 sentire
1997 5143 2097 5182 nec

519 5204 698 5266 debet,
723 5219 823 5257 nec
845 5201 1041 5256 debuit.

591 5273 789 5327 Vicatii
853 5267 1193 5324 orientalium
1263 5269 1691 5339 patriarcharum
1757 5267 2008 5339 dixerunt
2075 5281 2088 5320 :

519 5344 740 5398 Etiamsi
809 5341 1118 5396 Gramorum
1194 5336 1630 5408 presbyterorum
1696 5336 2090 5408 ordinationem

518 5415 680 5466 vestri
735 5413 871 5480 juris
925 5411 1088 5463 fuisse
1147 5406 1416 5472 doceatis;
1477 5407 1618 5462 illam
1650 5417 1828 5460 tamen
1860 5406 2088 5475 patriam

518 5485 825 5536 (ὶιτιξοοιιιιιιι
861 5497 1024 5550 regno
1055 5480 1376 5550 pertinuisse
1392 5494 1674 5550 ttunquam
1715 5492 1907 5550 negare
1939 5487 2091 5542 pote-

519 5554 655 5606 ritis.
685 5552 862 5612 Legati
892 5547 1090 5605 s'iillﬁlilt
1115 5549 1366 5600 Romana:
1389 5547 1640 5600 Ecclesia:
1665 5547 2084 5612 responderunt:

521 5622 669 5676 Sicut
721 5622 980 5691 Bulgnix
1015 5622 1166 5674 nobis
1210 5619 1423 5672 diverso
1465 5619 1620 5670 modo
1649 5618 1917 5685 pertinere
1942 5617 2085 5669 ordi-

2201 1732 2339 1800 gari,
2367 1731 2459 1802 qui
2480 1731 2602 1800 jure
2630 1732 2814 1802 gentili
2842 1732 2943 1786 sibi
2973 1733 3202 1802 patriam
3246 1731 3613 1802 subjuganles,
3639 1749 3748 1790 ecce

2202 1816 2301 1874 per
2321 1812 2398 1856 tot
2426 1817 2596 1857 annos
2625 1802 2859 1874 retinent
2901 1803 3041 1874 quod
3076 1811 3350 1871 ceperunt,
3385 1803 3536 1874 sedis
3562 1815 3748 1874 aposto-

2202 1871 2316 1926 lica:
2345 1881 2514 1927 semet
2546 1874 2626 1942 (ut
2658 1872 2908 1940 superius
2935 1873 3191 1938 diximus)
3230 1873 3540 1942 patrocinio
3557 1871 3748 1927 ordina-

2204 1942 2441 2011 tioniquc
2465 1941 2773 2010 specialiter
2802 1941 3409 2011 committentes,’nobis
3434 1941 3630 1997 debent
3665 1960 3748 1996 nec

2201 2010 2487 2082 immerito
2505 2011 2718 2082 subjici,
2745 2027 2880 2080 quos
2918 2010 3165 2082 ultronea
3191 2011 3466 2082 voluntate
3487 2015 3746 2082 magisu-os

2200 2079 2428 2162 elegere.
2462 2079 2645 2162 Tertio
2676 2079 2854 2162 incido,
2898 2081 3023 2152 quia
3053 2083 3268 2162 etisdem
3295 2079 3747 2162 BulgarosISaticu

2201 2153 2356 2205 sedes
2390 2152 2704 2221 apostolica,
2739 2151 2893 2220 jussu
2920 2151 3207 2220 quondam
3249 2151 3578 2206 sanctissimi
3621 2167 3746 2221 papae

2201 2221 2401 2275 do.nini
2441 2221 2680 2292 Nicolai,
2733 2230 2842 2275 tam
2891 2237 2988 2290 per
3038 2221 3245 2291 aliquos
3283 2230 3533 2276 nostrum
3563 2227 3646 2292 qui
3675 2223 3744 2275 hic

2200 2304 2404 2352 sumus,
2436 2291 2543 2345 illic
2571 2291 2770 2346 multas
2823 2292 3080 2345 ecclesias
3107 2292 3430 2352 dedicantes,
3466 2291 3744 2346 sacerdotes

2201 2360 2524 2432 creavimus,
2550 2377 2710 2432 quant
2741 2377 2837 2431 per
2870 2360 3116 2432 Paulum,
3144 2361 3510 2432 Dominicum,
3541 2360 3744 2430 Leopar-

2201 2429 2350 2499 dum,
2383 2446 2446 2484 ac
2480 2429 2796 2485 Fortttosuitt
2840 2431 3171 2486 venerabiles
3217 2431 3527 2499 episcopos,
3573 2429 3655 2485 sed
3700 2443 3745 2484 et

2201 2497 2566 2570 Crimoaldum
2597 2502 2970 2570 coepiscopum
3004 2497 3268 2563 nostrum,
3299 2497 3462 2570 quem
3513 2503 3743 2556 hactenus

2201 2568 2289 2622 isti
2327 2569 2540 2639 Bulgari
2570 2568 2901 2625 cum—multis
2925 2571 3122 2625 nostris
3149 2568 3524 2624 sacerdotibus
3555 2572 3606 2624 in
3632 2587 3740 2625 tun-

2201 2648 2386 2707 spcctu
2418 2649 2603 2693 nostro
2631 2640 2826 2694 habere
2848 2656 2906 2694 se
2932 2639 3055 2695 fassi
3091 2647 3235 2704 sunt,
3262 2655 3292 2692 a
3322 2641 3556 2695 diversis
3575 2641 3746 2694 errori-

2203 2708 2302 2762 bus
2351 2709 2420 2763 ad
2478 2709 2757 2763 catholicae
2809 2709 2930 2764 ﬁdei
2981 2711 3260 2763 veritatem
3321 2708 3494 2763 multo
3551 2711 3744 2775 sudore,

2199 2777 2396 2848 Christi
2425 2779 2596 2848 gratia
2624 2780 2889 2848 praeduce,
2939 2777 3260 2843 tranferens,
3288 2794 3416 2832 ecce.
3445 2781 3584 2833 ultra
3607 2781 3748 2834 trien-

2201 2847 2348 2902 nium
2382 2847 2573 2912 tenuit,
2621 2847 2786 2913 tenet,
2835 2851 3072 2910 ordinat.
3117 2865 3182 2903 ac
3232 2849 3491 2917 disponit.
3543 2851 3745 2918 Ideoque

2199 2932 2534 2988 consequens
2587 2935 2692 2974 non
2747 2928 2852 2982 est,
2904 2929 2960 2972 ut
3015 2919 3131 2972 sine
3178 2919 3510 2972 conscientia
3545 2920 3744 2974 Romam

2199 2989 2394 3059 summi
2428 2989 2700 3058 pontiﬁcis
2736 2989 2974 3059 Ecclesia
3025 2988 3288 3059 Romana,
3319 2988 3386 3042 de
3415 2989 3613 3058 quibus
3632 3005 3747 3059 pra:-

2199 3057 2498 3113 sentialiter
2527 3061 2722 3113 vestita
2754 3058 3014 3123 cernitur,
3044 3057 3322 3127 spolietur.

2274 3149 2468 3205 Vicarii
2510 3150 2862 3206 Orientalium
2907 3149 3336 3221 patriarcharum
3384 3149 3748 3206 dixeruntzAt

2199 3235 2356 3288 quem
2403 3221 2628 3274 istorum
2686 3225 2966 3275 modorum
3017 3221 3174 3274 modo
3231 3221 3548 3288 dispensare
3575 3222 3743 3282 velitis,

2197 3290 2415 3360 edit-ite.
2445 3291 2627 3360 Legati
2673 3302 2874 3346 sanctae
2915 3290 3178 3345 Romana:
3204 3289 3458 3344 Ecclesia:
3489 3293 3747 3360 responde-

2199 3369 2324 3431 runt
2351 3379 2364 3414 :
2395 3359 2596 3416 Sancta
2626 3362 2781 3416 sedes
2804 3360 3237 3431 apostolicavos,
3261 3361 3389 3426 quia
3421 3359 3607 3412 revera
3632 3361 3746 3414 infe.

2199 3429 2370 3485 riores
2394 3431 2544 3501 estis,
2575 3447 2737 3501 super
2765 3427 2861 3485 sua
2889 3445 3052 3485 causa
3095 3427 3308 3501 judice_s
3333 3431 3638 3501 necclegit,
3661 3444 3743 3482 nec

2199 3515 2296 3568 per
2314 3515 2411 3554 nus
2439 3500 2608 3569 eligit,
2636 3499 2823 3569 utpote
2851 3515 2970 3569 qua:
2997 3501 3063 3554 de
3085 3499 3228 3551 omni
3256 3499 3498 3552 Ecclesia
3526 3500 3632 3554 sola
3651 3513 3744 3568 spt-

2197 3569 2408 3640 cialiter
2454 3571 2534 3625 fas
2580 3571 2776 3625 habeat
2799 3569 3074 3640 judicaindi
3120 3585 3134 3620 ε
3179 3569 3274 3622 sed
3303 3583 3497 3640 neque
3527 3569 3669 3623 nobis
3692 3570 3745 3620 de

2197 3639 2298 3693 hac
2323 3655 2486 3694 causa
2514 3637 2835 3695 sententiam
2866 3639 3105 3708 proferre
3119 3639 3406 3692 commisit.
3430 3637 3746 3708 Quapropter

2196 3710 2338 3777 quod
2371 3710 2440 3762 ab
2495 3725 2556 3764 ea
2599 3707 2901 3765 faciendum
2932 3726 3036 3764 non
3088 3709 3414 3776 accepimus,
3443 3709 3564 3775 ejus
3591 3707 3748 3774 cognio

2198 3780 2361 3850 tionis
2377 3779 2583 3848 judicio
2611 3795 2729 3850 qua:
2759 3780 3015 3850 librorum
3065 3778 3461 3850 multiplicitate
3494 3778 3563 3830 ad
3585 3778 3746 3831 delen-

2197 3847 2404 3904 sionem
2445 3852 2530 3904 sui
2581 3847 2746 3904 multa
2779 3848 3019 3918 proferre
3044 3847 3320 3916 praevalet,
3345 3862 3409 3900 ex
3441 3847 3651 3918 integro
3672 3859 3744 3918 re.

2198 3933 2508 3983 servamus;
2540 3935 2570 3973 a
2599 3935 2701 3988 qua
2729 3915 2905 3973 omnis
2935 3915 3109 3988 vestra
3158 3918 3422 3988 sententia
3453 3915 3604 3970 tanta
3631 3915 3744 3969 faci-

2196 3989 2346 4043 litate
2367 3984 2680 4060 despicittir,
2708 3998 2907 4058 quanta
2943 3987 3158 4042 levitate
3178 3984 3467 4056 profertur.

2269 4080 2464 4135 V’icarii
2491 4082 2843 4136 Orientalium
2867 4081 3295 4151 patriarcharum
3319 4081 3575 4151 dixerunt
3591 4096 3603 4130 :
3621 4076 3747 4151 Satis

2196 4152 2452 4206 indecens
2475 4161 2580 4213 est,
2610 4161 2668 4204 ut
2705 4167 2822 4214 vos,
2869 4148 2963 4220 qui
3012 4150 3322 4205 Graecorum
3371 4150 3650 4220 imperium
3677 4148 3754 4199 de-

2198 4230 2510 4282 trectantes,
2529 4222 2857 4276 ancorum
2888 4219 3185 4274 l'mderihus
3204 4219 3498 4279 inhaeretis,
3525 4219 3578 4271 in
3607 4229 3754 4284 regno

2197 4291 2367 4360 nostri
2400 4292 2658 4360 principis
2676 4291 2958 4345 ordinandi
2979 4289 3103 4358 jura
3134 4289 3382 4360 servetis.
3425 4287 3755 4355 Quapropter

768 4363 872 4443 Nos
925 4363 1082 4443 illam.
1118 4363 1346 4433 patriam
1395 4359 1774 4443 a'_Cr:.ccor'um
1827 4370 2092 4443 potestate
2124 4367 2170 4424 ι)
2197 4359 2548 4443 Ιξιιιβιιτοςιιρι
2578 4359 2834 4443 patriam,
2863 4375 3022 4430 quam
3053 4375 3118 4414 ex
3160 4359 3467 4443 Graecorum
3493 4364 3754 4438 potestate

2198 4427 2397 4482 dudum
2429 4427 2614 4493 fuisse,
2664 4439 2717 4484 et
2761 4427 2976 4484 Graecos
3007 4430 3316 4483 sacerdotes
3345 4427 3600 4481 habuisse
3621 4441 3754 4480 com-

2200 4499 2460 4566 perimus,
2517 4509 2718 4573 sauctae
2759 4499 3011 4553 Ecclesia:
3059 4496 3751 4573 Constantimpoligmtma

2198 4565 2302 4638 qua
2331 4583 2426 4636 per
2456 4569 2826 4638 paganismum
2859 4578 3174 4638 recesserat,
3205 4580 3348 4620 nunc
3381 4581 3476 4633 per
3505 4565 3756 4638 Christia-

2200 4635 2431 4707 nismum
2455 4635 2661 4693 restitui
2683 4639 3006 4707 judicamus.
3041 4637 3220 4707 Legati
3246 4644 3480 4707 sancta:
3509 4635 3756 4687 Romana:

2200 4705 2848 4781 Ecclesizereclaniantes
2870 4705 3136 4781 digerunt
3173 4721 3187 4758 :
3239 4705 3578 4759 Sententiam
3607 4717 3753 4781 quam

2200 4791 2304 4849 non
2326 4777 2500 4849 electi,
2519 4793 2708 4849 neque
2731 4776 2980 4849 admissi,
3023 4779 3134 4849 sive
3188 4783 3424 4849 tumore,
3451 4789 3547 4849 seu
3575 4776 3753 4849 gratia.

2199 4847 2283 4900 vel
2309 4848 2568 4916 quidquid
2616 4845 2746 4901 illud
2798 4857 2900 4909 est,
2949 4847 3106 4899 modo
3164 4845 3546 4916 prtecipitastis
3593 4845 3757 4912 potius
3821 4897 3831 4913 ⁸

2197 4913 2705 4988 quamprotulistis,
2735 4913 3280 4988 auctoritatc__sancti
3334 4914 3573 4988 Spiritus
3601 4923 3756 4988 usque

2198 4985 2264 5039 ad
2308 4985 2675 5040 diuinitionem
2733 4996 2938 5040 sancta:
2988 4985 3130 5038 sedis
3184 4985 3493 5053 apostolica:
3551 4985 3758 5053 omium

2200 5055 2576 5118 rescindimus,
2608 5057 2681 5108 ita
2713 5065 2770 5109 ut
2820 5056 2964 5108 nullo
3009 5055 3167 5108 modo
3215 5051 3298 5105 vel
3343 5067 3538 5106 nomen
3572 5051 3759 5102 habere

2199 5127 2478 5195 gententiae
2523 5137 2816 5180 mereatur.
2845 5123 3026 5192 Teque
3077 5125 3412 5195 adjuramus,
3455 5118 3755 5195 patriarcha

2199 5191 2393 5263 Ignati,
2424 5195 2742 5249 auctoritate
2785 5188 3092 5248 sanctorum
3130 5188 3516 5263 apostolorum
3569 5188 3752 5258 princi-

2195 5261 2534 5338 pum__coram
2568 5265 2696 5327 Deo.
2727 5264 2945 5334 suisque
2987 5261 3214 5338 angelis,
3239 5261 3600 5338 omnibusque
3633 5270 3757 5338 prte-

2195 5325 2438 5388 sentibus
2487 5325 2875 5396 contestamur;
2907 5341 2967 5386 ut
2995 5325 3286 5403 secundum
3318 5333 3458 5403 hanc
3484 5325 3755 5403 epistolam

2194 5403 2522 5458 sanctissimi
2569 5405 2896 5458 restitutoris
2947 5403 3022 5456 tui
3072 5401 3253 5456 domui
3299 5399 3522 5454 Adriani
3571 5399 3751 5451 summi

2192 5475 2477 5540 pontilicis.
2510 5486 2670 5542 quam
2701 5475 2794 5527 tibi
2817 5486 2944 5528 ecce
2973 5470 3268 5532 oti‘crimus,
3297 5470 3560 5542 industria
3587 5477 3677 5520 tua
3699 5462 3757 5514 ab

2190 5539 2335 5596 omni
2360 5539 2608 5611 Bulgaria
2629 5543 2969 5597 ordinatione
2993 5542 3284 5594 immunem
3319 5548 3396 5602 te,
3425 5539 3628 5611 nullum
3651 5544 3758 5585 tuo-

2191 5627 2311 5666 rum
2343 5609 2774 5678 illndntitteudO,
2799 5612 3088 5677 custodias,
3119 5627 3186 5665 ne
3231 5620 3419 5666 sancta
3448 5609 3604 5664 sedes
3636 5615 3755 5670 ερο-
