3978 6160
238 355 379 410 1257

1513 344 1785 403 ΝΟΤΙΤΙΑ
1826 346 2183 402 HISTORICA
2196 387 2208 399 .

3349 353 3487 411 1258

234 464 445 526 stolica,
496 477 617 535 quae
658 462 750 517 tibi
784 469 891 535 tua
948 463 1205 535 restituit,
1235 479 1331 534 per
1359 472 1415 535 te
1458 479 1553 518 sua
1581 465 1809 535 perdere
1840 466 1885 525 A
1913 465 2055 519 lihus
2080 464 2255 534 regias
2276 479 2491 535 quoque
2519 462 2730 516 litteras
2751 460 2965 525 obtulit,
2992 475 3258 535 summum
3288 476 3490 535 pnes-if

233 536 500 597 videatur,
532 533 658 601 quin
687 533 884 602 potius,
912 535 975 595 si,
997 534 1139 602 quod
1163 533 1267 589 non
1292 533 1595 594 credimus;
1605 534 1808 602 justam

232 612 287 658 te
314 605 517 657 habere
563 604 954 670 querimoniam
1008 605 1266 666 aestimas,
1317 614 1517 659 sancta:
1557 604 1816 659 Romanae

232 672 487 745 Ecclesiae
517 672 831 728 restitutrici
882 682 984 730 tua:
1030 673 1342 729 solemniter
1372 688 1662 745 suggerere
1708 690 1813 729 non

229 743 469 798 omittas.

305 814 456 883 Tunc
487 812 793 883 patriarcha
821 812 1080 883 lgnatius,
1127 812 1477 883 apostolicam
1528 812 1812 883 epistolam

228 882 554 1004 suscipiens,
608 882 736 936 licet
785 882 1111 951 magnopere
1156 882 1464 937 admonitus
1489 898 1607 936 eam
1637 882 1815 952 legere

229 953 374 1004 distu
402 954 553 1004 isset.
600 952 877 1004 resuondit
910 972 923 1004 :
954 952 1110 1004 Absit
1137 968 1165 1004 a
1199 967 1308 1004 me.
1335 961 1393 1004 ut
1424 967 1522 1004 eeo
1569 953 1651 1004 his
1679 968 1813 1004 orm-

229 952 553 1016 distulisset,
600 952 877 1020 respondit
910 972 923 1006 :
954 952 1110 1007 Absit
1137 968 1165 1005 a
1199 967 1308 1015 me,
1335 961 1393 1005 ut
1424 967 1522 1022 ego
1569 953 1651 1006 his
1679 968 1813 1021 prze-

226 1022 626 1090 sumptionibus
654 1030 839 1076 contra
867 1022 1113 1091 decorem
1145 1031 1346 1075 sanctae
1371 1023 1516 1076 sedis
1562 1022 1814 1091 apostoli-

226 1107 308 1172 ca;
335 1092 593 1172 implicet,
638 1092 740 1172 qui
792 1106 898 1172 nec
934 1092 1008 1144 ita
1045 1090 1628 1172 juveniliter.ago,rut
1677 1092 1810 1172 mihi

223 1161 434 1226 subripi
474 1162 673 1225 valeat,
717 1175 819 1214 nec
867 1161 936 1214 ita
996 1161 1234 1215 seniliter
1280 1161 1472 1225 deliro,
1504 1168 1561 1213 ut
1591 1162 1731 1229 quod
1759 1164 1810 1215 in

222 1231 348 1301 aliis
378 1231 773 1301 reprehendere
802 1231 971 1284 debeo
1001 1231 1113 1301 ipse
1156 1231 1510 1285 committam.
1562 1230 1675 1287 Hoc
1705 1231 1812 1286 ﬁne

221 1298 516 1355 collocutio
549 1300 633 1353 illa
658 1298 807 1353 ﬁnita
840 1308 940 1355 est.

298 1370 404 1425 Sed
437 1369 730 1440 imperialis
754 1370 1064 1435 commotio,
1094 1369 1219 1425 licet
1245 1384 1395 1438 Spem
1432 1369 1607 1424 fronte
1636 1370 1811 1424 famu-

221 1440 382 1503 laret,
414 1448 762 1510 augmentum
811 1440 1064 1510 suscepit.
1104 1440 1334 1510 Legatos
1379 1449 1559 1492 tamen
1607 1449 1809 1495 sanctae

222 1510 483 1563 Romana:
502 1509 756 1563 Ecclesiae
775 1509 839 1561 ad
862 1510 1145 1579 prandium
1168 1509 1471 1563 convocans
1493 1510 1647 1563 donis
1668 1511 1807 1579 opti-

219 1580 328 1633 mis
352 1580 627 1633 decoravit
654 1593 878 1648 ,eosque
921 1578 1224 1634 Theodosio
1272 1579 1566 1648 spathario,
1604 1578 1717 1634 non,
1744 1595 1805 1635 ea

218 1664 327 1716 qua
352 1648 689 1729 congruebat.
714 1647 1090 1729 sollicitudine,
1119 1647 1417 1729 deducendi
1464 1650 1807 1729 gratia-eom-

219 1718 518 1781 ntendavit,
545 1717 1003 1788 Acodyrcharium
1034 1733 1204 1788 usque
1250 1717 1513 1787 perducti,
1568 1720 1805 1787 neligen-

220 1797 416 1854 terque
439 1788 555 1841 sine
581 1787 1019 1858 ullakprovisione
1046 1787 1272 1841 dimissi.
1295 1788 1426 1841 Post
1459 1788 1573 1842 dies
1599 1790 1803 1858 aliquot

214 1859 557 1926 navigantes,
591 1858 642 1910 in
676 1855 990 1911 sclavorum
1037 1858 1249 1913 deducti
1300 1872 1510 1922 manus,
1539 1855 1799 1926 proh—do-

216 1926 336 1981 lor!
392 1928 717 1997 inciderunt,
769 1927 1031 1997 bonisque
1064 1928 1348 1997 omnibus,
1373 1942 1438 1980 ac
1467 1929 1799 1993 authentico,

214 1997 271 2051 in
303 2012 413 2065 quo
461 1996 886 2065 subscriptiones
929 1995 1168 2050 omnium
1223 1995 1454 2066 fuerant,
1509 1998 1800 2066 exemplari

214 2067 477 2121 denudati
526 2076 671 2131 sunt,
700 2068 907 2136 ipsique
935 2066 1112 2135 capite
1139 2066 1280 2135 plexi
1323 2065 1573 2127 fuissent,
1600 2065 1702 2121 nisi
1733 2068 1802 2123 ab

212 2136 307 2189 his
360 2137 449 2204 qui
478 2152 542 2190 ex
573 2136 678 2189 illis
701 2135 1039 2206 aufugerant,
1075 2136 1174 2206 sibi
1206 2136 1528 2189 timuiSseut.
1558 2135 1799 2206 Tandem

216 2207 538 2274 apostolicis
566 2204 1051 2275 imperialilmsque
1092 2204 1293 2275 litteris
1339 2206 1409 2258 ab
1453 2206 1642 2260 exsilio
1667 2205 1801 2261 libe-

214 2273 356 2342 rati,
406 2286 462 2331 et
513 2273 797 2330 undecimo
852 2274 1214 2329 Kalendarum
1266 2273 1646 2329 Januariarum
1691 2277 1798 2341 die,

212 2344 516 2401 indictione
545 2354 761 2414 quarta,
798 2345 1022 2415 Romam
1054 2345 1279 2415 reversi,
1299 2345 1478 2397 omnia
1497 2360 1626 2414 quae
1650 2360 1806 2415 supe-

213 2415 338 2469 rius
362 2413 598 2469 diximus
626 2431 811 2469 coram
845 2413 1187 2483 sanctissimo
1218 2429 1426 2468 summo
1452 2413 1801 2483 pontifice'ac

210 2486 537 2552 proceribus
566 2485 883 2546 retulerunt,
918 2482 1155 2549 nihilque
1196 2483 1343 2553 aliud
1384 2482 1797 2553 scripturarum,

211 2570 381 2622 quam
413 2554 607 2608 librum
631 2555 860 2609 actionis
884 2553 1097 2622 lgnatii,
1120 2563 1175 2606 et
1194 2552 1402 2608 libellos
1430 2552 1565 2622 quos
1589 2568 1617 2607 a
1648 2553 1804 2608 Scla-

211 2625 301 2678 vis
354 2634 692 2693 receperant,
737 2632 791 2678 et
838 2621 1070 2690 reliquos
1124 2621 1331 2677 libellos
1371 2621 1505 2690 quas
1561 2622 1798 2693 Supponi

213 2692 647 2758 archiministro,
679 2703 733 2748 et
762 2693 1047 2746 Anastasio
1074 2692 1496 2761 prudentissimo
1519 2692 1803 2749 bibliothe-

212 2763 370 2817 cario
390 2764 753 2834 sanctzr._sedis
776 2762 1080 2834 apostolicae
1096 2762 1272 2834 (cujus
1291 2762 1642 2834 prmseientia:
1669 2763 1797 2834 [for-

211 2832 610 2903 te,pr:esentis]
643 2833 1001 2904 sollicitudine
1038 2832 1317 2904 exemplar
1345 2832 1796 2904 amissa9_syriodi,

209 2904 361 2971 quod
386 2904 488 2957 sibi
505 2904 847 2958 scribendum
870 2902 1271 2970 impetraverat,
1291 2902 1526 2957 Ecclesia
1556 2902 1799 2958 Remana

207 2975 476 3041 suscepit)
505 2975 703 3027 dudum
752 2971 1218 3042 Constantinopoli
1263 2972 1797 3040 commendaverant,

203 3060 266 3097 os
279 3045 503 3096 tendere
530 3051 834 3110 potuerunt.

286 3111 581 3235 Superiore
607 3122 847 3180 tempore
865 3111 1158 3165 Formosus
1181 3110 1498 3167 Portuensis
1519 3121 1574 3168 et
1599 3112 1797 3168 Paulus

202 3181 364 3235 Ροου
389 3184 628 3235 oniensis
654 3181 990 3235 venerabiles
1012 3181 1272 3235 eoiscoui.
1303 3182 1393 3235 oui
1422 3198 1543 3235 cum
1588 3184 1797 3235 caeteris

254 3198 364 3251 opu

199 3250 364 3322 jussu
396 3252 726 3322 sanctissimi
755 3266 907 3321 papa:
960 3250 1162 3304 Nicolai
1191 3250 1373 3322 causa,
1402 3253 1798 3321 praedicationis

206 3322 470 3376 destinati
528 3321 766 3389 fuerant,
821 3329 1123 3375 remeantes
1150 3321 1216 3376 de
1251 3321 1655 3379 Cbristianitate
1679 3324 1801 3381 Bul-

205 3407 490 3463 garorum,
519 3407 583 3446 ac
600 3391 922 3463 omnimodar
955 3390 1302 3463 subiectione,
1334 3408 1437 3460 qua
1485 3394 1792 3463 specialiter

206 3471 417 3515 sancta:
443 3461 701 3516 Romanae
720 3461 976 3516 Ecclesia:
991 3461 1337 3516 devotissirha
1358 3463 1496 3517 colla
1514 3461 1790 3518 submise-

206 3540 356 3595 rant,
389 3532 570 3586 sedem
614 3531 962 3599 apostolicam
1019 3540 1354 3594 recrearunt,
1421 3541 1475 3588 et
1516 3532 1791 3589 Michaelis

204 3600 481 3672 Bulgarici
525 3603 667 3672 regis
715 3601 967 3672 legatum,
1004 3599 1237 3672 ‘Petrum
1285 3602 1526 3667 nomine,
1573 3616 1789 3659 summo

201 3668 451 3742 pontifici
478 3668 887 3742 praesentaran
915 3668 1017 3737 Qui
1068 3669 1273 3742 legatus
1301 3686 1423 3727 cum
1447 3672 1603 3729 donis
1632 3688 1785 3745 rega-

1916 535 2021 587 lem
2068 530 2421 602 summopere
2461 534 2827 600 deprecantes,
2867 537 2927 585 ut
2974 540 3066 584 aut
3094 530 3357 586 Marinum
3387 530 3488 583 sibi

1916 605 2053 658 bene
2081 613 2413 673 compertum
2463 603 2746 673 diaconum
2790 602 3247 673 archiepiscopum
3299 615 3492 673 consc-

1916 682 2124 727 cratum
2154 670 2469 736 remitteret,
2498 682 2589 726 aut
2618 672 2847 740 aliquem
2875 686 2939 724 ex
2966 670 3329 725 cardinalibus
3355 670 3490 723 dun—

1918 750 2067 796 taxat
2085 758 2195 797 sum
2217 742 2457 797 ecclesiae
2486 743 2660 795 virum
2695 742 2977 811 sapientia,
2999 756 3248 811 persona,
3273 741 3489 811 vitaque

1916 813 2375 883 archiepiscopatu
2435 809 2827 883 dignissimum
2870 809 3112 879 Bulgaris
3182 809 3488 883 eligendum

1915 881 2191 951 dirigeret,
2214 898 2374 953 quem
2395 879 2514 951 post
2544 879 3360 953 approbationemearumdem,
3394 880 3489 933 de-

1914 949 2373 1005 nuo‘remeantem
2399 949 2848 1021 archiepiscopali
2882 951 3186 1021 ministerio
3210 949 3488 1021 sublima-

1914 1030 2017 1074 ret.
2048 1021 2154 1073 Sed
2202 1021 2405 1075 Marino
2452 1019 3104 1088 Constantinopolitanum
3153 1019 3486 1088 missaticum

1912 1090 2278 1155 devotissime,
2308 1100 2366 1144 ut
2395 1092 2647 1151 diximus,
2694 1086 2907 1154 sortito,
2967 1105 3208 1144 summus
3247 1086 3487 1158 pontifex

1914 1160 2234 1215 Silvestrum
2288 1161 2575 1228 quemdam
2626 1159 2876 1227 Bulgaris
2924 1160 3224 1228 eligendum
3266 1158 3484 1219 direxit,

1912 1245 2070 1299 quem
2096 1245 2215 1284 eum
2249 1230 2529 1298 Leopardo
2561 1230 2918 1299 Anconitano,
2946 1239 2999 1282 et
3044 1228 3323 1299 Dominico
3355 1228 3488 1280 Tar-

1910 1298 2130 1354 visiensi
2161 1301 2444 1367 episcopis,
2466 1300 2697 1353 simulet
2728 1298 2936 1354 litteras
2955 1315 3052 1367 pro
3081 1298 3488 1367 archiepiscopo

1911 1378 2003 1422 aut
2029 1366 2289 1423 Formoso
2317 1366 2596 1423 Portuensi
2636 1369 2886 1438 episcopo
2934 1366 3257 1438 remittendo
3286 1368 3484 1435 impor-

1911 1439 2194 1509 tunissime
2228 1441 2577 1509 deprecantes
2608 1437 3005 1509 remittentibus
3028 1437 3270 1509 Bulgaris
3292 1452 3482 1509 magna

1910 1509 2011 1561 sub
2036 1506 2322 1563 velocitate
2347 1509 2567 1578 recepit.
2594 1508 2800 1574 Quibus
2840 1509 2983 1562 inter
3008 1507 3260 1561 nonnulla
3289 1506 3487 1578 rescrio

1909 1578 2036 1646 psit,
2064 1585 2122 1630 ut
2142 1576 2520 1648 quemcunque
2544 1579 2859 1633 nominatim
2899 1578 3111 1632 devotio
3158 1576 3352 1648 regalis
3370 1592 3488 1648 _ex_-

1908 1645 2190 1715 primeret,
2219 1664 2341 1703 eum
2390 1645 2508 1703 sine
2562 1649 2725 1702 dubio
2757 1648 3078 1717 pontiﬁcalis
3108 1645 3343 1717 provisio
3369 1645 3488 1698 Bul-

1907 1717 2054 1784 garis
2079 1718 2545 1787 archiepiscopum
2567 1716 2954 1773 commOdaret.
2981 1718 3049 1771 At
3077 1731 3204 1771 vero
3231 1716 3487 1787 Bulgaro.

1908 1802 2026 1856 rum
2056 1803 2151 1841 rex
2195 1789 2658 1856 exspectationum
2708 1802 2889 1842 moras
2943 1787 3148 1842 diutius
3194 1787 3334 1841 ferre
3377 1802 3481 1840 non

1904 1855 2110 1920 valens,
2139 1858 2206 1911 ad
2233 1855 2542 1914 Graecorum
2593 1858 2995 1925 imperatorem.
3026 1866 3277 1911 natorum
3304 1857 3484 1912 Theo-

1906 1926 2051 1997 dorae
2074 1928 2360 1997 occasione
2381 1927 2584 1980 alterna
2615 1942 2778 1995 regna
2813 1926 2915 1997 sibi
2951 1926 3262 1997 alternatim
3294 1942 3486 1997 rapere

1903 1995 2351 2057 machinantium,
2381 1997 2668 2059 adductus,
2703 1996 2949 2049 eumdem
2982 1996 3224 2061 Petrum,
3254 1995 3415 2064 quem
3453 2013 3481 2049 a

1902 2064 2073 2118 Roma
2101 2066 2218 2119 sine
2240 2065 2490 2119 desiderii
2521 2065 2601 2118 sui
2628 2064 2817 2119 effectu
2866 2079 2987 2119 sero
3032 2074 3329 2134 receperat,
3360 2082 3483 2120 cum

1905 2134 2026 2188 aliis
2065 2150 2095 2187 e
2150 2135 2321 2189 latere
2366 2149 2464 2189 suo
2517 2134 3063 2204 Constantinopolim,
3117 2136 3486 2204 requisitiouis

1904 2204 2075 2272 gratia
2097 2206 2179 2258 cui
2236 2204 2573 2272 potissimum
2621 2204 2867 2272 Bulgaria
2920 2206 3190 2273 pertinere
3240 2206 3479 2267 deberet,

1905 2273 2103 2336 emisit,
2148 2274 2328 2342 ibique
2358 2290 2387 2326 a
2416 2273 2605 2343 legatis
2651 2274 2870 2337 nostris,
2898 2276 3042 2342 quod
3089 2274 3197 2342 juri
3240 2275 3486 2330 Romano

1902 2344 2258 2414 pertinerent,
2283 2351 2409 2414 sunt
2433 2343 2693 2414 convicti;
2727 2355 2782 2397 at
2808 2345 3149 2414 postmodum
3179 2360 3273 2414 per
3294 2344 3484 2401 Orien-

1903 2410 2038 2484 tales
2060 2410 2980 2484 Constantinopoli!anosquei'donis
3017 2430 3079 2468 ac
3104 2410 3487 2484 promissioni-

1903 2482 2004 2535 bus
2029 2483 2298 2553 persuasi
2344 2481 2562 2536 Graecos
2594 2483 2942 2553 sacerdotes,
2981 2481 3130 2553 juxta
3187 2484 3328 2553 quod
3365 2483 3486 2539 Gn-

1904 2550 2147 2624 moaldus
2175 2552 2481 2621 episcopus,
2514 2552 2603 2624 qui
2634 2554 2704 2624 ab
2734 2553 2818 2608 his
2845 2567 2904 2607 se
2952 2550 3220 2624 repulsum
3260 2554 3483 2618 fatetur,

1902 2621 2256 2693 suscipientes
2284 2630 2499 2693 nostros
2524 2622 2763 2693 ejiciunt,
2812 2631 2866 2678 et
2906 2621 3024 2693 per’
3057 2625 3307 2679 eumdem
3360 2624 3482 2679 Gri-

1901 2690 2171 2762 moaldum
2225 2690 2565 2762 episcopum,
2609 2693 2731 2761 quia
2786 2690 2925 2748 sine
2951 2695 3282 2748 conscientia
3337 2695 3482 2749 scdis

1903 2760 2613 2833 apostolic'e,_commissum
2653 2762 2756 2816 sibi
2809 2763 3209 2833 prmdicationis
3247 2764 3479 2818 oﬂicium

1901 2830 2176 2901 deserens,
2229 2829 2459 2901 Romam
2520 2829 2825 2901 ditissimus
2883 2835 3166 2899 remeavit,
3224 2849 3479 2901 magnum

1900 2900 2140 2967 epistola:
2165 2900 2413 2973 volumen
2439 2900 2645 2957 frivolis
2670 2902 3080 2971 allegationibus
3103 2900 3356 2973 tanquam
3381 2906 3482 2957 sub

1898 2978 2161 3043 prretextu
2191 2970 2804 3043 deliberataesententiai
2828 2975 3032 3043 synodo
3075 2970 3476 3042 praesidentiqu

1901 3039 2233 3112 implicatum
2285 3041 2592 3112 apostolicae
2621 3042 2732 3095 sedi
2789 3039 2949 3112 super
2983 3039 3328 3097 excusatione
3381 3058 3477 3096 sua

1901 3109 2129 3184 remisit.
2158 3110 2224 3184 lu_
2267 3126 2375 3184 quo
2404 3110 2547 3166 facto
2573 3112 2699 3180 quia
2745 3109 3031 3184 episcopus
3062 3129 3091 3166 a
3120 3114 3363 3184 Bulgaris
3385 3129 3478 3166 ex-

389 3179 1272 3254 oniensisAvenerabilesepiscopi,
1303 3182 1393 3251 qui
1422 3198 1543 3237 cum
1588 3184 1800 3254 caeteris
1827 3188 1870 3251 C
1901 3179 2115 3254 pulsum
2142 3179 2366 3254 epistola
2402 3179 3014 3254 tacente_seas§cril._el
3042 3179 3342 3254 ρι’θδὺὶιθτὶ
3371 3199 3477 3236 ηοιι

1904 3263 1963 3323 se
2006 3248 2191 3318 pulsos
2236 3264 2266 3302 a
2297 3249 2522 3323 Graecis,
2550 3250 2633 3305 vel
2662 3250 2944 3323 Bulgaris,
3004 3248 3096 3307 sed
3134 3248 3501 3323 ab'episc0po—

1903 3318 2324 3391 circumventos,
2366 3319 2610 3391 profecto
2644 3318 2884 3391 dubium,
2919 3323 3048 3391 quin
3080 3318 3278 3377 mutua;
3305 3318 3477 3377 subsit

1902 3388 2225 3459 proditionis
2252 3388 2448 3459 imago,
2483 3390 2655 3444 donec
2677 3388 3143 3447 Christus'renutn
3174 3394 3404 3447 rimatur
3423 3403 3478 3449 et

1894 3458 2162 3522 cordium,
2191 3459 2246 3512 in
2292 3458 2511 3515 suorum
2543 3474 2821 3514 servorum
2873 3463 3283 3518 examiuehanc
3308 3463 3360 3518 in
3396 3464 3476 3517 luo

1895 3542 2012 3583 cem
2038 3528 2343 3599 protulerit,
2359 3544 2481 3584 .non
2513 3530 2741 3584 videtur.

2092 3684 2117 3699 -η
2145 3655 2430 3727 (Videntur
2472 3658 2651 3731 aliqua
2680 3659 2855 3714 deesse
2896 3661 2990 3717 sub
3019 3662 3237 3734 finem.)
