3978 6160
545 297 684 354 19.939

1873 286 2154 343 ADRIAM
2194 289 2393 346 PAPzE
2431 293 2473 347 ll

1192 443 3486 476 Ἦ

1327 583 2136 749 annum:
2205 591 2743 705 nam:
2817 516 2964 707 Π

950 821 1940 979 EPISTOLZE
2047 829 2294 980 ET
2404 828 3333 989 DECRETA.

1701 1088 1865 1155 (Apud
1891 1091 2061 1155 Labb.,
2081 1093 2262 1145 Concil.
2287 1101 2404 1147 tom.
2421 1096 2581 1158 νηί.)

829 1441 1084 1483 EPISTULA
1111 1444 1177 1484 AD
1204 1445 1514 1488 LOTHARIUI

1132 1544 1309 1616 (Anno
1333 1546 1492 1619 867.)

511 1675 1758 1761 Quod‘Th‘eutberjqa'm.solutionem‘nmtrimonii
1787 1684 1964 1761 Roma,
1991 1709 2085 1761 po-

576 1746 855 1821 stulantem
886 1746 959 1802 ad
984 1747 1293 1804 Lotharium
1342 1754 1510 1808 redire
1549 1755 1789 1821 jusserit,
1840 1746 2001 1814 donec
2026 1763 2083 1818 in

574 1816 773 1885 synodo
803 1817 868 1870 de
887 1834 949 1871 ea
985 1834 1040 1872 re
1080 1829 1297 1874 statuat.
1330 1821 1503 1876 Monet
1545 1816 1851 1880 Lotharium
1883 1843 1938 1882 ut
1965 1816 2080 1885 eam

574 1886 627 1939 in
679 1890 999 1958 consortium
1052 1890 1284 1958 recipiat,
1330 1902 1420 1944 aut
1443 1894 1488 1945 si
1523 1894 1628 1947 alio
1651 1897 1705 1948 in
1733 1896 1845 1950 loco
1870 1899 2078 1953 interim

573 1957 839 2076 conﬂigat,
875 1957 1162 2027 promissas
1194 1958 1274 2012 illi
1318 1960 1554 2016 abbatias
1582 1965 1650 2017 ad
1679 1967 1796 2020 uiue
1842 1970 2077 2024 subsidia

573 2039 723 2076 ranae
760 2034 835 2076 at.

568 2034 835 2079 concedat.

1562 1449 1757 1490 REGEH.

566 2153 703 2220 Quia
728 2154 885 2211 beato
918 2155 1079 2214 Petro
1125 2160 1487 2230 apostolorum
1540 2165 1769 2237 principi
1816 2167 2076 2228 Dominus

493 2250 680 2298 noster
702 2258 830 2299 oves
854 2261 1001 2312 suas,
1034 2255 1199 2303 totam
1226 2250 1474 2307 videlicet
1493 2252 1805 2321 Ecclesiam,
1836 2261 2073 2328 pretioso

486 2330 599 2400 jam
638 2335 895 2405 sanguine
911 2352 1006 2391 suo
1029 2338 1381 2410 redemptam,
1405 2352 1526 2414 post
1548 2346 1813 2414 passionis
1837 2349 2069 2418 vincula,

490 2432 614 2491 post
642 2424 915 2481 clavorum
944 2428 1188 2496 vulnera,
1212 2439 1266 2487 et
1302 2435 1480 2490 crucis
1506 2435 1756 2502 ludibria,
1789 2449 1953 2510 atque
1978 2457 2067 2496 re-

487 2517 840 2573 surrectionis
881 2517 1130 2589 gloriam,
1166 2523 1325 2578 tertio
1381 2527 1778 2582 commendavit
1833 2530 2015 2587 dicens
2049 2550 2062 2586 :

487 2604 655 2662 Pasce
700 2624 815 2663 oves
843 2625 1006 2675 meas,
1034 2627 1186 2680 pasce
1213 2629 1373 2683 agnos
1422 2632 1560 2669 meos
1593 2616 1771 2689 (Joan.
1804 2620 1936 2691 χχι),
1970 2639 2067 2677 nos

2120 1333 2171 1390 A
2199 1332 2342 1386 timae
2398 1333 2664 1389 vinculum
2700 1337 3031 1402 dissolvisse,
3066 1348 3121 1393 et
3144 1339 3210 1393 ad
3233 1337 3480 1419 illicitum
3506 1353 3570 1395 ac
3594 1340 3736 1411 pristi-

2193 1437 2316 1475 num
2349 1431 2593 1494 stuprum
2623 1426 2931 1497 incongruis
2962 1428 3154 1482 reverti
3210 1428 3343 1483 velle
3387 1431 3735 1487 occasionibus

2188 1530 2617 1584 agnosceremus.
2647 1519 2981 1593 Theutberga
3013 1522 3189 1590 itaque
3236 1522 3597 1580 illustrissima
3623 1525 3735 1595 regi-

2185 1622 2253 1661 na
2281 1608 2476 1678 coniux
2496 1620 2696 1679 vestra,
2737 1625 3052 1669 sanctorum
3106 1615 3470 1684 apostolorum
3519 1615 3655 1671 Petri
3688 1626 3732 1671 et

2181 1699 2332 1755 Pauli
2361 1703 2429 1758 ad
2458 1703 2642 1758 limina
2676 1706 2916 1771 veniens,
2954 1715 3238 1776 menteque
3283 1707 3475 1762 devota
3499 1706 3731 1763 orationis
3816 1741 3824 1751 -

2181 1792 2504 1849 desiderium
2551 1795 2847 1866 complens,
2879 1805 3122 1852 nostram
3151 1796 3341 1852 faciem
3376 1797 3726 1866 contemplari,

2179 1898 2478 1953 causasque
2504 1901 2615 1941 sua:
2659 1888 3004 1943 necessitatis
3034 1888 3189 1943 nobis
3218 1903 3314 1944 ore
3338 1888 3557 1958 proprio
3582 1903 3723 1958 expo-

2177 1989 2308 2030 nere
2353 1976 2615 2046 quaesivit.
2649 1976 2779 2045 Quae
2808 1994 2928 2033 cum
2955 1993 2984 2034 a
3008 1979 3181 2044 nobis,
3215 1993 3313 2048 pro
3366 1993 3554 2033 amore
3584 1979 3664 2033 Dei
3684 1984 3729 2029 et

2179 2072 2380 2132 vestro,
2411 2074 2465 2121 et
2491 2067 2559 2122 ab
2585 2068 2730 2122 omni
2766 2079 2950 2123 nostra
2978 2067 3216 2124 Ecclesia
3266 2067 3582 2131 honoriﬁce,
3613 2068 3723 2123 sicut

2174 2157 2474 2224 oportebat,
2523 2166 2771 2227 suscepta
2794 2156 3004 2223 fuisset,
3035 2157 3168 2212 dixit
3213 2172 3274 2212 se
3316 2164 3536 2226 propter
3563 2170 3722 2222 quam-

2175 2246 2299 2300 dam
2326 2246 2571 2317 corporis
2592 2248 2672 2301 sui
2698 2246 3093 2311 infirmitatem,
3136 2255 3192 2302 et
3221 2246 3346 2316 quia
3370 2260 3478 2300 non
3506 2244 3719 2312 legitimo

2172 2337 2327 2392 vobis
2356 2345 2510 2392 antea
2533 2336 2695 2392 fuerit
2720 2336 3002 2407 conjuncta
3025 2338 3315 2400 connubio,
3344 2351 3374 2390 a
3401 2344 3584 2389 vestro
3605 2332 3719 2386 velle

2173 2429 2413 2498 separari
2460 2428 2754 2495 consortio,
2784 2436 2837 2482 et
2866 2428 2936 2484 ob
2961 2443 3195 2483 amorem
3222 2426 3316 2481 Dei
3349 2424 3530 2481 saeculi
3572 2421 3719 2493 digni-

2171 2529 2337 2576 tatem
2372 2529 2426 2576 et
2468 2520 2693 2591 gloriam
2733 2519 2986 2588 abjieere,
3015 2534 3078 2574 ac
3100 2520 3200 2574 sub
3228 2518 3333 2573 leui
3368 2515 3502 2587 jugo
3540 2513 3716 2570 Christi

2172 2610 2437 2669 cervicem
2466 2611 2645 2668 cordis
2665 2612 2997 2667 submittere.
3025 2609 3229 2676 Quibus
3246 2607 3492 2679 profecto
3518 2605 3714 2666 auditis,

484 2700 604 2755 vice
651 2701 838 2770 utique
884 2705 1213 2774 apostolatus
1265 2707 1428 2771 illius,
1481 2710 1707 2765 Domino
1737 2711 1789 2766 in
1812 2715 2064 2769 omnibus

2167 2710 2222 2756 et
2270 2700 2498 2757 Domino
2551 2700 2843 2756 auxiliante
2867 2700 3150 2769 diligenter
3195 2696 3574 2759 consideratis,
3625 2709 3715 2746 non

483 2801 825 2862 cooperante,
864 2793 1158 2866 fungentes,
1194 2798 1246 2853 in
1271 2799 1417 2870 virga
1442 2802 1713 2871 mquitatis
1733 2813 1786 2858 et
1811 2803 2060 2873 iustitiae,

484 2882 540 2935 in
582 2881 989 2953 longanimitate
1035 2887 1279 2957 benignae
1325 2891 1642 2947 humilitatis
1684 2902 1738 2947 et
1765 2895 2055 2962 patientiae.

481 2987 697 3043 gregem
726 2974 937 3031 Domini
978 2977 1172 3046 pabulo
1201 2980 1459 3048 spiritalis
1485 2982 1605 3037 vitm
1632 2986 1981 3053 pascendum,
2006 2997 2062 3042 et

480 3076 611 3116 cura
638 3062 823 3120 solerti
848 3067 1255 3124 custodiendum
1297 3070 1475 3125 divina
1504 3076 1839 3144 suscepimus
1869 3078 2058 3132 volun-

476 3159 609 3208 tate.
639 3152 712 3210 Os
740 3155 1068 3226 apostolatus
1091 3159 1282 3225 nostri,
1313 3162 1640 3231 septiformis
1668 3164 1900 3235 Spiritus
1928 3184 2058 3238 gra-

476 3243 551 3300 tia
585 3245 817 3316 plenum,
873 3264 973 3319 pro
1030 3252 1181 3322 regni
1226 3252 1302 3307 tui
1351 3254 1646 3311 stabilitate
1692 3257 2056 3330 felicitateque

471 3347 751 3407 perpetua,
777 3341 1104 3409 sempiterna
1140 3358 1334 3413 nempe
1358 3359 1486 3400 vera
1516 3346 1711 3403 animae
1730 3349 1925 3414 salute,
1948 3365 2052 3419 qua

474 3444 618 3483 nunc
643 3442 695 3484 et
721 3431 774 3485 in
797 3439 1059 3487 aeternum
1089 3433 1247 3489 beate
1265 3437 1635 3505 securiterque
1657 3437 1878 3505 fruaris,
1904 3454 1938 3494 ο
1965 3441 2048 3494 in-

473 3519 616 3588 clyte
648 3534 741 3574 rex
772 3519 1017 3586 Lothari,
1048 3522 1256 3578 vicibus
1284 3523 1566 3579 indefessis
1602 3527 1927 3594 aperientes.
1956 3544 2049 3583 ex-

471 3608 776 3663 cellentiam
825 3618 970 3663 tuam
1018 3620 1246 3680 paterno
1271 3628 1551 3669 monemus
1600 3614 1811 3682 affectu,
1842 3628 1898 3675 et
1929 3620 2051 3690 jure

472 3694 767 3765 apostolico
795 3696 1165 3764 exhortamur,
1202 3706 1468 3769 quatenus
1494 3703 2045 3763 malorumhominum

471 3784 711 3841 consiliis
739 3785 957 3850 relictis,
990 3796 1045 3842 et
1068 3788 1366 3846 mortiferis
1389 3795 1829 3862 persuasionibus
1867 3800 2043 3853 omni-

469 3881 630 3937 modo
660 3883 878 3952 spretis,
912 3898 1097 3938 aurem
1139 3885 1317 3940 cordis
1342 3887 1420 3940 tui
1448 3887 1677 3954 caelesti,
1721 3905 1851 3945 sane
1883 3892 2045 3946 clavi-

466 3989 599 4044 gero
622 3975 779 4030 beato
804 3975 962 4030 Petro
988 3976 1043 4030 in
1068 3978 1222 4032 nobis
1248 3976 1486 4048 loquenti
1517 3980 1750 4049 aperias,
1786 3982 2042 4052 omnique

465 4064 809 4119 animositate
856 4072 912 4119 et
938 4065 1136 4136 inclyta
1172 4044 1357 4122 mundi
1391 4044 1675 4123 dilectione
1728 4044 1914 4140 procul
1945 4044 2040 4128 ab-
2068 4044 2112 4105 C

462 4155 628 4225 jecta,
660 4168 721 4207 ea
771 4169 893 4223 quae
931 4153 1158 4223 justitize
1203 4172 1268 4211 ac
1297 4157 1605 4213 rectitudini
1651 4161 1883 4216 maxime
1913 4177 2040 4217 oon-

462 4255 662 4313 gruunt
706 4246 1062 4314 praedicantes
1091 4256 1204 4303 toto
1230 4249 1498 4305 desiderio
1545 4251 1756 4317 audias,
1786 4253 2041 4310 evidenti-

462 4351 568 4404 que
614 4335 865 4404 pcrﬁcias
894 4336 1119 4393 devotus
1144 4337 1360 4404 affectu,
1388 4340 1516 4409 quia
1572 4357 1680 4397 non
1738 4345 2034 4410 auditores,

460 4424 556 4480 sed
578 4423 807 4480 factores
851 4425 986 4497 legis
1014 4426 1154 4482 Deus
1181 4427 1297 4483 fore
1332 4426 1509 4496 justos
1555 4432 1832 4501 approbat.
1888 4433 2036 4489 Unde

461 4516 605 4571 sedis
632 4517 937 4586 apostolica:
972 4518 1243 4574 salubrem
1298 4521 1718 4579 admonitionem
1755 4533 1810 4580 et
1856 4540 2036 4581 corre-

463 4609 694 4665 ctionem
719 4610 1013 4666 venerabili
1036 4611 1352 4682 sinceraque
1377 4622 1555 4668 mente
1570 4616 1841 4687 suscipere
1854 4618 2028 4675 stude.

458 4697 575 4751 Duo
601 4697 764 4766 igitur
791 4714 821 4751 a
860 4707 912 4753 te
943 4700 1123 4754 carnis
1147 4699 1359 4756 devicto
1388 4702 1639 4758 illecebra
1665 4704 1863 4760 dudum
1885 4721 2032 4762 com-

457 4787 621 4843 missa
651 4788 898 4843 videntur
921 4790 1126 4858 illicita,
1168 4807 1289 4861 quae
1343 4794 1411 4849 ab
1460 4802 1801 4852 antecessore
1845 4806 2031 4853 nostro

455 4880 558 4950 piae
608 4881 882 4936 memoriae
911 4897 1047 4953 papa
1091 4883 1311 4940 Nieolao
1340 4900 1566 4941 censura
1599 4885 1813 4943 fuerant
1839 4903 2031 4944 emen-

454 4969 575 5024 data
603 4970 880 5026 canonica.
905 4972 1360 5038 Unum,videlicet
1380 4975 1646 5032 nefarium
1674 4978 2029 5050 Theutberga:

453 5060 704 5133 legitimae
733 5063 973 5136 conjugis
1000 5073 1104 5121 tute
1132 5067 1451 5133 divortium;
1473 5068 1701 5125 alterum
1742 5085 1887 5136 vero,
1917 5087 2029 5129 sce-

451 5152 774 5210 lestissimus
804 5155 1102 5211 Waldradaz
1126 5158 1350 5212 moecha:
1376 5160 1689 5217 concubitus
1719 5178 1733 5215 :
1772 5177 1892 5232 qua:
1915 5180 2023 5219 non

449 5245 625 5299 Solum
655 5245 741 5301 lex
765 5248 942 5301 omnis
966 5245 1144 5300 divina
1170 5249 1442 5317 reprobat,
1468 5252 1788 5307 condemnat
1824 5262 1879 5308 et
1909 5255 2023 5310 fieri

447 5334 774 5390 omnimodis
796 5343 961 5402 vetat,
984 5336 1075 5392 sed
1091 5338 1257 5391 etiam
1284 5340 1552 5395 mundana
1574 5343 1860 5411 prohibent
1874 5346 2015 5416 jura.

446 5426 525 5480 De
548 5427 744 5496 quibus
765 5443 864 5483 nos
892 5428 1088 5484 iterum
1115 5430 1416 5487 rescribere
1434 5433 1735 5490 nullatenus
1769 5438 2016 5493 studere-

451 5533 591 5581 mus,
620 5519 722 5573 nisi
754 5535 850 5575 vos
882 5536 913 5574 a
935 5520 1159 5590 justitiaa
1188 5524 1399 5580 tramite
1424 5540 1520 5595 per
1540 5526 1805 5583 incentiva
1834 5531 2013 5585 carnis

444 5606 635 5672 procul
662 5609 823 5664 dubio
839 5608 1101 5679 deviasse,
1128 5614 1437 5685 bonumque
1477 5616 1868 5684 conjunctiouis
1891 5618 2014 5685 legi-

2163 2791 2374 2846 modico
2396 2790 2594 2845 fuimus
2621 2790 2812 2845 turbati
2843 2798 3062 2858 stupore
3085 2805 3100 2849 ;
3126 2787 3268 2857 quod
3310 2801 3371 2840 se
3413 2801 3513 2855 pro
3542 2782 3716 2836 talibus

2161 2898 2191 2935 a
2217 2881 2367 2935 vobis
2389 2889 2653 2951 quaereret
2696 2894 2962 2951 scparare,
2995 2894 3113 2935 cum
3144 2879 3400 2947 scriptum
3426 2876 3500 2931 sit
3523 2876 3717 2930 dicente

2159 2976 2386 3033 Domino
2429 2995 2442 3030 :
2497 2976 2539 3030 A
2584 2976 2692 3032 Deo
2718 2972 2956 3046 jungitur
2985 2973 3179 3028 mulier
3217 2972 3354 3037 viro,
3383 2980 3440 3027 et
3479 2971 3661 3024 iterum
3698 2983 3711 3018 :

2160 3066 2313 3131 Quod
2357 3066 2498 3121 Deus
2535 3066 2718 3135 junit
2756 3066 2910 3119 homo
2962 3081 3065 3119 non
3104 3070 3306 3131 separet
3342 3059 3568 3133 (Matth.
3599 3074 3709 3119 xu;

2156 3155 2189 3210 Ι
2219 3155 2341 3211 Cor.
2369 3155 2485 3226 vn).
2514 3155 2728 3209 Etcum
2765 3154 2905 3224 ipsa,
2945 3153 3085 3208 sicut
3124 3151 3260 3206 dixit
3284 3149 3601 3221 Apostolus,
3636 3147 3708 3201 sui

2155 3246 2398 3316 corporis
2443 3260 2548 3300 non
2602 3244 2798 3299 habeat
2833 3250 3185 3314 potestatem,
3209 3239 3303 3296 sed
3333 3254 3463 3302 vos,
3496 3237 3580 3292 cui
3615 3234 3709 3289 Do-

2154 3339 2286 3393 mini
2350 3345 2433 3393 est
2488 3335 2764 3392 voluntate
2828 3335 3063 3405 legitimo
3128 3331 3478 3387 matrimonio
3533 3325 3705 3398 regali-

2154 3443 2260 3497 que
2291 3438 2408 3482 toro
2463 3426 2769 3495 conjuncta.
2797 3424 2895 3481 Cui
2944 3437 3076 3479 sane
3102 3421 3351 3492 quamvis
3377 3436 3496 3474 cum
3524 3425 3702 3471 vestra:

2152 3519 2443 3575 voluntatis
2471 3534 2738 3589 consensu
2770 3526 2931 3588 atque
2958 3516 3173 3573 licentia
3201 3516 3369 3570 hocce
3390 3511 3596 3583 supplici
3621 3509 3702 3562 ni-

2151 3609 2256 3666 mis
2279 3627 2411 3681 pace
2437 3611 2769 3680 deposceret,
2802 3615 3043 3664 nostrum
3071 3611 3124 3662 in
3153 3606 3243 3660 tali
3276 3603 3557 3671 voluntatis
3592 3614 3697 3654 suae

2149 3700 2417 3755 desiderio
2440 3713 2761 3753 consensum
2790 3696 2935 3751 nullo
2964 3697 3122 3751 modo
3150 3694 3496 3766 praebuimus.
3522 3690 3699 3745 Licen-

2150 3794 2279 3848 tiam
2328 3807 2457 3848 vero
2506 3793 2579 3847 illi
2634 3792 2935 3848 revertendi
2991 3791 3057 3846 ad
3109 3789 3491 3861 magnitudinis
3521 3793 3698 3839 vestra

2147 3884 2501 3948 consortium,
2527 3883 2757 3952 juraque
2807 3880 3134 3936 matrimonii
3166 3878 3363 3947 regalis
3388 3875 3575 3932 illibata
3599 3887 3695 3926 cu-

2147 3977 2409 4032 stodiendi
2430 3976 2801 4046 praecepimus.
2828 3976 3003 4046 Super
3036 3976 3120 4030 his
3145 3983 3349 4038 autem,
3381 3970 3563 4041 quibus
3586 3981 3641 4020 se
3663 3979 3693 4016 ει

2143 4068 2296 4122 vobis
2321 4069 2512 4137 quierit
2537 4067 2861 4137 disjungere,
2891 4075 2998 4120 tam
3026 4074 3247 4135 repente
3277 4064 3395 4117 sine
3423 4061 3691 4117 multorum

2141 4159 2369 4214 fratrum
2395 4169 2699 4215 nostrorum
2726 4160 2971 4223 consilio,
2996 4167 3048 4212 et
3075 4158 3276 4228 ingenti
3304 4150 3689 4217 examine,lini-

2141 4249 2305 4304 tivam
2338 4265 2480 4304 nunc
2523 4248 2768 4321 proferre
2796 4249 3135 4312 sententiam,
3162 4254 3255 4300 aut
3281 4258 3571 4300 consensus
3593 4256 3686 4295 no-

2138 4338 2237 4393 stri
2263 4338 2603 4394 immaturam
2625 4339 2752 4393 dare
2784 4337 3054 4393 licentiam
3083 4335 3201 4405 iure
3243 4335 3561 4390 distulimus.
3587 4331 3686 4385 Deo

2135 4436 2315 4482 autem
2367 4428 2522 4483 nobis
2567 4429 2752 4484 salutis
2780 4442 2937 4496 opem
2960 4428 3231 4495 vitamque
3268 4426 3552 4495 praebente.
3584 4432 3683 4475 tam

2133 4532 2230 4589 pro
2259 4518 2345 4573 his
2393 4534 2555 4588 quam
2583 4521 2745 4574 etiam
2798 4534 2898 4589 pro
2925 4518 3044 4573 aliis
3092 4516 3472 4573 ecclesiasticis
3522 4510 3682 4568 causis

2132 4611 2395 4681 synodum
2422 4609 2701 4678 facientes,
2730 4621 2786 4667 et
2812 4611 2938 4665 talia
2961 4609 3143 4664 subtili
3165 4608 3417 4663 examine
3443 4607 3681 4669 indagan-

2132 4707 2233 4767 tes,
2261 4711 2320 4756 ut
2359 4709 2648 4757 secundum
2702 4702 2869 4756 Deum
2908 4701 3040 4757 salvi
3085 4714 3202 4755 esse
3229 4697 3465 4767 possitis.
3506 4696 3677 4749 idonea

2130 4794 2264 4849 satis
2286 4793 2582 4849 intentione
2610 4794 3026 4850 deliberabimus
3051 4806 3231 4847 coram
3269 4789 3384 4845 Deo
3418 4788 3677 4843 Salvatore

2128 4892 2337 4951 nostro,
2366 4892 2527 4953 atque
2568 4884 2832 4939 finiemus.
2862 4872 3088 4952 Propter
3134 4881 3276 4953 quod
3323 4876 3674 4935 excellentiam

2128 4984 2276 5030 tuam
2304 4976 2612 5045 apostolicis
2638 4991 2915 5031 monemus
2962 4974 3228 5044 alloquiis,
3255 4984 3311 5027 et
3331 4973 3602 5026 hortamur
3620 4966 3671 5019 in

2128 5063 2375 5130 Domino,
2398 5080 2466 5120 ne
2491 5079 2675 5120 aurem
2702 5065 2997 5120 nobilitatis
3018 5077 3122 5118 tua:
3148 5061 3388 5119 consiliis
3407 5059 3671 5129 impiorum

2125 5164 2181 5211 et
2207 5156 2427 5210 veritati
2452 5159 2861 5226 repugnantium
2890 5156 3072 5211 verbis
3099 5154 3364 5219 inclines;
3395 5152 3487 5208 sed
3510 5148 3671 5220 potius

2122 5246 2417 5306 Dominicis
2453 5256 2505 5303 et
2539 5248 2847 5319 apostolicis
2868 5248 3110 5317 praebens
3160 5255 3443 5318 gratanter
3482 5254 3670 5315 prace‘

2120 5342 2251 5412 ptis,
2273 5340 2515 5395 eamdem
2571 5340 2961 5410 Theutbergam
3016 5338 3409 5392 nobilissimam
3451 5333 3665 5404 reginam

2121 5432 2403 5502 conjugem
2429 5439 2573 5485 tuam
2600 5431 2896 5487 dilectionis
2944 5445 3126 5486 amore
3161 5430 3212 5483 iu
3245 5425 3520 5498 conjugale
3553 5435 3665 5476 cou-

2121 5523 2346 5576 sortium
2373 5522 2525 5575 laetus
2552 5522 2800 5592 recipias,
2822 5530 2876 5576 et
2901 5538 3000 5591 pro
3024 5535 3210 5576 amore
3262 5518 3359 5574 Dei
3415 5525 3469 5573 et
3510 5510 3660 5570 sancti

2120 5612 2285 5678 Petri,
2333 5623 2622 5684 nostroque
2660 5615 2838 5679 simul,
2869 5617 3070 5671 honore
3100 5613 3260 5683 digno
3283 5626 3403 5666 eam
3429 5609 3659 5665 retinent.
