3978 6160
264 280 396 381 last

1468 294 1824 356 EPISTOLE
1862 293 1949 349 ET
1987 287 2323 348 DECRETA.

3369 258 3509 309 ηδ’-,ι

271 439 428 492 Siculi
484 430 726 501 corporis
756 424 955 496 proprii
994 420 1292 476 membrum
1333 413 1609 473 dilectum,
1642 422 1836 478 procu-
1866 413 1910 470 Α
1941 402 2231 458 secundum
2255 395 2618 454 definitionem
2644 383 3013 461 prmnominati
3035 375 3357 434 sanctissimi
3380 387 3511 444 prte-

2012 495 2042 501 ·-
2322 489 2333 500 ·
2373 488 2405 501 -ο
2520 480 2853 501 ιηηι-μεω--ιι
2918 474 2980 501 εἰ
3032 471 3155 501 Hnno
3205 466 3271 501 ..Α
3320 463 3511 501 “psmn

258 543 362 583 res
411 524 565 593 Quod
595 523 639 577 si
661 521 730 575 ob
752 516 963 573 itineris
985 509 1370 582 longitudinem
1392 516 1446 559 et
1471 503 1838 572 asperitatem,

201 660 207 667 .
271 617 357 672 vel
384 617 616 685 aliquam
644 608 851 666 'carnis
905 601 1415 661 incommoditatem,
1446 596 1512 650 ad
1540 609 1635 649 vos
1679 605 1845 660 usque

274 710 387 778 ipsa
434 704 718 777 pervenire
762 697 1053 759 distulerit,
1110 692 1436 763 elegeritque
1489 688 1542 741 in
1592 685 1695 740 alio
1724 699 1847 753 pro-

272 794 521 868 prietatis
540 808 648 847 sua:
669 791 786 845 loco
804 789 906 843 sibi
930 786 1048 841 utili
1075 782 1246 852 magis
1272 778 1589 841 consistere,
1609 774 1846 836 interim,

276 862 448 940 donec
471 881 727 953 synodus,
757 885 819 932 ut
855 873 1220 946 prmdiximus,
1250 869 1358 931 fiat,
1393 866 1538 923 salva
1567 872 1621 920 et
1647 862 1850 918 incolu—

277 977 381 1029 mis
402 973 501 1028 sub
528 980 707 1026 vestra
737 967 900 1038 regali
934 965 1158 1018 tuitione
1205 968 1367 1029 atque
1416 954 1727 1011 defensione
1768 965 1851 1007 se-

278 1081 409 1122 cura
462 1069 815 1134 permaneat;
872 1057 1173 1124 habeatque
1203 1051 1258 1107 in
1294 1056 1561 1119 potestate
1581 1059 1678 1099 sua
1706 1044 1852 1112 ipsas

278 1130 524 1210 abbatias
544 1165 679 1220 quas
697 1149 747 1203 ei
774 1148 904 1201 dare
941 1146 1053 1214 ipse
1078 1156 1172 1196 ore
1193 1137 1412 1212 proprio
1445 1132 1760 1206 promisisti,
1788 1130 1854 1186 de

277 1258 509 1315 quarum
541 1240 842 1310 sumptibus
865 1245 1026 1305 atque
1063 1231 1325 1288 reditibus
1347 1225 1654 1283 necessaria
1685 1222 1857 1294 possit

281 1313 483 1390 habere
508 1328 1062 1402 stipendiadignaque
1096 1322 1356 1378 subsidia.
1384 1318 1481 1373 Sin
1508 1332 1640 1372 vero
1688 1313 1855 1384 quili-

280 1424 374 1478 bet
401 1430 634 1477 vestrum
662 1419 712 1475 ei
741 1417 973 1486 aliquam
1003 1412 1165 1467 fuerit
1185 1410 1400 1466 molitus
1424 1405 1858 1461 contrarietatem

284 1516 503 1577 inferre,
540 1523 633 1568 aut
657 1508 956 1583 periculose
978 1505 1378 1576 praesumpse'ét
1403 1515 1619 1563 nocere,
1649 1497 1785 1552 sciat
1803 1508 1861 1549 se

284 1625 315 1663 a
344 1608 495 1662 nobis
515 1603 757 1677 perpetui
787 1598 1146 1656 anathematis
1168 1595 1384 1650 vinculo
1403 1606 1524 1648 esse
1548 1588 1732 1660 procul
1760 1586 1860 1641 du-

286 1702 377 1757 bio
399 1698 784 1760 innodandum,
811 1702 868 1748 et
889 1694 957 1748 ab
976 1691 1121 1747 omni
1148 1688 1582 1745 Christianorum
1633 1693 1860 1736 consor-

289 1794 365 1849 tio
412 1788 797 1861 separandum;
845 1792 898 1840 te
943 1791 1157 1847 autem,
1211 1780 1256 1835 si
1307 1778 1503 1833 talibus
1536 1784 1858 1829 consensum

287 1880 602 1951 praebueris,
634 1873 958 1932 omnimodis
982 1866 1582 1928 excommunicandum.

1040 2002 1114 2058 Il'

1102 2043 1114 2055 Ι

503 2114 570 2153 AD
598 2111 810 2152 ADONEM
827 2106 1156 2150 VlENNENSEM
1180 2099 1654 2145 ARCHIEPISCOPUI.

905 2186 1084 2257 (Anno
1108 2182 1257 2252 868.)

293 2283 499 2340 Laudat
528 2282 643 2352 ejus
672 2279 838 2357 zelum
854 2277 1147 2357 ingeniique
1168 2287 1390 2356 acumen
1428 2270 1483 2323 in
1510 2263 1867 2339 pra’cavendis

818 2345 1024 2402 insidiis
1054 2345 1354 2415 impiorum.

367 2466 640 2520 Annianus
687 2462 990 2533 episcopus,
1030 2471 1223 2513 servus
1251 2465 1531 2509 servorum
1574 2448 1690 2512 Dei,
1726 2460 1877 2501 reve-

298 2556 607 2611 rentissimo
657 2561 713 2608 et
768 2549 1110 2607 sanctissimo
1159 2544 1421 2602 confratri
1476 2548 1662 2596 nostro
1706 2537 1875 2592 About

298 2647 591 2704 Viennensi
620 2642 1047 2713 archiepiscopo.

373 2740 605 2808 Legatus
628 2751 750 2792 eum
790 2733 988 2788 litteris
1031 2747 1060 2786 a
1102 2726 1439 2786 beatitudine
1477 2734 1567 2778 tua
1599 2717 1878 2776 decessori

305 2843 429 2885 meo
458 2834 657 2882 sanetae
678 2823 953 2879 memoria:
994 2835 1148 2890 papa:
1189 2816 1409 2873 Nicolao
1445 2812 1765 2873 destinatus,
1789 2822 1879 2862 me

307 2921 361 2974 in
390 2919 516 2974 sede
540 2917 707 2981 illius,
750 2914 879 2985 quia
922 2913 1001 2967 sic
1032 2910 1294 2965 Dominus
1340 2905 1532 2969 voluit,
1574 2902 1878 2957 ordinatum

304 3009 531 3066 invenit.
572 3007 640 3062 Et
678 3006 802 3075 quia
845 3003 1113 3059 noluimus
1143 2996 1407 3054 frustrare
1457 2996 1605 3065 pium
1644 2991 1878 3048 studium

306 3110 484 3165 tuum,
517 3113 623 3153 non
669 3098 811 3152 illius
858 3095 999 3159 vice,
1049 3092 1178 3147 licet
1218 3096 1436 3159 propter
1468 3085 1628 3157 legati
1671 3095 1878 3137 moram

308 3192 508 3261 partim
538 3190 605 3244 de
629 3188 714 3242 bis
742 3202 861 3256 quae
886 3182 1149 3253 scripsisti
1173 3178 1500 3235 fraternitati
1535 3186 1638 3230 tua:
1652 3187 1880 3242 respon-

309 3280 508 3333 dimus.
536 3276 803 3332 Debemus
850 3274 993 3328 enim
1046 3272 1095 3325 ei
1141 3271 1193 3325 in
1221 3270 1403 3324 labore
1442 3264 1754 3325 succedere,
1797 3260 1885 3316 cui

309 3385 406 3440 per
432 3369 528 3424 Dei
565 3367 794 3438 gratiam
833 3364 1188 3420 successimus
1238 3361 1291 3415 in
1337 3362 1557 3414 honore.
1604 3357 1771 3429 lgitur
1821 3354 1889 3410 de

311 3459 678 3515 admonitione
711 3471 869 3526 quam
919 3469 1014 3524 per
1064 3451 1384 3506 Waltarium
1432 3448 1686 3505 comitem
1738 3446 1888 3501 circa

313 3553 610 3623 gloriosum
636 3564 818 3617 regem
847 3546 1147 3601 lllotarium
1177 3544 1422 3600 exercuit
1458 3539 1766 3596 sollicitudo
1800 3543 1888 3591 tua

254 3660 267 3675 ο
312 3651 495 3716 grates
519 3639 712 3696 multas
740 3638 1100 3709 rependimus.
1136 3634 1193 3688 ln
1219 3648 1283 3689 eo
1307 3632 1503 3703 quippe
1535 3638 1588 3683 te
1616 3626 1889 3697 pr:ccipue

314 3733 639 3790 industrium
666 3740 934 3800 pastorem
979 3724 1243 3782 Dominici
1273 3722 1452 3793 gregis
1491 3717 1753 3777 ostendis,
1784 3729 1890 3784 quo

316 3824 543 3879 insidias
575 3822 682 3891 lupi
718 3817 1096 3890 prrecavendas
1119 3829 1238 3870 esse
1273 3813 1431 3882 longe
1458 3809 1665 3880 positus
1692 3804 1891 3860 adhor-

316 3915 472 3970 taris.
516 3911 876 3968 Perscrutatis
926 3916 1189 3979 praeterea
1240 3898 1715 3974 quaterniunculis,
1758 3909 1892 3965 quos

318 4005 459 4058 idem
497 4003 703 4072 legatus
741 3999 960 4061 detulit,
1011 3996 1280 4069 ingenium
1326 4001 1381 4048 et
1422 4005 1650 4046 acumen
1703 4001 1895 4043 sensus

319 4095 394 4147 tui
421 4093 600 4145 mirati
627 4106 833 4155 sumus,
858 4097 912 4144 et
937 4095 1211 4141 auctorem
1242 4084 1487 4156 protinus
1500 4079 1887 4137 collaudamus.

322 4184 521 4240 Verum
551 4182 690 4237 sicut
728 4178 1054 4249 exemplaria
1098 4177 1469 4245 epistularum,
1513 4187 1633 4239 qua:
1678 4176 1894 4238 aposto-

319 4274 438 4328 licae
482 4267 870 4325 recordationis
918 4267 1170 4320 decessor
1197 4270 1381 4318 noster
1407 4275 1568 4330 super
1606 4258 1708 4311 hac
1744 4265 1793 4310 te
1838 4256 1893 4309 in

321 4363 550 4427 Gallias,
580 4371 637 4416 et
656 4361 721 4415 ad
747 4374 937 4414 omnes
965 4357 1247 4426 episcopos
1276 4354 1511 4407 ultra....
1541 4350 1745 4419 positos
1776 4347 1894 4401 des-

1942 495 2075 549 sulis
2118 488 2468 550 exhibuistis,
2520 480 2873 537 laudavimus.
2918 474 2987 528 Et
3032 471 3160 524 licet
3205 466 3272 520 ad
3320 463 3513 518 seriem

1943 597 2124 637 rerum
2150 586 2422 650 gestarum
2452 574 2571 627 luce
2599 570 2797 625 clarius
2822 549 3214 635 agnoscendam
3237 568 3342 608 non
3374 547 3520 604 squi-

1944 676 2109 736 ciant,
2151 640 2273 740 quae
2323 678 2431 723 tam
2482 666 2550 719 de
2602 659 2835 718 Ebbonis
2878 652 3195 723 dejectione,
3238 659 3400 715 quam
3456 640 3522 693 de

1947 769 2031 824 his
2078 780 2198 836 qua:
2242 759 2584 833 postmodum
2637 761 2756 809 acta
2805 757 2930 805 sunt
2973 742 3302 800 unanimitas
3338 740 3523 789 vestra

1946 829 2261 926 descripsit,
2293 860 2348 908 et
2384 845 2635 905 nonnulla
2674 840 2867 897 rationi
2903 844 3099 891 vestrae
3127 829 3305 887 desint
3336 836 3523 879 eorum

1948 965 2069 1022 qua:
2103 923 2266 1017 super
2293 944 2379 1000 his
2417 949 2566 1013 gesta
2604 942 2748 999 sunt,
2784 942 3008 1003 quaeque
3037 926 3148 994 jam
3198 923 3528 976 memoratus

1951 1006 2007 1095 et
2038 1006 2250 1106 semper
2276 1006 2655 1089 memorandus
2681 1020 2921 1093 pontifex
2956 1011 3263 1087 apostolicm
3293 1006 3405 1062 sedi
3443 1017 3532 1057 vo-

1952 1129 2050 1182 luit
2075 1141 2142 1181 ex
2157 1103 2372 1193 integro
2401 1116 2664 1181 reserari;
2691 1113 2839 1184 pium
2868 1118 3049 1164 tamen
3072 1104 3308 1157 laborem
3336 1103 3532 1151 vestra:

1948 1184 2348 1285 .sanctitatisvet
2391 1209 2625 1266 studium
2668 1219 2775 1258 non
2810 1199 2983 1256 solum
3023 1190 3313 1253 laudabile,
3352 1184 3447 1240 sed
3480 1189 3538 1236 et

1956 1308 2112 1376 longe
2165 1282 2379 1371 lateque
2437 1291 2779 1367 praedicabile
2831 1286 3154 1357 judicamus.
3224 1273 3531 1333 innocentia

1957 1362 2155 1469 quippe
2177 1362 2457 1463 jam-nunc
2484 1384 2668 1441 fratris
2695 1389 2751 1438 et
2779 1375 3078 1448 coepisc0pi
3101 1370 3272 1427 nostri
3296 1362 3533 1421 Wulfadi

1960 1467 2015 1546 et
2056 1488 2378 1557 collegarum
2425 1478 2560 1549 ejus,
2608 1490 2768 1546 quam
2811 1470 3029 1541 quidam
3070 1474 3351 1531 emergens
3382 1467 3539 1510 casus

1962 1598 2060 1653 per
2089 1594 2193 1635 non
2223 1574 2401 1631 brevis
2432 1569 2687 1640 temporis
2710 1558 3162 1630 intercapedinem
3187 1548 3539 1608 obumbrave-

1965 1682 2069 1737 rat,
2102 1664 2485 1725 retractatione
2524 1670 2577 1715 et
2615 1644 2960 1712 refricatione
2990 1654 3183 1701 vestrae
3229 1645 3453 1695 sacrata:
3488 1641 3545 1687 et

1890 1755 1935 1814 Β
1965 1734 2268 1834 apostolicae
2295 1756 2439 1811 sedis
2473 1750 2790 1807 auctoritate
2829 1742 3139 1811 frequenter
3177 1734 3426 1789 adunatae
3457 1742 3546 1781 so-

1968 1817 2155 1912 lertiae,
2189 1861 2334 1911 ecce,
2361 1844 2473 1898 Deo
2505 1839 2728 1912 gratias,
2756 1833 2907 1889 venit
2928 1830 2994 1885 ad
3028 1828 3221 1889 lucem,
3248 1830 3303 1877 et
3324 1817 3547 1888 iustitia:

1969 1957 2081 2000 suae
2100 1931 2288 1996 'radios
2325 1934 2391 1989 ad
2425 1931 2666 1988 omnium
2705 1924 2924 1981 omnino
2965 1914 3345 1975 certitudinem
3402 1908 3548 1962 foras

1970 2031 2124 2105 quasi
2161 2029 2290 2085 solis
2327 2022 2580 2094 splendor
2607 2015 2866 2074 extendit.
2904 2011 3133 2078 Ideoque
3175 2020 3274 2059 nos
3306 2010 3557 2056 vestrum

1965 2123 2249 2194 judicium,
2278 2132 2344 2173 ac
2370 2122 2606 2172 vestram
2648 2105 2992 2167 sententiam,
3035 2112 3197 2170 quam
3245 2090 3552 2165 apostolica:

1974 2214 2117 2271 sedis
2145 2224 2394 2273 censura,
2425 2207 2564 2261 sicut
2587 2200 2766 2269 exegit
2791 2195 2943 2258 ordo,
2970 2187 3265 2261 prmeessit,
3289 2180 3553 2253 approba-

1976 2320 2128 2368 mus,
2165 2270 2496 2355 admittimus
2537 2303 2591 2349 et
2634 2287 3079 2347 corroboramus;
3112 2287 3273 2346 atque.
3304 2270 3549 2343 postula-

1976 2393 2107 2449 tioni
2140 2398 2351 2452 vestrae,
2385 2386 2469 2440 cui
2510 2382 2799 2451 quidquam
2842 2372 3024 2444 negari
3052 2365 3415 2423 difﬁcillimum
3446 2369 3548 2419 est,

1978 2488 2295 2541 aunuenles,
2320 2476 2385 2531 ad
2407 2472 2700 2544 pleniorem
2723 2460 3203 2521 confirmationem,
3229 2466 3384 2507 usum
3408 2447 3556 2518 pallii

1972 2576 2084 2647 jam
2114 2573 2257 2628 dicto
2284 2539 2439 2623 fratri
2466 2572 2655 2619 nostro
2682 2554 2935 2613 Wulfado
2958 2546 3277 2606 Dituricensi
3304 2539 3554 2600 antistiti,

1978 2667 2271 2726 secundum
2323 2663 2562 2733 priorem
2610 2649 3088 2711 consuetudinem,
3130 2644 3195 2698 ad
3246 2639 3460 2711 genium
3503 2642 3562 2688 et

1980 2764 2145 2818 decus
2167 2755 2408 2813 ecclesiae
2426 2749 2525 2807 sibi
2549 2745 2867 2806 commissae,
2888 2748 2944 2794 et
2967 2732 3372 2792 instructionem
3393 2725 3562 2795 ipsius

1981 2850 2351 2910 concedimus.
2381 2843 2533 2911 Quod
2566 2840 2729 2893 etiam
2770 2848 2912 2904 smpe
2947 2834 3274 2885 memoratus
3310 2822 3563 2876 decessor

1982 2953 2166 3001 noster
2197 2936 2511 3010 jamdudum
2562 2932 2791 2985 libenter
2831 2929 3110 2981 annucret,
3152 2917 3196 2972 si
3245 2928 3364 2985 quae
3418 2924 3560 2965 nunc

1983 3032 2207 3089 misistis
2254 3030 2369 3098 ipse
2409 3024 2693 3092 reciperet,
2741 3014 2826 3071 vel
2862 3013 2909 3068 si
2949 3013 2994 3066 is
3033 3009 3124 3081 qui
3158 3008 3261 3061 hoc
3288 3002 3565 3070 suscipere

1908 3104 1952 3166 (ἶ
1986 3124 2300 3183 conabatur,
2324 3132 2355 3172 a
2382 3108 2704 3170 Bituricensi
2735 3108 2929 3161 missus
2952 3101 3272 3173 probaretur
3300 3089 3565 3149 Ecclesia.

1988 3217 2094 3274 Sed
2114 3212 2255 3285 quod
2280 3211 2370 3266 ille
2399 3222 2503 3263 non
2532 3206 2661 3275 egit,
2682 3214 2808 3256 ecce
2835 3212 2933 3252 nos
2952 3193 3180 3266 egimus.
3200 3188 3337 3254 Quin
3360 3183 3564 3255 potius,

1989 3308 2131 3380 quod
2162 3306 2251 3360 ille
2287 3301 2545 3373 perlicere
2588 3295 2998 3352 deliberaverat,
3039 3298 3139 3339 nos
3176 3295 3303 3337 ecce
3333 3280 3441 3333 Deo
3469 3290 3566 3328 au-

1989 3411 2140 3456 ctare
2163 3391 2545 3465 supplevimus.
2578 3385 2693 3441 Non
2723 3381 2916 3452 quippe
2945 3384 3029 3432 est
3052 3372 3336 3429 diversitas
3360 3365 3564 3437 operis,

1988 3491 2078 3545 ubi
2120 3494 2206 3543 est
2231 3461 2346 3538 una
2382 3481 2677 3547 eademque
2727 3468 3013 3529 concordia
3060 3461 3350 3519 voluntatis
3382 3471 3396 3516 :
3432 3470 3570 3525 pra:-

1990 3585 2176 3639 sertim
2228 3592 2349 3633 cum
2398 3573 2687 3629 debeamus
2723 3568 2772 3621 ei
2817 3568 2872 3620 in
2918 3564 3098 3618 labore
3134 3555 3448 3616 succedere,
3479 3548 3569 3605 cui

1991 3673 2346 3730 successimus
2377 3667 2429 3721 in
2456 3667 2679 3720 honore.
2709 3659 2968 3715 Nimirum
2997 3653 3087 3723 qui
3116 3664 3302 3707 sumus
3334 3653 3395 3699 ut
3420 3640 3573 3697 Psal-

1992 3768 2148 3822 mista
2178 3763 2367 3819 canit:
2403 3756 2509 3812 Pro
2549 3754 2781 3827 patribus
2819 3752 2929 3806 nati
2963 3746 3061 3817 ﬁlii
3098 3741 3270 3817 (Psal.
3313 3734 3485 3807 XLIV),
3516 3739 3573 3787 et

1992 3854 2294 3917 constituti,
2348 3847 2593 3920 quamvis
2634 3844 2790 3913 longe
2845 3838 3054 3894 meritis
3107 3835 3360 3901 impares,
3397 3838 3573 3894 super

1992 3962 2207 4004 onmem
2243 3937 2563 3999 uuiversalis
2594 3941 2795 3989 sanctae
2834 3924 3086 3983 Ecclesia:
3128 3933 3344 3975 terram.
3372 3916 3571 3971 Preca-

1994 4055 2115 4095 mur
2144 4044 2346 4097 autem,
2376 4038 2429 4083 et
2467 4029 2814 4081 obsecramus
2843 4021 2897 4075 in
2924 4016 3170 4079 Domino,
3198 4020 3258 4067 ut
3283 4008 3437 4065 sicuti
3468 4020 3568 4062 nos

1994 4128 2265 4187 unanimis
2288 4118 2639 4179 fraternitatis
2678 4121 2871 4168 vestrae
2902 4108 3149 4180 precibus
3181 4102 3487 4163 annuimus,
3516 4107 3575 4153 et

1994 4230 2271 4276 assensum
2298 4213 2364 4267 de
2387 4217 2584 4266 cmtero
2617 4219 2722 4260 non
2749 4201 2923 4258 solum
2952 4199 3004 4253 in
3032 4198 3154 4261 hoc,
3191 4193 3285 4249 sed
3315 4191 3369 4246 in
3395 4187 3573 4244 omni-

1993 4311 2094 4365 bus
2122 4306 2361 4377 praebere
2389 4298 2753 4369 disponimus;
2793 4292 2867 4346 ita
2898 4301 3112 4359 quoque
3139 4299 3236 4339 vos
3264 4281 3398 4336 meis
3426 4293 3573 4333 nunc

1999 4401 2139 4456 votis
2166 4394 2476 4453 satisfacere
2501 4394 2876 4459 procurantes,
2905 4381 3098 4437 crebro
3131 4378 3329 4432 dictum
3359 4379 3575 4441 aposto-

323 4457 537 4521 tinavit,
590 4454 853 4548 indicant,
900 4459 956 4506 et
1001 4449 1157 4505 sicuti
1208 4446 1448 4502 nonnulli
1496 4444 1761 4515 primores
1802 4456 1892 4505 xx,
1927 4438 1974 4498 D
2002 4438 3070 4548 ίίᾌᾯέξξᾉξῶῐὶὲίΝὶὲοιθυω
3101 4469 3154 4522 in
3181 4438 3455 4521 codicibils
3489 4459 3574 4516 vel

321 4558 448 4614 αα,
485 4563 602 4617 qua:
627 4547 682 4600 in
703 4561 801 4599 ms.
823 4543 998 4598 codice
1023 4541 1409 4595 desiderantur.

1064 4649 1149 4706 Ill.

739 4739 806 4777 ΑΙ)
845 4736 1082 4777 SYNODUM
1124 4732 1495 4775 TRICASSINAII.

938 4812 1116 4883 (Anno
1140 4810 1290 4881 868.)

328 4900 528 4988 Probat
572 4906 782 4961 illorum
830 4901 1421 4988 irt'gplligertdisngestis
1470 4898 1814 4988 diligfyulia'nt‘,
1856 4903 1904 4949 et

398 4978 620 5048 pallium
643 4975 880 5048 concedit
908 4964 1182 5048 ulfqdo.
1214 4964 1473 5025 Hortatur
1498 4964 1795 5048 ut'Nicollai
1818 4980 1907 5018 no-

401 5035 517 5101 rnen
550 5045 777 5126 scribant
803 5046 857 5126 in
886 5035 1161 5126 diptychis,
1194 5049 1507 5108 caveanlque
1534 5053 1597 5090 ne
1624 5035 1904 5107 quidquam

402 5125 584 5170 contra
621 5115 734 5184 ejus
762 5122 883 5167 acta
913 5112 987 5166 vel
1011 5116 1217 5181 decreta
1240 5118 1483 5163 tentetur.

401 5230 676 5282 ADRIANUS
709 5226 1010 5295 episcopus,
1039 5236 1226 5278 servus
1254 5233 1531 5276 servorum
1562 5215 1679 5282 Dei,
1710 5221 1908 5269 sanctae

328 5328 384 5374 et
412 5322 466 5373 in
490 5317 705 5372 Christo
729 5315 1009 5386 diligendre
1035 5313 1239 5385 synodo
1261 5312 1399 5382 apud
1428 5308 1625 5365 Trecas
1650 5306 1903 5362 collectae.

404 5407 710 5480 Legationis
736 5419 928 5464 vestra:
962 5407 1181 5476 scripta,
1225 5404 1394 5458 beata:
1431 5400 1701 5456 memorias
1727 5398 1909 5452 deces-

333 5500 447 5551 sori
473 5512 592 5551 meo
618 5512 769 5567 papa:
807 5495 1025 5551 Nicolao
1050 5497 1234 5557 missa,
1264 5506 1364 5546 nos
1389 5504 1498 5559 jam
1528 5490 1580 5542 in
1612 5486 1737 5542 sedc
1768 5483 1909 5538 illius

331 5585 517 5644 divina
537 5589 842 5661 dignatione
867 5587 1028 5643 locati
1048 5585 1400 5653 suscepimus,
1424 5577 1904 5652 promptissimam-

332 5694 441 5746 (,ue
462 5680 821 5737 obedientiam
846 5687 1099 5744 vestram,
1127 5692 1287 5747 quam
1309 5675 1361 5730 in
1386 5669 1696 5740 colligendis
1721 5667 1901 5741 gestis,

2001 4576 2270 4648 diptychis
2307 4570 2659 4628 ecclesiarum
2706 4572 3010 4619 vestrarum
3055 4556 3242 4620 scribi,
3283 4560 3338 4609 et
3380 4564 3575 4606 nomen

2003 4672 2120 4741 ejus
2162 4667 2303 4720 inter
2340 4675 2493 4716 sacra
2523 4658 2806 4713 missarmn
2847 4650 3105 4708 solemnia
3140 4643 3581 4716 impraztermisse

2007 4737 2224 4818 recitari
2261 4755 2471 4811 faciatis
2505 4771 2517 4806 :
2552 4752 2627 4806 ita
2661 4758 2720 4805 ut
2766 4746 2884 4802 aliis
2929 4756 3144 4814 quoque
3194 4737 3475 4800 fratribus,
3524 4741 3582 4788 et

2008 4854 2311 4909 dimceseon
2352 4850 2656 4900 vestrarum
2707 4834 3098 4897 sacerdotibus,
3143 4829 3376 4898 idipsum
3419 4836 3584 4894 agere

2003 4936 2348 5014 praecipiatis.
2386 4929 2744 4987 Nihilominus
2783 4938 2912 4980 vero
2944 4922 3171 4978 suadere
3206 4925 3400 4974 vestrae
3445 4912 3579 4967 dile-

2008 5028 2168 5086 ctioni
2193 5038 2465 5087 curamus,
2496 5027 2550 5075 et
2573 5019 2943 5076 admonemus,
2973 5019 3031 5065 ut
3072 5018 3177 5063 tam
3202 5003 3404 5062 Graecis
3431 5001 3581 5068 prin-

2010 5119 2238 5190 cipibus,
2265 5128 2425 5185 quam
2456 5108 2702 5165 omnibus
2727 5103 2945 5160 omnino
2974 5096 3208 5155 clericali
3241 5087 3583 5158 fungentibus

2008 5210 2198 5265 ordine
2231 5212 2419 5259 contra
2465 5211 2751 5268 personam
2782 5193 2919 5263 ejus,
2957 5188 3042 5243 vel
3086 5194 3205 5239 acta
3239 5195 3333 5236 seu
3364 5179 3582 5231 decreta

2012 5300 2203 5370 ipsius,
2243 5309 2401 5365 agere
2436 5290 2521 5345 vel
2562 5289 2855 5344 decernere
2902 5275 3190 5353 quidquam
3227 5269 3579 5332 tentantibus,

2015 5357 2123 5447 tam
2156 5357 2337 5465 verbo,
2378 5396 2540 5452 quam
2575 5379 2777 5448 scripto
2809 5374 3035 5429 viriliter
3071 5363 3315 5424 obvietis,
3348 5374 3411 5415 ac
3443 5357 3581 5412 vali-

2012 5481 2235 5538 dissime
2275 5456 2560 5531 resistatis.
2596 5471 2840 5526 Scientes
2863 5474 3147 5535 praeterea,
3178 5456 3303 5527 quia
3333 5467 3582 5525 quaecun-

2013 5585 2115 5641 que
2142 5569 2228 5623 hic
2258 5567 2515 5620 adversus
2543 5560 2658 5630 ejus
2690 5569 2995 5628 personam,
3037 5549 3119 5605 vel
3150 5549 3367 5603 decreta
3394 5555 3583 5614 geren-

2016 5674 2118 5725 tur,
2150 5676 2235 5716 me
2272 5658 2355 5713 his
2383 5667 2652 5723 nunquam
2690 5647 3037 5720 praebiturum
3070 5640 3184 5696 fore
3216 5648 3533 5694 consensum
3562 5650 3578 5690 :
