3978 6160
514 280 648 333 ιυὶίεδ
1870 302 2047 359 ADRL

2183 303 2382 365 PAP/E
2422 311 2464 366 u
3589 344 3710 404 ηδ,

519 412 621 453 nec
656 398 735 452 eis
764 414 795 452 a
832 399 1260 472 quibuscnnquc,
1300 405 1383 459 vel
1422 409 1904 481 quomodocttnque
1939 413 2088 480 ﬁant,
2121 420 2169 479 Α
2200 427 2283 472 tor
2316 428 2376 474 ut
2408 422 2560 491 pacis
2602 432 2655 478 et
2687 425 2990 482 dilectionis
3021 429 3314 496 vinculum,
3341 448 3454 502 quae
3483 438 3644 506 major
3664 457 3733 497 est

520 503 698 543 meum
724 491 986 546 interesse
1012 495 1224 559 mentis,
1257 495 1340 549 vel
1367 497 1712 564 deﬁnitionis,
1737 510 1831 555 aut
1860 504 2091 574 dic-posi-
2191 510 2440 565 omnibus
2464 513 2752 570 virtutibus
2780 526 2836 570 et
2857 491 3373 577 bolocautomatibus
3396 523 3475 594 (II
3520 491 3654 583 Petr.
3677 534 3731 601 t),

520 579 683 633 tionis
730 580 1004 636 allectum.
1057 582 1374 654 Quanquam
1425 589 1468 643 si
1514 591 1737 659 quilibet
1785 597 2092 663 apostolicze
2191 596 2553 654 insolubiliter
2584 602 2636 656 in
2684 619 2873 660 omnes
2911 615 2966 661 et
2997 609 3227 663 invicem
3264 610 3551 670 observare
3582 579 3728 689 gloria

520 668 659 689 ___.._
706 668 1065 689 μεη-εηηη
1174 674 1187 689 .
1648 681 1659 689 .
1795 684 1804 689 .
1980 685 1991 689 -

518 668 661 721 sedis
706 668 1131 725 miscricordiam
1174 674 1448 730 humiliter
1486 681 1899 749 postulaverint,
1945 685 2089 741 circa
2190 696 2280 739 tua
2306 692 2616 755 contendat,
2640 700 2693 746 et
2714 692 2855 748 inter
2881 695 3152 765 subjectos
3176 702 3479 761 medullitus
3500 668 3727 765 custodiri

512 754 612 809 bos
637 757 912 825 praemissa
955 760 1321 818 satisfactione
1356 765 1539 821 mitius
1567 784 1727 838 agere
1756 771 1901 825 nullo
1931 774 2089 828 modo
2189 789 2404 847 semper
2447 780 2754 837 admoneat.
2804 785 2860 839 In
2901 787 3003 843 hoc
3037 790 3180 845 enim
3212 795 3361 865 regni
3394 799 3554 853 vestri
3580 811 3728 859 status

516 846 741 902 velimus
766 847 1086 907 inﬁexibiles
1111 867 1390 923 apparere.
1425 858 1654 913 Tantum
1685 877 1750 915 ne
1785 862 2086 932 hujusmodi
2188 869 2386 933 poterit
2416 870 2702 928 incolumis
2724 876 2889 930 tutius
2915 894 3257 948 permanere,
3273 846 3328 940 si
3361 902 3453 943 vos
3486 893 3725 950 neminem

511 935 758 993 homines
784 939 864 993 sic
888 940 1249 997 innocentiam
1279 960 1431 1000 suam
1462 964 1704 1005 asserere
1733 955 2007 1019 studeant,
2032 967 2090 1011 ut
2188 960 2558 1016 concutientes
2579 978 2610 1016 a
2638 965 2782 1019 nullo
2809 971 3025 1024 concuti
3048 973 3459 1042 dignoscamini.
3486 979 3725 1041 Praeterea

510 1028 560 1079 in
606 1030 1004 1084 accusationem
1050 1035 1180 1086 tanti
1229 1036 1499 1103 pontiﬁcis
1530 1040 1871 1111 maximeque
1908 1044 1961 1098 in
1993 1046 2085 1100 Dei
2189 1046 2437 1103 nolumus
2461 1051 2708 1121 ignorare
2743 1050 3118 1115 celsitudinem
3148 1072 3317 1131 tuam,
3348 1066 3725 1129 dilectissimum

505 1118 707 1187 judicio
729 1120 995 1186 collocati,
1018 1139 1233 1194 quoquo
1254 1130 1413 1183 modo
1440 1145 1792 1202 prorumpere
1811 1135 2081 1191 audeant:
2186 1152 2242 1197 et
2270 1118 2571 1213 spiritalem
2603 1148 2771 1204 tilium
2802 1161 3045 1208 nostrum
3071 1155 3423 1227 Ludovicum,
3452 1164 3725 1232 piissimum

2302 1212 2313 1213 γ
3288 1212 3299 1214 ⁷
3317 1212 3329 1213 ί
3347 1212 3393 1214 *⁷
3407 1212 3423 1227 ’
3454 1212 3725 1232 ῖ“””“““”“’¹“

504 1212 773 1282 praecipue
808 1231 928 1269 cum
960 1216 1105 1271 illum
1126 1258 1139 1281 ,
1180 1219 1304 1273 dum
1352 1221 1586 1287 advixit,
1629 1240 1787 1279 nemo
1830 1226 2087 1296 impetere
2185 1242 2239 1287 et
2259 1251 2288 1288 a
2319 1237 2429 1291 Deo
2453 1249 2758 1307 protectum
2784 1243 3187 1314 imperatorem,
3214 1266 3319 1306 non
3346 1254 3600 1311 adversus
3621 1273 3725 1312 san-

501 1313 927 1378 prtesumpserit,
961 1313 1041 1367 vel
1083 1328 1204 1369 eum
1243 1317 1310 1370 de
1352 1316 1549 1385 injuste
1589 1319 1791 1386 judicio
1837 1338 2080 1393 arguere,
2185 1334 2286 1379 (πίω
2316 1326 2592 1397 religionis
2617 1332 2777 1395 ﬁlios,
2810 1313 2871 1387 ut
2896 1336 3131 1403 quidam.
3156 1354 3414 1409 pugnare,
3441 1360 3540 1398 nec
3560 1356 3720 1402 contra

499 1400 585 1452 vel
634 1402 868 1456 tenuiter
914 1419 1077 1459 ausus
1122 1406 1419 1472 exstiterit;
1468 1409 1571 1463 nisi
1614 1409 1750 1464 forte
1790 1412 1932 1466 lumc
1962 1414 2084 1481 quis
2185 1417 2309 1471 ﬁdei
2337 1418 2662 1478 Christiana:
2697 1400 3046 1492 domesticos,
3079 1400 3173 1483 sed
3200 1400 3459 1488 adversus
3488 1436 3618 1493 ﬁlios
3642 1439 3721 1493 Be-

498 1489 779 1546 humiliter
806 1492 960 1556 adiit,
991 1495 1076 1549 cui
1107 1495 1193 1549 ille
1225 1493 1595 1553 satisfatitione
1632 1501 1866 1557 nondum
1895 1513 2080 1557 curata
2185 1507 2295 1569 lial,
2327 1519 2383 1563 et
2414 1512 2676 1569 adversus
2711 1514 2911 1571 Christi
2942 1520 3174 1573 nominis
3204 1521 3474 1583 inimicos.
3508 1517 3598 1595 pro
3623 1543 3724 1582 san-

489 1578 615 1648 jure
661 1582 937 1637 remittere
976 1600 1080 1639 non
1135 1589 1427 1642 consensit.
1474 1589 1661 1645 Estote
1716 1591 1884 1661 igitur
1933 1594 2080 1648 circa
2183 1608 2283 1652 ctaa
2311 1600 2582 1666 Ecclesite,
2620 1614 2675 1657 et
2704 1607 2972 1676 praecipue
2998 1619 3180 1663 nostra
3210 1614 3527 1680 securitate,
3546 1632 3724 1688 proque

494 1670 612 1726 haec
656 1672 876 1743 vigiles,
924 1684 1098 1732 estote
1143 1678 1336 1744 fortes,
1388 1691 1442 1735 et
1495 1683 1594 1736 ista
1645 1685 1894 1739 omnibus
1939 1686 2077 1740 ultra
2185 1687 2418 1743 ﬁdelium
2468 1691 2784 1749 liberatione
2825 1695 3139 1764 multorum,
3183 1701 3274 1769 qui
3310 1714 3453 1771 pene
3485 1670 3588 1772 jam
3614 1670 3721 1761 ﬁne-

492 1762 657 1831 Alpes
702 1767 1012 1821 constitutis
1052 1770 1319 1838 episcopis
1374 1773 1719 1837 nuntiantes,
1773 1783 1830 1829 ut
1876 1784 1931 1831 et
1979 1778 2078 1847 ipsi
2112 1776 2155 1834 Β
2186 1787 2341 1835 tenus
2376 1785 2516 1852 apud
2554 1784 2833 1839 Samnium
2880 1762 3347 1857 periclitabantur,
3380 1795 3454 1848 ita
3485 1762 3546 1850 ut
3583 1798 3720 1852 etiam

491 1870 705 1925 quoque
734 1873 895 1926 super
932 1860 1017 1915 his
1058 1862 1270 1916 solliciti
1314 1870 1369 1917 et
1415 1864 1608 1919 intenti
1654 1877 2076 1938 propugnatores
2181 1870 2317 1927 ﬁnes
2361 1882 2575 1929 nostros
2631 1875 2907 1932 infestatio
2945 1879 3054 1949 jam
3092 1880 3312 1952 jamque
3350 1883 3721 1940 Saracenorum

491 1945 617 2005 sint,
652 1946 975 2002 salutaribus
1003 1951 1221 2005 monitis
1248 1952 1494 2008 incitare.
1529 1954 1661 2021 (lvo,
1692 1967 1845 2026 parte
1874 1975 1924 2022 v,
1951 1975 2072 2028 cap.
2177 1961 2474 2018 invaderet.
2514 1966 2776 2036 Egressus
2818 1985 2848 2022 a
2889 1985 3100 2025 summo
3141 1975 3490 2033 sublimitatis
3535 1983 3721 2051 proprio

491 2032 607 2103 34.)
639 2033 901 2100 Quoniam
941 2037 987 2090 si
1024 2039 1169 2093 sedis
1213 2041 1520 2108 apostolica:
1555 2045 1767 2111 przesul,
1795 2047 1878 2100 vel
1910 2048 2075 2115 ipsius
2177 2051 2336 2116 solio,
2371 2063 2425 2107 et
2459 2071 2487 2108 a
2524 2032 2885 2125 pacatissimte
2918 2061 3113 2128 quietis
3140 2079 3249 2117 sua:
3291 2032 3721 2132 fundaminefnec

489 2122 726 2186 decreta,
745 2126 1085 2181 detestationi
1109 2129 1191 2184 vel
1218 2132 1543 2186 abdicationi
1568 2135 1853 2199 habentur,
1880 2137 2074 2193 nullius
2176 2145 2390 2211 corpori
2426 2122 2619 2212 parcit,
2672 2163 2772 2203 nec
2801 2150 3044 2217 aestibus,
3082 2168 3183 2208 nec
3211 2155 3509 2224 algoribus,
3536 2175 3625 2215 nec
3645 2160 3715 2214 de-

486 2221 727 2269 vestrum
758 2216 839 2270 vel
866 2232 1058 2272 nomen
1090 2220 1169 2272 vel
1192 2221 1492 2277 institutum
1521 2224 1734 2280 ﬁrmum
1766 2236 1857 2280 aut
1879 2230 2074 2284 stabile
2175 2232 2338 2302 nique
2371 2234 2493 2289 ullis
2524 2236 2805 2293 eventibus
2832 2240 3007 2304 cedit;
3038 2243 3128 2296 sed
3173 2246 3354 2299 omnia
3387 2247 3715 2313 incommoda,

486 2316 810 2371 permanere
838 2307 1058 2362 valebit.
1094 2308 1232 2376 Quin
1261 2313 1440 2381 potius
1475 2322 1529 2369 et
1557 2316 1915 2386 dogmatibus,
1953 2334 2074 2388 quae
2173 2321 2350 2374 omnia
2383 2322 2694 2378 discrimina
2722 2341 2820 2395 pro
2843 2326 3044 2383 Christi
3074 2333 3289 2386 nomine
3319 2334 3575 2400 tolerans,
3605 2339 3713 2392 nihil

486 2394 554 2446 de
589 2404 774 2448 sancta
817 2404 871 2449 et
915 2397 1187 2452 individua
1221 2398 1484 2457 T-rinitate
1520 2419 1549 2456 a
1586 2405 1904 2472 praesulibus
1931 2409 2073 2463 sedis
2173 2417 2253 2462 est
2291 2411 2433 2480 quod
2460 2429 2557 2481 pro
2579 2394 3014 2472 Christianorum
3045 2423 3319 2492 ereptione
3356 2437 3570 2482 recuset
3606 2430 3717 2482 arri-

487 2485 795 2550 apostolicze
823 2486 1253 2557 promulgantur,
1284 2491 1538 2546 nonnulla
1566 2503 1792 2561 possunt
1828 2496 1944 2550 ﬁeri
1974 2496 2072 2550 de-
2171 2512 2317 2566 pere,
2346 2501 2479 2556 nihil
2506 2512 2588 2557 est
2608 2507 2747 2573 quod
2777 2522 2874 2575 pro
2913 2485 3156 2564 ﬁdelium
3171 2512 3351 2581 quiete
3396 2530 3462 2569 ac
3491 2532 3615 2585 pace
3639 2519 3716 2572 de-

483 2574 761 2639 trimenta,
811 2577 854 2631 si
895 2579 1311 2647 praecedentium
1354 2598 1693 2653 quorumque
1740 2593 1794 2639 et
1837 2587 2071 2642 maxime
2170 2590 2332 2645 cliuct
2376 2608 2667 2650 assumere.
2711 2598 2951 2670 Denique
3002 2618 3108 2655 non
3159 2604 3425 2659 modicam
3493 2607 3716 2663 Ecclesia

484 2662 673 2727 prima:
720 2664 861 2719 sedis
905 2666 1215 2735 pontiﬁcum
1258 2679 1458 2725 statuta
1511 2672 1593 2725 vel
1638 2672 1752 2737 ulli,
1792 2676 1933 2742 quod
1964 2676 2066 2730 dici
2170 2690 2368 2735 sanctm
2395 2683 2630 2750 quietem
2660 2701 2757 2754 per
2784 2662 2905 2741 eum
2936 2688 3115 2744 divina
3154 2689 3268 2758 jam
3299 2694 3477 2763 pietas
3522 2705 3713 2765 operata

483 2753 639 2808 nefas
663 2764 766 2821 est,
797 2757 925 2825 quin
958 2767 1013 2813 et
1049 2759 1163 2827 ipso
1191 2762 1372 2815 auditu
1403 2778 1625 2832 prorsus
1654 2763 2005 2831 horrendum,
2035 2783 2067 2821 a
2169 2782 2269 2835 est,
2297 2790 2403 2827 non
2434 2776 2659 2832 modica:
2688 2792 3016 2847 paganorum
3044 2782 3188 2836 vires
3212 2783 3529 2840 fortitudine
3553 2803 3715 2855 super-

485 2844 937 2914 subsequentibus
963 2849 1282 2919 quibusque,
1312 2850 1420 2906 imo
1457 2862 1510 2906 et
1547 2851 1910 2915 inferioribus,
1940 2856 2069 2910 abo-
2169 2878 2235 2916 na
2263 2876 2544 2934 prostratae
2571 2844 2715 2922 sunt.
2739 2844 3015 2941 Siquidem
3034 2876 3226 2945 saepius
3242 2876 3458 2932 eosdem
3486 2888 3715 2949 tanquam

482 2933 659 2989 litioni
697 2937 908 2990 cuidam
941 2939 1026 2993 vel
1063 2940 1391 2995 damnationi
1433 2941 1808 3011 subjiciuntur,
1844 2944 1928 3000 vel
1962 2945 2066 2999 im-
2170 2933 2349 3007 mures
2372 2970 2401 3009 e
2431 2958 2679 3012 cavernis
2706 2961 2819 3013 suis
2843 2976 3091 3029 egressos
3120 2964 3185 3017 ad
3210 2980 3301 3019 sua
3335 2966 3556 3022 latibula
3584 2978 3714 3038 terga

480 3031 584 3098 pia:
616 3033 934 3089 temeritatis
958 3051 1092 3090 ausu
1125 3036 1313 3103 saltem
1342 3037 1437 3092 soli
1470 3038 1801 3108 derogationi
1836 3040 2068 3108 prodan-
2171 3054 2380 3099 vertere
2408 3048 2686 3117 compulit,
2716 3059 2771 3104 et
2815 3051 3035 3106 brachia
3066 3063 3254 3108 contra
3299 3064 3518 3112 nostros
3543 3069 3710 3113 exerta

483 3128 589 3173 tur.
627 3120 884 3177 Sanctam
923 3122 1316 3180 fraternitatem
1357 3135 1593 3181 vestram
1638 3137 1885 3197 optamus
1923 3144 2066 3182 nunc
2101 3138 2142 3197 (ζ
2175 3138 2380 3205 potenti
2410 3140 2868 3198 virtutetesolvit.
2909 3144 3047 3211 Quin
3076 3156 3127 3201 et
3167 3149 3320 3203 nobis
3348 3152 3616 3215 omnibus,
3638 3153 3714 3220 qui

480 3220 535 3265 et
564 3227 777 3283 semper
799 3214 850 3269 in
881 3213 1095 3272 Christo
1122 3217 1259 3272 bene
1287 3217 1488 3273 valere.
1522 3219 1651 3273 Data
1683 3235 1736 3273 tv
1764 3217 1946 3274 Nonas
1970 3218 2078 3273 Fe-
2170 3227 2324 3298 longe
2350 3246 2535 3286 sumus
2558 3241 2613 3286 et
2637 3235 2725 3301 qui
2757 3249 2941 3304 prope,
2968 3250 3175 3305 magna:
3204 3241 3514 3294 securitatis
3549 3213 3714 3310 praesi-

479 3303 707 3371 bruarii,
741 3306 1034 3362 indictione
1056 3308 1249 3377 prima.
2169 3320 2316 3374 dium
2368 3323 2733 3391 condonavit,
2780 3326 2906 3380 dum
2953 3328 3157 3383 scilicet
3211 3331 3495 3387 nonnullos
3549 3346 3713 3387 eorum

1230 3418 1320 3475 ιγ,
1431 3399 1435 3402 ’
2166 3411 2482 3478 prostravit,
2510 3414 2796 3469 nonnullos
2835 3416 2997 3470 etiam
3025 3419 3093 3471 ab
3135 3432 3321 3472 eorum
3363 3421 3713 3489 superstitioso

784 3520 852 3559 Αι)
890 3521 1191 3564 ωοονιρυη
1227 3524 1403 3564 huc“
1442 3525 1748 3565 ρεηδηκιε,
2169 3502 2272 3555 ritu
2296 3512 2642 3571 convertens,
2674 3506 2875 3562 Christi
2902 3509 3024 3563 ﬁdei
3051 3518 3107 3565 et
3147 3526 3290 3565 verae
3328 3512 3602 3583 religionis
3641 3512 3713 3566 iti-

1090 3600 1279 3671 (Anno
1305 3602 1455 3670 363,)
2165 3608 2293 3647 nera
2345 3597 2540 3650 sectari
2581 3598 2879 3666 perdocuit.
2928 3598 3041 3667 Qua
3071 3600 3138 3655 de
3179 3617 3236 3656 re
3274 3611 3451 3655 ratum
3489 3603 3711 3657 ducimus

483 3704 566 3758 De
589 3706 815 3786 victoriis
841 3704 1444 3795 Ludovicilt'mperatoris
1473 3711 1718 3793 adversus
1745 3712 2062 3795 Saracenos,
2162 3693 2773 3795 Ϊῗῗίτθ
2794 3706 2988 3760 magno
3017 3706 3180 3795 θῖξξπθ
3209 3693 3709 3795 ⁰θ¹ε¹ι¹¹ί¹¹¹¹ῗ¹¹¹κῖ¹¹¹⁰

550 3776 703 3843 cujus
748 3776 956 3830 interim
997 3788 1046 3831 et
1086 3776 1323 3833 Lotharii
1366 3780 1532 3835 'ratris
1574 3799 1692 3851 qua:
1720 3795 1875 3851 sunt,
1916 3778 2047 3857 tangi

2162 3790 2267 3829 non
2312 3776 2508 3831 vestris
2559 3779 2831 3842 motibus,
2881 3796 2986 3834 non
3033 3782 3261 3836 aliorum
3297 3783 3711 3853 suggestionibus

552 3855 710 3899 vetat.
2012 3855 2024 3857 ⁷
2162 3864 2393 3931 incitati,
2418 3869 2709 3938 quidquam
2740 3887 2859 3940 quae
2881 3870 3024 3926 illius
3054 3882 3180 3927 sunt
3205 3883 3497 3928 concutere
3524 3888 3709 3944 praesu-

2159 3959 2339 4012 matis.
2366 3958 2498 4019 _Non
2549 3961 2722 4015 solum
2770 3974 2951 4016 autem
2992 3978 3110 4033 quae
3158 3964 3301 4019 illius
3344 3975 3504 4029 sunt,
3542 3978 3709 4019 verum

2157 4045 2320 4099 etiam
2345 4062 2464 4116 quae
2488 4047 2671 4104 fratris
2696 4050 2882 4118 ipsius,
2925 4051 3167 4106 Lotharii
3219 4053 3467 4108 videlicet
3509 4052 3711 4124 gloriosi

2158 4135 2319 4204 regis,
2353 4137 2673 4202 consistunt,
2704 4138 2849 4193 nullo
2877 4155 3216 4195 commovere
3258 4141 3538 4211 patiamini
3570 4154 3713 4211 pror-

2158 4239 2250 4279 sus
2282 4226 2555 4281 instinctu.
2606 4228 2709 4292 Qui
2740 4229 2885 4283 enim
2935 4230 3102 4300 tangit
3146 4245 3208 4283 ea
3247 4245 3368 4300 qua:
3395 4230 3578 4284 fratris
3603 4228 3710 4297 ejus

551 3956 826 4015 ADRIANUS
851 3961 1158 4031 episcopus,
1189 3976 1380 4017 servus
1408 3977 1688 4019 servorum
1716 3966 1829 4032 Dei,
1863 3968 2058 4023 dilecto

482 4045 591 4102 ﬁlio
616 4048 889 4106 Luaovrco
915 4052 1147 4120 glorioso
1168 4053 1301 4123 regi.

547 4138 696 4194 Inter
734 4141 957 4196 exordia
990 4138 1248 4198 divinitus
1272 4143 1528 4211 ordinati,
1576 4146 1701 4201 licet
1730 4147 1782 4202 in
1833 4149 2054 4220 indigno

474 4230 748 4296 ministro,
774 4231 1121 4301 pontiﬁcatus
1149 4234 1272 4298 mei,
1306 4236 1455 4303 pacis
1483 4236 1719 4290 studium
1758 4253 1869 4299 orte
1895 4249 2053 4295 caete-
2158 4239 2250 4279 sus
2282 4230 2555 4333 ίηξξίηθιυ-
2589 4230 2709 4331 ,Οιξί
2740 4230 2885 4283 enim
2928 4230 3102 4333 fandi“
3146 4245 3208 4333 θέξ
3247 4230 3588 4333 αυξεηξτθιτεξ,

475 4323 554 4377 ris
577 4324 715 4377 virtu
724 4324 758 4377 ti
766 4323 864 4378 bus
878 4324 1202 4394 praedicandi
1225 4326 1592 4395 suadendique
1604 4328 1735 4383 mihi
1758 4330 2047 4386 necessitas

2156 4316 2414 4397 sunt,'illa
2437 4332 2553 4387 quae
2588 4318 2753 4387 ipsius
2776 4328 2901 4374 sunt
2925 4322 3123 4391 tangit;
3158 4330 3217 4376 et
3239 4322 3330 4390 qui
3361 4321 3511 4376 illum
3554 4321 3711 4374 livore

477 4426 586 4466 non
632 4411 1074 4469 inconvenienter
1104 4414 1389 4470 incumbit.
1425 4413 1691 4472 Nimirum
1732 4433 1854 4473 cum
1889 4421 2047 4476 etiam

2154 4404 2329 4459 victus
2369 4417 2707 4473 commovet,
2762 4409 2905 4463 hunc
2951 4410 3135 4479 procul
3179 4410 3341 4465 dubio
3386 4423 3710 4465 commovere

473 4504 530 4559 in
587 4504 758 4575 ipsius
802 4504 1095 4560 Dominicm
1143 4507 1439 4563 nativitatis
1493 4510 1762 4579 principio
1810 4512 2047 4569 cmlestis

2154 4495 2507 4565 dignoscitur.
2551 4498 2912 4564 Quamobrem
2952 4501 3238 4555 suademus
3281 4509 3336 4555 et
3380 4500 3708 4556 dilectionem

473 4596 748 4651 exercitus
789 4595 993 4650 militiae
1018 4597 1147 4652 visre
1178 4598 1315 4661 sint,
1352 4613 1472 4668 qua:
1495 4599 1790 4656 clamarent
1815 4616 1831 4655 :
1867 4600 2050 4657 Gloria
2155 4594 2387 4688 νξθειτδτη
2415 4588 2501 4642 his
2525 4588 2768 4693 θρίεξῖὺυε
2792 4589 3158 4692 cohortamur,
3190 4590 3481 4693 utiniquis
3506 4589 3705 4645 suasio-

475 4683 529 4734 ίη
555 4685 768 4738 ποριεῖ,
797 4685 930 4751 Deo,
962 4696 1009 4741 ει
1026 4687 1078 4741 δη
1105 4698 1245 4742 tum,
1264 4705 1370 4757 pax
1388 4690 1683 4744 hom-"5b,"
1705 4691 1851 4745 οοηω
1872 4692 2052 4746 volun-
2153 4676 2310 4731 nibus
2336 4692 2438 4730 non
2469 4679 2695 4744 cedatis,
2727 4695 2829 4735 nec
2848 4680 3068 4780 sinistra
3098 4680 3533 4735 machinantibus
3559 4693 3707 4780 aures

477 4774 605 4827 ratis
632 4772 783 4844 (Luc.
815 4776 876 4845 ι).
928 4777 1024 4832 Ubi
1072 4777 1316 4846 profecto
1357 4778 1586 4834 solerter
1622 4781 1938 4837 intuendum
1968 4790 2047 4838 est

2153 4768 2569 4823 accommodetis
2606 4788 2618 4823 :
2652 4770 2747 4824 sed
2776 4771 3143 4841 unusquisque
3183 4781 3426 4826 vestrum
3457 4786 3555 4826 suo
3592 4769 3707 4838 jure

477 4865 604 4935 quia
651 4866 792 4921 sicut
820 4872 949 4921 tunc
985 4877 1261 4937 pastores,
1308 4870 1399 4940 qui
1447 4884 1609 4940 super
1645 4884 1861 4940 gregem
1891 4886 2046 4925 suum
2153 4868 2459 4924 contentus,
2493 4874 2614 4930 quae
2660 4860 2881 4915 alterius
2910 4870 3035 4916 sunt
3080 4877 3344 4931 usurpare
3375 4879 3482 4917 non
3527 4868 3703 4921 tentet.

471 4969 588 5026 prae
614 4956 826 5012 caeteris
857 4956 1242 5029 vigilaverunt,
1271 4961 1405 5014 tanti
1450 4960 1668 5030 tripudii
1710 4960 1893 5016 videre
1935 4976 2047 5031 prae

2155 4963 2255 5003 nec
2283 4948 2534 5004 invadere
2554 4965 2871 5020 quocunque
2895 4954 3053 5008 modo
3068 4954 3288 5017 nitatur,
3314 4954 3456 5022 quod
3477 4954 3707 5006 invasum

418 5086 437 5108 .
473 5046 686 5100 caeteris
707 5047 899 5116 gaudia
925 5058 1272 5104 meruerunt:
1298 5051 1369 5105 ita
1401 5066 1499 5106 nos
1520 5059 1648 5106 tunc
1674 5051 1857 5121 procul
1885 5052 2047 5107 dubio

471 5135 771 5191 cmlestium
800 5138 1066 5194 bonorum
1093 5138 1333 5194 laetitiam
1362 5141 1585 5209 adipisci
1614 5141 1962 5205 merebimur,
2001 5143 2044 5196 si

471 5240 633 5295 super
645 5242 774 5283 oves
796 5228 1104 5283 Dominicas
1118 5229 1344 5285 sollicite
1365 5230 1645 5301 vigilemus
1671 5248 1685 5285 :
1711 5246 1777 5286 ne
1798 5231 2048 5286 videlicet

473 5318 572 5373 has
595 5318 677 5373 vel
714 5333 810 5389 per
839 5321 1062 5375 insidias
1096 5321 1206 5377 odii
1235 5336 1333 5375 seu
1370 5322 1653 5378 discordia:
1680 5339 1850 5379 vorax
1890 5323 2046 5393 lupus

470 5408 712 5472 invadat,
740 5410 824 5463 vel
847 5426 942 5479 per
963 5411 1312 5480 cupiditatem
1335 5412 1523 5467 avidus
1552 5412 1640 5466 ille
1661 5412 1746 5466 leo
1766 5413 2043 5482 deglutiat,

475 5498 568 5566 qui
616 5499 845 5554 docente
876 5501 1241 5569 apostolorum
1275 5501 1519 5573 principe
1556 5502 1751 5557 circuit
1794 5515 2045 5573 quazrens

470 5599 631 5655 quem
661 5586 899 5642 devoret.
931 5588 1161 5660 Ideoque
1184 5608 1343 5657 nunc,
1376 5591 1449 5646 ﬁli
1480 5591 1821 5653 charissime,
1851 5607 2046 5662 oppor-

475 5682 602 5726 tune
628 5675 931 5742 importune
951 5680 1171 5748 suadeo,
1198 5682 1459 5738 admonco
1485 5690 1538 5736 et
1564 5682 1828 5737 instanter
1852 5684 2045 5739 adhor-

2154 5053 2260 5092 non
2311 5041 2580 5095 modicum
2607 5050 2786 5110 potest
2812 5044 3043 5097 invasori
3088 5058 3347 5113 generare
3371 5044 3487 5098 sine
3509 5042 3708 5096 dubita-

2156 5132 2300 5186 tione
2328 5133 2639 5187 discrimen.
2668 5135 2949 5189 Provideat
2977 5151 3104 5204 ergo
3133 5135 3419 5204 prudentia
3448 5142 3621 5188 vestra
3646 5145 3708 5184 ne

2145 5220 2259 5289 jam
2299 5222 2408 5277 fato
2447 5222 2957 5281 desiderabilissimo
2997 5226 3106 5281 ﬁlio
3149 5235 3337 5280 nostro
3375 5239 3584 5295 semper
3609 5222 3708 5276 Au-

2152 5324 2335 5385 gusto,
2366 5330 2585 5370 causam
2622 5315 2717 5369 Dei
2747 5318 3094 5387 exsequenti,
3138 5317 3581 5373 ettbaareditatem
3610 5313 3707 5368 Do-

2152 5407 2284 5461 mini
2307 5406 2598 5461 vindicanti
2619 5447 2634 5471 ,
2666 5422 2730 5462 ac
2758 5407 2926 5477 ipsius
2951 5407 3088 5463 bella
3129 5407 3419 5477 prazlianti,
3445 5404 3707 5477 quodlibet

2151 5497 2527 5553 oﬁ‘endiculum
2558 5509 2925 5568 praeparetur,
2968 5515 3077 5570 quo
3115 5507 3317 5555 sancta:
3346 5498 3440 5554 Dei
3468 5494 3706 5553 Ecclesia:

2151 5587 2344 5655 quavis
2386 5602 2453 5642 ex
2482 5596 2634 5657 parte
2662 5588 3015 5659 impediatur,
3057 5589 3143 5645 vel
3170 5588 3449 5659 profectus
3479 5584 3701 5642 ﬁdelium

2152 5679 2467 5735 excludatur
2492 5698 2505 5733 :
2536 5680 2626 5737 sed
2649 5681 2826 5751 potius
2862 5681 2963 5737 tela
2994 5692 3171 5737 vestra
3211 5696 3539 5754 paganorum
3565 5678 3700 5732 acies
